4012 6184
2853 63 2992 86 κω.
3003 73 3014 80 -

441 307 514 375 53
1290 296 1362 362 IN
1406 303 1465 362 s.
1513 294 1804 363 PETRUM
1850 290 2389 360 CHRYSOLOGUM
2433 296 2986 360 PROLEGOMENA.
3773 298 3845 363 si

437 444 703 516 oppositos
729 458 828 512 pro
865 437 1046 494 nihilo
1101 435 1364 490 habendos
1408 449 1513 488 esse
1554 434 1663 504 fuit
1717 433 2080 503 experimento
2113 431 2160 488 A
2192 445 2643 500 quorumcumque
2671 430 3161 500 locupletissimum
3190 429 3454 501 syllabum
3479 436 3589 485 tum
3619 447 3684 485 ex
3711 432 3849 488 lme-

436 536 780 604 compertum.
818 531 932 595 Qua
961 528 1022 582 de
1047 542 1109 581 re
1142 541 1248 580 non
1278 523 1435 579 semel
1482 530 1795 593 conquestus
1825 539 1944 577 cum
1995 519 2086 574 d0-

435 625 534 679 ctis
553 621 904 691 probatisque
935 618 1095 679 viris,
1128 615 1316 674 amice,
1346 614 1715 667 hortatussum
1731 620 1788 667 ut
1799 627 1900 684 pro
1925 609 2082 682 genio

434 730 493 766 ac
518 712 734 766 viribus
766 708 1070 780 experirer,
1103 721 1234 760 num
1262 719 1458 773 possem
1483 702 1609 756 huic
1649 702 1828 757 morbo
1859 699 2076 754 mederi.

431 802 544 858 Sed
575 801 756 855 insita,
789 795 1181 854 imbecillitatis
1233 794 1488 857 conscius,
1545 791 1672 862 quid
1698 792 1934 846 valerem
1988 803 2082 858 ego

434 891 493 944 in
531 890 704 945 arduo
732 889 828 944 hoc
858 902 1037 958 opere,
1062 883 1158 938 ubi
1199 881 1472 938 interdum
1499 881 1664 935 solius
1693 879 1973 946 litterulte,
1999 874 2093 932 vel

431 976 888 1049 interpunctionis
913 973 1139 1028 mutatio
1173 978 1340 1026 totum
1361 969 1501 1040 potis
1528 975 1604 1023 est
1633 968 1872 1023 auctoris
1907 968 2082 1021 inver-

435 1074 540 1122 tere
567 1082 796 1124 sensum.
831 1064 954 1118 dum
983 1063 1138 1117 tanti
1159 1060 1375 1115 ordinis
1404 1065 1582 1113 rector
1612 1059 1670 1112 in
1710 1057 1902 1112 multis
1940 1055 2082 1125 defe-

430 1155 558 1212 cisse
586 1156 848 1224 noscitur,
893 1169 995 1206 non
1016 1151 1150 1205 satis
1193 1148 1573 1220 percibiebam.
1623 1148 1811 1201 Lectus
1853 1145 2080 1200 interim

430 1245 593 1301 audio
619 1243 898 1299 eruditiss.
940 1247 991 1296 et
1019 1238 1260 1294 omnium
1275 1236 1556 1309 praeconiis
1581 1235 1955 1290 celebrandum
1985 1250 2079 1288 an.

432 1336 653 1390 ttstitem
682 1334 919 1388 Petrum
978 1328 1319 1399 Rodulphum
1387 1327 1888 1397 Tussignanensem,
1950 1323 2080 1377 olim

427 1422 740 1494 Senogalliaa
770 1419 1072 1490 prtesulem,
1115 1418 1262 1472 hosce
1293 1417 1574 1471 Sermones
1627 1432 1694 1470 ex
1753 1414 2078 1486 quibusdam

428 1510 812 1582 manuscriptis
843 1510 1025 1565 Romae
1053 1506 1290 1562 inventis
1315 1505 1632 1570 emendasse,
1665 1510 1717 1560 et
1758 1521 1855 1557 suo
1907 1509 2078 1557 marte

426 1601 640 1657 scholiis
673 1600 975 1655 illustratos
1003 1598 1215 1652 senatui
1247 1602 1425 1651 nostro
1455 1594 1837 1660 transmisisse,
1872 1599 1930 1647 ut
1959 1592 2080 1646 ede-

428 1694 639 1748 rentur.
677 1690 946 1745 Caeterum
981 1704 1070 1742 nec
1115 1686 1278 1740 editio
1295 1685 1527 1756 prodiit,
1555 1699 1653 1739 nec
1679 1682 1823 1738 tanti
1854 1683 1968 1736 viri
1997 1682 2078 1736 la-

2193 531 2284 582 ra,
2319 522 2429 572 tum
2456 519 2754 589 aliquando
2797 536 2861 574 ex
2907 536 3068 574 sensu
3115 519 3397 575 deductum
3454 522 3702 590 apposui,
3753 524 3847 592 qui

2192 605 2368 661 adhuc
2388 605 2608 661 uberior
2629 608 2940 678 prodiisset,
2965 609 3076 662 nisi
3103 609 3374 663 obstaculo
3389 608 3582 678 fuisset
3615 609 3751 664 illud
3779 610 3844 665 de

2191 695 2300 749 sale
2327 695 2393 748 ab
2423 695 2535 765 ipso
2575 696 2642 750 D.
2673 696 3004 768 Chrysologo
3029 704 3352 768 usurpatum
3387 713 3398 752 :
3461 699 3703 752 Amarat
3760 697 3842 754 ni-

2192 784 2416 850 mietas,
2452 787 2603 855 quod
2630 790 2854 855 poterat
2883 786 3114 840 condire
3165 801 3434 842 mensura
3489 788 3632 857 (Ser.
3693 789 3837 852 125).

2192 873 2473 942 Siquidem
2499 882 2546 929 et
2576 877 2974 930 sententiarum
2991 875 3357 946 profunditas,
3396 883 3443 930 et
3483 876 3841 947 singularitas

2191 962 2478 1016 verborum
2502 963 2800 1018 doctissimi
2820 965 3034 1035 hujusce
3065 965 3175 1019 viri
3206 966 3386 1036 aptius
3421 966 3840 1022 concordantias

2191 1051 2543 1120 requirebant
2567 1070 2730 1122 quam
2753 1053 3045 1109 elenchum.
3087 1053 3258 1124 thue
3283 1055 3444 1124 facile
3474 1054 3726 1110 indicata
3763 1071 3844 1110 re-

2187 1141 2392 1210 perias,
2424 1142 2482 1194 in
2510 1145 2749 1213 margine
2797 1159 3096 1198 sermonum
3119 1161 3370 1199 numeros
3397 1145 3644 1214 ascripsi,
3677 1151 3738 1199 ut
3761 1149 3844 1199 in-

2190 1237 2342 1284 vento
2365 1247 2602 1286 sermone
2630 1248 2760 1302 pars
2789 1234 2953 1288 etiam
2977 1235 3163 1303 ipsius,
3198 1233 3294 1288 ubi
3318 1234 3586 1288 sententia
3611 1234 3841 1304 praecise

2191 1323 2435 1383 notatur,
2470 1338 2591 1376 mox
2620 1325 2780 1392 queat
2812 1323 3070 1393 reperiri.

2267 1410 2580 1480 Tantologia
2609 1412 2874 1467 indicibus
2901 1413 3040 1468 vitio
3070 1429 3175 1468 esse
3203 1429 3305 1466 non
3335 1412 3484 1480 solet,
3513 1412 3650 1483 quod
3687 1413 3839 1468 varia

2189 1511 2309 1550 cum
2339 1500 2448 1552 sint
2475 1499 2730 1555 lectorum
2772 1502 3011 1571 ingenia,
3046 1516 3142 1558 nec
3184 1501 3320 1556 idem
3370 1501 3592 1557 verbum
3634 1502 3843 1556 cunctis

2187 1602 2396 1657 semper
2424 1593 2695 1653 occurrat,
2728 1595 2777 1644 et
2805 1591 2875 1645 ad
2895 1591 3114 1646 diversa
3143 1591 3365 1662 quilibet
3389 1607 3458 1646 ex
3485 1595 3608 1646 voto
3636 1596 3844 1647 senten—

2188 1677 2293 1730 tias
2319 1677 2378 1731 in
2401 1679 2519 1732 illis
2535 1685 2919 1749 perscrutetur,
2941 1681 2998 1734 id
3019 1682 3194 1751 ipsum
3203 1680 3454 1751 pluribus
3468 1682 3526 1735 in
3543 1680 3666 1735 locis
3686 1680 3845 1735 collo-

429 1779 538 1844 bor,
565 1789 613 1835 et
643 1779 890 1835 studium
935 1783 1044 1833 tota
1101 1777 1394 1842 diligentia
1437 1773 1796 1845 perquisitum
1850 1788 2076 1842 usquam
2113 1790 2157 1848 Β
2187 1767 3844 1841 candumputantutcitiusquodreqiuritur,quisqueinveniat,

426 1869 662 1940 gentium
695 1868 950 1939 apparuit
975 1867 1152 1934 ;forte
1181 1865 1327 1919 enim
1364 1863 1543 1917 invido
1573 1862 1884 1932 aliquorum
1914 1860 2076 1914 calli-

426 1957 599 2012 ditate
612 1957 835 2020 celatur,
868 1954 1172 2025 utprivatis
1186 1953 1374 2007 usibus
1389 1951 1760 2006 tantummodo
1790 1951 2073 2012 inserviat,

436 2041 812 2102 Verumtamen
843 2044 1106 2115 quoniam
1140 2041 1428 2110 ingenium
1460 2040 1691 2095 hominis
1731 2038 1973 2092 trahitur
2020 2037 2079 2090 in.

426 2135 674 2199 vetitum,
707 2139 1008 2204 expetitque
1030 2137 1247 2202 negata,
1271 2130 1505 2184 ulterius
1521 2124 2080 2198 pe-rquirendo,didici

429 2222 589 2292 hujus
626 2222 804 2292 operis
856 2219 1035 2274 adhuc
1077 2225 1316 2290 quatuor
1367 2232 1640 2287 superesse
1697 2215 2080 2282 manuscripta

427 2309 774 2379 exemplaria,
817 2322 1008 2378 nempe
1059 2305 1163 2360 duo
1209 2305 1389 2359 Romae
1430 2321 1634 2373 parum
1685 2303 1754 2358 ab
1811 2301 2080 2372 impressis

426 2398 799 2468 discrepantia
835 2415 844 2452 :
871 2394 1072 2450 Urbini
1087 2410 1261 2448 unum
1282 2395 1339 2446 in
1359 2391 1684 2459 Roveriana,
1720 2391 1972 2449 Camenae
1998 2391 2080 2444 al-

432 2494 606 2542 terum
638 2487 696 2540 in
724 2484 1092 2540 Franciscana
1120 2481 1468 2547 bibliotheca,
1501 2497 1620 2552 quae
1654 2482 1805 2536 inter
1861 2497 1914 2534 se
1953 2497 2082 2534 cun-

429 2579 528 2632 ctis
551 2592 682 2647 pene
698 2574 1047 2636 conveniunt,
1071 2579 1128 2627 at
1145 2573 1205 2626 in
1220 2571 1649 2642 quamplurimis
1679 2588 1712 2625 a
1731 2571 1962 2642 vulgatis
1976 2570 2082 2624 dis-

429 2664 672 2720 cordant.
709 2663 883 2731 Quare
914 2662 1074 2716 aditu
1111 2660 1179 2715 ad
1239 2660 1614 2730 manuscripta
1640 2661 1732 2713 vix
1788 2659 2078 2730 patefacto,

430 2770 487 2808 ea
510 2754 625 2826 ipsa
653 2751 859 2824 partim
886 2768 983 2827 per
1013 2749 1227 2811 amicos,
1261 2748 1486 2817 partim,
1515 2763 1613 2818 per
1642 2763 1724 2801 me
1757 2750 1938 2818 ipsum
1963 2764 2080 2820 per-

432 2843 696 2907 volulavi,
728 2849 776 2896 et
803 2837 1234 2893 adhibitosodali
1253 2837 1411 2891 semel
1427 2854 1486 2890 ac
1511 2839 1714 2893 iterum
1743 2854 1777 2890 a
1805 2838 1986 2908 capite
2006 2837 2084 2891 ad

432 2932 629 2987 calcem
660 2946 775 2984 cum
798 2926 1100 2996 exemplari
1128 2928 1376 2996 primum
1405 2926 1662 2981 Bononitc
1682 2927 1942 2996 impresso
1965 2944 2082 2982 con-

435 3019 566 3084 tuli,
582 3026 743 3089 atque
766 3025 954 3071 errata
968 3033 1340 3087 quaecumque,
1352 3019 1407 3068 ut
1425 3016 1821 3079 ltcuit,calamo
1836 3020 2075 3080 correxi;

435 3109 718 3178 variasque
743 3123 834 3161 nec
862 3107 1085 3159 inutiles
1119 3105 1364 3158 lectiones
1423 3105 1478 3157 in
1530 3108 1776 3173 margine
1833 3107 2077 3176 ascripsi,

434 3197 710 3260 mendosis,
743 3195 936 3266 quibus
967 3210 1088 3248 mss.
1131 3195 1453 3257 exuberant,
1489 3195 1721 3260 reiectis,
1757 3202 1808 3250 et
1858 3198 1906 3248 si
1953 3195 2084 3265 quid

435 3303 497 3340 ex
518 3285 631 3339 illis
661 3285 806 3338 omni
828 3299 893 3336 ex
921 3288 1073 3352 parte
1125 3281 1407 3337 emendari
1463 3283 1722 3354 nequivit,
1781 3282 1968 3337 studui
2027 3283 2083 3336 id

433 3376 628 3430 mentis
651 3372 1006 3444 speculatione
1043 3370 1320 3442 supplere;
1355 3372 1567 3427 tametsi
1600 3373 1692 3427 hoc
1720 3389 1845 3426 raro
1875 3374 2084 3443 factum

436 3469 530 3529 est,
559 3463 694 3536 quod
722 3463 827 3516 haec
853 3463 996 3514 ratio
1043 3463 1293 3515 maximis
1331 3461 1750 3531 difﬁcultatibus
1811 3462 2082 3515 obstructa

438 3553 647 3608 lubrica
668 3553 736 3605 sit
767 3557 814 3605 et
843 3548 1043 3620 fallax.
1079 3550 1447 3615 Quamobrem,
1484 3551 1556 3606 Β.
1612 3553 1791 3607 Petro
1843 3550 2081 3604 modera-

437 3649 565 3704 tore,
598 3655 858 3712 germana
885 3637 1066 3702 lectio,
1101 3641 1162 3692 ni
1184 3639 1375 3708 fallor,
1440 3640 1518 3693 ita
1565 3639 1832 3694 commode
1857 3656 1957 3710 per
2009 3657 2084 3693 me

437 3730 695 3784 restituta
725 3734 800 3784 est
825 3728 992 3799 operi,
1025 3732 1085 3782 ut
1110 3727 1332 3796 posthac
1361 3743 1428 3782 ex
1452 3727 1521 3780 iis
1545 3742 1664 3798 quze
1703 3728 1949 3782 inveniri
1994 3745 2086 3799 po-

439 3823 679 3883 tuerunt,
712 3835 905 3890 parum
935 3817 992 3870 in
1017 3833 1074 3871 eo
1103 3818 1173 3871 sit
1201 3816 1435 3886 amplius
1459 3815 1901 3872 desiderantium.
1927 3816 2085 3870 Abso.

438 3907 574 3964 tutis
593 3905 1050 3963 emendationvbus
1077 3912 1356 3971 supererat
1385 3905 1795 3959 accuratissima
1817 3905 2086 3961 obscurio-

438 4015 558 4053 rum
585 3996 814 4052 locorum
833 3995 1232 4066 interpretatio,
1262 3997 1418 4064 atque
1434 3996 1706 4048 restituta:
1733 3992 2083 4048 correctionis

435 4088 623 4148 ratio:
657 4085 756 4142 sed
774 4082 1036 4155 numquid
1060 4099 1124 4136 ex
1143 4099 1284 4152 penu
1315 4099 1423 4135 meo
1449 4083 1643 4152 opimis
1684 4085 1893 4153 poterat
1925 4082 2084 4153 dapi-

436 4177 532 4231 bus
557 4193 739 4230 mcnsa
762 4175 974 4244 parari,
997 4173 1044 4226 si
1067 4173 1109 4226 is
1135 4188 1250 4226 sum
1282 4188 1371 4244 ego
1398 4172 1492 4243 qui
1542 4188 1646 4225 non
1685 4172 1841 4242 prius
1900 4189 2085 4226 sacras

436 4265 598 4332 attigi
617 4265 845 4326 litteras,
880 4279 1036 4332 quam
1060 4263 1115 4316 in
1140 4261 1643 4331 legalibusstmliis,
1665 4261 2087 4332 forensibusque

439 4352 674 4419 negotiis
701 4350 997 4403 dimidiam
1025 4353 1375 4419 transegerim
1413 4357 1620 4404 aetatem
1647 4352 1673 4402 ?
1713 4353 1869 4404 Fisus
1901 4359 2084 4404 tamen

443 4440 510 4494 Β.
545 4439 812 4493 antistitis
855 4437 1162 4505 patrocinio
1203 4437 1354 4506 cujus
1418 4453 1579 4490 causa
1638 4439 1919 4503 agebatur,
1978 4439 2085 4491 haec

2258 1857 2550 1911 Elenchum
2569 1859 2739 1927 juxta
2761 1861 2931 1914 ritum
2958 1859 3406 1929 Evangeliorum,
3440 1874 3564 1930 quce
3594 1859 3651 1912 in
3684 1873 3846 1915 sacro

2183 1962 2284 2016 pro
2312 1952 2543 2016 tempore
2574 1947 2846 2017 leguntur,
2875 1949 3155 2004 neotericis
3193 1950 3269 2004 ad
3299 1950 3579 2004 conciones
3608 1963 3847 2019 usurpa-

2190 2038 2326 2100 tum,
2359 2052 2456 2090 ceu
2477 2053 2938 2105 supervacaneum
2959 2038 3019 2092 in
3075 2038 3170 2093 hoc
3213 2055 3367 2108 opere
3426 2055 3530 2093 non
3571 2037 3836 2107 requiras,

2190 2122 2330 2194 quia
2355 2139 2425 2179 ex
2443 2125 2749 2195 compositis
2783 2125 3050 2181 indicibus
3069 2127 3268 2197 poterit
3294 2134 3507 2191 orator,
3542 2143 3657 2197 qua:
3687 2127 3840 2194 velit,

2189 2212 2296 2266 sibi
2318 2214 2529 2284 gratius
2553 2230 2651 2268 sua
2676 2214 3052 2286 disquisitione
3067 2232 3288 2285 parare.

2275 2303 2456 2356 Vitam
2489 2309 2660 2357 tamen
2677 2303 2840 2370 hujus
2869 2307 3116 2359 sanctiss.
3153 2304 3417 2376 viristglo
3431 2305 3695 2359 mediocri
3723 2321 3844 2360 sen-

2192 2390 2388 2445 tentias
2417 2409 2573 2462 quam
2599 2394 2935 2463 apertissime
2963 2394 3282 2465 exprimenti
3318 2393 3584 2448 uberrime
3640 2394 3841 2449 descri-

2187 2486 2335 2550 ptam
2364 2481 2609 2550 offendes,
2645 2486 2707 2536 ut
2736 2484 2932 2553 purior
2960 2484 3160 2537 veritas
3179 2499 3336 2553 quam
3363 2491 3519 2537 antea
3546 2501 3580 2537 (ι
3605 2483 3845 2538 nonnul-

2193 2567 2261 2622 lis
2288 2570 2359 2624 sit
2384 2572 2649 2641 explicata
2700 2571 3111 2641 demonstretur,
3154 2587 3217 2626 ac
3268 2571 3442 2643 qualis
3506 2577 3844 2643 quantusque

2191 2661 2262 2714 sit
2289 2660 2348 2714 D.
2385 2660 2578 2714 Petrus
2598 2664 2783 2714 noster
2801 2677 2901 2732 per
2934 2676 3055 2717 eam
3095 2660 3407 2716 innotescat.
3461 2661 3611 2730 Opus
3662 2661 3843 2716 elabo-

2191 2755 2380 2803 ratum
2411 2748 2636 2819 pellexit
2673 2749 2747 2805 ad
2766 2749 3163 2805 inscribendum
3208 2751 3550 2806 :Sermones
3582 2749 3842 2806 maxima

2194 2853 2260 2893 ex
2291 2842 2451 2909 parte
2482 2837 2773 2902 illustrati,
2804 2839 2941 2910 quod
2965 2856 3148 2894 eorum
3180 2839 3358 2897 codex
3395 2839 3624 2911 Vita'que
3650 2837 3839 2904 index,

2196 2926 2425 2981 tenebris
2453 2936 2658 2992 erutus,
2693 2935 2740 2983 et
2773 2928 3069 2984 asordibus
3107 2929 3431 2991 vindicatus.
3477 2930 3646 3001 magis
3681 2946 3839 2999 quam

2194 3023 2354 3069 antea
2383 3019 2454 3070 sit
2478 3017 2767 3086 legentibus
2806 3020 3121 3072 enucleatas
3158 3035 3222 3072 ac
3275 3019 3597 3072 declaratus.
3654 3018 3844 3073 Nitore

2195 3104 2421 3171 insuper
2449 3110 2605 3174 atque
2633 3105 2915 3174 splendore
2945 3105 3095 3174 longe
3145 3106 3390 3159 omnibus
3439 3105 3847 3175 exemplaribus

2193 3193 2287 3246 hac
2316 3207 2476 3264 Opera
2502 3198 2738 3264 praestet.
2778 3193 2837 3246 In
2867 3209 2966 3263 quo
2994 3192 3256 3262 faciundo
3287 3209 3413 3263 quos
3436 3197 3701 3262 sumptus,
3763 3193 3846 3247 la-

2195 3280 2341 3335 bores
2370 3289 2416 3336 et
2451 3280 2701 3351 pericula
2733 3279 3014 3349 subierim,
3057 3297 3220 3350 quam
3247 3296 3392 3351 aegra
3418 3280 3613 3351 saepius
3638 3281 3848 3336 valetu-

2193 3369 2318 3426 dine
2343 3374 2650 3441 prostratus
2670 3371 2956 3441 jacuerim,
3011 3385 3234 3441 quosque
3283 3369 3621 3425 adversarios
3661 3387 3722 3425 ac
3752 3371 3843 3425 de-

2192 3464 2424 3513 sertores
2446 3459 2598 3512 domi
2622 3458 2858 3529 forisque
2887 3462 3084 3528 fuerim
3110 3474 3413 3530 perpessus,
3446 3461 3545 3513 scit
3595 3459 3702 3530 ipse
3747 3461 3852 3528 qui

2195 3547 2406 3601 tandem
2437 3563 2464 3601 e
2495 3547 2623 3602 caelo
2648 3547 2916 3618 protexit,
2962 3547 3313 3620 Chrysologus
3365 3555 3618 3613 sanctus;
3667 3544 3850 3602 sciunt

2193 3637 2354 3690 multi
2389 3636 2534 3690 docti
2545 3637 2869 3706 probatique
2899 3638 3126 3706 Patres,
3169 3637 3261 3708 qui
3281 3654 3364 3692 me
3379 3639 3549 3694 etiam
3576 3639 3721 3691 inter
3743 3637 3847 3692 sil.

2196 3740 2283 3778 vas
2313 3726 2382 3780 ad
2411 3726 2723 3780 animarum
2744 3742 2929 3781 curam
2958 3726 3106 3798 longe
3127 3744 3159 3782 a
3188 3727 3518 3798 sapientium
3547 3739 3844 3796 congresSu

2194 3813 2526 3881 residentem,
2561 3816 2824 3870 librorum
2869 3821 2919 3871 et
2975 3815 3119 3871 bona:
3186 3817 3513 3872 valetudinis
3566 3821 3843 3886 expertem

2193 3904 2419 3960 adversa
2442 3920 2610 3975 prope
2652 3906 2834 3960 omnia
2887 3921 3182 3975 superasse,
3216 3913 3266 3961 et
3323 3922 3454 3978 Opus
3501 3906 3845 3978 propositum

2193 3992 2383 4064 aliqua
2405 3993 2615 4047 demum
2659 4011 2722 4049 ex
2767 4001 2919 4064 parte
2968 3994 3275 4058 absolvisse,
3331 3995 3629 4048 mirantur.
3694 3993 3847 4057 Quod

2194 4081 2366 4136 adhuc
2395 4083 2451 4137 in
2492 4081 2726 4138 tenebris
2753 4081 3100 4147 delitesceret,
3131 4085 3243 4138 nisi
3272 4083 3500 4139 illorum
3529 4084 3733 4138 sincero
3752 4081 3848 4152 ju‘

2195 4170 2336 4226 dicio
2366 4186 2508 4225 nunc
2532 4171 2692 4226 edere
2717 4171 2929 4241 fuissem
2962 4174 3280 4244 compulsus.

2266 4261 2337 4314 In
2369 4277 2427 4316 eo
2453 4257 2817 4331 componendo
2831 4260 2997 4330 juxta
3023 4261 3224 4317 Seneca:
3254 4261 3457 4332 (Epist.
3487 4261 3615 4331 116)
3670 4257 3851 4314 moni-

2196 4357 2270 4412 ta,
2305 4351 2485 4419 magis
2500 4350 2721 4419 qutesivi
2745 4350 2880 4420 quid
2899 4351 3381 4422 scriberem,quam
3405 4349 3849 4421 quemadmodum

2191 4437 2520 4507 scriberem;
2557 4446 2846 4508 propterea
2874 4439 3044 4510 stylus
3088 4441 3404 4511 multorum,
3447 4447 3497 4494 et
3534 4456 3603 4496 ex
3654 4439 3849 4494 multis

437 4525 845 4597 qualiacumque
869 4525 979 4576 sint
1007 4523 1211 4577 scholia
1227 4525 1361 4576 meis
1375 4522 1838 4577 lucubrationibus
1864 4540 2084 4579 consar-
2119 4510 2162 4566 D
2193 4533 2445 4580 constans
2468 4541 2573 4579 non
2597 4525 2733 4578 idem
2757 4541 2965 4596 semper
2996 4528 3241 4593 habetur,
3275 4510 3404 4601 quia
3443 4530 3678 4584 aliorum
3727 4543 3848 4581 sen-

435 4617 617 4670 cinata
647 4613 804 4668 libuit
819 4628 1107 4682 apponere,
1141 4614 1339 4668 saltem
1358 4612 1770 4669 ineruditisnon
1803 4613 1941 4668 nihil
1958 4630 2083 4684 pro-

433 4707 646 4776 futura,
677 4704 756 4758 rel
785 4703 1151 4757 litteratorum
1182 4708 1376 4756 mentes
1411 4703 1784 4767 stimulatura,
1812 4721 1912 4774 quo
1935 4721 2079 4774 pra:-

434 4794 714 4852 stantiora
743 4799 1092 4850 scrutentur:
1125 4793 1324 4849 etenim
1351 4797 1506 4848 textu
1526 4793 1646 4864 jam
1685 4801 2000 4866 expurgato,
2030 4800 2080 4852 et

434 4900 572 4940 auro
590 4883 811 4940 ascoria
825 4881 1113 4947 vindicato,
1141 4882 1302 4952 facile
1338 4899 1371 4936 α
1385 4879 1718 4938 doctioribus
1739 4881 2080 4954 vigilantior:

431 4976 613 5034 animo
645 4973 828 5046 magni
838 4970 1064 5042 theologi
1073 4979 1122 5028 et
1150 4971 1309 5027 aurei
1321 4971 2084 5037 concionatoris,uberiuscla-

415 5066 655 5135 priusque
683 5061 862 5122 abditi
886 5077 1066 5116 sensus
1087 5059 1512 5116 enucleabuntur
1539 5066 1588 5116 et
1613 5058 2079 5132 explanabuntur.

505 5153 770 5210 Caeterum
801 5156 861 5208 ut
900 5150 958 5204 hi
985 5149 1265 5206 Sermones
1297 5149 1398 5204 tibi
1421 5149 1700 5206 commodo
1747 5158 1933 5214 essent,
1994 5152 2082 5204 in-

406 5240 666 5311 diculum
697 5257 880 5296 eorum
905 5237 1240 5310 alphabelico
1287 5237 1480 5294 ordine
1525 5239 1862 5310 distinctum,
1915 5244 1967 5295 et
2013 5240 2082 5293 ad

430 5328 700 5383 materias
728 5329 788 5382 in
816 5329 1040 5400 quolibet
1065 5343 1309 5386 sermone
1321 5328 1590 5399 primario
1606 5336 1860 5385 exaratos
1877 5346 2080 5384 accom-

429 5415 708 5472 modatum
738 5415 948 5485 adjeci.
987 5418 1325 5476 Postmodum
1354 5417 1671 5488 Scriptura?
1690 5418 1849 5472 verba
1873 5417 2080 5472 littera-

428 5505 518 5559 rio
545 5504 737 5560 ordine
768 5503 1039 5560 librorum
1073 5507 1326 5577 discreta,
1359 5507 1498 5562 mihi
1539 5509 1756 5562 inventu
1807 5505 2077 5575 faciliora

429 5593 666 5650 alterum
696 5593 757 5647 in
783 5592 1011 5648 indicem
1056 5597 1288 5653 extraxi.
1349 5597 1430 5652 Ac
1490 5595 1696 5650 tandem
1753 5594 2077 5651 notabilium

2191 4616 2385 4669 tentias
2415 4613 2656 4685 referens
2685 4618 2933 4688 propriis
2962 4618 3140 4676 verbis
3159 4619 3597 4676 transcribendas
3627 4618 3843 4683 censui,

2189 4706 2249 4757 ut
2273 4719 2371 4756 sua
2399 4707 2721 4758 auctoritate
2748 4705 3038 4776 fulgerent.
3071 4709 3254 4763 Facile
3287 4717 3461 4764 tamen
3489 4715 3602 4763 tam
3625 4710 3682 4762 in
3701 4723 3846 4762 com-

2183 4793 2428 4866 ponendo
2458 4810 2616 4864 quam
2645 4794 2705 4850 in
2736 4797 3144 4854 transcribendo
3181 4799 3491 4854 exciderint
3521 4797 3698 4853 multa
3721 4813 3845 4868 quae

2190 4881 2274 4936 vel
2293 4883 2590 4938 oscitanter
2617 4885 2698 4940 vel
2727 4883 2910 4942 minus
2937 4893 3062 4958 apte
3090 4887 3265 4958 posita
3297 4888 3512 4960 fuerint
3542 4905 3555 4955 ;
3607 4888 3695 4944 sed
3750 4887 3847 4941 hoc

2192 4969 2294 5025 Dei
2317 4973 2583 5042 permissu
2625 4973 2838 5044 factum
2887 4974 3190 5044 arbitrare,
3249 4982 3314 5031 ut
3370 4975 3585 5032 tandem
3645 4974 3851 5031 Sciant

2192 5064 2387 5130 gentes
2417 5061 2689 5131 quoniam
2734 5061 2995 5120 homines
3027 5067 3159 5119 sunt
3207 5064 3434 5136 (Psalm.
3475 5067 3568 5137 xx).
3624 5066 3690 5118 Et
3739 5064 3853 5120 hac

2191 5150 2329 5203 satis
2360 5148 2459 5202 tibi
2483 5151 2594 5205 sint
2624 5150 2685 5206 de
2711 5167 2820 5205 meo
2850 5151 2942 5206 hoc
2971 5169 3125 5224 apere
3170 5153 3395 5220 monita,
3441 5153 3614 5212 lector
3643 5155 3848 5211 amice.

2191 5237 2433 5310 Sethuid
2461 5239 2588 5296 dixi
2604 5239 2825 5296 meum?
2853 5241 3160 5314 ImmOJure
3190 5261 3294 5298 non
3324 5262 3660 5309 meum,cum,
3696 5262 3852 5316 prm-

2194 5332 2271 5380 ter
2299 5335 2503 5394 errata,
2533 5338 2578 5384 et
2601 5331 2651 5383 si
2680 5329 2806 5398 quid
2847 5331 3084 5400 ineptius
3113 5349 3177 5386 ac
3197 5335 3398 5405 pingui
3450 5336 3704 5391 Minerva
3749 5334 3853 5392 cle-

2189 5417 2451 5486 scriptum.
2481 5425 2572 5482 est,
2607 5418 2692 5470 hic
2719 5418 2874 5473 aliud
2893 5419 2957 5473 de
2988 5437 3102 5476 meo
3123 5439 3416 5494 agnoscere
3447 5422 3855 5494 nequeam.Ser-

2191 5522 2362 5559 mones
2390 5523 2610 5577 namque
2638 5507 2753 5562 divi
2773 5515 2894 5562 sunt
2921 5508 3241 5583 Clirysologi
3267 5529 3280 5577 ;
3311 5511 3524 5569 Indices
3553 5512 3624 5568 ab
3649 5511 3853 5568 eisdem

2189 5593 2458 5665 desumpti
2498 5612 2509 5648 :
2594 5596 2990 5664 Corrcctiones,
3045 5600 3473 5672 Observationes,
3529 5606 3580 5657 et
3627 5597 3850 5657 Scholia
