4012 6184
419 335 495 393 59
1275 331 1341 391 ΙΝ
1389 331 1448 392 8.
1495 328 1794 390 PETRUM
1840 325 2370 387 CHRYSOLOGUM
2415 325 2965 389 PROLEGOMENA.
3747 331 3818 393 60

412 478 574 527 nam,
603 476 786 533 quam
819 460 919 518 alii
946 460 1169 516 fontem
1204 460 1524 533 appellant,
1561 459 1723 514 mirae
1755 459 2058 527 magnitu-
2097 460 2144 518 A
2174 459 2553 528 possessione
2567 461 2727 530 apud
2741 474 3156 532 quascumque
3181 457 3558 529 singulariter
3579 463 3818 520 retinere

411 551 567 606 dinis
598 549 774 606 totius
811 550 1012 622 populi
1049 549 1256 605 usibus
1297 548 1518 620 duplici
1547 547 1664 606 alto
1696 563 1860 604 muro
1891 561 2061 603 oons-

410 640 587 697 truxit
612 643 666 693 et
690 638 920 693 habuit.

482 732 569 784 35.
606 730 719 783 Nec
750 726 810 781 in
843 729 1004 781 tanta
1034 741 1231 782 rerum
1267 724 1682 792 sollicitudine,
1717 724 1808 779 vel
1840 727 2066 796 tempo-

412 833 544 872 rum
574 815 844 870 varietate
873 813 1056 868 divini
1083 812 1241 868 verbi
1272 813 1762 885 praedicationem
1794 815 1882 885 (a)
1913 812 2006 868 vel
2031 827 2062 866 e

411 903 620 973 gradu,
657 903 780 957 sive
825 905 1126 972 suggesto,
1169 901 1258 957 vel
1300 917 1331 956 e
1382 901 1521 958 sede
1554 901 1927 968 sacerdotali,
1957 915 2063 956 seu

411 1007 581 1048 sacra
598 991 810 1046 exedra
833 990 1148 1046 dominicis
1171 992 1520 1063 praesertim,
1542 996 1597 1047 et
1614 991 1742 1047 aliis
1763 991 1924 1048 festis
1943 991 2063 1047 die-

406 1082 521 1136 bus
551 1081 770 1136 omisit.
799 1081 884 1150 (b)
908 1081 1120 1135 Verum
1145 1080 1460 1136 manifesta
1480 1081 1609 1136 luce
1634 1097 1939 1137 sacrorum
1963 1097 2058 1136 vo-

404 1169 701 1225 luminum
723 1170 1005 1242 mysticas
1017 1184 1290 1225 reserans
1308 1171 1749 1241 queestiones,et
1766 1177 2062 1244 praecepta

401 1258 641 1328 justitim
692 1258 913 1313 ferebat
949 1258 1008 1312 in
1049 1259 1322 1331 populos,
1370 1265 1422 1315 et
1464 1276 1598 1331 quae
1632 1260 1847 1315 divinae
1888 1261 2060 1315 virtu-

406 1348 477 1401 tis
508 1353 676 1402 erant
711 1363 816 1418 pro
844 1352 1023 1419 captu
1055 1348 1386 1404 auditorum
1415 1363 1597 1405 aurea
1625 1350 2062 1422 praedicationis

406 1451 529 1490 suae
571 1435 915 1508 eloquentia
938 1440 1114 1508 atque
1133 1437 1261 1491 vitae
1283 1439 1671 1494 sanctimonia
1704 1439 1911 1495 docere
1942 1453 2062 1494 non

405 1523 769 1590 desistebat;
817 1527 1121 1597 Deumque
1146 1525 1566 1581 obtestabatur
1606 1531 1660 1583 et
1680 1527 1966 1583 exorabat
1993 1526 2062 1597 (c)

406 1617 471 1668 ut
502 1617 682 1669 totam
706 1613 990 1669 doctrinae
1009 1612 1514 1684 plenitudinemin
1541 1616 1880 1672 auditorum
1899 1631 2064 1671 men-

407 1701 813 1758 tisintundere
836 1702 1177 1772 dignaretur
1225 1719 1513 1759 arcanum
1549 1720 1559 1761 :
1596 1705 1863 1776 adeoque
1893 1705 2062 1760 vehe-

406 1807 578 1850 mens
595 1797 716 1846 erat
739 1791 896 1846 illius
919 1792 1218 1847 interdum
1241 1793 1546 1849 concionis
1565 1793 1758 1858 ardor,
1776 1799 1838 1849 ut
1855 1799 2061 1866 raptus
2090 1831 2134 1889 Β

403 1879 603 1934 divino
631 1879 892 1952 quodam
910 1880 1104 1935 furore
1122 1880 1440 1950 videretur,
1466 1882 1548 1953 (ά)
1565 1897 1634 1937 ex
1648 1898 1768 1954 quo
1787 1884 2056 1939 omnium

403 1983 509 2022 ora
540 1967 896 2039 animosque
927 1968 1004 2023 ad
1049 1984 1108 2023 se
1141 1970 1544 2039 convertebat,
1574 1971 1871 2044 verbaque
1904 1972 2058 2028 illius

403 2055 486 2111 sic
509 2055 764 2127 populos
794 2055 1196 2125 ltetiﬁcabant,
1223 2063 1285 2112 ut
1309 2057 1396 2112 vel
1417 2059 1474 2113 in
1505 2061 1654 2114 aestu
1682 2074 1907 2129 magno
1930 2076 2058 2116 sese

402 2144 864 2217 comprimerent
893 2143 1204 2200 audientes
1232 2146 1340 2220 (e):
1373 2146 1576 2219 sicque
1606 2147 1888 2206 amabilis
1912 2153 2053 2216 erat,

401 2238 464 2291 ut
497 2250 640 2290 voce
674 2234 858 2290 semel
882 2234 942 2289 in
984 2235 1265 2291 concione
1287 2236 1527 2302 amissa,
1570 2237 1644 2308 (Γ)
1677 2237 1754 2292 ab
1775 2239 2056 2294 omnibus

401 2323 967 2382 commiserantibus
1014 2327 1070 2380 et
1102 2323 1671 2398 collacrymantibus
1701 2325 1892 2383 effusa
1922 2342 2055 2383 ora-

401 2415 561 2471 tione
583 2414 700 2469 Deo
731 2411 901 2469 fuerit
927 2413 1404 2470 commendatus.

473 2503 562 2561 36.
593 2501 839 2571 Vigebat
875 2501 1074 2557 adhuc
1101 2517 1170 2559 ea
1201 2506 1543 2575 tempestate
1573 2503 1722 2559 inter
1752 2504 1926 2560 ltalos
1956 2506 2055 2562 La-

399 2592 509 2651 tini
534 2591 819 2647 sermonis
838 2591 1158 2646 communis
1174 2595 1228 2648 et
1246 2591 1485 2661 vulgata
1502 2591 1752 2664 prolatio
1770 2610 1781 2649 :
1799 2597 2054 2650 attamen

401 2697 538 2737 cum
561 2679 816 2737 adiebus
831 2679 1125 2736 Ciceronis
1141 2681 1361 2752 jugiter
1382 2681 1746 2737 adintertum
1770 2681 2055 2738 declinas-

400 2776 486 2828 set
518 2773 788 2826 Romana
818 2769 1122 2834 facundia,
1153 2769 1522 2842 temporibus
1561 2769 1908 2842 Chrysologi
1938 2787 2056 2844 prae

398 2859 746 2918 confusione
778 2863 830 2914 et
855 2859 1279 2915 commixtione
1301 2859 1699 2915 Barbarorum
1730 2875 1858 2916 cum
1892 2860 2054 2916 Italis

395 2948 676 3019 gentibus
709 2947 856 3002 adeo
881 2953 1183 3003 constrata
1199 2947 1697 3019 jacebat,utpene
1715 2954 1951 3006 mortua
1967 2949 2052 3004 di-

396 3041 642 3093 oeretur.
687 3035 1079 3091 Nihilominus
1129 3051 1202 3091 ne
1253 3036 1329 3092 ab
1380 3037 1636 3093 Ecclesia
1674 3037 1770 3093 Dei
1815 3038 2052 3111 penitus

395 3125 556 3181 exsul
573 3128 842 3180 Romana
872 3123 1210 3196 eloquentia
1235 3124 1401 3190 foret,
1431 3125 1660 3182 cmlitus
1674 3142 2046 3191 concessum,

395 3219 458 3270 ut
478 3214 626 3268 inter
652 3217 914 3268 sacratos
936 3211 1093 3267 viros
1113 3229 1263 3284 saepe
1278 3213 1849 3281 ﬂoreret,sicutietid
1873 3215 2050 3270 antis-
2079 3185 2122 3242 δ

387 3301 476 3358 titi
495 3310 697 3356 nostro
720 3300 797 3356 ad
824 3301 1081 3357 fructum
1100 3303 1436 3358 animarum
1469 3303 1754 3373 singulari
1786 3303 2046 3376 quodam

387 3389 673 3462 privelgio
710 3389 999 3445 donatum
1055 3391 1456 3463 conspicimus
1481 3409 1494 3458 ;
1519 3395 1660 3447 dum
1693 3408 1764 3448 ex
1795 3391 2049 3463 eleganti

388 3485 567 3553 atque
623 3479 842 3535 diserta
890 3479 1053 3534 latini
1099 3479 1337 3554 eloquii,
1391 3482 1806 3554 interdumque
1839 3482 2045 3550 Graeci,

389 3569 676 3625 sermonis
696 3567 1121 3639 prolatione,ex
1137 3571 1412 3627 acumine
1429 3575 1485 3626 et
1500 3571 1785 3641 gravitate
1803 3571 2042 3644 ingenii,

391 3657 737 3714 etomnium
771 3657 1154 3714 scientiarum
1183 3660 1355 3731 copia
1383 3659 1666 3716 eximium
1699 3659 2046 3732 Chrysologi

391 3762 724 3817 cognomen
749 3747 1033 3819 adeptum
1049 3749 1406 3818 experimur.
1428 3747 1676 3803 Plurimi
1702 3763 1960 3818 namque
1975 3763 2045 3802 ex

390 3837 628 3902 Graecis,
667 3835 1002 3909 aliquorum
1020 3852 1220 3901 sensu,
1241 3836 1343 3908 qui
1369 3836 1572 3909 paucis
1593 3840 1729 3893 ante
1752 3837 1924 3893 annis
1937 3853 2044 3892 suo

387 3925 600 3980 Joanni
615 3940 949 3994 cognomen
969 3925 1369 3996 Chrysostomi
1388 3925 1732 3980 indiderant
1751 3925 1830 3980 ob
1845 3925 2044 3980 Atticas

389 4012 739 4086 eloquentiae
761 4013 1127 4082 facundiam,
1155 4013 1438 4085 Bysantio
1462 4016 1804 4069 Ravennam
1827 4013 1903 4070 ad
1928 4017 2045 4070 Ces-

386 4117 582 4158 sarem
621 4101 883 4175 profecti,
917 4103 1306 4175 ejusdemque
1334 4102 1581 4160 Cmsaris
1617 4102 1802 4158 Aulici
1826 4104 2042 4175 majori

385 4209 456 4248 ex
484 4198 652 4262 parte
679 4192 917 4249 natione
935 4193 1138 4259 Graeci,
1173 4193 1328 4249 Petri
1355 4193 1764 4250 concionantis
1793 4209 2042 4250 aureum

385 4280 673 4335 orationis
696 4279 922 4335 ﬂumen
946 4282 1272 4345 audientes,
1307 4282 1604 4354 simulque
1632 4284 1690 4337 in
1718 4299 1787 4338 eo
1816 4283 2037 4352 ingenii

388 4366 1061 4440 permaturi,etsinceree
1076 4368 1356 4422 doctrinm
1372 4369 1859 4440 limpidissimam
1874 4371 2040 4424 uber-

387 4459 554 4512 tatem
572 4459 628 4510 et
654 4454 1008 4509 suavitatem
1022 4455 1320 4520 admirati,
1347 4472 1594 4511 aureum
1619 4457 2042 4512 sermocinato-

2173 547 2247 617 (g)
2272 548 2486 604 meruit
2512 549 2702 621 ;quod
2725 563 3032 604 sermones
3055 548 3224 615 illius,
3257 565 3409 621 quos
3439 566 3540 605 ore
3563 554 3816 623 protulit,

2175 636 2337 691 aurei
2376 637 2553 693 etiam
2595 638 2654 692 in
2705 637 2855 692 libro
2889 638 3132 702 exarati,
3162 637 3340 692 veluti
3373 654 3444 694 ex
3462 654 3607 695 auro
3640 643 3819 712 puris-

2173 724 2327 781 simo
2357 725 2617 792 conﬂati,
2651 743 2719 782 ac
2746 725 3054 782 nervosius
3085 726 3399 799 conscripti
3429 727 3666 785 adoctis
3693 731 3819 788 ubi-

2171 829 2289 887 que
2311 815 2576 884 gentium
2591 815 3258 887 praedicentur.Tametsi
3279 815 3680 888 Chrysologus
3696 820 3818 892 ipse

2172 901 2516 959 humilitatis
2537 919 2674 974 ergo
2723 920 2782 959 se
2813 919 3141 977 pauperem
3173 903 3376 975 spiritu
3403 905 3508 976 (h),
3539 907 3815 976 exiguum

2171 991 2411 1063 ingenii,
2439 997 2494 1048 et
2532 993 2753 1066 eloquii
2793 992 3154 1048 mediocrem
3182 993 3519 1063 fatebatur;
3555 1001 3611 1052 et
3639 1012 3814 1066 quam

2172 1081 2383 1136 leitltﬁ
2417 1082 2731 1154 Scripturae
2774 1081 3223 1150 intelligentiam
3253 1082 3517 1149 haberet,
3553 1085 3616 1156 (ί)
3649 1085 3759 1140 sibi
3782 1101 3816 1142 a

2171 1171 2284 1225 Deo
2315 1172 2543 1242 optimo
2575 1172 2828 1228 maxime
2854 1171 2931 1228 ad
2954 1171 3203 1228 salutem
3220 1173 3558 1228 animarum
3582 1189 3817 1232 emana-

2173 1264 2295 1315 tam
2328 1260 2736 1331 proﬁtebatur,
2755 1265 2816 1316 ut
2849 1260 3119 1334 plurimis
3151 1261 3543 1317 concionibus
3574 1263 3628 1317 id
3650 1264 3730 1318 ab
3753 1279 3815 1318 eo

2174 1353 2452 1404 testatum
2479 1349 2664 1405 fuisse
2692 1349 3076 1422 perlegimus.
3108 1351 3445 1423 Tantusque
3468 1357 3591 1406 erat
3620 1352 3681 1408 in
3707 1351 3817 1408 hoc

2173 1438 2294 1493 viro
2350 1437 2450 1494 Dei
2495 1439 2692 1494 omnis
2732 1440 3006 1494 humanae
3048 1437 3249 1506 glorias
3303 1444 3703 1511 contemptus,
3757 1446 3818 1495 ut

2175 1528 2263 1582 vel
2293 1527 2591 1597 majorum
2626 1526 2910 1598 gentilitia
2955 1527 3277 1592 dimittens,
3311 1543 3374 1581 se
3403 1529 3820 1585 tantummodo

2174 1619 2407 1673 Petrum
2446 1617 2792 1688 episcopum
2845 1619 3244 1673 Ravennatem
3288 1616 3612 1688 appellaret
3643 1623 3820 1690 atque

2174 1705 2588 1764 subscriberet.
2630 1706 3089 1778 Genitorumqne
3128 1705 3370 1760 nomine
3408 1705 3723 1762 obliterato
3752 1708 3819 1778 (j)

2173 1794 2363 1850 ﬁlium
2404 1794 2812 1865 evangelicum
2846 1794 3034 1850 sancti
3068 1793 3319 1849 Cornelii
3346 1793 3608 1866 episcopi
3652 1797 3822 1852 Foro-

2172 1883 2516 1948 corneliani,
2551 1899 2586 1939 a
2611 1899 2731 1958 quo
2772 1884 2975 1949 fuerat,
3020 1887 3083 1938 ut
3111 1898 3296 1954 supra
3326 1885 3818 1952 memoravimus,

2171 1974 2356 2028 sacris
2381 1972 2617 2030 oblatus
2646 1972 2953 2039 altaribus,
2982 1987 3042 2027 se
3074 1971 3410 2044 nuncupari
3457 1987 3818 2044 magnopere

2168 2061 2482 2117 laetaretur.
2516 2065 2647 2117 Erat
2671 2062 2926 2134 denique
2949 2061 3031 2116 vir
3061 2063 3172 2116 iste
3202 2060 3302 2115 Dei
3321 2076 3392 2114 ea
3422 2061 3820 2118 sanctimonia

2167 2154 2347 2221 atque
2377 2150 2647 2206 doctrina
2677 2148 2979 2220 prmditus,
3015 2152 3078 2203 ut
3123 2148 3184 2204 ni
3216 2152 3553 2220 temporum
3583 2149 3818 2221 injuriis

2166 2254 2236 2294 ac
2265 2237 2550 2295 bellorum
2581 2237 2893 2300 incendiis,
2915 2253 2985 2293 ea
3001 2253 3136 2309 quae
3163 2236 3403 2308 scripsit
3430 2254 3498 2293 ac
3516 2238 3700 2306 gessit
3719 2253 3822 2294 no-

2163 2327 2255 2382 bis
2289 2327 2615 2383 miserrime
2646 2326 2886 2382 sublata
2916 2326 3184 2392 fuissent,
3217 2326 3277 2381 in
3307 2331 3552 2398 utroque
3575 2327 3822 2383 homine

2164 2415 2520 2472 miraculum
2574 2432 2864 2487 magnum
2905 2415 3196 2470 exstitisse
3235 2414 3463 2469 cunctis
3509 2415 3826 2487 perspicue

2165 2509 2405 2575 pateret.
2436 2503 2552 2559 Sed
2585 2504 2720 2576 quis
2771 2504 2880 2559 scit
2909 2518 2985 2558 an
3037 2503 3426 2575 Omnipotens
3452 2518 3708 2558 summm
3736 2518 3827 2559 sa-

2163 2593 2398 2665 pientim
2417 2593 2665 2649 consilio
2690 2592 2821 2648 bmc
2843 2591 3101 2664 paucula
3119 2596 3352 2647 tantum
3383 2591 3517 2647 sciri
3539 2592 3830 2664 permise-

2162 2682 2257 2751 rit,
2287 2698 2409 2756 quo
2440 2697 2512 2738 ex
2543 2682 2824 2751 hislonge
2849 2680 3080 2752 majora
3106 2681 3321 2754 cuique
3349 2696 3452 2751 pro
3469 2681 3666 2736 studio
3697 2695 3827 2752 spe-

2165 2771 2349 2827 culari
2377 2771 2639 2835 daretur,
2677 2775 2735 2826 et
2760 2771 2839 2827 ita
2853 2771 3036 2826 Deum
3065 2769 3262 2842 ipsum
3281 2769 3340 2825 in
3354 2770 3577 2827 sanctis
3603 2768 3819 2834 colere,

2165 2868 2343 2934 atque
2374 2860 2620 2917 laudare
2636 2861 2662 2914 ?

2234 2954 2319 3006 37.
2349 2951 2566 3005 Petrus
2593 2949 2770 3017 igitur
2797 2948 3196 3018 Chrysotogus
3229 2948 3593 3002 Ravennatis
3626 2947 3821 3002 Eccle-

2163 3039 2264 3094 sim
2295 3037 2717 3110 prmfulgidum
2745 3037 2951 3104 decus,
2983 3037 3042 3090 in
3067 3036 3183 3091 vita
3211 3035 3510 3089 miraculis
3551 3040 3607 3089 et
3641 3050 3820 3091 sanc-

2163 3129 2319 3184 titate
2337 3125 2705 3182 clarissimus
2725 3125 2807 3196 (lc)
2823 3125 3078 3180 maxime
3096 3122 3446 3178 eruditionis
3460 3128 3514 3178 et
3531 3123 3821 3194 eloquen-

2162 3217 2252 3274 tim
2284 3214 2616 3283 theologus,
2645 3228 2755 3268 nec
2786 3228 2906 3268 non
2947 3227 3131 3268 sacras
3161 3212 3468 3283 Seripturaa
3491 3211 3821 3269 sincerissi-

2159 3321 2294 3362 mus
2320 3305 2633 3374 interpres,
2666 3307 2907 3374 Magnus
2939 3303 3017 3358 ab
3042 3301 3229 3358 Emin.
3251 3303 3500 3357 Baronio
3522 3303 3582 3356 in
3596 3303 3820 3359 Annal.

2159 3393 2577 3450 Eclcesiasticis
2611 3391 2964 3465 appellatus,
2998 3396 3131 3464 post
3161 3389 3380 3446 multos
3414 3405 3522 3462 pro
3554 3390 3823 3447 Ecclesia

2157 3481 2506 3551 Deiingenti
2553 3480 2893 3536 animarum
2923 3479 3150 3535 fruetus
3181 3478 3509 3534 exantlatos
3552 3477 3816 3544 labores,

2158 3571 2556 3642 omnibusque
2570 3568 2750 3624 ofﬁcii
2774 3567 2863 3622 sui
2879 3567 3240 3640 partibus,ac
3253 3565 3558 3638 pontiﬁcio
3572 3581 3821 3621 munere

2157 3661 2332 3716 annis
2362 3657 2770 3727 duodeviginti
2803 3657 3176 3712 sanctissime
3199 3655 3567 3727 perfunctus,
3586 3655 3818 3710 meritis

2157 3748 2516 3812 cumulatus,
2543 3751 2596 3800 et
2624 3745 2843 3816 Spiritu
2863 3750 3068 3800 sancto
3091 3744 3322 3816 plenus,
3347 3743 3507 3798 diem
3536 3745 3817 3815 repositas

2156 3837 2268 3892 sibi
2297 3851 2528 3891 coronas
2560 3832 2761 3888 divina
2787 3833 3220 3902 signiﬁcatione
3251 3847 3642 3903 prmnoscens,
3687 3832 3818 3904 spi-

2152 3927 2333 3982 ritum
2357 3925 2690 3979 redditurus
2729 3921 2808 3977 ibi
2843 3923 2945 3977 ubi
2977 3922 3053 3978 ab
3084 3922 3386 3978 Altissimo
3428 3937 3526 3992 per
3567 3922 3817 3978 creatio-

2153 4032 2290 4072 nem
2311 4016 2508 4086 ipsum
2532 4016 2857 4083 receperat,
2887 4017 2942 4066 et
2959 4012 3407 4067 renovationem
3429 4013 3496 4078 (ι)
3514 4017 3569 4066 et
3596 4013 3816 4067 Corne-

2151 4106 2397 4162 liensem
2438 4101 2759 4158 Eccesliam
2787 4101 3007 4170 (dicam
3037 4103 3170 4171 ego)
3212 4101 3397 4156 sacris
3423 4099 3707 4171 reliquiis,
3755 4102 3814 4155 et

2153 4195 2244 4250 sui
2265 4192 2638 4267 depositione
2659 4191 2928 4262 corporis
2951 4188 3557 4260 decoraturus,gradu
3572 4189 3812 4244 concito

2150 4284 2346 4340 natale
2391 4281 2585 4337 solum
2615 4279 2864 4351 repetiit.
2905 4279 3171 4352 Cumque
3220 4295 3255 4335 a
3306 4277 3479 4334 beato
3541 4275 3809 4330 antistite

2151 4372 2418 4439 Projecto
2441 4369 2806 4438 sacratisque
2838 4367 2999 4434 viris,
3033 4384 3102 4423 ac
3128 4368 3360 4422 civibus
3384 4363 3673 4422 universis
3708 4363 3810 4419 lae-

2151 4458 2376 4514 tissime
2398 4456 2626 4511 obviam
2655 4455 2907 4522 egressis
2930 4471 3170 4511 summo
3200 4457 3425 4511 honore
3457 4453 3515 4508 in
3548 4453 3809 4524 patriam

385 4559 646 4614 rem,seu
664 4557 907 4598 aureum
924 4543 1070 4598 Petri
1084 4545 1439 4600 Ravennatis
1457 4544 1888 4617 archiepiscopi
1911 4561 2041 4602 esse
2076 4541 2121 4600 D
2152 4551 2310 4620 grate
2329 4543 2660 4600 admodum
2678 4542 2886 4614 pieque
2901 4542 3405 4616 fuissetexceptus
3424 4559 3436 4608 ;
3456 4547 3688 4614 postera
3709 4540 3812 4596 die

385 4646 705 4688 sermonem
725 4630 959 4702 propria
981 4631 1184 4702 lingua
1199 4632 1568 4689 conclamare
1584 4632 1848 4689 volentes
1863 4634 2043 4707 Chry-

387 4720 658 4793 sologum
692 4719 1063 4778 vocitabant:
1093 4720 1258 4794 quod
1284 4737 1503 4778 nomen
1517 4721 1730 4778 exinde
1760 4730 2042 4796 perpetua

459 4910 538 4980 (a)
564 4908 852 4980 Rodulph.
889 4909 1052 4972 Rub.,
1086 4925 1180 4964 an.
1212 4911 1336 4965 449.

460 4980 535 5054 (b)
567 4980 852 5107 ngplph.
893 4983 950 5036 et
999 4980 1182 5036 multa
1222 4997 1358 5036 mss.
1409 4981 1543 5041 Vid.
1601 4996 1781 5038 serm.
1832 4982 1934 5036 118
1987 4987 2043 5039 et

460 5071 570 5107 rm.
685 5077 725 5107 ι.

390 5071 570 5110 serm.
603 5059 725 5108 137.

462 5127 530 5195 (c)
565 5125 755 5195 Serm.
809 5122 910 5195 107
959 5123 1038 5178 sic
1088 5124 1295 5195 agebat
1331 5125 1594 5179 Ambros.
1646 5129 1707 5179 ut
1750 5127 1897 5180 auct.
1934 5129 2038 5180 est.

387 5193 530 5266 Aug.
563 5193 660 5266 lib.
695 5212 725 5248 v
753 5194 1008 5251 Confess.
1045 5211 1092 5251 c.
1133 5193 1220 5261 13,
1255 5193 1312 5249 in
1345 5196 1445 5251 fin.

461 5265 547 5335 (ἅ)
579 5265 760 5320 Serm.
795 5266 882 5330 43,
907 5283 1067 5324 num.
1099 5267 1149 5322 1.
1185 5271 1240 5323 et.
1270 5267 1395 5336 126,
1427 5270 1484 5322 et
1513 5266 1634 5331 159,
1673 5269 1727 5324 1.
1773 5267 1913 5323 Rub.
1943 5267 2039 5322 lib.

391 5353 448 5408 ιι,
485 5336 587 5391 sub
631 5337 938 5408 annoASt.

464 5408 532 5478 (ε)
562 5408 751 5460 Serm.
787 5406 877 5459 51.

465 5477 530 5549 (γ’)
562 5477 752 5549 Serm.
792 5478 859 5531 35
892 5482 948 5531 et
977 5481 1063 5533 86.

461 5551 541 5619 (g)
571 5550 625 5603 P.
698 5548 1457 5624 Christoph.__Verucchinus
1511 5551 1573 5624 in
1613 5567 1789 5624 opere
1822 5551 2033 5624 _inscr.

392 5623 560 5676 Porta
594 5634 767 5674 aurea
802 5635 979 5675 sacrae
1025 5621 1130 5676 Th.
1173 5626 1370 5691 aperta
1413 5638 1520 5678 ms.
1563 5623 1621 5677 in
1655 5621 1907 5679 'Archivo
1939 5625 2038 5678 PP.

2149 4637 2297 4692 hora
2322 4632 2585 4704 legitima
2610 4630 2667 4684 in
2703 4633 2766 4685 Ι).
2792 4632 3055 4686 Cassiani
3081 4632 3157 4687 ad
3184 4648 3352 4688 aram
3377 4630 3568 4704 ipsius
3587 4634 3811 4686 B.mar-

2151 4725 2294 4798 tyris
2309 4724 2754 4778 sacrosanctum
2770 4719 2956 4776 Missae
2972 4721 3318 4777 sacriﬁcium
3338 4737 3446 4795 pro
3465 4721 3610 4776 vivis
3624 4725 3723 4791 atq
3735 4734 3810 4774 ue

2153 4914 2357 4982 Capuc.
2420 4911 2566 4982 Bon.
2631 4906 2848 4982 exist._,_
2880 4907 2975 4962 ubi
3024 4908 3092 4982 de
3124 4910 3183 4964 S.
3242 4910 3409 4964 Petro
3432 4908 3628 4982 Chrys.
3658 4905 3803 4982 agit,

2151 4977 2302 5056 quod
2327 4981 2550 5056 saepius
2589 4978 2984 5056 meandiente
3012 4980 3137 5034 viva
3161 4996 3296 5056 voce
3345 4977 3727 5056 conﬁrmavit.

2225 5053 2304 5126 (h)
2325 5049 2564 5126 Natalis,
2600 5050 2765 5126 Ruth,
2800 5051 2966 5116 Rod.,
3004 5056 3058 5105 et
3099 5055 3376 5122 quotquot
3408 5051 3476 5105 de
3503 5066 3570 5106 eo
3599 5049 3804 5121 scrips.

2243 5121 2295 5192 i)'
2311 5125 2432 5179 Vid.
2468 5137 2638 5178 serm.
2666 5121 2787 5176 136.

2243 5128 2284 5192 ἱ)
2311 5128 2432 5179 Vid.
2468 5137 2638 5178 serm.
2666 5128 2787 5176 136.

2221 5128 2292 5264 11)
2323 5197 2506 5251 Serm.
2528 5195 2582 5259 5,
2613 5208 2784 5247 serm.
2817 5194 2904 5256 39,
2934 5207 3104 5248 serm.
3133 5192 3222 5258 94,
3280 5207 3450 5250 serm.
3480 5193 3568 5260 95,
3624 5207 3806 5247 serm.

2154 5269 2277 5330 109,
2307 5284 2483 5321 serm.
2520 5264 2643 5326 136,

2222 5338 2294 5410 (k)
2323 5337 2565 5410 Natalis,
2591 5333 2901 5410 Trithem_.,
2938 5339 3135 5410 Baron.
3179 5340 3220 5410 t.
3254 5337 3463 5410 l,_ann.
3498 5337 3622 5401 435,
3653 5338 3709 5392 et
3740 5337 3807 5404 Β,

2157 5407 2309 5464 Felix
2341 5409 2503 5463 arch.
2543 5408 2796 5478 Ravenn.
2832 5407 2888 5461 in
2916 5407 3080 5478 prmf.
3111 5408 3212 5463 inf.
3247 5408 3429 5464 relata
3461 5413 3596 5462 ante
3623 5423 3809 5462 serm.

2158 5480 2415 5536 Clirvsol.
2447 5480 2594 5533 Flor.
2629 5481 2686 5531 et
2725 5477 2840 5531 alii.

2227 5547 2289 5620 (ι)
2317 5554 2465 5615 Nat.,
2501 5550 2668 5613 Rub.,
2701 5547 2928 5616 Baron,
2980 5552 3144 5620 Rod.,
3207 5551 3387 5616 Flor.,
3445 5555 3500 5605 et
3547 5548 3806 5606 Breviar.

2157 5639 2279 5695 sup.
2311 5625 2696 5678 memoratum
2727 5635 2793 5675 ac
2823 5638 2932 5679 ms.

2679 5279 2777 5332 per
2832 5267 2939 5321 tot.
