4012 6184
213 339 274 395 Μ
1097 330 1265 390 νιτΑ
1315 331 1375 394 S.
1419 331 1629 392 PETRI
1673 329 1868 392 GHRY

1983 332 2135 394 ’,061
2178 337 2313 396 PER
2359 338 2423 397 D.
2471 335 2731 397 ΜΙΤᾹΜ.
3554 344 3628 402 62

204 463 486 524 defunctis
500 464 620 518 Deo
645 462 1027 517 sanctissime
1041 463 1275 520 obtulit.
1300 463 1544 534 (a)Tum
1577 466 1866 531 astantes,
1900 467 1947 525 Α
1987 465 2210 520 Donato
2239 466 2869 524 Corneliensidiacono
2883 467 3190 538 primario,
3209 483 3395 540 prope
3417 485 3630 542 corpus

203 557 300 629 qui
329 552 795 626 frequentissimi
829 561 1253 618 convenerant,
1305 554 1600 610 allocutus
1635 553 1710 607 de
1753 552 1866 609 im-

205 647 454 704 minente
519 643 614 697 sui
656 642 853 697 obitus
887 643 1034 699 hora
1084 643 1597 700 commonefacere
1626 641 1864 714 placuit.

208 733 640 803 Tumulumque
675 730 787 786 sibi
822 731 990 801 juxta
1020 747 1188 788 aram
1222 735 1276 788 S.
1311 733 1579 787 Cassiani
1619 731 1865 804 eligens,

211 838 435 880 sacram
461 820 719 876 infulam
737 835 886 876 auro
901 821 1274 893 gemmisque
1287 820 1738 894 pretiosissimis
1752 821 1869 876 dis-

211 913 465 981 tinctam,
517 914 809 965 craterem
882 924 1154 974 aureum,
1215 915 1272 965 et
1331 910 1601 981 patinam
1657 923 1868 978 argen~

208 1007 354 1057 team
387 999 658 1070 mysticis
678 998 888 1066 ﬁguris
917 1003 972 1054 et
1002 998 1448 1055 characteribus
1472 998 1864 1070 exsculptam.

207 1089 419 1162 quibus
451 1089 511 1143 in
543 1102 719 1143 sacro
741 1086 933 1143 fuerat
962 1102 1134 1155 usus,
1170 1103 1288 1143 arce
1320 1088 1381 1142 Β.
1404 1088 1867 1156 Cassianihmre-

211 1177 418 1234 ditario
455 1191 586 1231 sum
635 1175 996 1245 evangelicae
1039 1176 1404 1248 paupertatis
1431 1177 1564 1247 jure
1607 1175 1860 1248 reliquit.

208 1267 285 1338 (ὁ)
317 1269 687 1322 Ravennates
715 1279 880 1328 vero,
903 1265 1008 1337 qui
1038 1265 1204 1320 illum
1239 1265 1421 1320 secuti
1449 1265 1682 1321 fuerant
1717 1270 1777 1320 ut
1802 1267 1863 1320 in

205 1354 521 1425 deligendo
548 1353 780 1424 optimo
798 1358 1036 1425 pastore
1055 1353 1432 1425 invigilarent
1455 1370 1468 1420 ;
1493 1355 1647 1410 cives
1661 1359 1862 1409 autem

205 1458 339 1498 suos
366 1446 432 1498 D.
488 1442 842 1497 Cassianum
887 1443 1139 1498 summis
1188 1441 1522 1498 honoribus
1569 1447 1633 1498 ut
1663 1457 1864 1514 prose-

205 1534 548 1605 querentur,
578 1534 980 1602 cunctumque
1011 1530 1322 1603 populum,
1357 1537 1420 1587 ut
1444 1531 1626 1587 ﬁdem
1652 1531 1862 1587 Catho-

202 1621 372 1677 licam
405 1619 704 1675 adversus
732 1633 1146 1692 quascumque
1173 1621 1397 1677 Tartari
1428 1621 1860 1677 insurrecturas

200 1710 462 1779 legiones
489 1710 788 1776 retineret,
818 1723 929 1764 nec
946 1707 1066 1765 ullo
1093 1713 1360 1782 tempore
1391 1725 1427 1766 a
1451 1709 1670 1766 divinis
1692 1724 1860 1765 man-

202 1797 344 1854 datis
376 1797 758 1864 abscederet,
791 1812 1000 1870 pacem
1035 1813 1241 1854 veram
1272 1798 1560 1868 diligeret,
1588 1803 1857 1871 pastores
1887 1831 1932 1887 Β

204 1887 429 1954 coleret,
467 1887 655 1942 verba
682 1887 781 1942 Dei
801 1887 876 1942 de
906 1901 1008 1943 ore
1034 1888 1303 1959 ipsorum
1335 1888 1581 1944 libenter
1602 1888 1854 1958 audiret,

203 1983 250 2033 et
277 1977 511 2032 monita
540 1976 750 2031 salutis
776 1991 1174 2049 quascumque
1228 1982 1462 2034 strenue
1511 1978 1854 2043 custodiret,

207 2067 274 2136 (ε)
302 2065 511 2120 divina
556 2065 1002 2136 propemodum
1033 2065 1315 2122 facundia
1355 2071 1413 2122 et
1450 2066 1672 2122 intimis
1710 2081 1857 2138 prm-

207 2154 412 2210 cordiis
441 2153 723 2209 hortatus
753 2157 865 2210 est.

261 2243 344 2299 38.
383 2246 688 2299 Caeterum
723 2243 953 2298 cunctis
979 2243 1071 2300 vel
1102 2243 1182 2299 ad
1209 2244 1404 2316 prima
1432 2243 1861 2317 collacryman-

202 2329 343 2386 tibus
357 2331 509 2402 quis
525 2330 701 2401 plene
713 2345 1189 2388 commemorare
1202 2333 1606 2404 valeat,quam
1619 2341 1859 2404 paterna

199 2434 398 2475 omnes
432 2419 500 2474 in
528 2419 781 2475 Domino
813 2419 986 2475 fuerit
1016 2419 1401 2477 consolatus?
1420 2437 1606 2494 quam
1639 2423 1860 2478 sanctis

199 2507 435 2562 monitis
492 2511 547 2561 et
589 2505 805 2561 divinis
849 2507 1162 2580 colloquiis
1193 2509 1533 2565 animorum
1571 2523 1862 2566 mcerores

201 2595 510 2652 sublevare
538 2596 845 2651 tentaverit
862 2595 890 2649 ?
917 2593 1183 2652 Tandem
1214 2598 1520 2670 pontiﬁcio
1547 2598 1660 2654 ritu
1683 2599 1862 2655 bene-

199 2685 448 2740 dictione
475 2683 903 2755 omnipotentis
925 2685 1023 2740 Dei
1041 2699 1221 2757 super
1245 2686 1377 2742 illos
1399 2693 1456 2742 et
1483 2702 1692 2743 eorum
1714 2688 1863 2744 filios

204 2774 255 2828 in
283 2773 678 2842 generatione
709 2777 766 2828 et
795 2774 1078 2845 progenie
1099 2789 1204 2846 per
1229 2790 1448 2841 mvum,
1479 2776 1706 2832 caelitus
1727 2792 1864 2831 exo-

202 2868 342 2925 rata,
374 2867 439 2918 et
483 2862 659 2930 signo
689 2868 908 2918 sanctm
933 2863 1130 2920 crucis
1165 2879 1344 2937 super
1372 2870 1620 2920 cunctos
1653 2863 1861 2930 eﬂ‘usa,

204 2965 340 3006 mox
358 2950 431 3005 ad
448 2951 510 3005 Β.
524 2951 801 3006 Cassiani
812 2967 980 3008 aram
993 2968 1320 3009 conversus
1333 2953 1864 3026 est,demptamque

210 3053 311 3094 suo
342 3040 530 3111 capiti
558 3039 802 3095 mitram
831 3041 905 3096 ad
947 3042 1130 3113 pedes
1156 3043 1305 3112 Agni
1328 3043 1424 3098 Dei
1455 3057 1564 3114 pro
1583 3041 1759 3098 nobis
1804 3043 1865 3098 in

211 3143 306 3184 ara
336 3129 542 3185 crucis
573 3128 758 3185 oblati
788 3145 962 3201 super
998 3130 1182 3187 altare
1224 3131 1556 3203 deponens,
1592 3135 1778 3188 Deum
1809 3136 1866 3187 et

1979 557 2034 609 et
2065 569 2233 610 aram
2254 556 2438 611 sancti
2454 556 2720 612 Cassiani
2735 557 2904 626 juxta
2922 555 3267 613 electionem
3290 559 3436 629 ejus,
3462 575 3634 614 vene-

1976 641 2146 697 rabili
2170 643 2485 714 sepulchro
2515 645 2786 716 sequenti
2817 645 2913 700 die
2936 650 3070 716 post
3096 646 3300 702 sedem
3323 647 3510 719 ipsius
3541 664 3634 704 ec-

1978 731 2172 787 clesiae
2193 733 2498 788 conditum
2530 734 2674 804 fuit;
2708 735 2802 790 cui
2833 734 3107 790 omnium
3138 751 3438 792 consensu
3481 736 3632 793 inter

1975 819 2150 876 divos
2193 821 2378 877 relato
2409 822 2793 878 anniversarii
2822 823 3082 879 honores
3109 824 3170 878 in
3218 826 3629 883 testimonium

1976 907 2111 963 vitae
2141 909 2236 979 pie
2263 915 2584 981 sancteque
2630 916 2940 967 transactus
2983 911 3195 967 eadem
3240 912 3628 984 depositionis

1976 995 2070 1051 die
2096 996 2258 1052 fuere
2287 997 2504 1053 decreti
2529 1015 2542 1063 ;
2575 1003 2632 1053 et
2652 1005 2784 1069 post
2808 999 3312 1071 quinquennium,
3340 1003 3628 1057 exstincto

1970 1085 2098 1155 jam
2132 1085 2232 1141 Dei
2260 1087 2452 1155 gratia
2478 1087 2729 1143 Attilano
2775 1088 2992 1154 furore,
3023 1091 3126 1160 qui
3156 1089 3258 1144 diu
3291 1092 3631 1146 vastaverat

1977 1173 2229 1238 Italiam,
2253 1175 2517 1230 tumulus
2548 1182 2897 1248 sumptuose
2927 1179 3121 1248 magis
3148 1177 3363 1232 eodem
3392 1177 3452 1232 in
3496 1177 3630 1234 loco

1972 1260 2082 1317 fuit
2109 1263 2564 1320 condecoratus.

2043 1352 2133 1408 39.
2164 1353 2443 1407 Mirabilis
2475 1369 2618 1408 sane
2657 1355 2842 1410 virtus
2887 1359 3182 1424 urgentem
3208 1356 3429 1426 patinm
3459 1355 3629 1410 calici

1971 1441 2050 1496 ab
2078 1441 2290 1496 eodem
2323 1441 2559 1504 relictae,
2590 1457 2726 1496 cum
2760 1457 2918 1514 aqua
2944 1460 3050 1514 per
3074 1459 3208 1498 eam
3240 1443 3527 1512 demissa,
3575 1456 3631 1497 et

1970 1528 2065 1600 pie
2092 1545 2130 1584 ε.
2176 1529 2450 1586 ﬁdelibus
2481 1531 2800 1600 degustata
2851 1531 3182 1604 saepissime
3227 1533 3421 1588 rabidi
3463 1533 3629 1588 canis

1969 1633 2240 1674 morsum
2266 1634 2496 1682 sanare,
2523 1621 2601 1690 (Γ)
2630 1625 2684 1676 et
2714 1620 2906 1677 tebres
2928 1621 3268 1693 pestilentes
3298 1621 3498 1677 tollere
3523 1636 3629 1676 ex-

1968 1712 2204 1778 pertum
2227 1709 2330 1779 sit;
2352 1709 2430 1764 ad
2443 1725 2578 1781 quas
2592 1710 2751 1765 mala
2765 1710 2993 1766 nullum
3010 1712 3281 1766 naturale
3295 1711 3625 1766 remedium

1970 1794 2240 1851 sufﬁcere
2262 1801 2512 1863 constat,
2533 1800 2616 1867 (g)
2638 1814 2761 1870 quo
2782 1798 2848 1854 ﬁt
2869 1804 2930 1854 ut
2954 1799 3123 1855 multi
3153 1799 3368 1854 canino
3416 1798 3627 1854 rabido

1968 1899 2086 1956 que
2109 1900 2312 1940 morsu
2333 1885 2457 1941 laesi
2481 1887 2748 1959 undique
2765 1887 2844 1943 ad
2877 1889 3172 1944 tumulum
3197 1890 3253 1943 Β.
3282 1889 3429 1942 Petri
3446 1887 3626 1958 Chry-

1968 1974 2158 2044 sologi
2187 1989 2328 2030 ossa
2356 1975 2486 2044 ejus
2534 1976 2960 2042 venerabundi,
3002 1993 3228 2048 aquam
3273 1975 3531 2047 potaturi
3571 1980 3630 2030 et

1967 2063 2325 2135 asportaturi
2356 2064 2732 2120 conveniant.
2767 2065 2874 2121 Ubi
2901 2081 2972 2120 ex
3005 2070 3085 2120 tot
3115 2065 3416 2136 tantisque
3439 2063 3624 2134 hujus

1967 2152 2157 2209 sancti
2173 2153 2283 2208 viri
2305 2153 2562 2209 externis
2583 2153 2845 2226 reliquiis
2861 2158 3108 2226 paterno
3132 2153 3351 2210 affectu
3375 2153 3624 2221 traditis,

1967 2242 2095 2298 hac
2123 2242 2252 2299 sola
2278 2241 2460 2314 paina
2489 2242 2638 2300 inter
2681 2243 2827 2300 alias
2855 2243 3227 2314 pretiosiores
3269 2247 3618 2297 memoratae

1968 2330 2250 2402 reliquias
2279 2331 2692 2387 venerabiliter
2731 2335 3093 2396 asservatur,
3123 2345 3262 2387 cum
3307 2335 3520 2386 caetera
3552 2331 3626 2385 ab

1968 2434 2039 2476 eo
2065 2419 2290 2476 donata
2310 2419 2716 2477 autbeilorum
2739 2420 3031 2477 incendiis
3054 2419 3349 2492 perierint,
3395 2418 3486 2475 vel
3507 2417 3630 2474 fue-

1968 2509 2085 2565 rint
2112 2508 2310 2564 hostili
2342 2509 2730 2581 populatione
2779 2509 3028 2581 direpta.

2041 2598 2129 2652 40.
2153 2600 2364 2652 Verum
2379 2597 2740 2654 mirabiliora
2765 2599 3022 2670 profecto
3037 2596 3192 2653 illius
3206 2598 3628 2670 scripturarum

1970 2686 2342 2742 monimenta
2359 2687 2583 2751 relicta,
2610 2687 2666 2742 in
2687 2688 2908 2759 quibus
2934 2703 3070 2742 vere
3096 2701 3353 2743 acumen
3383 2686 3625 2758 ingenii,

1971 2775 2255 2830 doctrinae
2269 2775 2987 2839 sanctitatem,verborum
3003 2781 3179 2845 atque
3198 2777 3628 2830 sententiarum

1972 2864 2314 2934 gravitatem
2334 2863 3246 2934 etsinceritatem,structuraque
3261 2861 3626 2931 elegantiam,

1975 2967 2044 3008 ac
2066 2966 2220 3024 pene
2242 2951 2510 3008 divinam
2523 2951 2758 3006 dicendi
2783 2951 2900 3006 vim
2925 2966 3043 3007 non
3066 2951 3192 3022 jam
3213 2951 3394 3006 Graeci
3412 2949 3628 3012 solum.

1976 3041 2082 3096 sed
2106 3041 2265 3097 docti
2283 3056 2492 3097 omnes
2510 3041 2885 3097 admirantur
2909 3044 2965 3097 et
2990 3040 3450 3112 obstupescunt;
3473 3040 3553 3110 (ἡ)
3577 3044 3634 3095 et

1977 3129 2150 3186 sicuti
2167 3144 2381 3186 aurum
2398 3128 2565 3185 omni
2595 3129 2973 3186 metallorum
2995 3143 3210 3199 genere
3229 3128 3546 3202 pretiosius
3564 3144 3633 3184 ac

209 3222 484 3274 sanctum
504 3222 820 3290 patronum
836 3196 1868 3293 genibusﬂexisdevotissimepreca—
1897 3196 1940 3257 (ἶ
1973 3220 2305 3292 jucundius
2337 3233 2465 3276 esse
2509 3219 2676 3284 solet,
2711 3221 2881 3290 (i)sic
2923 3196 3273 3291 Chrysologi
3322 3219 3543 3292 scripta
3571 3219 3634 3274 in

211 3310 295 3362 tus
323 3313 439 3369 est,
475 3312 539 3362 ut
570 3307 927 3378 migrantem
954 3308 1220 3364 animam
1253 3323 1426 3365 suam
1458 3309 1518 3365 in
1542 3309 1758 3366 coelum
1779 3325 1869 3366 re-

211 3396 500 3467 ciperent,
529 3395 765 3467 hasque
790 3411 912 3467 prae
944 3397 1168 3453 caeteris
1193 3397 1388 3453 ferunt
1425 3397 1712 3455 obtulisse
1742 3415 1872 3470 pre-

211 3499 326 3540 ces:
350 3487 446 3556 (ά)
462 3486 826 3554 Deprecorte
838 3486 993 3542 beate
1010 3486 1290 3542 Cassiane
1308 3493 1560 3558 martyr,
1575 3488 1874 3544 intercede

206 3587 409 3644 prome
435 3590 450 3639 ;
480 3579 598 3628 tum
617 3573 1009 3644 domusquasi
1029 3577 1379 3632 vernaculus
1407 3577 1509 3645 fui
1531 3591 1568 3632 a
1600 3575 1872 3634 Cornelio

220 3663 392 3732 hujus
405 3663 563 3718 sedis
577 3664 840 3719 antistite
868 3665 929 3718 in
953 3664 1420 3734 hocipsotemplo
1441 3667 1709 3720 nutritus
1730 3682 1742 3720 :
1773 3667 1873 3721 ite-

214 3769 334 3808 rum
369 3753 456 3808 ad
491 3759 545 3808 te
572 3767 845 3809 reversus
875 3755 1138 3810 animam
1159 3769 1321 3811 nunc
1350 3757 1734 3824 omnipotenti
1753 3757 1872 3811 Deo

216 3842 409 3904 reddo,
442 3857 663 3910 corpus
684 3848 880 3899 autem
895 3858 1086 3899 meum
1106 3844 1215 3898 tibi
1233 3844 1585 3901 commendo.
1606 3847 1873 3916 Dumque

215 3931 504 4001 prolixius
535 3931 663 3986 haec
700 3937 756 3987 et
809 3932 1029 3988 similia
1064 3937 1278 3996 oraret,
1311 3933 1612 3989 hominem
1640 3939 1871 4003 exutus,

221 4019 538 4091 tranquilla
568 4025 625 4074 et
664 4035 874 4076 serena
915 4020 1104 4076 fronte
1135 4022 1408 4093 spiritum
1453 4024 1568 4078 Deo
1595 4022 1872 4088 reddidit,

221 4106 434 4164 infulas
462 4114 720 4164 mternas
733 4108 829 4164 hic
841 4125 878 4164 a
901 4125 962 4164 se
977 4116 1220 4182 paratas
1248 4111 1306 4166 in
1322 4111 1509 4181 gloria
1529 4117 1876 4183 recepturus

221 4202 428 4265 quarto
482 4211 678 4252 nonas
734 4198 1094 4266 Decembris,
1143 4200 1383 4256 sedente
1431 4200 1623 4256 Leone
1680 4200 1876 4271 primo

222 4285 420 4354 pontii.
454 4299 600 4340 max
623 4286 698 4357 (e)
730 4291 788 4342 et
819 4287 1231 4344 Valentiniano
1261 4289 1331 4344 ill
1364 4289 1423 4343 in
1451 4288 1786 4354 Occidente,
1808 4304 1878 4345 ac

224 4371 539 4430 Theodosio
550 4377 576 4430 J
585 4375 794 4431 uniore
807 4376 866 4431 in
880 4377 1110 4433 Oriente
1124 4376 1565 4448 imperatoribus
1580 4378 1877 4454 Augustis,

227 4475 376 4520 anno
387 4479 532 4519 vero
550 4465 1342 4537 Dominiquadringentesimo
1361 4466 1876 4538 quinquagesimo.

1979 3309 2189 3383 paucis
2218 3309 2664 3381 quamplurima
2689 3308 3084 3364 eruditissime
3116 3314 3297 3381 atque
3324 3308 3639 3377 elegantis-

1981 3400 2127 3454 sime
2140 3397 2594 3469 complectentia
2606 3398 2875 3453 omnium
2894 3397 3249 3467 gravissima
3265 3404 3319 3451 et
3328 3397 3349 3468 j
3361 3395 3636 3452 ucundis-

1981 3487 2136 3542 sima
2162 3486 2409 3541 existere
2439 3485 2696 3542 fatentur
2723 3502 2736 3540 :
2766 3485 2946 3557 idque
2971 3485 3181 3557 majori
3216 3485 3631 3549 admiratione,

1980 3575 2138 3647 quod
2153 3590 2272 3630 non
2285 3590 2354 3629 ex
2369 3573 2645 3630 omnibus
2657 3587 2792 3647 quas
2808 3575 2916 3630 seri
2926 3573 3531 3646 psit,etquemadmod
3541 3588 3632 3628 um

1982 3664 2220 3736 scripsit
2240 3663 2696 3732 (commentaria
2721 3663 2902 3729 enim,
2927 3662 3226 3735 epistolas,
3253 3667 3308 3718 et
3337 3662 3453 3718 alia
3483 3677 3633 3734 prmo

1981 3751 2118 3808 clari
2151 3753 2242 3808 sui
2273 3751 2496 3822 ingenii
2513 3751 3255 3808 voluminaeteruditionis
3272 3752 3634 3807 documenta

1981 3840 2207 3912 edidit),
2237 3842 2312 3913 υ)
2350 3840 2456 3897 sed
2483 3856 2556 3896 ex
2594 3842 2804 3913 paucis
2835 3841 3184 3911 fragmentis
3222 3841 3629 3903 homiliarum,

1982 3946 2116 4002 qum
2144 3935 2484 4001 temporum
2512 3929 2764 4000 injuriis,
2795 3945 2898 3985 seu
2927 3929 3222 3984 bellorum
3255 3929 3544 3984 incendiis
3563 3944 3631 3984 ac

1982 4017 2477 4092 populationibus,
2492 4024 2777 4090 tamquam
2791 4033 2861 4072 ex
2876 4016 3043 4072 busto
3056 4033 3361 4089 perpaucae
3375 4017 3632 4087 reliquiae

1985 4107 2489 4179 superfuerunt,in
2505 4106 2822 4178 multisque
2836 4106 3114 4166 alteratae,
3142 4105 3385 4169 mutiles,
3416 4109 3472 4159 et
3492 4119 3632 4159 con-

1985 4194 2286 4251 taminatae
2300 4196 2538 4250 Petrum
2555 4193 2982 4265 Chrysologum
2996 4192 3053 4247 in
3069 4192 3190 4246 suis
3202 4191 3636 4248 lucubrationi-

1986 4285 2102 4341 bus
2118 4285 2515 4355 quasexstant,
2540 4281 2877 4337 divinarum
2896 4281 3420 4353 humanarumque
3444 4281 3634 4336 scien-

1987 4373 2206 4430 tiarum
2228 4369 2672 4435 bibliothecam,
2691 4369 3076 4426 cherubicum
3103 4384 3289 4424 sacres
3323 4370 3636 4441 Scriptura

1987 4463 2388 4532 interpretem,
2412 4464 2467 4515 et
2484 4459 2850 4528 absolutum,
2875 4474 3197 4515 nervosum
3214 4459 3408 4528 simul,
3433 4462 3490 4515 et
3507 4459 3632 4514 bre-

225 4553 404 4606 etalis
421 4566 548 4608 sua
578 4553 807 4609 circiter
829 4556 916 4624 44,
941 4561 1246 4611 etsacrum
1270 4554 1424 4612 illius
1452 4571 1670 4626 corpus
1689 4555 1879 4612 incre-
1912 4562 1956 4619 1)
1987 4551 2390 4623 viloquentem
2431 4553 2727 4606 oratorem
2771 4549 3059 4604 exstitisse
3092 4548 3439 4620 praedicant.
3470 4547 3634 4603 Unde

224 4637 382 4694 dibili
412 4641 691 4696 omnium
719 4641 942 4713 dolore,
977 4659 1046 4700 ac
1072 4643 1287 4715 pietate
1312 4645 1573 4700 maxima
1599 4659 1634 4700 a
1667 4647 1721 4701 S.
1749 4648 1880 4702 Pro-

218 4727 369 4796 jecto
419 4729 614 4799 ipsius
671 4732 816 4787 Foro
871 4732 1120 4788 Cornelii
1162 4733 1466 4806 episcopo,
1508 4737 1572 4788 ut
1601 4734 1788 4798 aiunt.
1821 4739 1878 4791 et

223 4818 600 4889 coepiscopis
631 4820 1098 4890 provincialibus
1132 4822 1204 4876 de
1236 4837 1419 4887 more,
1457 4828 1635 4894 atque
1666 4828 1875 4880 sancto

288 4924 366 5011 (an)
396 4924 554 4994 Nat.,
590 4926 761 5011 Red...
809 4927 978 4993 Flor.,
1106 4928 1221 5010 Jac.
1250 4928 1877 5011 _Januens_in_loegenda

225 4994 275 5048 S.
319 4999 481 5073 cess.
515 5003 688 5051 mart.
721 4998 795 5073 in
825 5017 868 5053 s.
909 5017 1000 5073 an.
1035 5000 1261 5073 Domini
1295 5001 1450 5054 1582.
1493 4994 1744 5073 Traditio
1788 5020 1876 5073 pe-

222 5068 435 5142 rennis,
489 5073 545 5123 et
593 5070 877 5125 vetustiss.
919 5072 1201 5142 imagines
1239 5071 1298 5127 in
1343 5075 1466 5127 (ede
1509 5074 1570 5128 S.
1618 5068 1876 5128 Cassiani

224 5137 444 5195 Imolaz.
1043 5137 1069 5142 ⁷

286 5210 363 5282 (ὁ)
409 5209 800 5282 Βοὰιιιριῑνεῑ
826 5213 1009 5277 Rulb.,
1034 5228 1130 5270 an.
1169 5213 1292 5268 450.

284 5281 353 5356 (ς)
395 5286 536 5337 Acta
587 5281 902 5356 Vallicellm
939 5288 996 5338 et
1052 5284 1218 5348 Rod.,
1268 5283 1324 5339 in
1374 5285 1574 5356 quibus
1631 5284 1879 5356 plurima

224 5354 388 5478 Lirbta
435 5359 490 5409 et
521 5356 814 5410 orationes
856 5355 926 5408 ab
969 5357 1169 5411 eodem
1203 5354 1462 5412 sanctiss.
1507 5354 1748 5428 prolatas
1781 5357 1879 5414 ha-

294 5439 330 5477 n
362 5439 449 5477 ur.

290 5467 552 5633 {tif-stcta
587 5496 891 5552 Vallicellae
925 5498 1207 5570 Rodulph.
1243 5503 1298 5555 et
1329 5515 1463 5553 mss.
1498 5499 1699 5555 multa.

312 5569 362 5633 s)
406 5566 464 5620 in
501 5568 656 5622 Brev.
692 5568 969 5633 praedicto
997 5585 1098 5633 pro
1139 5570 1342 5626 veriori
1383 5573 1641 5633 tempore
1675 5588 1699 5625 e

312 5566 464 5642 _0_)_ln
501 5568 656 5622 Brev.
692 5568 969 5642 praedicto
997 5566 1342 5642 proiveriori
1383 5573 1641 5642 tempore
1675 5570 1880 5627 obiisse

225 5636 488 5692 scribitur
529 5655 667 5694 ann.
696 5636 840 5709 150,
890 5636 1203 5697 concordat
1250 5636 1525 5712 originale
1568 5643 1876 5700 Annalium

1985 4639 2148 4712 apud
2165 4637 2488 4695 catholicos
2502 4638 2948 4694 concionatores
2965 4644 3280 4694 accuratus
3300 4654 3494 4694 sermo
3512 4652 3632 4694 non

1986 4727 2257 4796 habetur,
2292 4725 2392 4782 ubi
2423 4727 2641 4798 saepius
2673 4726 2918 4782 rutilum
2943 4727 3292 4800 Chrysologi
3324 4727 3632 4799 eloquium

1983 4832 2106 4874 non
2131 4816 2430 4887 effulgent.
2455 4815 2626 4881 Quod
2648 4815 2697 4871 si
2721 4815 2922 4872 videre
2937 4817 3143 4872 omnia
3164 4817 3242 4873 ab
3271 4832 3342 4872 eo
3369 4817 3634 4873 laconico

1986 4923 2158 4981 Florii
2184 4922 2398 4990 nostri;
2437 4925 2492 4977 et
2520 4922 2726 4977 Baron.
2778 4923 2866 4979 vel
2912 4941 3063 4979 anno
3101 4924 3226 4993 449,
3276 4923 3361 4979 vel
3391 4924 3513 4978 480.
3545 4921 3634 4976 Sic

1985 4997 2158 5054 etiam
2186 4997 2435 5051 Rubeus.

2157 5066 2567 5148 Ιξιεςαιὶᾓ-Ηοά.
2601 5069 2656 5120 et
2687 5065 3170 5148 Experimentum.

2080 5137 2132 5210 g')
2177 5138 2328 5192 Plin.
2371 5137 2467 5191 lib.
2497 5152 2625 5202 xxv,
2657 5137 2784 5208 capi
2814 5139 2864 5192 5.

2082 5213 2135 5287 h)
2179 5209 2318 5287 Sixt.
2376 5211 2619 5287 Senens.
2665 5208 2886 5287 lib._1v,
2936 5205 3208 5287 Bibliotb.
3254 5209 3506 5287 ξαρριεδ)
3560 5207 3627 5287 Ξἶ

1987 5276 2149 5346 Ant,
2184 5280 2279 5336 ubi
2319 5295 2479 5350 sup.,
2507 5280 2535 5350 ς
2564 5281 2634 5345 7;
2667 5281 2734 5334 Ι).
2779 5283 2957 5350 Agap.
2996 5278 3214 5333 Vicent.
3251 5276 3310 5333 in
3341 5279 3511 5350 praef.
3563 5281 3636 5335 ad

1988 5370 2159 5408 serm.
2194 5351 2396 5422 Chrys.
2434 5351 2536 5405 inf.
2571 5352 2770 5406 relata.

2061 5424 2124 5494 (ἱ)
2165 5425 2348 5479 Serm.
2382 5423 2471 5475 29.

2061 5425 2101 5494 (ἱ
2165 5425 2348 5479 Serm.
2382 5424 2471 5475 29.

2058 5424 2124 5566 (λζ
2167 5495 2305 5549 Rub.
2341 5495 2501 5566 Trit._,
2557 5492 2694 5546 Red.
2745 5495 2800 5546 et
2856 5507 2990 5546 mss.
3035 5493 3232 5548 omnia
3282 5511 3409 5564 quae
3459 5495 3637 5550 vitam

1987 5564 2244 5639 ejusdem
2277 5564 2648 5635 perscribunt.
