4012 6184
349 383 422 447 6.3
1211 382 1280 440 IN
1325 382 1385 442 S.
1435 378 1724 438 PETRUM
1769 370 2302 437 CHRYSOLOGUM
2347 370 2904 432 PROLEGOMENA.
3693 376 3768 432 64

348 512 701 585 etperpolite
719 509 1999 585 conscriptadignifuissemus,divinumma-
2031 509 2075 567 A
2114 503 2321 576 positm
2347 503 2424 559 ad
2455 517 2641 558 unam
2667 503 2729 558 in
2750 503 2975 558 cineres
3002 499 3434 556 suntredactm.
3464 501 3608 565 Quae
3629 517 3770 558 vero

348 601 438 672 gis
458 617 635 673 quam
647 601 973 657 humanum
986 600 1268 658 habuisse
1284 602 2000 671 ingenium,summamque

349 690 503 744 illius
533 690 654 744 vim
680 689 739 744 in
771 690 871 745 Dei
899 689 1085 759 gloria
1111 693 1167 744 et
1189 689 1373 744 salute
1405 690 1748 745 animarum
1773 687 2002 758 impen-

347 778 507 833 disse
533 783 734 834 nostra
762 779 1153 849 omniumque
1181 783 1323 833 tetas
1340 778 1657 834 hominum
1685 780 1886 848 aperte
1906 790 2002 831 co-

348 872 676 937 gnosceret.
719 867 830 922 Sed
862 867 1016 920 Deus
1049 866 1340 922 mirabilis
1379 867 1437 922 in
1471 867 1690 923 sanctis
1723 865 1845 920 suis
1887 864 1998 920 for-

347 959 506 1010 tasse
536 955 720 1010 voluit
744 954 829 1009 sic
859 969 930 1009 ex
961 969 1161 1024 ungue
1187 957 1466 1025 cognosci
1493 956 1748 1012 leonem.

418 1047 504 1097 4t.
539 1046 686 1098 Nam
727 1043 902 1114 (proh
931 1043 1102 1098 dolor
1127 1044 1166 1113 l)
1206 1045 1429 1116 periere
1478 1046 1550 1100 ab
1599 1045 1730 1116 ipso
1760 1045 2002 1098 exarata

345 1129 730 1201 exemplaria,
777 1135 882 1187 aut
926 1134 1233 1198 Revennm,
1266 1140 1366 1189 aut
1419 1135 1567 1188 Foro
1617 1129 1900 1197 Cornelii;
1946 1133 2002 1185 et

345 1218 662 1290 utrobique
691 1219 785 1275 vel
816 1219 1156 1275 Theodorici
1188 1222 1681 1290 Ostrogothorum
1712 1219 1868 1289 regis
1892 1219 2000 1273 Ra-

344 1321 606 1362 vennam
625 1309 972 1380 occupantis
988 1309 1252 1380 perfidia,
1275 1312 1352 1379 (α)
1366 1311 1468 1383 qui
1485 1327 1623 1365 cum
1638 1306 1999 1364 Arianalabe

345 1399 534 1450 tactus
553 1395 928 1462 intrinsecus,
954 1402 1010 1453 et
1025 1397 1344 1454 obvolutus
1365 1399 1727 1455 extrinsecus
1739 1399 1915 1464 esset,
1937 1396 1997 1451 in

344 1483 672 1539 catholicos
685 1484 1012 1541 desmviens
1030 1502 1152 1552 eos,
1169 1493 1224 1542 et
1245 1488 1451 1543 omnia
1471 1488 1738 1560 ipsorum
1753 1485 1994 1558 templa,

344 1587 709 1645 omnemque
739 1575 1045 1644 regionem
1077 1575 1313 1632 illorum
1345 1576 1592 1648 perdere
1620 1581 1676 1631 et
1700 1575 1901 1645 gladio
1927 1589 1996 1629 ac

343 1659 479 1728 igne
507 1676 858 1717 consumere
887 1661 1623 1735 minabatur,tandemque
1647 1662 1910 1718 Boetium
1940 1666 1997 1716 et

344 1748 758 1819 Symmacum,
777 1749 1116 1806 clarissima
1133 1751 1309 1808 Italia:
1339 1752 1590 1816 lumina,
1607 1752 1773 1824 quod
1792 1756 1995 1807 contra

2114 608 2186 648 ex
2214 591 2494 648 omnibus
2518 607 2654 663 quae
2679 591 3079 663 Chrysologus
3102 589 3334 661 scripsit
3355 596 3770 647 remanserunt

2113 697 2417 752 perpaucae
2434 679 2928 745 homiliae,breves
2942 680 3166 751 quidem
3181 693 3422 734 numero
3435 677 3764 746 verborum,

2112 769 2215 825 sed
2249 785 2460 841 graves
2480 769 2746 841 pondere
2778 769 3228 833 sententiarum,
3252 783 3288 822 a
3312 767 3376 821 B.
3399 767 3605 834 Felice,
3622 783 3768 840 qua-

2111 858 2439 929 dragesimo
2453 861 2672 914 Raven.
2689 857 3576 930 archiepiscopo,concionatore
3591 856 3768 912 diser-

2112 945 2360 1011 tissimo,
2387 963 2457 1003 ex
2487 946 2804 1018 praecipuis
2833 946 3206 1018 diversisque
3235 943 3378 1000 locis
3401 961 3468 1000 ac
3492 946 3767 1017 personis

2111 1037 2376 1092 maximo
2397 1035 2598 1092 labore
2617 1044 2670 1091 et
2691 1035 2986 1092 industria
3002 1035 3290 1091 hinciude
3313 1034 3770 1106 conquisitas,at-

2110 1141 2226 1196 que
2252 1125 2455 1180 divina
2472 1125 2774 1180 voluntate
2795 1124 3082 1196 exemplis
3098 1123 3466 1196 quibusdam
3491 1124 3762 1192 inventis,

2110 1214 2168 1270 in
2198 1230 2408 1278 unum,
2436 1214 2566 1270 licet
2584 1214 2828 1270 confuse
2849 1229 2919 1269 ac
2935 1213 3272 1269 indistincte
3291 1211 3456 1268 nullo
3484 1212 3766 1284 temporis

2109 1302 2318 1359 ordine
2340 1308 2574 1360 servato
2595 1307 2816 1359 coactae
2841 1307 3000 1366 sunt,
3034 1307 3341 1374 tamquam
3365 1305 3497 1373 post
3519 1300 3764 1357 uberem

2109 1393 2473 1448 vindemiam
2498 1393 2783 1465 perpauci
2804 1391 3090 1447 recollecti
3106 1391 3344 1456 racemi,
3361 1390 3516 1446 circa
3536 1406 3764 1446 annum

2111 1480 2344 1537 Domini
2359 1481 2660 1537 decimum
2677 1481 2909 1536 tertium
2933 1496 3115 1552 supra
3145 1479 3762 1552 septingentesimum.

2109 1572 2513 1641 Quamquam,
2547 1586 2683 1642 quae
2709 1570 2893 1626 modo
2931 1573 3165 1625 exstant
3197 1571 3257 1624 ι).
3301 1568 3450 1624 Petri
3481 1567 3761 1633 homiliaa,

2107 1675 2226 1716 non
2242 1675 2373 1715 esse
2389 1661 2630 1716 easdem
2647 1675 2919 1724 numero,
2936 1658 3143 1714 ordine
3162 1662 3218 1713 et
3235 1656 3614 1728 perfectione,
3628 1673 3763 1728 quae

2106 1763 2142 1802 a
2171 1749 2240 1804 Β.
2261 1747 2446 1804 Felice
2471 1747 2643 1803 editm
2665 1748 2899 1803 fuerunt
2916 1747 2999 1817 (g)
3022 1746 3251 1818 liquido
3269 1750 3533 1815 constat;
3555 1760 3764 1818 verum

342 1837 1129 1908 Arianosessent,interemit
1149 1817 1991 1913 ;immo.loannemipsumhu-
2022 1866 2067 1922 Β
2106 1837 2494 1909 postmodum
2521 1838 2886 1894 currentium
2906 1817 3648 1906 negligentiatemporum,
3668 1817 3766 1890 vel

338 1925 440 1994 jus
453 1927 712 1981 nominis
725 1927 980 1998 primum
997 1944 1109 2000 pon
1121 1929 1337 1984 tificem
1354 1946 1502 1984 max.
1525 1931 1661 1985 vitae
1677 1929 1993 1985 sanctimo-

343 2012 443 2067 nia
486 2013 882 2070 clarissimum
944 2016 1117 2086 (proh
1154 2017 1323 2073 nefas
1349 2019 1386 2086 ι)
1431 2019 1652 2074 carceri
1699 2020 1995 2075 Ravenna

343 2102 774 2173 mancipatum,
811 2103 1052 2174 pedore,
1085 2105 1202 2160 situ
1232 2121 1301 2160 ac
1326 2107 1526 2162 inedia
1547 2111 1994 2178 consumptum,

341 2189 525 2245 vitam
541 2190 620 2246 ob
643 2190 705 2245 id
728 2191 1048 2249 terminare
1069 2194 1268 2265 coegit
1292 2211 1305 2260 ;
1325 2209 1432 2250 nec
1452 2210 1573 2251 non
1592 2195 1998 2253 Balthasarem

342 2292 414 2333 ex
444 2277 670 2334 familia
697 2279 887 2334 sancti
915 2281 1060 2336 Petri
1098 2281 1471 2352 Chrysologi,
1502 2281 1580 2351 (b)
1607 2283 1803 2338 virum
1835 2283 1997 2338 omni

342 2381 646 2422 sacrarum
661 2365 985 2423 litterarum
999 2367 1328 2425 eruditione
1341 2369 1856 2442 sapientem,quod
1869 2375 1998 2426 tan-

341 2454 655 2511 tummodo
673 2455 785 2510 illis
804 2455 1170 2527 temporibus
1190 2457 1401 2513 urbem
1424 2458 1995 2515 Ravennaminvise-

337 2543 432 2607 rit,
455 2544 665 2615 pontif.
693 2560 851 2600 max.
871 2545 930 2600 in
953 2546 1161 2602 mortis
1181 2562 1395 2616 genere
1413 2547 1786 2603 consimilem
1801 2548 1995 2603 reddi-

338 2631 637 2698 dit.Quare
652 2647 770 2689 non
785 2633 928 2689 levis
947 2635 1290 2706 conjectura
1301 2635 1488 2706 surgit
1502 2636 1787 2707 perﬁdum
1800 2652 1992 2707 regem

339 2721 683 2793 Chrysologi
703 2722 921 2795 scripta
935 2740 1335 2796 quaecumque
1351 2725 1516 2781 omni
1532 2726 1836 2795 diligentia
1855 2742 1994 2782 con-

336 2809 609 2880 quisisse,
633 2813 1016 2880 etRavennaa,
1039 2817 1094 2868 et
1117 2815 1263 2868 Foro
1283 2813 1782 2886 Cornelii,etapud
1799 2815 1992 2887 ipsum

338 2896 769 2965 Balthasarem,
796 2900 901 2972 qui
933 2900 1319 2974 probabiliter
1347 2917 1419 2958 ea
1449 2902 1750 2972 possidere
1795 2903 1990 2959 crede-

335 2986 532 3054 batur,
563 2992 620 3043 et
637 3005 708 3043 ea
733 2989 940 3044 omnia
958 3005 1079 3044 una
1101 3005 1240 3045 cum
1262 2991 1426 3056 actis,
1445 2995 1502 3047 et
1520 3006 1802 3062 processu
1823 3007 1988 3047 sanc-

340 3074 536 3139 titatis,
566 3080 622 3131 et
648 3077 1077 3133 miraculorum
1109 3079 1296 3134 sancti
1318 3079 1464 3134 Petri
1497 3079 1845 3151 Chrysologi
1866 3080 1991 3151 igni

337 3167 392 3218 et
408 3165 850 3236 consumptioni
870 3166 1183 3222 tradidisse
1204 3186 1217 3235 ;
1237 3183 1312 3224 ne
1333 3169 1470 3240 quis
1492 3168 1682 3241 ipsius
1698 3169 1986 3234 doctrina,

336 3250 1269 3317 concionibus,etcommentariis
1286 3262 1492 3313 contra
1504 3256 1988 3329 Arianos,quibus

335 3339 525 3396 fuerat
539 3339 742 3410 lingua
758 3342 1110 3414 calamoque
1128 3345 1294 3400 omni
1313 3350 1577 3418 tempore
1601 3347 1885 3413 infensus,
1905 3347 1986 3402 uti

333 3428 582 3495 valeret;
614 3430 1093 3501 sanctimoniam,
1119 3435 1531 3490 auctoritatem
1561 3439 1617 3491 et
1651 3435 1983 3492 doctrinam

332 3517 602 3586 ejusdem
635 3520 893 3575 Herodes
916 3520 1059 3576 alter
1089 3522 1380 3578 adversus
1401 3539 1576 3579 suam
1593 3524 1908 3595 perﬁdiam
1930 3529 1988 3581 et

329 3605 605 3661 haeresim
635 3608 1086 3678 pertimescens,
1130 3611 1563 3668 Diocletianum
1607 3618 1868 3678 secutus,
1905 3616 1984 3686 (ο)

329 3693 432 3767 qui
458 3710 668 3751 omnes
687 3697 1031 3755 Christianae
1052 3699 1352 3770 religionis
1369 3703 1605 3758 codices
1618 3702 1639 3772 j
1653 3703 1795 3758 ussit
1824 3719 1985 3759 com-

328 3783 483 3847 buri,
514 3800 621 3841 seu
637 3785 938 3842 Julianum
962 3790 1332 3859 Apostatam,
1356 3790 1555 3862 (d)qui
1581 3791 1778 3846 studia
1799 3791 1983 3848 bona-

331 3888 462 3927 rum
476 3873 692 3930 artium
705 3875 952 3931 ethnicis
966 3877 1424 3948 Christianisque
1438 3879 1734 3947 magistris
1748 3879 1982 3950 ademp-

332 3961 401 4015 tis
415 3962 755 4019 Christianae
764 3965 1057 4034 juventuti
1073 3966 1346 4038 improbe
1359 3967 1582 4038 eripere
1596 3972 1844 4022 conatus
1857 3972 1978 4024 est:

331 4065 467 4106 cum
516 4067 637 4106 non
685 4053 757 4107 sit
797 4054 1062 4124 tyrannis
1101 4054 1636 4126 depopulatoribus
1665 4054 1980 4127 regionum

330 4139 406 4211 (e)
426 4156 529 4196 seu
549 4141 903 4211 religionum
918 4141 1222 4199 efficacius
1234 4143 1788 4200 machinamentum
1801 4161 1979 4217 quam

331 4234 394 4284 ut
419 4229 584 4285 libris
613 4236 922 4303 tamquam
945 4232 1301 4289 firmissimis
1322 4234 1788 4306 propugnaculis
1818 4234 1982 4307 ipsas

329 4323 572 4373 exuant.
603 4319 673 4373 At
709 4318 896 4390 brevi,
936 4324 1052 4376 Deo
1095 4322 1348 4386 vindice,
1391 4323 1617 4395 impius
1658 4323 1754 4379 hic
1785 4324 1977 4395 periit,

329 4421 590 4476 moxque
621 4406 678 4460 in
720 4407 811 4460 sui
842 4408 1121 4463 facinoris
1151 4425 1392 4479 pcenam
1435 4411 1733 4465 cruciatus
1765 4411 1980 4480 gehen-

329 4509 420 4548 nae
461 4493 615 4561 ignis
649 4509 770 4549 una
794 4509 932 4549 cum
961 4495 1185 4550 Herode
1210 4496 1460 4551 Joannis
1499 4497 1778 4567 Baptistae
1804 4512 1979 4554 neca-

329 4585 448 4636 tore
480 4581 686 4636 merito
717 4582 978 4653 percepit
1002 4588 1274 4639 aeternos.

399 4669 486 4725 42.
528 4672 641 4725 Aut
683 4669 900 4742 pariter
948 4673 1242 4727 Ravennae
1274 4673 1428 4729 circa
1471 4689 1699 4729 annum
1743 4675 1976 4731 Domini

331 4759 945 4829 septingentesimum,
971 4761 1046 4830 (η
1075 4765 1340 4833 tempore
1373 4761 1666 4828 Damiani,
1693 4763 1974 4832 trigesimi

327 4847 470 4903 noni
493 4851 899 4904 Ravennatum
913 4849 1365 4921 archiepiscopi,
1390 4849 1537 4906 dum
1554 4851 1876 4924 absumpta
1893 4855 1977 4909 in-

331 4937 542 4993 cendio
558 4936 819 5008 episcopi
833 4936 1524 5010 bibliotheca,scripturze
1542 4955 1752 4996 omnes
1766 4940 1976 4999 illicre-

401 5095 476 5168 (α.)
508 5098 648 5152 Rub.
681 5096 803 5152 haec
832 5098 902 5152 de
927 5097 1276 5153 Theodorico
1306 5098 1456 5153 circa
1475 5115 1569 5154 an.
1597 5099 1823 5154 Domini
1848 5102 1972 5156 524.

329 5168 664 5243 Confirmat.
698 5169 997 5243 Baron_._in
1026 5169 1234 5223 Annal.
1264 5169 1533 5226 Dolionus
1575 5171 1630 5224 in
1659 5175 1976 5243 Compend.

327 5237 483 5311 hist.,
517 5246 573 5293 et
605 5240 804 5311 pleriq.
838 5241 954 5296 alii.

397 5310 474 5377 (b)
525 5318 669 5364 Ann.
715 5310 816 5366 im.
853 5313 1019 5368 Florii
1046 5312 1196 5375 Saxi,
1231 5315 1287 5366 et
1317 5311 1562 5366 aliorum
1595 5329 1732 5367 mss.

397 5387 466 5454 (ς)
511 5384 634 5435 lius.
670 5386 704 5434 l.
741 5400 854 5454 vui.
898 5403 1020 5454 cap.
1056 5384 1084 5436 '2
1110 5389 1158 5436 et
1194 5388 1248 5437 ﬁt.

399 5452 475 5522 ((1)
521 5453 777 5507 llistorlci
810 5452 1008 5508 omnes
1035 5456 1091 5508 in
1121 5456 1247 5508 Vita
1275 5454 1386 5507 Jul.

401 5527 470 5597 (Ae)
508 5523 678 5597 .loan.
701 5525 866 5597 ‘Gers.
902 5527 970 5578 de
998 5527 1174 5591 Laud,
1207 5525 1474 5597 Scriptor.
1516 5543 1564 5579 c.
1597 5527 1652 5580 9.

401 5593 474 5664 (f')
513 5594 658 5650 Rub.
701 5595 735 5649 l.
767 5613 840 5659 iv,
884 5598 987 5650 sub
1019 5598 1112 5651 dd.
1143 5593 1344 5652 annisf
1366 5598 1487 5652 Rod
1526 5601 1580 5651 et
1611 5613 1752 5652 mss.

401 5673 473 5738 (g)
513 5667 652 5722 Rub.
681 5683 802 5736 sup.
841 5667 1042 5723 asserit
1085 5669 1282 5723 homil.
1330 5686 1362 5722 a
1414 5669 1593 5724 Felice
1622 5668 1969 5724 recollectar.

2106 1925 2484 1982 librariorum
2504 1927 2753 1993 incuria,
2770 1941 2874 1981 seu
2895 1924 3218 1996 aliquorum
3236 1923 3766 1994 invidentiaquam-

2106 2014 2399 2085 plurimas
2422 2031 2489 2070 ex
2519 2015 2667 2087 ipsis
2693 2031 2820 2069 esse
2844 2014 3181 2086 deperditas
3205 2032 3217 2081 ;
3245 2016 3300 2067 et
3317 2028 3387 2066 ex
3407 2012 3479 2066 iis
3506 2029 3642 2084 qua:
3667 2028 3766 2068 re-

2107 2109 2456 2159 manserunt
2484 2104 2700 2175 partim
2743 2104 3097 2159 obscuratas
3135 2107 3192 2158 et
3216 2100 3671 2166 contaminatas,
3705 2107 3766 2157 et

2107 2193 2320 2264 partim
2355 2192 2506 2248 adeo
2536 2191 2776 2247 mutilas
2804 2197 2982 2264 atque
3016 2191 3353 2263 perplexas,
3376 2191 3461 2261 (h)
3487 2197 3548 2244 ut
3570 2206 3642 2245 ne
3667 2191 3766 2246 vix

2106 2281 2352 2352 quidem
2383 2297 2420 2336 a
2445 2280 2636 2336 doctis
2667 2279 2911 2352 intelligi
2951 2285 3194 2351 queant.
3227 2283 3360 2335 Haec
3387 2284 3587 2334 tamen
3617 2295 3768 2350 qua-

2104 2369 2451 2441 lescumque
2482 2368 2758 2432 existant,
2789 2385 2981 2441 usque
3009 2385 3078 2424 eo
3098 2368 3466 2440 sapientibus
3491 2368 3764 2440 probatm

2106 2463 2262 2524 sunt,
2299 2463 2360 2514 ut
2401 2458 2576 2514 unico
2607 2457 2805 2513 saeculi
2852 2457 3040 2529 spatio
3071 2457 3477 2528 duodeviginti
3508 2455 3763 2520 vicibus,

2103 2546 2268 2618 quod
2296 2546 2568 2610 viderim,
2597 2547 2754 2618 typis
2790 2547 3004 2603 fuerint
3032 2546 3435 2602 demandatus.

2171 2639 2261 2691 43.
2305 2635 2403 2691 Vel
2432 2634 2637 2692 forsan
2668 2635 2974 2707 antiquius
3007 2638 3152 2692 Foro
3185 2635 3435 2692 Cornelii
3465 2635 3624 2690 circa
3647 2649 3767 2690 an-

2102 2743 2240 2782 num
2256 2727 2477 2784 Domini
2493 2727 3013 2798 quingentesimum
3029 2726 3571 2799 quinquagesimum
3585 2742 3765 2796 quar-

2103 2822 2253 2882 tum,
2277 2818 2342 2888 (i)
2366 2832 2503 2873 cum
2536 2815 2748 2872 Narses
2791 2816 3126 2880 eunuchus,
3169 2816 3483 2872 Justiniani
3513 2816 3766 2872 Caasaris

2105 2907 2441 2979 praefectus,
2466 2913 2642 2963 etsuo
2655 2908 2909 2964 Domino
2923 2907 3166 2963 tandem
3182 2905 3669 2970 servusinfidelis,
3693 2911 3769 2961 ut

2107 2996 2602 3065 Ostrogothorum
2641 2997 2939 3068 reliquias,
2975 3012 3109 3066 quas
3141 2995 3219 3050 ad
3250 2997 3468 3049 Forum
3507 2993 3768 3050 Cornelii

2105 3083 2701 3153 confugerant,seque
2719 3083 2934 3137 ibidem
2947 3082 3298 3137 necessariis
3312 3081 3769 3146 munierant,ra-

2102 3172 2318 3228 dicitus
2341 3170 2908 3242 exstirparet,ipsum
2924 3171 3159 3234 Forum,
3181 3169 3391 3224 urbem
3412 3168 3770 3224 ﬂorentissi-

2101 3276 2266 3316 mam
2283 3265 2340 3317 et
2357 3259 2788 3331 amplissimam
2799 3298 2812 3323 ,
2836 3263 2970 3331 post
2981 3258 3222 3327 longam
3236 3256 3609 3313 obsidionem
3623 3257 3768 3313 ade-

2099 3353 2289 3421 ptum,
2321 3365 2390 3404 ac
2419 3347 2552 3404 dira
2581 3347 2966 3420 populatione
2981 3347 3279 3418 direptum
3297 3351 3515 3402 temere
3540 3351 3596 3400 et
3615 3361 3764 3401 cru-

2099 3437 2303 3494 deliter
2319 3437 2440 3507 igni
2454 3437 2727 3508 ferroque
2750 3436 3017 3493 funditus
3042 3441 3298 3492 evertere
3315 3451 3498 3490 ausus
3515 3439 3634 3498 est;
3660 3450 3764 3490 eo-

2097 3543 2213 3599 que
2243 3525 2632 3598 postmodum
2666 3525 2877 3581 Ctesari
2901 3524 3214 3594 indignato
3245 3522 3670 3591 Longobardos
3691 3523 3759 3580 in

2094 3615 2362 3673 Italicum
2389 3629 2641 3683 regnum
2668 3629 2698 3669 e
2730 3613 3055 3669 Pannoniis
3085 3615 3391 3672 evocante,
3422 3611 3494 3682 ω
3520 3610 3756 3682 Clephis

2093 3705 2330 3761 illorum
2351 3720 2450 3760 rex
2485 3703 2936 3759 crudelissimus
2963 3705 3099 3772 post
3129 3701 3426 3756 sexdecim
3450 3715 3754 3756 annorum

2094 3791 2465 3849 intervallum
2493 3792 2665 3860 juxta
2685 3791 2895 3845 veteris
2917 3792 3061 3845 Foro
3081 3788 3331 3844 Cornelii
3355 3787 3556 3844 relicta
3571 3789 3755 3843 vesti-

2094 3882 2211 3951 gia,
2234 3881 2367 3936 loco
2397 3885 2597 3936 tamen
2627 3879 2705 3934 ad
2732 3877 2951 3934 multos
2984 3893 3199 3948 passus
3233 3879 3485 3944 mutato,
3518 3882 3575 3932 et
3605 3877 3754 3932 satis

2093 3974 2344 4039 anguste
2363 3972 2608 4030 retento,
2642 3965 2851 4022 urbem
2877 3981 3143 4022 eversam
3168 3968 3486 4021 Vatrenum
3505 3980 3753 4022 amnem

2092 4059 2247 4116 intra
2266 4073 2326 4112 se
2357 4057 2758 4113 continentem
2777 4055 3131 4110 firmissimo
3154 4060 3334 4125 ponte
3361 4070 3538 4126 super
3559 4071 3752 4126 aquas

2093 4152 2430 4206 constructo
2445 4147 2718 4217 utrinque
2737 4144 3016 4200 citissime
3039 4143 3439 4200 reaediticavit.
3455 4145 3634 4214 Cujus
3653 4159 3752 4200 ca-

2094 4244 2283 4295 strum
2297 4237 2374 4293 ad
2387 4236 2631 4292 alteram
2655 4233 2920 4289 ﬂuminis
2936 4234 3130 4305 ripam
3145 4249 3180 4288 a
3193 4237 3359 4304 parte
3372 4233 3552 4288 austri
3567 4247 3750 4301 super

2092 4327 2498 4383 adhaerentem
2513 4323 2724 4380 collem
2745 4323 2976 4379 ambitu
2991 4322 3318 4377 rotundum
3340 4318 3748 4376 munitissima

2091 4415 2436 4485 ingentique
2465 4414 2674 4468 fultum
2702 4429 2854 4476 arce,
2888 4413 2970 4484 (lc)
3002 4417 3065 4468 ut
3089 4411 3532 4468 Ravennatibus
3561 4410 3744 4466 finiti-

2089 4503 2324 4573 misque
2339 4501 2674 4556 civitatibus
2687 4500 2864 4571 quasi
2883 4505 3232 4571 perpetuum
3249 4499 3552 4556 stimulum
3565 4514 3744 4569 Oppo-

2009 4582 2052 4638 D
2088 4595 2251 4646 neret
2275 4609 2287 4656 ;
2323 4605 2460 4643 cum
2492 4587 2568 4642 ab
2595 4587 2724 4657 ejus
2742 4587 2954 4642 duritie
2985 4592 3041 4643 et
3063 4588 3344 4644 firmitate
3363 4601 3636 4643 sermone
3655 4585 3743 4642 la-

2088 4679 2211 4734 tino
2245 4680 2520 4735 Castrum
2550 4677 2837 4740 Immolle,
2873 4676 2987 4732 hoc
3017 4684 3105 4732 est
3133 4682 3396 4732 castrum
3427 4676 3647 4732 durum
3683 4681 3744 4732 et

2087 4768 2260 4840 quasi
2275 4766 2552 4829 ferreum,
2568 4779 2887 4836 arcemque
2900 4765 3398 4822 bostibusnatura
3430 4769 3485 4820 et
3507 4765 3621 4819 situ
3635 4765 3743 4820 ob-

2087 4857 2408 4919 sistentem,
2430 4853 2664 4910 tametsi
2679 4869 2848 4909 secus
2863 4853 3069 4910 molles
3085 4870 3276 4924 aquas
3291 4858 3743 4917 exstructam,et

2087 4943 2233 5018 ipsis
2247 4943 2503 5014 undique
2517 4941 2797 4998 vallatam
2811 4941 3110 5014 appellare
3118 4942 3136 5012 j
3149 4941 3410 5009 ussisset,
3421 4941 3578 4998 brevi
3599 4942 3738 4996 urbs

2088 5121 2225 5176 opus
2255 5103 2443 5176 adhuc
2472 5106 2694 5157 exstare
2726 5101 2782 5155 in
2816 5116 3031 5172 magna
3057 5106 3234 5172 parte.

2155 5177 2235 5245 (h)
2279 5175 2418 5229 Rod.
2449 5178 2508 5245 et
2534 5190 2672 5245 mss.

2159 5242 2224 5317 (τ’)
2263 5244 2535 5316 Rapliael.
2565 5242 3039 5317 Vollateranslib.
3083 5259 3134 5317 tv
3162 5243 3363 5317 Geogr.
3396 5245 3744 5317 Tarcagnot.

2087 5320 2124 5372 Ι.
2161 5312 2234 5371 vii
2285 5312 2490 5371 Histor.
2537 5314 2755 5369 mundi.
2806 5312 3078 5369 Dolionus
3125 5314 3179 5368 in
3223 5312 3536 5385 compend.
3583 5312 3744 5368 Hist.

2088 5392 2233 5442 Ann.
2266 5388 2425 5441 lmol.
2465 5403 2598 5441 mss.

2155 5460 2222 5528 (j)
2262 5463 2408 5512 Ann.
2437 5457 2595 5511 lmol.
2624 5457 2823 5528 Blond.
2848 5455 3191 5512 Forolivian.
3217 5457 3258 5511 Ι.
3283 5473 3395 5512 vin.
3425 5457 3564 5512 Hist.
3590 5457 3738 5511 Rub.

2086 5531 2122 5582 ῐ.
2153 5526 2230 5588 iii.
2257 5547 2348 5583 an.
2381 5530 2504 5592 3577,
2539 5533 2595 5582 et
2616 5527 2706 5582 alii
2736 5526 2868 5582 hist.

2123 5600 2228 5724 l.(_k)
2273 5602 2434 5663 Ruh.,
2463 5603 2823 5669 1‘urcagnot.,
2853 5598 3098 5654 Dolion..
3151 5599 3352 5654 Blond.
3384 5605 3440 5653 et.
3479 5597 3741 5669 plerique

2147 5689 2200 5724 ll.

2085 5687 2200 5725 alit.
