4012 6184
357 225 430 290 67
1194 217 1265 278 ΙΝ
1307 220 1368 279 8.
1416 216 1710 279 PETRUM
1749 214 2006 278 CHRYSt

2117 211 2283 275 DGUM
2327 212 2879 279 PROLEGOMENA.
3698 221 3772 281 68

359 359 564 432 utique
593 352 1136 424 fuissetepiscopus
1150 352 1331 407 Neon.
1365 351 1445 405 Ex
1465 347 1600 406 aliis
1621 362 1869 421 quoque
1887 359 2008 404 non
2043 348 2090 407 Α
2121 349 2452 419 contraque
2476 349 2774 420 perﬁdum
2799 365 2868 405 ac
2897 352 3323 404 contumacem
3355 345 3662 419 abbatem,
3717 353 3776 407 et

357 447 704 520 spernendis
715 442 1050 501 rationibus
1064 445 1120 496 et
1136 438 1495 509 conjecturis
1519 453 1634 494 non
1653 436 1861 510 paucis
1878 450 2012 507 pro-

354 539 456 594 bat
486 536 725 592 Rubeus
751 548 933 605 supra
957 545 1094 587 vera
1119 528 1322 592 fuisse,
1352 543 1490 600 quae
1508 527 1582 583 de
1596 531 1864 597 tempore
1885 523 2010 581 obi-

356 633 450 682 tus
465 621 876 695 B.Chrysologi
891 618 1292 683 narravimus,
1313 615 1409 672 cui
1441 615 1685 672 assentit
1699 613 2007 682 Baronius,

356 714 437 770 ad
465 730 622 786 quos
659 713 906 768 lectores
935 706 1236 764 remisisse
1270 703 1546 761 sufﬁciat.

428 807 480 858 4.
515 807 586 858 At
610 816 744 873 quae
775 799 1036 855 diximus
1065 794 1263 866 prima
1286 793 1434 850 facie
1462 791 2011 863 nimisimpugnare

360 893 629 949 videntur
665 889 852 960 ipsius
889 883 1237 956 Chrysologi
1261 881 1444 938 verba
1467 881 1716 938 dicentis
1737 895 2012 936 sermone

363 983 462 1037 145
482 998 494 1035 :
517 980 790 1039 Christus
807 977 971 1033 circa
984 975 1326 1046 quingentos
1349 988 1533 1030 annos
1553 971 1882 1028 nativitatis
1900 985 2013 1027 suae

357 1085 565 1126 causas
576 1072 845 1140 praestat;
870 1070 1030 1120 ortus
1050 1063 1140 1117 sui
1173 1062 1306 1118 lites
1331 1063 1576 1132 patitur.
1614 1062 1679 1117 Et
1704 1059 1925 1131 quibus
1952 1058 2012 1114 in

360 1173 630 1228 margine
659 1156 736 1212 ab
768 1171 837 1210 ea
867 1153 971 1225 qui
999 1152 1265 1224 primum
1311 1165 1652 1206 sermonem
1673 1147 1873 1216 edidit,
1905 1147 2014 1204 fuit

358 1251 643 1312 notatum,
675 1243 1025 1313 Chrysotogi
1051 1247 1197 1296 tetas.
1248 1239 1399 1296 Nam
1431 1238 1498 1306 si,
1551 1238 1699 1294 dum
1727 1238 1855 1293 haec
1884 1237 2012 1308 ipse

358 1334 600 1406 protulit
628 1333 832 1398 verba,
861 1331 1002 1387 anni
1023 1329 1150 1386 fore
1177 1328 1490 1401 quingenti
1519 1326 2010 1396 erantavirgineo

359 1423 690 1496 partu,quis
711 1423 772 1476 Β.
809 1418 1244 1491 Chrysologum
1278 1416 1355 1473 ad
1388 1416 1533 1472 illud
1554 1432 1745 1488 usque
1771 1419 2009 1486 tempus

357 1516 532 1570 vitam
546 1513 898 1586 produxisse
917 1509 1260 1580 negaverit?
1274 1510 1674 1564 Verumtamen
1688 1507 1735 1561 si
1754 1507 2012 1578 prudens

358 1603 539 1659 lector
564 1603 829 1657 advertat
852 1599 1037 1655 verba
1076 1597 1174 1654 illa
1221 1595 1405 1652 fuisse
1432 1601 1640 1653 contra
1711 1595 2012 1667 Eutychen

2120 435 2250 504 ejus
2278 435 2555 492 haeresim
2584 436 2873 494 canonice
2897 437 3078 492 fuisse
3109 437 3766 508 pronuntiatum.Quod

2119 523 2392 595 pertinax
2410 526 2700 597 Eutychos
2711 527 3064 595 gravissime
3077 525 3276 581 ferens
3291 541 3405 598 ope
3438 525 3774 600 Chrysaphi

2119 612 2398 682 eunuchi,
2414 614 2790 686 imperatoris
2803 613 3078 670 cubiculo
3091 613 3460 686 praefectipb
3477 615 3772 687 peculiare

2119 700 2329 756 odium
2348 701 2626 759 Flaviano
2647 703 2883 766 infensi,
2909 703 3176 759 conﬁctis
3189 703 3518 760 rationibus
3533 706 3688 777 apud
3707 705 3769 761 S.

2123 791 2375 846 Leonem
2404 796 2572 862 pont.
2599 809 2756 848 max.
2781 807 2888 864 per
2910 791 3132 848 litteras
3153 792 3227 847 de
3253 792 3466 849 eodem
3487 792 3768 851 Flaviano

2119 883 2486 950 conquestus
2511 880 2787 947 obtinuit,
2821 885 2884 937 ut
2908 897 3062 936 sum.
3112 880 3320 952 pontii.
3380 883 3502 937 suis
3534 883 3769 955 scriptis

2122 968 2468 1024 Flavianum
2495 969 2829 1042 corriperet.
2859 971 3144 1026 Caeterum
3169 969 3429 1042 pontifex
3466 971 3633 1028 brevi
3681 987 3774 1028 re-

2120 1058 2349 1129 ceptisa
2376 1058 2654 1115 Flaviano
2677 1059 2962 1131 epistolis,
2989 1064 3045 1114 et
3070 1060 3246 1116 totius
3273 1075 3469 1116 causae
3505 1061 3772 1130 legitimo

2121 1161 2403 1218 processu
2431 1146 2651 1212 habito,
2681 1147 2880 1219 ipsum
2902 1147 3185 1204 abbatem
3206 1148 3765 1222 falsascripsisse,et

2120 1239 2432 1307 tamquam
2443 1236 2785 1292 haereticum
2799 1237 2906 1294 rite
2920 1237 3286 1293 declaratum
3304 1243 3580 1310 recteque
3596 1238 3767 1295 dam-

2118 1328 2327 1381 natum
2343 1326 2633 1381 exstitisse
2645 1327 2938 1396 cognovit.
2956 1329 3373 1383 Verumtamen
3389 1328 3533 1400 quia
3553 1327 3628 1383 de
3644 1343 3769 1384 ma-

2118 1413 2281 1470 xima
2297 1414 2437 1469 ﬁdei
2450 1415 2776 1486 quaestione
2789 1416 3160 1485 agebatur,et
3171 1415 3501 1473 decretoria
3522 1431 3771 1488 respon-

2119 1506 2205 1561 sio
2237 1506 2594 1562 sanctissimi
2619 1507 2680 1562 in
2727 1508 2894 1564 terris
2925 1508 3132 1564 Christi
3163 1505 3367 1564 vicarii
3398 1523 3435 1564 a
3486 1508 3769 1565 ﬁdelibus

2119 1596 2597 1666 exspectabatur,
2627 1596 2818 1653 doctis
2843 1597 3111 1654 Patribus
3138 1596 3212 1652 de
3242 1612 3356 1652 usu
3378 1596 3652 1653 Ecclesiae
3671 1613 3772 1653 cas

357 1698 412 1747 et
441 1693 570 1764 ejus
600 1690 875 1746 haeresim
905 1687 982 1745 ab
1010 1691 1250 1742 auctore
1270 1690 1474 1741 nostro
1504 1685 1885 1758 prolata,non
1899 1683 2014 1740 alio
2043 1706 2090 1765 Β
2122 1683 2351 1739 tholicas
2379 1684 2743 1741 deferentem
2769 1684 3185 1741 beatissimum
3242 1687 3515 1752 Leonem,
3545 1691 3607 1742 ut
3635 1701 3768 1758 qua)

358 1779 770 1852 opportuniori
783 1783 1050 1849 tempore
1065 1791 1251 1848 quam
1267 1775 1414 1830 dum
1428 1775 1592 1830 virus
1606 1774 1664 1828 id
1679 1773 1896 1830 lethale
1909 1789 2016 1846 per

361 1869 456 1924 Dei
487 1868 774 1924 Ecclesiae
801 1881 1036 1937 serpere
1083 1868 1366 1935 coeperat,
1413 1865 1526 1920 hoc
1555 1864 1755 1935 ipsum
1810 1867 2014 1920 actum

358 1958 542 2012 fuisse
571 1955 844 2012 fatebitur
863 1970 874 2008 :
894 1954 1000 2009 sed
1015 1969 1200 2024 supra
1226 1957 1533 2008 ostensum
1557 1957 1646 2008 est
1662 1952 2015 2022 hujusmodi

356 2045 631 2102 hmresim
656 2049 852 2100 ortam
884 2057 1045 2099 anno
1062 2041 1271 2099 Christi
1288 2042 1457 2109 448,ε.
1475 2039 1728 2096 concilio
1751 2039 2014 2111 generali

357 2132 1139 2189 Chalcedon.sexcentorum
1169 2129 1406 2199 triginta
1423 2129 1661 2184 Patrum
1678 2143 1838 2184 anno
1853 2129 2013 2184 Chri-

360 2222 431 2276 sti
451 2223 552 2276 452
584 2221 958 2287 damnatam,
992 2223 1046 2274 et
1086 2217 1440 2273 catholicam
1472 2217 1656 2272 ﬁdem
1675 2217 2012 2273 roboratam

358 2309 619 2365 extitisse
643 2307 831 2362 :unde
850 2306 1010 2378 quod
1043 2321 1203 2360 anno
1228 2306 1330 2359 449
1363 2306 1419 2359 Β.
1450 2305 1656 2359 Petrus
1710 2304 2013 2376 Eutycheti

359 2394 899 2466 litterisrescripsit,
932 2395 1142 2450 eodem
1175 2398 1440 2464 tempore
1470 2393 1764 2467 populum
1779 2394 2013 2450 concio-

360 2487 538 2543 nibus
568 2484 863 2541 instruxit.
894 2482 1157 2555 (a)t)uod
1172 2482 1377 2554 utique
1398 2487 1526 2553 post
1549 2497 1738 2537 annos
1754 2482 2012 2554 quadra-

363 2577 527 2650 ginta
553 2579 610 2632 et
640 2574 793 2631 ultra
831 2589 866 2631 a
909 2572 1067 2630 dicto
1095 2570 1344 2629 concilio
1404 2571 1761 2629 Chalcedon.
1818 2571 2012 2629 facere

361 2680 486 2722 non
515 2661 862 2720 distulisset.
886 2661 1050 2718 Circa
1067 2661 1426 2734 quingentos
1440 2675 1630 2716 annos
1649 2660 1856 2717 merito
1869 2659 2015 2717 dixit

362 2753 510 2811 utde
525 2751 744 2808 saeculo
758 2748 1222 2824 quingentesimi
1236 2750 1378 2805 anni
1392 2754 1576 2821 coepto
1591 2765 1660 2806 ac
1678 2749 2007 2821 dimidiato,

360 2855 739 2914 quamquam
776 2854 886 2896 nec
925 2837 1072 2894 dum
1107 2837 1422 2909 completo,
1460 2837 1624 2909 loqui
1667 2839 2008 2904 videretur;

358 2936 534 3006 prout
555 2931 634 2986 ad
665 2929 864 3002 ipsum
897 2926 1280 3000 Eutychetem
1311 2925 1643 2984 rescribens
1678 2925 1855 2982 simili
1882 2943 2010 2984 ver-

356 3020 573 3076 borum
603 3018 823 3090 phrase
848 3031 990 3071 usus
1021 3014 1276 3076 videtur,
1305 3031 1442 3070 cum
1474 3015 1623 3071 dixit
1644 3029 1656 3068 :
1675 3014 1886 3071 Christi
1911 3031 2007 3086 ge-

357 3109 583 3164 neratio
612 3112 744 3176 post
765 3111 847 3161 tot
863 3105 1088 3162 saecula
1105 3104 1490 3175 disputatione
1502 3105 1815 3163 temeraria
1832 3106 2006 3162 venti-

351 3198 532 3254 latur.
572 3198 652 3253 ita
681 3199 745 3251 ut
769 3193 848 3250 ad
875 3191 1256 3249 refellendum
1270 3193 1566 3266 Eutychen
1581 3193 2002 3264 longissimam

349 3283 671 3341 centenarii
690 3281 917 3338 numeri
947 3278 1459 3353 praescriptionem
1481 3281 2002 3346 adhibens,locum

350 3371 799 3446 ampliﬁcando,
835 3385 1065 3427 morem
1113 3369 1324 3445 optimi
1363 3371 1617 3428 oratoris
1656 3385 1985 3444 usurpasse

352 3478 532 3520 nemo
553 3477 669 3520 non
704 3460 924 3517 videat.

425 3557 477 3610 5.
514 3553 700 3609 Jussu
735 3553 791 3608 S.
825 3547 1033 3608 Leonis
1063 3566 1236 3624 papae
1263 3547 1340 3608 ad
1368 3547 2004 3609 Chalcedonensecono

357 3642 557 3699 cilium
587 3641 874 3698 adversus
906 3639 1238 3712 Eutychetis
1282 3640 1572 3706 haeresim,
1607 3645 1819 3712 praeter
1847 3640 2004 3698 infra

354 3731 637 3804 scriptam
650 3729 1116 3802 responsoriam,
1135 3731 1189 3786 S.
1217 3727 1651 3800 Chrysologum
1668 3727 1996 3800 scripsisse,

354 3825 410 3878 et
440 3819 867 3892 manuscripta,
890 3823 946 3874 et
970 3815 1264 3888 impressa
1293 3816 1619 3873 multorum
1639 3817 2001 3875 documenta

355 3907 982 3980 testantur,ipsamque
1003 3905 1322 3977 epistolam
1360 3909 1672 3970 exstare,et
1699 3909 1838 3963 ante
1866 3909 2003 3963 acta

351 3997 508 4056 illius
520 3996 755 4055 concilii
768 3994 1133 4066 descriptam
1150 3992 1360 4050 haberi
1376 3991 1640 4065 plerique
1655 3996 2004 4050 asseverant

353 4090 568 4144 Verum
586 4085 837 4156 hujusce
857 4083 941 4139 rei
967 4082 1278 4138 veritatem
1310 4082 1453 4138 satis
1485 4082 1717 4139 curiose
1734 4097 2001 4154 perscru-

350 4181 507 4234 tatus
522 4175 704 4232 solam
717 4174 793 4230 ad
808 4171 1182 4245 Eutychetem
1195 4171 1545 4245 Chrysologi
1559 4187 1619 4229 re
1627 4171 1999 4245 sponsoriam

350 4264 685 4337 epistolam,
705 4262 779 4317 de
807 4277 932 4333 qua
954 4260 1137 4318 etiam
1150 4276 1360 4318 omnes
1373 4260 1700 4318 meminere
1710 4260 1996 4330 historici,

350 4351 733 4424 incipientem
761 4365 774 4404 :
807 4350 1016 4405 Tristis
1048 4349 1159 4420 legi
1187 4352 1374 4404 tristes
1402 4351 1652 4415 litteras,
1672 4354 1806 4413 etc.,
1837 4364 2003 4420 repeo

2121 1772 2406 1828 sentirent
2431 1772 2683 1838 audiret,
2705 1774 2781 1828 Pe
2790 1778 2946 1830 trum
2957 1774 3391 1846 Chrysologum
3409 1775 3502 1830 vel
3515 1776 3770 1831 Romam

2120 1877 2422 1929 evocasse,
2454 1863 2621 1934 quod
2651 1862 2996 1919 credibilius
3032 1868 3138 1928 est,
3166 1863 3242 1935 (ὁ)
3271 1862 3361 1918 vel
3389 1864 3599 1921 saltem
3623 1879 3760 1936 ρτο-

2121 1942 2355 2008 cessum
2385 1956 2441 2008 et
2462 1956 2594 2008 acta
2614 1951 2692 2008 ad
2712 1951 3218 2024 illum,tamquam
3232 1956 3311 2009 ad
3327 1954 3766 2009 sanctissimum

2120 2044 2175 2096 et
2205 2040 2406 2096 Latine
2427 2041 2698 2097 omnium
2731 2046 2870 2097 tunc
2903 2042 3185 2114 temporis
3233 2043 3471 2098 Patrum
3502 2040 3769 2098 doctissi‘

2120 2145 2287 2185 mum
2331 2129 2666 2200 Graecaeque
2705 2130 2924 2200 linguas
2954 2131 3229 2203 peritum,
3260 2132 3671 2200 transmisisse,
3704 2132 3770 2186 ut

2119 2217 2390 2274 discusso
2413 2235 2709 2290 processu,
2745 2224 2800 2274 et
2823 2223 2946 2276 tota
2965 2221 3313 2292 qumstionis
3334 2222 3579 2277 veritate
3601 2217 3768 2277 indas

2119 2311 2276 2375 gata,
2309 2323 2440 2378 quae
2464 2307 2574 2362 sibi
2603 2307 2939 2364 viderentur
2969 2324 3076 2380 pro
3106 2309 3245 2365 ﬁdei
3275 2311 3765 2383 comprobatione

2119 2395 2399 2451 scriberet
2423 2395 2606 2467 idque
2628 2396 2866 2452 Petrum
2889 2396 3262 2470 praecipuum
3288 2399 3592 2456 catholicae
3618 2402 3766 2458 veri-

2121 2483 2254 2539 tatis
2274 2484 2631 2554 magistrum
2649 2485 3034 2542 libentissime
3062 2503 3170 2559 pro
3198 2488 3450 2545 Ecclesia
3477 2490 3572 2546 Dei
3591 2489 3754 2546 fecis-

2121 2588 2205 2640 se,
2229 2588 2407 2628 nemo
2438 2574 2652 2630 mentis
2681 2590 2934 2646 compos
2967 2576 3229 2646 negabit.

2188 2667 2240 2717 7.
2271 2663 2369 2718 llis
2402 2668 2603 2718 tamen
2631 2662 2935 2720 studiosus
2963 2663 3145 2722 lector
3177 2666 3236 2721 id
3283 2671 3564 2739 opponat,
3605 2668 3766 2740 quod

2119 2751 2181 2808 in
2197 2753 2402 2808 concil.
2414 2754 2991 2827 Chalced.nusquam
3012 2758 3570 2829 apparetepistolam
3585 2759 3769 2832 Chry-

2121 2840 2329 2910 solog.,
2346 2841 2452 2897 sed
2471 2847 2702 2898 tantum
2715 2846 2902 2900 sancti
2919 2845 3125 2900 Leonis
3138 2861 3310 2918 papae
3331 2845 3509 2902 fuisse
3535 2846 3764 2916 lectam,

2117 2929 2264 3000 quin
2276 2935 2331 2986 et
2343 2931 2534 3003 etipse
2546 2931 2795 2987 libenter
2806 2933 3188 2989 subscribens
3207 2935 3406 2991 dicam
3420 2936 3767 3008 epist.illam

2118 3018 2304 3073 sancti
2325 3019 2532 3074 Leonis
2550 3035 2724 3090 papa;
2753 3020 2815 3075 in
2839 3020 3043 3075 ordine
3075 3022 3142 3075 10
3170 3021 3550 3091 incipientem
3566 3025 3766 3082 Lectis

2113 3106 2575 3162 ditectionistuae
2605 3108 2837 3172 litteris,
2865 3112 2997 3173 etc.,
3023 3108 3100 3164 ab
3119 3108 3765 3183 ipsometChrysologo

2111 3193 2292 3252 fuisse
2307 3196 2367 3252 in
2381 3195 2714 3253 substantia
2734 3195 3229 3267 compositam,ac
3240 3197 3380 3256 divo
3398 3200 3580 3256 Leoni
3595 3200 3763 3257 obla-

2114 3289 2224 3341 tam
2252 3301 2266 3342 :
2297 3289 2352 3340 et
2375 3301 2449 3341 ne
2475 3284 2792 3357 peculiaris
2823 3283 3094 3342 Ecclesia:
3125 3287 3362 3357 praesul,
3397 3289 3503 3344 sed
3530 3288 3762 3345 univer-

2111 3373 2253 3431 salis
2283 3379 2505 3446 pastor,
2528 3378 2585 3430 et
2611 3373 2714 3446 qui
2738 3373 2798 3428 Β.
2823 3373 2975 3429 Petri
3001 3375 3258 3445 apostoli
3289 3377 3494 3432 sedem
3523 3378 3760 3435 tenebat

2110 3463 2169 3522 in
2192 3463 2380 3528 terris,
2405 3467 2466 3518 ut
2484 3477 2822 3532 congruum
2851 3464 3311 3526 erat,veritatem
3333 3464 3468 3520 ﬁdei
3489 3482 3758 3537 quaeren-

2110 3553 2267 3610 tibus
2291 3552 2823 3623 declararet,atque
2849 3566 2879 3606 e
2909 3551 3008 3608 via
3031 3553 3290 3609 veritatis
3322 3560 3622 3611 errantem
3633 3570 3758 3612 cor-

2107 3645 2156 3701 ri
2161 3641 2596 3715 peret,proprio
2608 3641 2795 3698 sancti
2807 3641 3012 3696 Leonis
3023 3641 3256 3698 nomine
3268 3642 3448 3699 fuisse
3460 3644 3754 3715 scriptam,

2110 3731 2395 3788 Flaviano
2425 3730 2704 3801 episcopo
2721 3730 3157 3798 transmissum,
3181 3731 3464 3788 omnibus
3505 3748 3646 3790 vero
3660 3747 3757 3789 ca-

2108 3818 2341 3875 tholicis
2361 3833 2769 3873 communem.
2794 3816 2936 3874 Hinc
2948 3816 3152 3873 forsan
3165 3818 3351 3890 aliqui
3373 3820 3756 3892 negarunt(c)

2107 3909 2187 3965 ab
2216 3908 2351 3979 ipso
2377 3911 2585 3963 sancto
2611 3907 2805 3962 Leone
2835 3908 3259 3978 compositam,
3309 3926 3449 3967 cum
3497 3912 3758 3968 maxime

2108 3995 2261 4068 stylo
2286 3999 2344 4051 et
2370 3994 2644 4052 doctrina
2671 4010 2708 4050 a
2737 3993 2980 4067 reliquis
3037 3995 3224 4066 ipsius
3278 3998 3483 4055 litteris
3534 3999 3757 4056 distare

2107 4084 2393 4143 videatur.
2424 4082 2923 4140 Verumtamenin
2953 4099 3025 4140 ea
3053 4099 3176 4141 non
3207 4086 3752 4144 animadvertentes

2109 4189 2366 4232 acumen
2378 4171 3056 4242 ingenii,sententiarum
3069 4173 3396 4232 doctrinam
3410 4180 3466 4232 et
3479 4175 3757 4248 eloquen-

2107 4263 2272 4333 tiam,
2305 4264 2431 4320 sine
2461 4262 2600 4327 ulla,
2631 4261 2974 4331 utarbitror,
3000 4265 3228 4320 ratione
3251 4279 3372 4321 non
3388 4264 3756 4337 Chrysologo

2106 4357 2333 4415 nostro,
2365 4352 2470 4407 sed
2509 4351 2640 4406 aliis
2667 4351 2964 4408 ascribere
2990 4367 3113 4409 non
3136 4352 3504 4410 dubitarunt.

351 4439 466 4500 rite
495 4437 804 4511 potuLNec
829 4440 1030 4493 tamen
1058 4439 1142 4493 tot
1179 4436 1497 4507 scriptores
1535 4436 1760 4507 alioqui
1788 4435 1998 4493 veridi-
2032 4427 2076 4486 Ι)
2179 4441 2232 4494 8.
2270 4441 2398 4496 Non
2428 4442 2630 4494 tamen
2657 4437 2887 4494 inﬁcior
2911 4439 3157 4498 beatum
3175 4443 3428 4498 Leonem
3446 4441 3756 4498 doctorem

356 4543 458 4588 cos
488 4526 552 4584 in
571 4527 686 4584 hoc
696 4525 945 4583 omnino
959 4523 1097 4595 conj
1106 4523 1330 4582 unctim
1341 4538 1591 4591 errasse,
1601 4524 1706 4580 sed
1720 4539 1860 4581 vere
1870 4523 2005 4583 licet

353 4613 616 4676 involuta
643 4612 866 4674 dixisse
895 4629 1032 4671 sum
1077 4611 1296 4684 iugiter
1351 4615 1538 4670 ratus.
1575 4613 2002 4681 Quamobrem,

354 4707 485 4762 haec
509 4720 645 4777 quae
677 4701 896 4774 saepius
943 4701 1147 4774 legens
1194 4701 1516 4760 meditatus
1559 4717 1715 4767 sum,
1774 4717 2001 4770 quaso,

355 4795 615 4869 prudens
651 4793 835 4850 lector
870 4790 1154 4850 attendat.

426 4889 478 4942 6.
491 4884 732 4940 Constat
759 4886 912 4954 apud
923 4897 1138 4938 omnes
1153 4879 1538 4953 Eutychetem
1555 4880 1836 4940 abbatem
1861 4884 2006 4939 Con-

353 4974 682 5046 stantinop.
705 4986 879 5028 suam
924 4970 1350 5028 disseminasse
1398 4970 1675 5026 haeresim
1721 4971 1877 5026 circa
1903 4986 2000 5027 an.

349 5065 521 5120 Dom.
549 5066 676 5127 448,
703 5075 893 5133 eoque
913 5063 1226 5130 temporea
1245 5057 1522 5113 Flaviano
1545 5058 1702 5114 illius
1721 5063 2003 5128 Augustas

352 5152 516 5208 urbis
545 5151 826 5222 episcopo
858 5147 1159 5224 synodum
1194 5147 1518 5203 multorum
1549 5148 1785 5203 Patrum
1818 5147 2004 5203 fuisse

353 5243 642 5301 coactam,
669 5243 732 5292 ut
757 5238 1031 5309 pestifero
1071 5253 1180 5310 pro
1226 5236 1455 5291 Viribus
1498 5241 1826 5292 occurreret
1857 5235 2000 5306 igni,

449 5370 508 5434 α)
551 5372 734 5425 Serm.
779 5371 902 5434 145,
935 5377 992 5427 et
1025 5370 1331 5428 sermt‘tii.

427 5370 508 5511 Ea;
551 5372 734 5425 Serm.
779 5371 902 5434 145,
935 5377 992 5427 et
1025 5370 1331 5428 sermt‘tii.

454 5442 481 5497 b
543 5442 674 5512 Leg.
715 5456 888 5512 serui.
930 5448 1172 5501 75.cum
1216 5447 1399 5498 notat.

428 5507 504 5583 (ι’)
548 5507 798 5567 Μίιῖρριι.
833 5513 1034 5566 Comes
1065 5514 1122 5567 in
1150 5514 1358 5578 Chron,
1387 5512 1471 5571 ait
1511 5511 1612 5571 lies
1641 5513 1861 5570 litteras
1883 5529 1918 5568 a
1940 5515 1998 5571 S.

2106 4526 2439 4585 maximum
2467 4528 2525 4581 et
2561 4523 3078 4594 elegantissimum
3117 4533 3424 4602 acceptam
3456 4545 3492 4586 a
3516 4531 3756 4586 D.Petro

2107 4618 2444 4674 Ravennate
2467 4606 2781 4686 epistolam
2798 4616 3043 4687 proprio
3060 4618 3501 4691 transcripsisse
3519 4618 3760 4691 stylo,et

2109 4704 2314 4778 aliqua
2324 4718 2434 4760 suo
2455 4706 2646 4760 marte
2665 4701 3013 4776 ascripsisse
3033 4718 3048 4772 ;
3067 4705 3461 4765 nihilominus
3480 4706 3542 4764 in
3555 4722 3628 4764 ea
3642 4723 3756 4764 non

2107 4793 2580 4868 potuitdivinum
2606 4791 2958 4865 Chrysologi
2971 4794 3278 4865 ingenium
3294 4802 3352 4852 et
3363 4797 3416 4866 ej
3427 4812 3494 4851 us
3506 4811 3574 4852 ac
3583 4811 3761 4854 umeu

2109 4882 2357 4939 omnino
2381 4881 2652 4937 celari.Et
2673 4881 2801 4938 haec
2821 4883 3024 4939 estilla
3049 4884 3351 4940 circularis
3370 4883 3625 4957 epistola
3639 4884 3763 4940 Fla-

2111 4971 2286 5027 viano
2307 4971 2467 5036 data,
2482 4971 2725 5028 ettotius
2747 4971 3090 5042 quaestionis
3127 4972 3419 5030 ventilatse
3437 4971 3763 5029 decretoria

2110 5076 2145 5116 a
2173 5059 2413 5116 consilio
2442 5059 2715 5116 Chalced.
2742 5061 3105 5125 630,Patrum
3131 5077 3355 5132 magna
3376 5060 3763 5118 veneratione

2107 5153 2536 5221 recepta,quam
2552 5151 2768 5204 Petrum
2787 5148 3198 5222 Chrysologum
3213 5150 3513 5223 scripsisse
3531 5149 3764 5206 tradunt

2111 5245 2401 5302 auctores,
2433 5237 2787 5309 (d)licctnon
2814 5237 2961 5293 bene
2985 5255 3046 5294 se
3082 5240 3397 5312 explicent,
3426 5239 3520 5295 vel
3558 5254 3764 5296 eorum

2111 5369 2299 5444 Prom.
2329 5370 2572 5444 dictatus
2599 5374 2792 5444 saneto
2823 5370 2991 5424 Leoni
3019 5390 3198 5442 papzn.
3240 5371 3295 5426 [tl
3329 5372 3512 5444 ipsum
3546 5372 3768 5444 putavit

2111 5442 2363 5513 Gennad.
2394 5443 2461 5513 de
2505 5440 2898 5513 \'iris__llluslr.
2941 5440 3063 5513 cap.
3094 5440 3184 5498 84.

2183 5513 2256 5581 ((1)
2288 5511 2384 5566 Est
2412 5511 2471 5568 iu
2501 5511 2704 5569 concil.
2757 5511 3027 5570 Chalcedi
3065 5514 3210 5570 actio
3256 5514 3309 5581 2,
3341 5532 3470 5587 pag.
3543 5515 3667 5580 204,
3704 5513 3761 5568 in
