4012 6184
378 294 452 363 79
1232 292 1300 350 ΙΝ
1347 291 1405 350 S.
1455 287 1745 350 PETRUM
1789 276 2321 347 CHRYSOLOGUM
2367 279 2921 341 PROLEGOMENA.
3712 278 3788 335 80

374 432 519 488 liora
567 430 694 484 loca

375 485 891 587 revidisse
921 485 2029 587 est;q139aleariae:reeitat}:-

374 561 550 631 simis.
563 570 699 627 viris
724 561 1087 632 dedicatum;
1104 569 1161 620 et
1192 562 1338 635 grati
1368 561 1547 616 animi
1569 576 1703 633 ergo
1733 574 2027 615 consecra-

741 442 917 498 quam
962 419 1643 498 facillime__explicantur.
1687 418 1803 498 lloc
1833 419 2026 498 autem
2060 418 2103 474 A
2139 416 2281 498 tum,
2340 411 2490 494 volo,
2537 411 2711 466 alacri
2759 410 2915 465 vultu
2969 407 3223 498 aeoipite,
3272 418 3339 461 ac
3401 405 3444 460 si
3492 406 3786 476 probatur,

2137 484 2309 548 edite,
2351 483 2575 553 meique
2604 498 2891 538 memores
2922 481 3121 553 valete,

2208 549 2546 625 Senogallize
2577 554 2759 625 pridie
2788 553 2915 607 idus
2940 550 3125 606 Martii
3158 549 3320 605 1594.

1414 712 2213 805 SCHtENEMANNI
2299 711 2730 798 NOTITIA

1989 858 2041 896 ΙΝ
2082 856 2189 896 OUA

1989 858 2041 896 11v
2120 857 2189 895 UA

490 953 716 1013 LOCUS
762 949 1049 1010 TEMPUS
1092 950 1184 1007 ET
1228 945 1482 1006 FORMA
1526 944 1817 1004 OMNIUM
1859 857 2265 1001 EDlTIgNUM
2321 940 2376 999 S.
2428 940 2638 999 PETRI
2685 937 3139 998 CHRYSOLOGI
3192 938 3659 998 INDICANTUR.

1862 1051 2294 1063 ..—__———

436 1133 645 1189 Multis
664 1134 801 1202 jam
825 1130 1121 1186 edissertis
1152 1128 1225 1184 de
1243 1129 1367 1184 vita
1390 1133 1443 1183 et
1463 1127 1733 1196 operibus
1763 1126 1830 1181 Β.
1860 1126 2027 1183 Petri

368 1220 744 1291 Chrysologi,
765 1234 884 1274 non
908 1220 1020 1273 erit
1040 1217 1448 1286 forteingrata
1468 1215 1675 1270 lectori
1692 1214 1760 1270 de
1785 1214 2028 1284 scripto-

364 1325 499 1364 rum
527 1309 595 1365 S.
640 1308 836 1364 Patris
868 1304 1221 1361 editionibus
1264 1303 1473 1359 notitia
1518 1317 1806 1373 sequens:
1848 1316 2025 1372 quam

366 1413 581 1455 nomen
611 1403 664 1453 et
699 1402 842 1451 aetas
876 1394 1148 1450 Auctoris
1177 1393 1458 1449 eximiam
1489 1397 1543 1448 et
1575 1393 1910 1447 universam
1939 1396 2028 1446 sat

361 1487 755 1556 pollicentur.
789 1484 941 1538 Emr.

439 1574 669 1630 Dictum
696 1577 802 1637 est,
827 1586 1159 1627 sermonum
1181 1568 1332 1626 Petri
1366 1568 1718 1640 Chrysologi
1738 1568 2027 1625 collectio-

368 1679 523 1730 nem,
542 1661 769 1734 qualem
782 1659 961 1716 modo
975 1657 1523 1727 iudicavimus,esse
1538 1656 2023 1729 antiquissimam,

2134 1124 2239 1196 qui
2265 1124 2516 1180 meliora
2546 1127 2837 1195 optarent.
2867 1125 3044 1178 Erant
3069 1122 3415 1194 enim,quos
3438 1119 3786 1193 Chrysologi

2135 1211 2313 1269 dictio
2326 1211 2727 1277 delectaret,et
2747 1212 2848 1284 qui
2872 1226 3124 1267 acumen
3144 1209 3453 1282 quoddam
3474 1211 3788 1267 sententia-

2136 1317 2269 1358 rum
2298 1301 2359 1356 in
2391 1316 2461 1357 eo
2487 1300 2943 1356 admirarentur.
2972 1303 3169 1357 Fertur
3192 1313 3432 1371 quoque
3454 1299 3665 1354 doctus
3683 1299 3787 1355 ali-

2134 1389 2269 1460 quis
2296 1390 2519 1445 Suecus
2541 1388 2877 1444 Zacharias
2904 1388 3175 1443 Lundius
3201 1387 3666 1443 commentarios
3684 1404 3786 1445 va-

2134 1477 2359 1533 riarum
2388 1477 2711 1533 lectionum
2741 1484 2798 1533 et
2833 1477 3418 1533 animadversionum
3449 1477 3508 1530 in
3535 1476 3785 1549 Chryso-

2134 1567 2341 1635 logum
2358 1567 2826 1639 condidisse,qui
2847 1566 3039 1622 lucem
3069 1565 3317 1639 quidem
3346 1580 3467 1621 non
3485 1564 3781 1633 viderunt,

2136 1656 2241 1712 sed
2262 1656 2488 1713 Jo.Alb.
2519 1656 2766 1713 Fabricii
2797 1662 3062 1728 tempore
3084 1673 3230 1712 mss.
3251 1657 3637 1713 servabantur
3653 1658 3786 1714 Ha!-

366 1755 573 1823 utpote
604 1766 741 1821 quas
762 1766 798 1806 a
825 1747 1010 1804 Felice
1030 1746 1465 1803 Ravennatensi
1495 1751 1552 1802 et
1581 1745 1710 1816 ipso
1741 1746 2026 1817 episcopo
2064 1762 2105 1817 Β
2133 1744 2249 1801 nite
2275 1746 2437 1817 apud
2467 1746 2903 1816 Rostgaardum
2926 1746 3013 1814 (c).
3047 1746 3355 1801 Enimvero
3384 1746 3445 1801 in
3473 1747 3633 1803 Italia
3654 1747 3788 1819 ipsa

367 1853 619 1895 numero
660 1839 789 1905 XLI,
836 1837 1075 1892 ineunte
1115 1835 1334 1890 saeculo
1374 1839 1584 1890 octavo
1627 1834 1831 1901 (tenuit
1865 1833 2026 1889 enim

368 1926 573 1982 sedem
601 1925 1007 1997 episcopalem
1024 1923 1102 1979 ab
1116 1938 1276 1979 anno
1301 1922 1531 1978 circiter
1543 1927 1645 1976 707
1670 1937 1859 1993 usque
1874 1922 1952 1977 ad
1968 1936 2023 1977 a.

366 2014 494 2084 717)
519 2012 788 2069 instituta
816 2016 872 2067 et
900 2011 1151 2083 prologo
1181 2014 1394 2066 ornata
1410 2014 1515 2073 est,
1549 2010 1653 2081 qui
1678 2024 1799 2065 non
1831 2008 2023 2064 solum

369 2102 430 2158 in
456 2100 765 2158 codicibus
782 2117 923 2155 mss.
943 2097 1322 2154 sermonibus
1335 2098 1616 2171 prasﬁxus
1640 2097 2023 2169 conspicitur,

369 2189 477 2246 sed
504 2189 717 2245 exinde
737 2189 917 2245 etiam
941 2187 1274 2259 exscriptus
1304 2191 1361 2243 et
1385 2186 1527 2242 Vitas
1545 2186 1695 2242 Petri
1712 2202 1747 2242 a
1770 2186 2026 2242 Domini—

363 2293 435 2335 co
450 2276 518 2335 Mi
528 2282 584 2333 ta
601 2276 954 2347 conscriptae
976 2274 1245 2345 adjectus
1264 2278 1353 2331 est
1371 2274 1478 2345 (a).
1507 2273 1652 2330 Eam
1672 2273 2027 2343 octingentis

366 2371 423 2425 et
446 2365 613 2439 quod
630 2366 881 2422 excurrit
911 2363 1145 2420 saeculis
1175 2367 1367 2435 posta
1385 2364 1497 2419 situ
1512 2364 1740 2435 primus
1765 2363 2027 2419 vindica-

365 2453 448 2510 vit
493 2453 761 2525 Agapitus
800 2452 1115 2509 Vicentinus
1144 2456 1202 2507 et
1246 2452 1511 2508 Bononia:
1556 2451 1695 2523 typis
1736 2451 1820 2506 Jo.
1864 2452 2022 2524 Bapt.

362 2542 588 2600 Phaelli
611 2557 685 2597 ex
714 2541 896 2598 unico
929 2541 1135 2597 codice
1164 2540 1625 2612 imprimendam
1669 2540 1851 2596 dedit.
1886 2540 2026 2595 lude

365 2646 577 2688 recusa
603 2629 953 2692 estColoniae
979 2631 1314 2701 Agrippinae
1331 2646 1386 2684 a.
1412 2630 1538 2684 1541
1579 2634 1635 2684 et
1657 2631 1826 2695 16l8;
1859 2630 2027 2685 Pari-

363 2720 480 2783 siis,
513 2719 673 2784 1574,
707 2719 867 2783 1585,
910 2719 1070 2781 1612,
1103 2718 1261 2783 1614,
1325 2718 1475 2781 1618,
1510 2718 1671 2785 1631,
1711 2720 1880 2783 1633;
1912 2718 2029 2772 An-

364 2809 614 2878 tuerpiae,
655 2806 832 2874 1577;
891 2805 1149 2873 Venetiis,
1187 2808 1326 2861 1588
1366 2810 1423 2861 et
1472 2804 2024 2875 1636;Monguntize,

364 2894 500 2950 1607
526 2897 583 2950 et
602 2894 740 2951 1613
763 2907 777 2959 ;
799 2891 1071 2963 Lugduni,
1104 2895 1260 2956 1622,
1294 2893 1452 2957 4623,
1482 2892 1824 2960 1627,1634,
1858 2891 2023 2957 1636;

367 2983 473 3040 sed
500 2982 701 3055 plures
732 2982 995 3054 undique
1017 2982 1096 3038 ab
1123 2981 1499 3037 officinarum
1520 2981 1883 3053 negligentia
1904 2999 2027 3038 ina-

365 3072 531 3129 culas
551 3071 811 3143 vitiaque
823 3070 1366 3127 contraxit.Novam
1384 3070 1788 3126 recensionem
1807 3071 1884 3126 ad
1902 3087 2024 3127 11111-
2055 3111 2098 3170 C

366 3158 704 3231 nuscriptos
719 3158 996 3230 quosdam
1014 3157 1243 3214 codices
1258 3161 1448 3214 Romae
1471 3158 1744 3214 inventos
1761 3167 2023 3215 exactam

366 3252 687 3321 paraverat
706 3250 909 3303 Petrus
929 3246 1297 3318 Rodulphus,
1328 3247 1845 3317 Tussignanensis,
1881 3247 2024 3305 olim

373 3335 721 3407 Senogalliae
743 3333 986 3408 praesul,
1010 3350 1265 3407 eamque
1280 3334 1519 3391 scholiis
1533 3336 1654 3391 suis
1671 3335 2024 3393 illustratam

368 3440 428 3482 a.
452 3428 587 3481 1594
617 3424 890 3480 editionis
921 3439 1107 3480 causa
1144 3422 1438 3480 obtulerat
1469 3424 1701 3480 senatui
1725 3424 2020 3481 lmolensi.

372 3513 675 3569 Aclittera:
705 3513 835 3584 ejus
862 3513 1107 3584 quidem
1138 3514 1198 3568 in
1225 3512 1664 3569 Commentaria
1678 3520 1920 3569 senatus
1936 3530 2023 3569 re-

370 3602 504 3658 latae
533 3608 691 3664 sunt,
735 3601 841 3657 sed
869 3601 1013 3674 quid
1062 3601 1254 3657 codici
1283 3602 1375 3657 isti
1424 3601 1721 3668 acciderit,
1780 3602 2020 3672 ignora-

369 3690 577 3761 tur(b).
603 3689 844 3746 Perfecit
868 3694 1067 3747 tamen
1089 3706 1253 3745 nova:
1274 3691 1545 3747 editionis
1566 3691 1879 3746 consilium
1909 3692 2022 3746 Do-

373 3779 625 3834 minicus
636 3779 1142 3849 Mita,textumque
1156 3777 1230 3835 ad
1241 3783 1503 3834 vetustos
1518 3778 1747 3834 codices
1758 3779 2023 3850 recOgni-

367 3869 499 3923 tum
531 3872 587 3922 et
612 3866 850 3922 scholiis
879 3869 1001 3923 suis
1032 3882 1153 3922 non
1182 3866 1511 3922 admodum
1538 3866 1726 3922 doctis
1751 3868 2021 3923 enuclea-

376 3959 506 4010 tum
540 3954 856 4027 proposuit
882 3956 1166 4011 Bononize
1212 3970 1266 4009 a.
1313 3957 1444 4009 1643
1476 3954 1644 4008 ενι-4ο.
1689 3954 1801 4009 Sed
1839 3955 2021 4026 hujus

373 4040 648 4100 editionis
667 4041 887 4098 fructus
900 4042 978 4099 ad
999 4041 1194 4099 Gallos
1220 4041 1465 4114 quidem
1483 4046 1538 4097 et
1561 4044 1885 4099 Germanos
1901 4058 2023 4099 non

371 4136 788 4205 pervenerunt,
820 4132 1045 4204 quippe
1070 4131 1175 4203 qui
1203 4147 1321 4187 non
1349 4135 1658 4187 cessarunt
1685 4132 2026 4205 antiquiora

374 4221 742 4293 exemplaria
773 4221 984 4277 iterato
1015 4219 1369 4291 describere,
1411 4220 1546 4277 licet
1574 4236 1692 4277 non
1727 4220 2023 4289 deessent,

444 4396 519 4462 (a)
543 4395 819 4463 Eumdem
843 4410 1067 4463 quoque
1093 4396 1303 4449 Casim.
1329 4397 1582 4451 Oudinus
1604 4396 1841 4452 inseruit
1862 4398 2027 4451 Com-

374 4462 742 4543 mentariis-IT
756 4505 781 4543 ,Δ
809 4464 852 4526 Ι,
894 4462 1143 4543 111151.

443 4531 515 4606 (b)
553 4532 790 4606 Exhibet
826 4531 1129 4603 epistolam
1178 4533 1349 4589 istam
1404 4534 1733 4606 Dominicus
1786 4536 1922 4591 Mita
1966 4536 2023 4592 in

372 4603 685 4681 appendice
705 4604 1183 4681 documentorum
1207 4607 1286 4681 ad
1296 4606 1488 4681 Vitam
1502 4605 1653 4661 Petri
1670 4606 2021 4681 Chrysolpgi.

368 4672 763 4747 Audivissese
789 4673 1071 4747 signiﬁcat
1104 4676 1458 4747 Rodulphus,
1489 4682 1754 4733 senatum
1781 4672 2023 4735 lmoléh-

371 4762 493 4823 sem
525 4744 826 4823 consilium
845 4744 1072 4823 cepisse
1099 4748 1234 4803 civis
1264 4744 1349 4802 sui
1381 4749 1825 4823 praeclarissima
1854 4751 2022 4823 inge-

371 4816 449 4890 nii
481 4821 860 4890 monumenta
891 4816 950 4872 in
989 4818 1172 4875 lucem
1200 4816 1523 4875 revocandi.
1571 4821 1642 4875 Se
1678 4838 1779 4890 pro
1811 4816 2023 4877 viribus

369 4888 568 4944 labore
605 4904 708 4944 suo
736 4892 792 4963 et
815 4888 1096 4963 industria
1126 4890 1183 4947 id
1232 4892 1507 4963 adjuvare
1538 4888 1702 4956 velle,
1735 4892 2020 4961 Adjumen-

370 4967 483 5016 tum
516 4966 716 5034 autem,
750 4960 935 5031 inquit
975 4961 1188 5017 nullum
1224 4960 1425 5031 a/férri
1458 4979 1605 5034 posse
1647 4962 1825 5031 majus
1869 4981 1903 5017 a
1939 4981 2023 5019 me

369 5031 624 5106 comperi,
678 5049 837 5106 quam
863 5034 1119 5106 auctoris
1162 5031 1631 5106 hujushonziliis,
1684 5034 1857 5103 quoad
1892 5036 2022 5106 ﬁeri

366 5103 561 5176 possit,
593 5103 926 5176 corrigendis
970 5109 1022 5158 et
1065 5104 1423 5170 emendandis,
1465 5113 1523 5159 ut
1570 5105 1635 5158 ab
1666 5107 1829 5169 mnni,
1860 5103 2018 5176 quam

369 5173 544 5247 adhuc
569 5176 716 5228 inter
740 5173 1013 5247 sorderet
1038 5177 1209 5230 tineas
1242 5192 1417 5247 passm
1468 5182 1619 5239 sunt,
1662 5173 2018 5247 injuria—vin-

369 5242 624 5318 dicentur
650 5262 663 5309 ;
692 5246 871 5318 sicque
900 5245 965 5300 ab
1004 5263 1187 5302 earum
1233 5242 1526 5303 lectione...
1571 5242 1757 5301 nullus
1794 5248 2018 5318 posthac

366 5313 630 5389 refugiat.
686 5313 869 5389 Vitam
918 5334 1115 5388 quoque
1161 5318 1321 5387 hujus
1362 5318 1692 5371 sanctissimi
1724 5313 1868 5389 piri,
1911 5336 2012 5389 qua

362 5382 519 5461 potui
548 5382 805 5461 brevitate
823 5406 883 5441 ac
917 5382 1201 5460 dilibentia
1220 5382 1497 5461 descripsi.
1529 5382 2016 5461 Pervolularihnc

363 5454 425 5535 de
456 5468 620 5510 causa
650 5456 874 5535 ontiqua
906 5454 1192 5535 veteraque
1223 5454 1527 5535 tabularia,
1550 5476 1664 5535 quaj
1695 5461 1775 5514 vel
1800 5476 1867 5535 ea:
1898 5460 2016 5535 _Va-

366 5526 547 5581 ticana
602 5526 701 5581 vel.
738 5543 805 5581 ea:
841 5526 1403 5600 ampliss.‘Sirletana
1455 5526 1767 5588 bibliotheca
1820 5531 2013 5587 habere

2136 1834 2281 1890 Mitte
2326 1833 2505 1890 editio
2533 1834 2773 1889 nonnisi
2801 1840 2939 1906 post
2979 1835 3275 1906 integrum
3319 1835 3436 1891 fere
3478 1835 3783 1901 seaculum,

2134 1922 2347 1978 iterum
2379 1923 2535 1995 typis
2568 1923 2797 1978 Venetis
2821 1939 2978 1978 anno
3010 1927 3143 1978 1740
3159 1924 3452 1995 exscripta
3479 1930 3585 1981 est.
3609 1927 3788 1981 Novae

2136 2015 2344 2082 postea
2369 2011 2647 2067 editionis
2671 2012 3036 2068 adornandae
3048 2012 3358 2069 consilium
3380 2014 3592 2070 invasit
3607 2015 3789 2069 Sebas-

2138 2101 2347 2155 tianum
2378 2100 2552 2155 Pauli
2578 2102 2946 2156 sacerdotem
2975 2102 3451 2171 congregationis
3477 2104 3665 2159 Matris
3686 2104 3790 2160 Dei

2135 2188 2439 2255 Lucensis,
2476 2188 2578 2260 qui
2613 2188 2859 2261 quidem
2890 2205 3011 2244 non
3040 2189 3316 2260 vulgares
3344 2207 3438 2246 res
3464 2207 3499 2246 a
3525 2190 3788 2247 multifa-

2135 2275 2222 2331 ria
2256 2292 2366 2332 sua
2389 2276 2661 2334 doctrina
2681 2278 3009 2350 exspectari
3032 2279 3229 2349 jussit.
3265 2279 3482 2335 Prodiit
3506 2296 3660 2352 opus
3686 2282 3791 2335 Ve-

2136 2363 2309 2420 netiis
2342 2380 2397 2420 a.
2432 2367 2570 2421 1750
2603 2365 3004 2423 collaudatum
3043 2383 3079 2422 a
3108 2368 3349 2437 Mansio,
3394 2384 3574 2439 quem
3606 2384 3786 2425 nemo

2131 2452 2358 2523 justum
2374 2453 2489 2510 hac
2513 2455 2574 2509 in
2604 2471 2665 2511 re
2683 2454 2973 2512 arbitrum
2990 2456 3251 2529 reputari
3270 2462 3542 2528 oportere
3565 2459 3789 2515 inﬁcia-

2133 2539 2297 2595 bitur
2314 2557 2329 2607 ;
2346 2542 2813 2613 tametsijustam
2832 2544 3074 2600 cditoris
3088 2546 3451 2614 diligentiam
3467 2548 3522 2602 in
3553 2547 3786 2619 quibus-

2136 2627 2299 2697 dam,
2332 2646 2467 2701 quae
2494 2629 2653 2686 idem
2684 2633 2759 2687 de
2802 2649 2871 2687 eo
2902 2634 3110 2699 retulit,
3144 2635 3462 2691 desideres.

2206 2718 2489 2786 Epistolas
2517 2721 2597 2775 ad
2619 2721 2985 2790 Eutycheten
3015 2722 3314 2794 duplicem
3343 2726 3521 2799 vulgo
3545 2726 3788 2783 tradunt

2135 2809 2366 2861 exstare
2391 2808 2734 2875 editionem,
2750 2826 2930 2866 unam
2946 2812 3003 2865 in
3020 2812 3074 2865 S.
3100 2812 3311 2867 Leonis
3333 2816 3398 2870 Μ.
3426 2814 3786 2870 editionibus

2138 2893 2556 2957 Quesnelliana
2581 2898 2997 2967 anterioribus,
3030 2899 3089 2954 in
3127 2917 3244 2971 qua
3279 2906 3462 2957 totum
3496 2910 3672 2975 caput
3700 2918 3789 2957 se-

2135 2982 2401 3036 cundum
2429 2984 2784 3053 postverba.
2806 2987 2944 3041 Haec
2963 2988 3219 3042 breviter
3244 2991 3541 3058 respondi,
3561 2992 3785 3059 frater.

2136 3069 2349 3124 litteris
2375 3070 2505 3133 tuis,
2523 3070 2701 3138 desit;
2731 3075 2984 3129 alteram
3017 3074 3325 3144 integram,
3350 3094 3534 3148 quam
3557 3077 3790 3148 primus

2131 3156 2381 3213 ediderit
2405 3157 2700 3214 Gerardus
2732 3161 2960 3215 Vossius
2991 3178 3046 3217 a.
3094 3168 3248 3220 1604.
3276 3166 3405 3229 Qua
3434 3166 3496 3220 in
3527 3182 3589 3221 re
3618 3171 3790 3223 tanto

2130 3246 2324 3315 magis
2352 3245 2503 3301 ﬁdes
2530 3246 2805 3304 habenda
2845 3264 2975 3305 esse
3013 3251 3241 3307 videtur
3279 3254 3611 3319 Quesnello,
3644 3270 3788 3311 cum

2131 3333 2298 3388 addit
2316 3333 2577 3406 priorem
2606 3335 2964 3408 descriptam
2991 3354 3117 3395 esse
3136 3354 3202 3395 ex
3218 3340 3420 3396 codice
3439 3358 3553 3397 ms.
3577 3342 3788 3399 Biblio-

2131 3421 2312 3479 thecae
2334 3422 2631 3479 Tbuaneee
2656 3443 2669 3491 ;
2693 3440 2873 3496 quem
2901 3427 3080 3483 etiam
3109 3427 3272 3486 bona
3287 3428 3406 3486 ﬁde
3437 3432 3619 3487 secuti
3650 3438 3787 3489 sunt

2132 3509 2442 3567 Ballerinii.

2203 3600 2597 3656 Nihilominus
2620 3602 2743 3658 hazc
2765 3602 2921 3660 falsa
2945 3612 3098 3661 sunt.
3125 3607 3355 3679 Quippe
3370 3608 3532 3664 nulla
3544 3610 3788 3666 estLeo-

2129 3688 2223 3744 nis
2251 3690 2319 3744 M.
2346 3695 2481 3745 ante
2512 3691 2891 3755 Quesnellum
2918 3694 3118 3759 editio,
3144 3695 3203 3750 in
3233 3708 3358 3768 qua
3382 3697 3510 3753 haec
3532 3698 3787 3771 epistola

2130 3781 2421 3832 occurrat.
2459 3779 2827 3849 Experientia
2862 3781 2978 3837 hoc
3004 3782 3195 3840 edocti
3228 3802 3455 3858 sumus,
3490 3794 3546 3843 et
3573 3804 3647 3845 ne
3676 3805 3785 3845 nos

2129 3864 2243 3937 ipsi
2262 3863 2537 3921 fefellisse
2552 3868 2870 3925 credamus
2889 3870 3113 3928 faciunt
3125 3873 3351 3931 indices
3368 3876 3636 3932 ordinem
3654 3878 3787 3950 Epi-

2132 3953 2409 4009 stolarum
2423 3955 2483 4009 in
2495 3955 2847 4012 editionibus
2862 3961 3261 4031 superioribus
3275 3970 3782 4036 representantes,

2133 4041 2194 4098 in
2218 4042 2633 4108 Quesnelliana
2652 4046 2823 4115 juxta
2838 4062 3021 4119 quam
3056 4050 3504 4109 Balleriniorum
3528 4054 3786 4111 editione

2133 4131 2294 4187 obvii
2320 4132 2427 4205 (d).
2456 4132 2571 4189 Sed
2602 4149 2710 4190 nec
2736 4135 2930 4206 magis
2960 4154 3164 4194 verum
3199 4146 3285 4197 est
3314 4142 3589 4208 alterum,
3622 4144 3786 4214 quod

2133 4220 2290 4275 idem
2314 4220 2662 4289 Quesnellus
2689 4225 2939 4297 scripsit,
2972 4224 3263 4300 integram
3282 4231 3593 4303 epistolam
3620 4247 3655 4288 a
3673 4230 3785 4287 Ge-

2128 4398 2285 4476 poiui
2295 4413 2314 4476 ί
2328 4400 2518 4476 sr'cque
2535 4401 2853 4476 ﬁdelissima
2877 4412 3199 4476 vetustorum
3230 4408 3469 4463 codicum
3486 4411 3784 4466 collatione

2131 4465 2599 4549 adhibitohjhu'nc
2644 4473 2813 4549 _Petri
2854 4475 3177 4549 Chrysalogi
3215 4478 3527 4535 Sermonum
3575 4465 3780 4537 librum

2061 4564 2104 4622 Β
2132 4552 2291 4607 quam
2320 4537 2741 4622 diligentissime
2769 4537 3054 4622 emenda-re
3090 4537 3384 4622 satiareque
3427 4551 3687 4619 laboravi,
3728 4561 3783 4609 et

2128 4610 2360 4695 proprio
2394 4610 2575 4665 nitori
2609 4628 2775 4684 prope
2805 4618 3110 4695 restituere.
3162 4610 3398 4693 Denique
3427 4623 3579 4679 nullo
3606 4610 3780 4695 ofﬁci:

2132 4684 2452 4767 pietotisque
2478 4698 2666 4767 genere
2712 4686 2923 4767 omisso,
2954 4706 3062 4744 non
3082 4700 3266 4767 antea
3288 4684 3591 4767 conquieui,
3613 4684 3781 4767 quam

2130 4750 2335 4831 scholia
2386 4750 2625 4831 quietiam
2660 4750 2967 4831 adjecerint,
2994 4763 3187 4831 quibus
3242 4769 3291 4818 et
3348 4750 3782 4822 emendalibnuni

2132 4828 2450 4909 nostrarum
2471 4828 2631 4909 iratio-
2648 4828 2885 4909 affertur
2921 4836 2973 4886 et
3000 4828 3324 4909 difﬁciliora
3366 4837 3481 4909 loca
3508 4855 3665 4908 quam
3691 4838 3783 4909 fa-

2132 4893 2724 4978 cillimeexplicantur.
2752 4900 2889 4978 _t_loc_
2910 4893 3095 4978 autern
3124 4907 3393 4978 quidquid
3434 4893 3637 4965 laboris
3674 4893 3777 4972 est.

2131 4964 2273 5035 quod
2307 4964 2657 5051 libentissime
2682 4970 2825 5051 vobis
2841 4964 3172 5051 dedicatum
3192 4984 3243 5051 et
3266 4964 3428 5049 ‘gravi
3451 4981 3628 5035 animi
3651 4964 3781 5051 ergo

2129 5042 2489 5123 consecratum
2512 5041 2649 5105 volo,
2668 5041 2850 5097 alacri
2878 5044 3031 5123 vultu
3053 5041 3301 5120 accipite,
3326 5068 3386 5106 ac
3410 5052 3468 5107 si
3482 5041 3779 5123 probatur,

2130 5107 2287 5171 edite,
2314 5109 2516 5179 meique
2542 5127 2798 5166 memores
2826 5115 3022 5171 valete.

2200 5180 2277 5247 (ε)
2318 5180 2606 5236 Fabricius
2628 5182 2681 5237 in
2712 5183 2854 5238 Bibl.
2890 5186 2963 5240 M.
2997 5191 3053 5243 et
3082 5190 3193 5245 Inf.
3232 5191 3353 5246 Lat.

2171 5250 2272 5329 .(d)
2306 5251 2458 5305 Neve
2488 5252 2691 5322 aliquis
2739 5259 2897 5329 putet
2937 5258 3302 5321 Quesnellum
3334 5264 3612 5321 editiones
3642 5267 3783 5321 Leo-

2127 5325 2489 5419 operum
2510 5339 2654 5419 1|oum
2685 5325 3065 5419 “editionibus”
3099 5334 3241 5419 P‘etri
3280 5334 3609 5419 Clir‘ysologi
3663 5354 3782 5419 una

2124 5407 2254 5476 cum
2296 5394 2479 5476 Leone
2508 5394 2579 5447 M.
2614 5395 2889 5467 evulgatis
2927 5402 3287 5476 confudisse;
3334 5394 3509 5462 etiam
3554 5394 3613 5463 in
3666 5409 3777 5476 his,

2125 5466 2403 5551 quotquot
2460 5482 2587 5519 eam
2646 5466 3140 5551 repraesentarent,
3189 5466 3474 5548 integrum
3515 5466 3777 5551 epistolm

2125 5534 2450 5605 exemplum
2481 5553 2595 5592 non
2628 5534 2823 5595 deesse
2854 5534 3174 5601 monemus.
