  <div class='ocr_page' id='page_1' title='image "/cluster/home/n/w/nwhite01/storage/ocr_20150623/52/hvd.32044054758628/046.png"; bbox 0 0 4020 6206; ppageno 0'>
   <div class='ocr_carea' id='block_1_1' title="bbox 218 260 1855 354">
    <p class='ocr_par' dir='ltr' id='par_1_1' title="bbox 218 260 1855 327">
     <span class='ocr_line' id='line_1_1' title="bbox 218 260 1855 327; baseline 0.005 -9"><span class='ocrx_word' id='word_1_1' title='bbox 218 263 321 319; x_wconf 80' lang='grc'>-81</span> <span class='ocrx_word' id='word_1_2' title='bbox 651 260 1209 324; x_wconf 73' lang='grc' dir='ltr'>ΞΟΗίῈΝΕΜΑΝΝΙ</span> <span class='ocrx_word' id='word_1_3' title='bbox 1253 266 1547 327; x_wconf 86' lang='lat' dir='ltr'><strong>NOTITIA</strong></span> <span class='ocrx_word' id='word_1_4' title='bbox 1590 265 1664 326; x_wconf 85' lang='lat' dir='ltr'>IN</span> <span class='ocrx_word' id='word_1_5' title='bbox 1708 266 1855 327; x_wconf 82' lang='grc' dir='ltr'>ΟΜΜ</span> 
     </span>
    </p>
   </div>
   <div class='ocr_carea' id='block_1_2' title="bbox 1984 260 3666 354">
    <p class='ocr_par' dir='ltr' id='par_1_2' title="bbox 2002 270 3666 354">
     <span class='ocr_line' id='line_1_2' title="bbox 2002 270 3666 354; baseline 0.015 -25"><span class='ocrx_word' id='word_1_6' title='bbox 2002 270 2383 335; x_wconf 85' lang='lat' dir='ltr'>EDITIONES</span> <span class='ocrx_word' id='word_1_7' title='bbox 2426 278 2487 339; x_wconf 89' lang='lat' dir='ltr'>S.</span> <span class='ocrx_word' id='word_1_8' title='bbox 2534 279 2745 338; x_wconf 84' lang='lat' dir='ltr'>PETRI</span> <span class='ocrx_word' id='word_1_9' title='bbox 2788 279 3261 346; x_wconf 84' lang='lat' dir='ltr'>CHRYSOLOGI.</span> <span class='ocrx_word' id='word_1_10' title='bbox 3590 295 3666 354; x_wconf 74' lang='lat'>82</span> 
     </span>
    </p>
   </div>
   <div class='ocr_carea' id='block_1_3' title="bbox 235 389 3665 482">
    <p class='ocr_par' dir='ltr' id='par_1_3' title="bbox 235 389 3665 482">
     <span class='ocr_line' id='line_1_3' title="bbox 235 389 3665 482; baseline 0.01 -38"><span class='ocrx_word' id='word_1_11' title='bbox 235 390 401 482; x_wconf 74' lang='lat' dir='ltr'>tardi</span> <span class='ocrx_word' id='word_1_12' title='bbox 423 389 619 447; x_wconf 71' lang='lat' dir='ltr'>Vossni</span> <span class='ocrx_word' id='word_1_13' title='bbox 638 391 895 482; x_wconf 85' lang='lat' dir='ltr'>editione</span> <span class='ocrx_word' id='word_1_14' title='bbox 912 393 1160 451; x_wconf 89' lang='lat' dir='ltr'>demum</span> <span class='ocrx_word' id='word_1_15' title='bbox 1171 411 1304 452; x_wconf 91' lang='lat' dir='ltr'>esse</span> <span class='ocrx_word' id='word_1_16' title='bbox 1318 398 1900 469; x_wconf 83' lang='lat' dir='ltr'>profectam.Etenim</span> <span class='ocrx_word' id='word_1_17' title='bbox 1932 403 1981 462; x_wconf 82' lang='lat' dir='ltr'><strong>A</strong></span> <span class='ocrx_word' id='word_1_18' title='bbox 2088 406 2504 465; x_wconf 77' lang='lat' dir='ltr'>1579.Coloniee</span> <span class='ocrx_word' id='word_1_19' title='bbox 2516 410 2884 480; x_wconf 66' lang='lat' dir='ltr'>Agrippinae,</span> <span class='ocrx_word' id='word_1_20' title='bbox 2908 413 3075 482; x_wconf 85' lang='lat' dir='ltr'>apud</span> <span class='ocrx_word' id='word_1_21' title='bbox 3084 414 3173 470; x_wconf 83' lang='lat' dir='ltr'>Jo.</span> <span class='ocrx_word' id='word_1_22' title='bbox 3190 416 3478 476; x_wconf 76' lang='lat' dir='ltr'>(Jarolum</span> <span class='ocrx_word' id='word_1_23' title='bbox 3495 420 3665 478; x_wconf 74' lang='lat' dir='ltr'>Mun-</span> 
     </span>
    </p>
   </div>
   <div class='ocr_carea' id='block_1_4' title="bbox 234 478 1901 555">
    <p class='ocr_par' dir='ltr' id='par_1_4' title="bbox 234 478 1901 555">
     <span class='ocr_line' id='line_1_4' title="bbox 234 478 1901 555; baseline 0.007 -22"><span class='ocrx_word' id='word_1_24' title='bbox 234 478 471 535; x_wconf 89' lang='lat' dir='ltr'>dudum</span> <span class='ocrx_word' id='word_1_25' title='bbox 494 484 633 537; x_wconf 89' lang='lat' dir='ltr'>ante</span> <span class='ocrx_word' id='word_1_26' title='bbox 653 480 886 552; x_wconf 87' lang='lat' dir='ltr'>integra</span> <span class='ocrx_word' id='word_1_27' title='bbox 909 483 1107 540; x_wconf 81' lang='lat' dir='ltr'>Latine</span> <span class='ocrx_word' id='word_1_28' title='bbox 1124 484 1433 555; x_wconf 86' lang='lat' dir='ltr'>legebatur</span> <span class='ocrx_word' id='word_1_29' title='bbox 1448 487 1509 544; x_wconf 93' lang='lat' dir='ltr'>in</span> <span class='ocrx_word' id='word_1_30' title='bbox 1531 488 1687 545; x_wconf 78' lang='lat' dir='ltr'>Actis</span> <span class='ocrx_word' id='word_1_31' title='bbox 1706 488 1901 546; x_wconf 89' lang='lat' dir='ltr'>conci-</span> 
     </span>
    </p>
   </div>
   <div class='ocr_carea' id='block_1_5' title="bbox 233 567 1897 644">
    <p class='ocr_par' dir='ltr' id='par_1_5' title="bbox 233 567 1897 644">
     <span class='ocr_line' id='line_1_5' title="bbox 233 567 1897 644; baseline 0.007 -21"><span class='ocrx_word' id='word_1_32' title='bbox 233 567 291 623; x_wconf 87' lang='lat' dir='ltr'>lii</span> <span class='ocrx_word' id='word_1_33' title='bbox 316 568 845 639; x_wconf 80' lang='lat' dir='ltr'>Chalcedonensis,</span> <span class='ocrx_word' id='word_1_34' title='bbox 876 587 1010 643; x_wconf 68' lang='lat' dir='ltr'>quae</span> <span class='ocrx_word' id='word_1_35' title='bbox 1033 573 1162 644; x_wconf 90' lang='lat' dir='ltr'>ipse</span> <span class='ocrx_word' id='word_1_36' title='bbox 1186 577 1423 632; x_wconf 86' lang='lat' dir='ltr'>Vossius</span> <span class='ocrx_word' id='word_1_37' title='bbox 1443 576 1669 634; x_wconf 88' lang='lat' dir='ltr'>laudat.</span> <span class='ocrx_word' id='word_1_38' title='bbox 1692 578 1897 635; x_wconf 88' lang='lat' dir='ltr'>Dicen-</span> 
     </span>
    </p>
   </div>
   <div class='ocr_carea' id='block_1_6' title="bbox 2010 492 3665 581">
    <p class='ocr_par' dir='ltr' id='par_1_6' title="bbox 2010 492 3665 581">
     <span class='ocr_line' id='line_1_6' title="bbox 2010 492 3665 581; baseline 0.013 -35"><span class='ocrx_word' id='word_1_39' title='bbox 2010 492 2182 549; x_wconf 81' lang='lat' dir='ltr'>nicli:</span> <span class='ocrx_word' id='word_1_40' title='bbox 2218 493 2389 554; x_wconf 70' lang='lat' dir='ltr'>in-4°.</span> <span class='ocrx_word' id='word_1_41' title='bbox 2425 496 2608 553; x_wconf 88' lang='lat' dir='ltr'>Editio</span> <span class='ocrx_word' id='word_1_42' title='bbox 2636 499 2992 557; x_wconf 91' lang='lat' dir='ltr'>Sermonum</span> <span class='ocrx_word' id='word_1_43' title='bbox 3030 502 3180 559; x_wconf 87' lang='lat' dir='ltr'>Petri</span> <span class='ocrx_word' id='word_1_44' title='bbox 3232 505 3578 581; x_wconf 87' lang='lat' dir='ltr'>Cbrysologi</span> <span class='ocrx_word' id='word_1_45' title='bbox 3608 515 3665 568; x_wconf 91' lang='lat' dir='ltr'>et</span> 
     </span>
    </p>
   </div>
   <div class='ocr_carea' id='block_1_7' title="bbox 2009 582 3665 669">
    <p class='ocr_par' dir='ltr' id='par_1_7' title="bbox 2009 582 3665 669">
     <span class='ocr_line' id='line_1_7' title="bbox 2009 582 3665 669; baseline 0.011 -32"><span class='ocrx_word' id='word_1_46' title='bbox 2009 582 2238 638; x_wconf 78' lang='lat' dir='ltr'>Maximi</span> <span class='ocrx_word' id='word_1_47' title='bbox 2287 586 2665 642; x_wconf 87' lang='lat' dir='ltr'>Taurinensis</span> <span class='ocrx_word' id='word_1_48' title='bbox 2689 602 2823 658; x_wconf 72' lang='lat' dir='ltr'>quis</span> <span class='ocrx_word' id='word_1_49' title='bbox 2868 589 3027 646; x_wconf 86' lang='lat' dir='ltr'>hunc</span> <span class='ocrx_word' id='word_1_50' title='bbox 3066 607 3296 650; x_wconf 89' lang='lat' dir='ltr'>annum</span> <span class='ocrx_word' id='word_1_51' title='bbox 3340 610 3665 669; x_wconf 86' lang='lat' dir='ltr'>operarum</span> 
     </span>
    </p>
   </div>
   <div class='ocr_carea' id='block_1_8' title="bbox 234 656 3661 748">
    <p class='ocr_par' dir='ltr' id='par_1_8' title="bbox 234 656 3661 748">
     <span class='ocr_line' id='line_1_8' title="bbox 234 656 3661 748; baseline 0.01 -38"><span class='ocrx_word' id='word_1_52' title='bbox 234 656 379 748; x_wconf 82' lang='lat' dir='ltr'>dum</span> <span class='ocrx_word' id='word_1_53' title='bbox 410 658 635 729; x_wconf 79' lang='lat' dir='ltr'>potius,</span> <span class='ocrx_word' id='word_1_54' title='bbox 658 659 720 715; x_wconf 92' lang='lat' dir='ltr'>in</span> <span class='ocrx_word' id='word_1_55' title='bbox 738 660 1098 732; x_wconf 89' lang='lat' dir='ltr'>quibusdam</span> <span class='ocrx_word' id='word_1_56' title='bbox 1126 679 1269 719; x_wconf 88' lang='lat' dir='ltr'>mss.</span> <span class='ocrx_word' id='word_1_57' title='bbox 1299 665 1896 739; x_wconf 88' lang='lat' dir='ltr'>codicibus,quorum</span> <span class='ocrx_word' id='word_1_58' title='bbox 2008 670 2220 728; x_wconf 86' lang='lat' dir='ltr'>vitioin</span> <span class='ocrx_word' id='word_1_59' title='bbox 2241 672 2410 730; x_wconf 83' lang='lat' dir='ltr'>titulo</span> <span class='ocrx_word' id='word_1_60' title='bbox 2422 675 2674 745; x_wconf 91' lang='lat' dir='ltr'>gerit,ad</span> <span class='ocrx_word' id='word_1_61' title='bbox 2694 656 2954 748; x_wconf 75' lang='lat' dir='ltr'>sequens</span> <span class='ocrx_word' id='word_1_62' title='bbox 2970 681 3247 737; x_wconf 64' lang='lat' dir='ltr'>saeculum</span> <span class='ocrx_word' id='word_1_63' title='bbox 3264 656 3465 743; x_wconf 69' lang='lat' dir='ltr'>referri</span> <span class='ocrx_word' id='word_1_64' title='bbox 3478 686 3661 745; x_wconf 83' lang='lat' dir='ltr'>debet.</span> 
     </span>
    </p>
   </div>
   <div class='ocr_carea' id='block_1_9' title="bbox 235 744 1896 828">
    <p class='ocr_par' dir='ltr' id='par_1_9' title="bbox 235 744 1896 828">
     <span class='ocr_line' id='line_1_9' title="bbox 235 744 1896 828; baseline 0.007 -27"><span class='ocrx_word' id='word_1_65' title='bbox 235 744 431 802; x_wconf 78' lang='lat' dir='ltr'>fontes</span> <span class='ocrx_word' id='word_1_66' title='bbox 467 752 878 805; x_wconf 89' lang='lat' dir='ltr'>monstrarunt</span> <span class='ocrx_word' id='word_1_67' title='bbox 896 749 1210 818; x_wconf 82' lang='lat' dir='ltr'>Ballerinii,</span> <span class='ocrx_word' id='word_1_68' title='bbox 1240 753 1489 810; x_wconf 89' lang='lat' dir='ltr'>inveniri</span> <span class='ocrx_word' id='word_1_69' title='bbox 1503 754 1660 812; x_wconf 91' lang='lat' dir='ltr'>hanc</span> <span class='ocrx_word' id='word_1_70' title='bbox 1678 755 1896 828; x_wconf 58' lang='lat' dir='ltr'>epistoc</span> 
     </span>
    </p>
   </div>
   <div class='ocr_carea' id='block_1_10' title="bbox 231 833 1892 912">
    <p class='ocr_par' dir='ltr' id='par_1_10' title="bbox 231 833 1892 912">
     <span class='ocr_line' id='line_1_10' title="bbox 231 833 1892 912; baseline 0.004 -21"><span class='ocrx_word' id='word_1_71' title='bbox 231 833 353 891; x_wconf 86' lang='lat' dir='ltr'>lam</span> <span class='ocrx_word' id='word_1_72' title='bbox 374 834 634 892; x_wconf 89' lang='lat' dir='ltr'>dimidio</span> <span class='ocrx_word' id='word_1_73' title='bbox 652 835 995 895; x_wconf 79' lang='lat' dir='ltr'>breviorem</span> <span class='ocrx_word' id='word_1_74' title='bbox 1013 844 1068 896; x_wconf 93' lang='lat' dir='ltr'>et</span> <span class='ocrx_word' id='word_1_75' title='bbox 1085 840 1279 912; x_wconf 80' lang='lat' dir='ltr'>capite</span> <span class='ocrx_word' id='word_1_76' title='bbox 1300 844 1561 899; x_wconf 91' lang='lat' dir='ltr'>secundo</span> <span class='ocrx_word' id='word_1_77' title='bbox 1578 860 1615 902; x_wconf 90' lang='lat' dir='ltr'>a</span> <span class='ocrx_word' id='word_1_78' title='bbox 1632 843 1892 902; x_wconf 87' lang='lat' dir='ltr'>laudatis</span> 
     </span>
    </p>
   </div>
   <div class='ocr_carea' id='block_1_11' title="bbox 2078 760 3657 844">
    <p class='ocr_par' dir='ltr' id='par_1_11' title="bbox 2078 760 3657 844">
     <span class='ocr_line' id='line_1_11' title="bbox 2078 760 3657 844; baseline 0.013 -31"><span class='ocrx_word' id='word_1_79' title='bbox 2078 760 2232 818; x_wconf 76' lang='grc'><strong>1585.</strong></span> <span class='ocrx_word' id='word_1_80' title='bbox 2264 762 2534 828; x_wconf 85' lang='lat' dir='ltr'>Parisiis,</span> <span class='ocrx_word' id='word_1_81' title='bbox 2583 765 2744 833; x_wconf 87' lang='lat' dir='ltr'>apud</span> <span class='ocrx_word' id='word_1_82' title='bbox 2800 765 3046 823; x_wconf 84' lang='lat' dir='ltr'>Hieron.</span> <span class='ocrx_word' id='word_1_83' title='bbox 3080 769 3145 826; x_wconf 78' lang='lat' dir='ltr'>de</span> <span class='ocrx_word' id='word_1_84' title='bbox 3171 770 3424 844; x_wconf 80' lang='lat' dir='ltr'>Marne/</span> <span class='ocrx_word' id='word_1_85' title='bbox 3444 791 3457 842; x_wconf 89' lang='lat'><strong>;</strong></span> <span class='ocrx_word' id='word_1_86' title='bbox 3486 778 3657 833; x_wconf 67' lang='grc' dir='ltr'>ἐπι-8ο.</span> 
     </span>
    </p>
   </div>
   <div class='ocr_carea' id='block_1_12' title="bbox 2004 846 3661 936">
    <p class='ocr_par' dir='ltr' id='par_1_12' title="bbox 2004 846 3661 936">
     <span class='ocr_line' id='line_1_12' title="bbox 2004 846 3661 936; baseline 0.01 -33"><span class='ocrx_word' id='word_1_87' title='bbox 2004 846 2068 903; x_wconf 93' lang='lat' dir='ltr'>D.</span> <span class='ocrx_word' id='word_1_88' title='bbox 2104 849 2250 906; x_wconf 89' lang='lat' dir='ltr'>Petri</span> <span class='ocrx_word' id='word_1_89' title='bbox 2272 850 2619 923; x_wconf 87' lang='lat' dir='ltr'>Cbrysologi</span> <span class='ocrx_word' id='word_1_90' title='bbox 2659 852 3091 928; x_wconf 85' lang='lat' dir='ltr'>archiepiscopi</span> <span class='ocrx_word' id='word_1_91' title='bbox 3121 860 3482 918; x_wconf 83' lang='lat' dir='ltr'>Ravennatis</span> <span class='ocrx_word' id='word_1_92' title='bbox 3506 879 3661 936; x_wconf 88' lang='lat' dir='ltr'>opus</span> 
     </span>
    </p>
   </div>
   <div class='ocr_carea' id='block_1_13' title="bbox 232 924 3313 1021">
    <p class='ocr_par' dir='ltr' id='par_1_13' title="bbox 232 924 3313 1021">
     <span class='ocr_line' id='line_1_13' title="bbox 232 924 3313 1021; baseline 0.008 -42"><span class='ocrx_word' id='word_1_93' title='bbox 232 924 430 1021; x_wconf 83' lang='lat' dir='ltr'>verbis</span> <span class='ocrx_word' id='word_1_94' title='bbox 462 930 766 1021; x_wconf 68' lang='lat' dir='ltr'>carentem</span> <span class='ocrx_word' id='word_1_95' title='bbox 792 944 815 1021; x_wconf 66' lang='lat'><strong>;_</strong></span> <span class='ocrx_word' id='word_1_96' title='bbox 839 927 945 1021; x_wconf 83' lang='lat' dir='ltr'>sed</span> <span class='ocrx_word' id='word_1_97' title='bbox 991 928 1290 1021; x_wconf 88' lang='lat' dir='ltr'>editorum</span> <span class='ocrx_word' id='word_1_98' title='bbox 1340 935 1528 988; x_wconf 81' lang='lat' dir='ltr'>textus</span> <span class='ocrx_word' id='word_1_99' title='bbox 1576 933 1781 991; x_wconf 81' lang='lat' dir='ltr'>sanior</span> <span class='ocrx_word' id='word_1_100' title='bbox 1818 949 1889 991; x_wconf 80' lang='lat' dir='ltr'>ex</span> <span class='ocrx_word' id='word_1_101' title='bbox 1999 937 2389 996; x_wconf 83' lang='lat' dir='ltr'>Homiliarum</span> <span class='ocrx_word' id='word_1_102' title='bbox 2418 957 2578 998; x_wconf 88' lang='lat' dir='ltr'>nunc</span> <span class='ocrx_word' id='word_1_103' title='bbox 2613 924 2881 1011; x_wconf 72' lang='lat' dir='ltr'>primum</span> <span class='ocrx_word' id='word_1_104' title='bbox 2907 924 3129 1003; x_wconf 75' lang='lat' dir='ltr'>editum</span> <span class='ocrx_word' id='word_1_105' title='bbox 3154 948 3313 1021; x_wconf 88' lang='lat' dir='ltr'>(sic).</span> 
     </span>
    </p>
   </div>
   <div class='ocr_carea' id='block_1_14' title="bbox 230 1014 1506 1092">
    <p class='ocr_par' dir='ltr' id='par_1_14' title="bbox 230 1014 1506 1092">
     <span class='ocr_line' id='line_1_14' title="bbox 230 1014 1506 1092; baseline 0.005 -23"><span class='ocrx_word' id='word_1_106' title='bbox 230 1014 375 1070; x_wconf 82' lang='lat' dir='ltr'>actis</span> <span class='ocrx_word' id='word_1_107' title='bbox 407 1014 646 1071; x_wconf 90' lang='lat' dir='ltr'>concilii</span> <span class='ocrx_word' id='word_1_108' title='bbox 673 1015 1175 1074; x_wconf 82' lang='lat' dir='ltr'>Chalcedonensis</span> <span class='ocrx_word' id='word_1_109' title='bbox 1205 1018 1506 1092; x_wconf 83' lang='lat' dir='ltr'>proﬂuxit.</span> 
     </span>
    </p>
   </div>
   <div class='ocr_carea' id='block_1_15' title="bbox 898 1165 1271 1208">
    <p class='ocr_par' dir='ltr' id='par_1_15' title="bbox 898 1165 1271 1208">
     <span class='ocr_line' id='line_1_15' title="bbox 898 1165 1271 1208; baseline 0.011 -5"><span class='ocrx_word' id='word_1_110' title='bbox 898 1165 1115 1207; x_wconf 70' lang='lat' dir='ltr'>SBCULO</span> <span class='ocrx_word' id='word_1_111' title='bbox 1154 1167 1271 1208; x_wconf 73' lang='lat' dir='ltr'>XV].</span> 
     </span>
    </p>
   </div>
   <div class='ocr_carea' id='block_1_16' title="bbox 299 1282 1878 1359">
    <p class='ocr_par' dir='ltr' id='par_1_16' title="bbox 299 1282 1878 1359">
     <span class='ocr_line' id='line_1_16' title="bbox 299 1282 1878 1359; baseline 0.006 -24"><span class='ocrx_word' id='word_1_112' title='bbox 299 1284 457 1337; x_wconf 74' lang='grc'><strong>1534.</strong></span> <span class='ocrx_word' id='word_1_113' title='bbox 492 1282 770 1348; x_wconf 76' lang='lat' dir='ltr'>Bononiae,</span> <span class='ocrx_word' id='word_1_114' title='bbox 794 1297 866 1339; x_wconf 75' lang='lat' dir='ltr'>ex</span> <span class='ocrx_word' id='word_1_115' title='bbox 894 1285 1263 1355; x_wconf 75' lang='lat' dir='ltr'>typographia</span> <span class='ocrx_word' id='word_1_116' title='bbox 1303 1286 1395 1343; x_wconf 87' lang='lat' dir='ltr'>Jo.</span> <span class='ocrx_word' id='word_1_117' title='bbox 1433 1286 1596 1359; x_wconf 86' lang='lat' dir='ltr'>Bapt.</span> <span class='ocrx_word' id='word_1_118' title='bbox 1628 1287 1878 1356; x_wconf 77' lang='lat' dir='ltr'>Phaelli;</span> 
     </span>
    </p>
   </div>
   <div class='ocr_carea' id='block_1_17' title="bbox 219 1370 1526 1444">
    <p class='ocr_par' dir='ltr' id='par_1_17' title="bbox 219 1370 1526 1444">
     <span class='ocr_line' id='line_1_17' title="bbox 219 1370 1526 1444; baseline 0.004 -18"><span class='ocrx_word' id='word_1_119' title='bbox 219 1370 389 1426; x_wconf 62' lang='lat' dir='ltr'>iunia.</span> <span class='ocrx_word' id='word_1_120' title='bbox 420 1371 478 1425; x_wconf 91' lang='lat' dir='ltr'>S.</span> <span class='ocrx_word' id='word_1_121' title='bbox 515 1371 665 1427; x_wconf 87' lang='lat' dir='ltr'>Petri</span> <span class='ocrx_word' id='word_1_122' title='bbox 699 1372 1051 1444; x_wconf 86' lang='lat' dir='ltr'>Chrysologi</span> <span class='ocrx_word' id='word_1_123' title='bbox 1084 1374 1526 1434; x_wconf 88' lang='lat' dir='ltr'>Sermones.....</span> 
     </span>
    </p>
   </div>
   <div class='ocr_carea' id='block_1_18' title="bbox 286 1458 1877 1532">
    <p class='ocr_par' dir='ltr' id='par_1_18' title="bbox 286 1458 1877 1532">
     <span class='ocr_line' id='line_1_18' title="bbox 286 1458 1877 1532; baseline 0.006 -17"><span class='ocrx_word' id='word_1_124' title='bbox 286 1458 498 1516; x_wconf 86' lang='lat' dir='ltr'>Editor</span> <span class='ocrx_word' id='word_1_125' title='bbox 530 1460 900 1532; x_wconf 77' lang='lat' dir='ltr'>P.Agapi1us</span> <span class='ocrx_word' id='word_1_126' title='bbox 948 1462 1284 1518; x_wconf 88' lang='lat' dir='ltr'>Vicentinus</span> <span class='ocrx_word' id='word_1_127' title='bbox 1333 1464 1558 1523; x_wconf 89' lang='lat' dir='ltr'>Canon.</span> <span class='ocrx_word' id='word_1_128' title='bbox 1610 1467 1877 1524; x_wconf 85' lang='lat' dir='ltr'>Lateran.</span> 
     </span>
    </p>
   </div>
   <div class='ocr_carea' id='block_1_19' title="bbox 214 1548 1881 1621">
    <p class='ocr_par' dir='ltr' id='par_1_19' title="bbox 214 1548 1881 1621">
     <span class='ocr_line' id='line_1_19' title="bbox 214 1548 1881 1621; baseline 0.005 -17"><span class='ocrx_word' id='word_1_129' title='bbox 214 1548 413 1604; x_wconf 88' lang='lat' dir='ltr'>ordin.</span> <span class='ocrx_word' id='word_1_130' title='bbox 444 1552 644 1605; x_wconf 86' lang='lat' dir='ltr'>rector</span> <span class='ocrx_word' id='word_1_131' title='bbox 669 1550 968 1621; x_wconf 89' lang='lat' dir='ltr'>inscripsit</span> <span class='ocrx_word' id='word_1_132' title='bbox 1015 1553 1192 1608; x_wconf 88' lang='lat' dir='ltr'>hosce</span> <span class='ocrx_word' id='word_1_133' title='bbox 1239 1568 1548 1610; x_wconf 85' lang='lat' dir='ltr'>sermones</span> <span class='ocrx_word' id='word_1_134' title='bbox 1592 1554 1881 1613; x_wconf 89' lang='lat' dir='ltr'>cardinali</span> 
     </span>
    </p>
   </div>
   <div class='ocr_carea' id='block_1_20' title="bbox 215 1638 1880 1715">
    <p class='ocr_par' dir='ltr' id='par_1_20' title="bbox 215 1638 1880 1715">
     <span class='ocr_line' id='line_1_20' title="bbox 215 1638 1880 1715; baseline 0.005 -21"><span class='ocrx_word' id='word_1_135' title='bbox 215 1638 448 1694; x_wconf 80' lang='lat' dir='ltr'>Herculi</span> <span class='ocrx_word' id='word_1_136' title='bbox 480 1640 798 1708; x_wconf 83' lang='lat' dir='ltr'>Gonzagae,</span> <span class='ocrx_word' id='word_1_137' title='bbox 840 1639 1029 1711; x_wconf 89' lang='lat' dir='ltr'>deque</span> <span class='ocrx_word' id='word_1_138' title='bbox 1056 1657 1167 1697; x_wconf 92' lang='lat' dir='ltr'>sua</span> <span class='ocrx_word' id='word_1_139' title='bbox 1195 1641 1257 1698; x_wconf 91' lang='lat' dir='ltr'>in</span> <span class='ocrx_word' id='word_1_140' title='bbox 1286 1641 1520 1700; x_wconf 91' lang='lat' dir='ltr'>edendo</span> <span class='ocrx_word' id='word_1_141' title='bbox 1550 1660 1737 1715; x_wconf 88' lang='lat' dir='ltr'>opera</span> <span class='ocrx_word' id='word_1_142' title='bbox 1752 1645 1880 1702; x_wconf 65' lang='lat' dir='ltr'>haec</span> 
     </span>
    </p>
   </div>
   <div class='ocr_carea' id='block_1_21' title="bbox 212 1725 1957 1826">
    <p class='ocr_par' dir='ltr' id='par_1_21' title="bbox 212 1725 1957 1826">
     <span class='ocr_line' id='line_1_21' title="bbox 212 1725 1957 1826; baseline 0.004 -44"><span class='ocrx_word' id='word_1_143' title='bbox 212 1725 502 1800; x_wconf 65' lang='lat' dir='ltr'>praefatus</span> <span class='ocrx_word' id='word_1_144' title='bbox 544 1732 633 1782; x_wconf 88' lang='lat' dir='ltr'>est</span> <span class='ocrx_word' id='word_1_145' title='bbox 672 1742 687 1782; x_wconf 86' lang='lat'><strong>:</strong></span> <span class='ocrx_word' id='word_1_146' title='bbox 735 1728 876 1786; x_wconf 86' lang='lat' dir='ltr'>Cum</span> <span class='ocrx_word' id='word_1_147' title='bbox 899 1728 1040 1783; x_wconf 85' lang='lat' dir='ltr'>mihi</span> <span class='ocrx_word' id='word_1_148' title='bbox 1084 1730 1417 1785; x_wconf 71' lang='lat' dir='ltr'>sanctissimi</span> <span class='ocrx_word' id='word_1_149' title='bbox 1437 1732 1650 1802; x_wconf 84' lang='lat' dir='ltr'>pariter</span> <span class='ocrx_word' id='word_1_150' title='bbox 1683 1749 1749 1788; x_wconf 90' lang='lat' dir='ltr'>ac</span> <span class='ocrx_word' id='word_1_151' title='bbox 1773 1735 1879 1789; x_wconf 82' lang='lat' dir='ltr'>elo-</span> <span class='ocrx_word' id='word_1_152' title='bbox 1912 1768 1957 1826; x_wconf 79' lang='grc' dir='ltr'><strong>Β</strong></span> 
     </span>
    </p>
   </div>
   <div class='ocr_carea' id='block_1_22' title="bbox 210 1816 1875 1894">
    <p class='ocr_par' dir='ltr' id='par_1_22' title="bbox 210 1816 1875 1894">
     <span class='ocr_line' id='line_1_22' title="bbox 210 1816 1875 1894; baseline 0.005 -23"><span class='ocrx_word' id='word_1_153' title='bbox 210 1816 571 1889; x_wconf 83' lang='lat' dir='ltr'>quentissimi</span> <span class='ocrx_word' id='word_1_154' title='bbox 592 1817 710 1870; x_wconf 85' lang='lat' dir='ltr'>viri</span> <span class='ocrx_word' id='word_1_155' title='bbox 732 1817 899 1883; x_wconf 14' lang='lat' dir='ltr'>{Petri</span> <span class='ocrx_word' id='word_1_156' title='bbox 930 1817 1254 1890; x_wconf 76' lang='lat' dir='ltr'>Cbrysologi</span> <span class='ocrx_word' id='word_1_157' title='bbox 1281 1820 1612 1876; x_wconf 86' lang='lat' dir='ltr'>Ravennatis</span> <span class='ocrx_word' id='word_1_158' title='bbox 1640 1824 1875 1894; x_wconf 87' lang='lat' dir='ltr'>episcopi</span> 
     </span>
    </p>
   </div>
   <div class='ocr_carea' id='block_1_23' title="bbox 212 1906 1876 1984">
    <p class='ocr_par' dir='ltr' id='par_1_23' title="bbox 212 1906 1876 1984">
     <span class='ocr_line' id='line_1_23' title="bbox 212 1906 1876 1984; baseline 0.005 -24"><span class='ocrx_word' id='word_1_159' title='bbox 212 1906 500 1961; x_wconf 79' lang='lat' dir='ltr'>Sermones</span> <span class='ocrx_word' id='word_1_160' title='bbox 532 1922 692 1976; x_wconf 88' lang='lat' dir='ltr'>quam</span> <span class='ocrx_word' id='word_1_161' title='bbox 728 1906 985 1977; x_wconf 75' lang='lat' dir='ltr'>plurimi,</span> <span class='ocrx_word' id='word_1_162' title='bbox 1022 1909 1171 1961; x_wconf 86' lang='lat' dir='ltr'>omni</span> <span class='ocrx_word' id='word_1_163' title='bbox 1198 1914 1339 1963; x_wconf 88' lang='lat' dir='ltr'>certe</span> <span class='ocrx_word' id='word_1_164' title='bbox 1358 1925 1525 1975; x_wconf 86' lang='lat' dir='ltr'>auro,</span> <span class='ocrx_word' id='word_1_165' title='bbox 1552 1911 1876 1984; x_wconf 82' lang='lat' dir='ltr'>gemmisque</span> 
     </span>
    </p>
   </div>
   <div class='ocr_carea' id='block_1_24' title="bbox 207 1994 1876 2068">
    <p class='ocr_par' dir='ltr' id='par_1_24' title="bbox 207 1994 1876 2068">
     <span class='ocr_line' id='line_1_24' title="bbox 207 1994 1876 2068; baseline 0.005 -20"><span class='ocrx_word' id='word_1_166' title='bbox 207 1994 560 2065; x_wconf 82' lang='lat' dir='ltr'>pretiosiores</span> <span class='ocrx_word' id='word_1_167' title='bbox 584 1996 643 2049; x_wconf 88' lang='lat' dir='ltr'>in</span> <span class='ocrx_word' id='word_1_168' title='bbox 660 2010 853 2050; x_wconf 89' lang='lat' dir='ltr'>manus</span> <span class='ocrx_word' id='word_1_169' title='bbox 878 1997 1148 2061; x_wconf 75' lang='lat' dir='ltr'>venerint,</span> <span class='ocrx_word' id='word_1_170' title='bbox 1175 2014 1280 2051; x_wconf 85' lang='lat' dir='ltr'>non</span> <span class='ocrx_word' id='word_1_171' title='bbox 1302 1998 1512 2068; x_wconf 86' lang='lat' dir='ltr'>injuria</span> <span class='ocrx_word' id='word_1_172' title='bbox 1531 1999 1595 2055; x_wconf 86' lang='lat' dir='ltr'>in</span> <span class='ocrx_word' id='word_1_173' title='bbox 1623 2002 1876 2056; x_wconf 72' lang='lat' dir='ltr'>avaritia:</span> 
     </span>
    </p>
   </div>
   <div class='ocr_carea' id='block_1_25' title="bbox 210 2082 1872 2155">
    <p class='ocr_par' dir='ltr' id='par_1_25' title="bbox 210 2082 1872 2155">
     <span class='ocr_line' id='line_1_25' title="bbox 210 2082 1872 2155; baseline 0.004 -17"><span class='ocrx_word' id='word_1_174' title='bbox 210 2084 419 2139; x_wconf 85' lang='lat' dir='ltr'>crimen</span> <span class='ocrx_word' id='word_1_175' title='bbox 444 2082 723 2140; x_wconf 77' lang='lat' dir='ltr'>vocandus</span> <span class='ocrx_word' id='word_1_176' title='bbox 754 2083 1061 2155; x_wconf 83' lang='lat' dir='ltr'>judicarer,</span> <span class='ocrx_word' id='word_1_177' title='bbox 1094 2087 1145 2140; x_wconf 89' lang='lat' dir='ltr'>si</span> <span class='ocrx_word' id='word_1_178' title='bbox 1173 2092 1268 2140; x_wconf 86' lang='lat' dir='ltr'>aut</span> <span class='ocrx_word' id='word_1_179' title='bbox 1297 2085 1508 2142; x_wconf 79' lang='lat' dir='ltr'>diutius</span> <span class='ocrx_word' id='word_1_180' title='bbox 1543 2087 1872 2145; x_wconf 86' lang='lat' dir='ltr'>clarissimis</span> 
     </span>
    </p>
   </div>
   <div class='ocr_carea' id='block_1_26' title="bbox 208 2171 1872 2243">
    <p class='ocr_par' dir='ltr' id='par_1_26' title="bbox 208 2171 1872 2243">
     <span class='ocr_line' id='line_1_26' title="bbox 208 2171 1872 2243; baseline 0.005 -17"><span class='ocrx_word' id='word_1_181' title='bbox 208 2172 365 2227; x_wconf 83' lang='lat' dir='ltr'>rebus</span> <span class='ocrx_word' id='word_1_182' title='bbox 382 2171 641 2227; x_wconf 87' lang='lat' dir='ltr'>tenebras</span> <span class='ocrx_word' id='word_1_183' title='bbox 663 2172 865 2228; x_wconf 88' lang='lat' dir='ltr'>obduci</span> <span class='ocrx_word' id='word_1_184' title='bbox 874 2174 1246 2243; x_wconf 75' lang='lat' dir='ltr'>permitterem</span> <span class='ocrx_word' id='word_1_185' title='bbox 1268 2187 1280 2227; x_wconf 87' lang='lat'>:</span> <span class='ocrx_word' id='word_1_186' title='bbox 1297 2182 1390 2229; x_wconf 87' lang='lat' dir='ltr'>aut</span> <span class='ocrx_word' id='word_1_187' title='bbox 1410 2183 1615 2231; x_wconf 88' lang='lat' dir='ltr'>nostros</span> <span class='ocrx_word' id='word_1_188' title='bbox 1632 2176 1872 2234; x_wconf 84' lang='lat' dir='ltr'>homines</span> 
     </span>
    </p>
   </div>
   <div class='ocr_carea' id='block_1_27' title="bbox 208 2261 1871 2337">
    <p class='ocr_par' dir='ltr' id='par_1_27' title="bbox 208 2261 1871 2337">
     <span class='ocr_line' id='line_1_27' title="bbox 208 2261 1871 2337; baseline 0.005 -23"><span class='ocrx_word' id='word_1_189' title='bbox 208 2268 312 2315; x_wconf 85' lang='lat' dir='ltr'>tam</span> <span class='ocrx_word' id='word_1_190' title='bbox 343 2261 675 2319; x_wconf 68' lang='lat' dir='ltr'>excellentis</span> <span class='ocrx_word' id='word_1_191' title='bbox 722 2263 931 2334; x_wconf 79' lang='lat' dir='ltr'>ingenii</span> <span class='ocrx_word' id='word_1_192' title='bbox 984 2262 1329 2318; x_wconf 87' lang='lat' dir='ltr'>monimentis</span> <span class='ocrx_word' id='word_1_193' title='bbox 1360 2281 1463 2319; x_wconf 87' lang='lat' dir='ltr'>non</span> <span class='ocrx_word' id='word_1_194' title='bbox 1513 2265 1632 2322; x_wconf 88' lang='lat' dir='ltr'>sine</span> <span class='ocrx_word' id='word_1_195' title='bbox 1675 2283 1871 2337; x_wconf 86' lang='lat' dir='ltr'>magno</span> 
     </span>
    </p>
   </div>
   <div class='ocr_carea' id='block_1_28' title="bbox 206 2350 1871 2425">
    <p class='ocr_par' dir='ltr' id='par_1_28' title="bbox 206 2350 1871 2425">
     <span class='ocr_line' id='line_1_28' title="bbox 206 2350 1871 2425; baseline 0.002 -18"><span class='ocrx_word' id='word_1_196' title='bbox 206 2366 389 2407; x_wconf 81' lang='lat' dir='ltr'>eorum</span> <span class='ocrx_word' id='word_1_197' title='bbox 418 2350 760 2407; x_wconf 84' lang='lat' dir='ltr'>incommodo</span> <span class='ocrx_word' id='word_1_198' title='bbox 784 2351 1219 2423; x_wconf 81' lang='lat' dir='ltr'>detrimentoque</span> <span class='ocrx_word' id='word_1_199' title='bbox 1242 2353 1499 2423; x_wconf 88' lang='lat' dir='ltr'>spoliatos</span> <span class='ocrx_word' id='word_1_200' title='bbox 1527 2360 1690 2425; x_wconf 85' lang='lat' dir='ltr'>atque</span> <span class='ocrx_word' id='word_1_201' title='bbox 1716 2354 1871 2410; x_wconf 85' lang='lat' dir='ltr'>orba-</span> 
     </span>
    </p>
   </div>
   <div class='ocr_carea' id='block_1_29' title="bbox 208 2441 1866 2513">
    <p class='ocr_par' dir='ltr' id='par_1_29' title="bbox 208 2441 1866 2513">
     <span class='ocr_line' id='line_1_29' title="bbox 208 2441 1866 2513; baseline 0.002 -19"><span class='ocrx_word' id='word_1_202' title='bbox 208 2444 285 2495; x_wconf 79' lang='lat' dir='ltr'>tos</span> <span class='ocrx_word' id='word_1_203' title='bbox 312 2455 468 2510; x_wconf 68' lang='lat' dir='ltr'>aequo</span> <span class='ocrx_word' id='word_1_204' title='bbox 486 2441 675 2495; x_wconf 87' lang='lat' dir='ltr'>animo</span> <span class='ocrx_word' id='word_1_205' title='bbox 696 2442 1022 2496; x_wconf 73' lang='lat' dir='ltr'>sustinerem</span> <span class='ocrx_word' id='word_1_206' title='bbox 1045 2457 1153 2505; x_wconf 88' lang='lat'>:...,</span> <span class='ocrx_word' id='word_1_207' title='bbox 1177 2442 1331 2511; x_wconf 85' lang='lat' dir='ltr'>cujus</span> <span class='ocrx_word' id='word_1_208' title='bbox 1352 2447 1533 2498; x_wconf 88' lang='lat' dir='ltr'>tamen</span> <span class='ocrx_word' id='word_1_209' title='bbox 1552 2443 1611 2497; x_wconf 90' lang='lat' dir='ltr'>in</span> <span class='ocrx_word' id='word_1_210' title='bbox 1626 2458 1866 2513; x_wconf 86' lang='lat' dir='ltr'>perpur-</span> 
     </span>
    </p>
   </div>
   <div class='ocr_carea' id='block_1_30' title="bbox 206 2528 1866 2600">
    <p class='ocr_par' dir='ltr' id='par_1_30' title="bbox 206 2528 1866 2600">
     <span class='ocr_line' id='line_1_30' title="bbox 206 2528 1866 2600; baseline 0.001 -15"><span class='ocrx_word' id='word_1_211' title='bbox 206 2528 403 2599; x_wconf 80' lang='lat' dir='ltr'>gandis</span> <span class='ocrx_word' id='word_1_212' title='bbox 429 2545 494 2583; x_wconf 89' lang='lat' dir='ltr'>ac</span> <span class='ocrx_word' id='word_1_213' title='bbox 514 2528 702 2600; x_wconf 88' lang='lat' dir='ltr'>potius</span> <span class='ocrx_word' id='word_1_214' title='bbox 734 2529 1119 2586; x_wconf 71' lang='lat' dir='ltr'>instaurandis</span> <span class='ocrx_word' id='word_1_215' title='bbox 1143 2530 1281 2585; x_wconf 83' lang='lat' dir='ltr'>hisce</span> <span class='ocrx_word' id='word_1_216' title='bbox 1316 2531 1675 2595; x_wconf 84' lang='lat' dir='ltr'>sermonibus,</span> <span class='ocrx_word' id='word_1_217' title='bbox 1697 2531 1866 2587; x_wconf 87' lang='lat' dir='ltr'>incre-</span> 
     </span>
    </p>
   </div>
   <div class='ocr_carea' id='block_1_31' title="bbox 205 2616 1860 2690">
    <p class='ocr_par' dir='ltr' id='par_1_31' title="bbox 205 2616 1860 2690">
     <span class='ocr_line' id='line_1_31' title="bbox 205 2616 1860 2690; baseline 0.001 -19"><span class='ocrx_word' id='word_1_218' title='bbox 205 2616 365 2673; x_wconf 81' lang='lat' dir='ltr'>dibile</span> <span class='ocrx_word' id='word_1_219' title='bbox 381 2617 539 2672; x_wconf 84' lang='lat' dir='ltr'>dictu</span> <span class='ocrx_word' id='word_1_220' title='bbox 564 2622 659 2683; x_wconf 89' lang='lat' dir='ltr'>est,</span> <span class='ocrx_word' id='word_1_221' title='bbox 678 2623 944 2688; x_wconf 84' lang='lat' dir='ltr'>quantum</span> <span class='ocrx_word' id='word_1_222' title='bbox 969 2617 1171 2673; x_wconf 87' lang='lat' dir='ltr'>laboris</span> <span class='ocrx_word' id='word_1_223' title='bbox 1185 2618 1509 2689; x_wconf 83' lang='lat' dir='ltr'>susceperim</span> <span class='ocrx_word' id='word_1_224' title='bbox 1523 2635 1539 2672; x_wconf 91' lang='lat'><strong><em>:</em></strong></span> <span class='ocrx_word' id='word_1_225' title='bbox 1553 2626 1860 2690; x_wconf 84' lang='lat' dir='ltr'>propterea,</span> 
     </span>
    </p>
   </div>
   <div class='ocr_carea' id='block_1_32' title="bbox 205 2706 1861 2779">
    <p class='ocr_par' dir='ltr' id='par_1_32' title="bbox 205 2706 1861 2779">
     <span class='ocr_line' id='line_1_32' title="bbox 205 2706 1861 2779; baseline 0.001 -17"><span class='ocrx_word' id='word_1_226' title='bbox 205 2706 341 2779; x_wconf 81' lang='lat' dir='ltr'>quod</span> <span class='ocrx_word' id='word_1_227' title='bbox 368 2708 421 2762; x_wconf 87' lang='lat' dir='ltr'>is</span> <span class='ocrx_word' id='word_1_228' title='bbox 450 2706 636 2771; x_wconf 70' lang='lat' dir='ltr'>codex,</span> <span class='ocrx_word' id='word_1_229' title='bbox 662 2722 814 2778; x_wconf 87' lang='lat' dir='ltr'>quem</span> <span class='ocrx_word' id='word_1_230' title='bbox 846 2708 1126 2777; x_wconf 82' lang='lat' dir='ltr'>principio</span> <span class='ocrx_word' id='word_1_231' title='bbox 1158 2708 1304 2761; x_wconf 85' lang='lat' dir='ltr'>nacti</span> <span class='ocrx_word' id='word_1_232' title='bbox 1330 2707 1558 2777; x_wconf 83' lang='lat' dir='ltr'>fuimus,</span> <span class='ocrx_word' id='word_1_233' title='bbox 1577 2710 1861 2778; x_wconf 71' lang='lat' dir='ltr'>proximo-</span> 
     </span>
    </p>
   </div>
   <div class='ocr_carea' id='block_1_33' title="bbox 206 2794 1861 2867">
    <p class='ocr_par' dir='ltr' id='par_1_33' title="bbox 206 2794 1861 2867">
     <span class='ocr_line' id='line_1_33' title="bbox 206 2794 1861 2867; baseline 0.002 -18"><span class='ocrx_word' id='word_1_234' title='bbox 206 2812 320 2849; x_wconf 83' lang='lat' dir='ltr'>rum</span> <span class='ocrx_word' id='word_1_235' title='bbox 347 2794 682 2851; x_wconf 73' lang='lat' dir='ltr'>saeculorum</span> <span class='ocrx_word' id='word_1_236' title='bbox 708 2796 926 2850; x_wconf 82' lang='lat' dir='ltr'>inscitia</span> <span class='ocrx_word' id='word_1_237' title='bbox 947 2795 1178 2867; x_wconf 87' lang='lat' dir='ltr'>quadam</span> <span class='ocrx_word' id='word_1_238' title='bbox 1195 2797 1350 2867; x_wconf 86' lang='lat' dir='ltr'>quasi</span> <span class='ocrx_word' id='word_1_239' title='bbox 1370 2796 1623 2866; x_wconf 86' lang='lat' dir='ltr'>rubigine</span> <span class='ocrx_word' id='word_1_240' title='bbox 1641 2797 1722 2850; x_wconf 85' lang='lat' dir='ltr'>ita</span> <span class='ocrx_word' id='word_1_241' title='bbox 1741 2813 1861 2852; x_wconf 87' lang='lat' dir='ltr'>cum</span> 
     </span>
    </p>
   </div>
   <div class='ocr_carea' id='block_1_34' title="bbox 200 2884 1859 2956">
    <p class='ocr_par' dir='ltr' id='par_1_34' title="bbox 200 2884 1859 2956">
     <span class='ocr_line' id='line_1_34' title="bbox 200 2884 1859 2956; baseline 0.001 -17"><span class='ocrx_word' id='word_1_242' title='bbox 200 2885 434 2954; x_wconf 78' lang='lat' dir='ltr'>[cedatus</span> <span class='ocrx_word' id='word_1_243' title='bbox 463 2892 604 2950; x_wconf 87' lang='lat' dir='ltr'>erat,</span> <span class='ocrx_word' id='word_1_244' title='bbox 641 2891 757 2939; x_wconf 89' lang='lat' dir='ltr'>tum</span> <span class='ocrx_word' id='word_1_245' title='bbox 802 2901 1042 2950; x_wconf 85' lang='lat' dir='ltr'>mancus,</span> <span class='ocrx_word' id='word_1_246' title='bbox 1071 2888 1132 2940; x_wconf 81' lang='lat' dir='ltr'>ut</span> <span class='ocrx_word' id='word_1_247' title='bbox 1164 2884 1316 2941; x_wconf 88' lang='lat' dir='ltr'>nulla</span> <span class='ocrx_word' id='word_1_248' title='bbox 1357 2886 1528 2954; x_wconf 82' lang='lat' dir='ltr'>ferme</span> <span class='ocrx_word' id='word_1_249' title='bbox 1560 2886 1619 2940; x_wconf 86' lang='lat' dir='ltr'>in</span> <span class='ocrx_word' id='word_1_250' title='bbox 1650 2901 1705 2939; x_wconf 89' lang='lat' dir='ltr'>eo</span> <span class='ocrx_word' id='word_1_251' title='bbox 1730 2902 1859 2956; x_wconf 87' lang='lat' dir='ltr'>pars</span> 
     </span>
    </p>
   </div>
   <div class='ocr_carea' id='block_1_35' title="bbox 204 2972 1858 3046">
    <p class='ocr_par' dir='ltr' id='par_1_35' title="bbox 204 2972 1858 3046">
     <span class='ocr_line' id='line_1_35' title="bbox 204 2972 1858 3046; baseline 0.003 -22"><span class='ocrx_word' id='word_1_252' title='bbox 204 2972 416 3043; x_wconf 82' lang='lat' dir='ltr'>integra</span> <span class='ocrx_word' id='word_1_253' title='bbox 432 2979 593 3045; x_wconf 86' lang='lat' dir='ltr'>atque</span> <span class='ocrx_word' id='word_1_254' title='bbox 626 2973 947 3042; x_wconf 84' lang='lat' dir='ltr'>incorrupta</span> <span class='ocrx_word' id='word_1_255' title='bbox 963 2974 1320 3045; x_wconf 85' lang='lat' dir='ltr'>reperiretur.</span> <span class='ocrx_word' id='word_1_256' title='bbox 1348 2973 1546 3029; x_wconf 88' lang='lat' dir='ltr'>Verum</span> <span class='ocrx_word' id='word_1_257' title='bbox 1566 2988 1671 3029; x_wconf 91' lang='lat' dir='ltr'>nos</span> <span class='ocrx_word' id='word_1_258' title='bbox 1689 2990 1858 3046; x_wconf 89' lang='lat' dir='ltr'>quan-</span> 
     </span>
    </p>
   </div>
   <div class='ocr_carea' id='block_1_36' title="bbox 203 3061 1859 3134">
    <p class='ocr_par' dir='ltr' id='par_1_36' title="bbox 203 3061 1859 3134">
     <span class='ocr_line' id='line_1_36' title="bbox 203 3061 1859 3134; baseline 0.002 -18"><span class='ocrx_word' id='word_1_259' title='bbox 203 3070 310 3116; x_wconf 86' lang='lat' dir='ltr'>tum</span> <span class='ocrx_word' id='word_1_260' title='bbox 334 3078 404 3117; x_wconf 80' lang='lat' dir='ltr'>ea:</span> <span class='ocrx_word' id='word_1_261' title='bbox 419 3062 778 3133; x_wconf 79' lang='lat' dir='ltr'>antiquorum</span> <span class='ocrx_word' id='word_1_262' title='bbox 794 3063 1195 3133; x_wconf 72' lang='lat' dir='ltr'>exemplarium</span> <span class='ocrx_word' id='word_1_263' title='bbox 1220 3061 1512 3118; x_wconf 81' lang='lat' dir='ltr'>collatione</span> <span class='ocrx_word' id='word_1_264' title='bbox 1538 3065 1750 3134; x_wconf 83' lang='lat' dir='ltr'>assequi</span> <span class='ocrx_word' id='word_1_265' title='bbox 1766 3079 1859 3134; x_wconf 87' lang='lat' dir='ltr'>po-</span> 
     </span>
    </p>
   </div>
   <div class='ocr_carea' id='block_1_37' title="bbox 2073 1030 3649 1107">
    <p class='ocr_par' dir='ltr' id='par_1_37' title="bbox 2073 1030 3649 1107">
     <span class='ocr_line' id='line_1_37' title="bbox 2073 1030 3649 1107; baseline 0.011 -26"><span class='ocrx_word' id='word_1_266' title='bbox 2073 1031 2225 1085; x_wconf 87' lang='lat'><strong>1588.</strong></span> <span class='ocrx_word' id='word_1_267' title='bbox 2268 1030 2535 1087; x_wconf 87' lang='lat' dir='ltr'>Venetiis.</span> <span class='ocrx_word' id='word_1_268' title='bbox 2560 1031 2707 1088; x_wconf 91' lang='lat' dir='ltr'>Petri</span> <span class='ocrx_word' id='word_1_269' title='bbox 2739 1031 3090 1107; x_wconf 87' lang='lat' dir='ltr'>Cbrysologi</span> <span class='ocrx_word' id='word_1_270' title='bbox 3121 1037 3459 1096; x_wconf 85' lang='lat' dir='ltr'>Sermones.</span> <span class='ocrx_word' id='word_1_271' title='bbox 3484 1043 3649 1099; x_wconf 81' lang='lat' dir='ltr'>Teste</span> 
     </span>
    </p>
   </div>
   <div class='ocr_carea' id='block_1_38' title="bbox 1999 1114 2280 1174">
    <p class='ocr_par' dir='ltr' id='par_1_38' title="bbox 1999 1114 2280 1174">
     <span class='ocr_line' id='line_1_38' title="bbox 1999 1114 2280 1174; baseline 0.018 -5"><span class='ocrx_word' id='word_1_272' title='bbox 1999 1114 2137 1172; x_wconf 89' lang='lat' dir='ltr'>Mita</span> <span class='ocrx_word' id='word_1_273' title='bbox 2164 1116 2203 1173; x_wconf 93' lang='lat' dir='ltr'>l.</span> <span class='ocrx_word' id='word_1_274' title='bbox 2238 1117 2280 1174; x_wconf 93' lang='lat' dir='ltr'>l.</span> 
     </span>
    </p>
   </div>
   <div class='ocr_carea' id='block_1_39' title="bbox 2624 1223 3021 1267">
    <p class='ocr_par' dir='ltr' id='par_1_39' title="bbox 2624 1223 3021 1267">
     <span class='ocr_line' id='line_1_39' title="bbox 2624 1223 3021 1267; baseline 0.008 -4"><span class='ocrx_word' id='word_1_275' title='bbox 2624 1223 2849 1266; x_wconf 63' lang='lat' dir='ltr'>SEGULO</span> <span class='ocrx_word' id='word_1_276' title='bbox 2886 1226 3021 1267; x_wconf 74' lang='lat' dir='ltr'><strong>XVII.</strong></span> 
     </span>
    </p>
   </div>
   <div class='ocr_carea' id='block_1_40' title="bbox 2067 1292 3650 1375">
    <p class='ocr_par' dir='ltr' id='par_1_40' title="bbox 2067 1292 3650 1375">
     <span class='ocr_line' id='line_1_40' title="bbox 2067 1292 3650 1375; baseline 0.011 -29"><span class='ocrx_word' id='word_1_277' title='bbox 2067 1292 2747 1367; x_wconf 71' lang='lat' dir='ltr'>1604.Moguntiw,apud</span> <span class='ocrx_word' id='word_1_278' title='bbox 2768 1298 3650 1375; x_wconf 75' lang='lat' dir='ltr'>Balthas.Lippiumsump.Ant.</span> 
     </span>
    </p>
   </div>
   <div class='ocr_carea' id='block_1_41' title="bbox 1991 1380 3653 1466">
    <p class='ocr_par' dir='ltr' id='par_1_41' title="bbox 1991 1380 3653 1466">
     <span class='ocr_line' id='line_1_41' title="bbox 1991 1380 3653 1466; baseline 0.008 -30"><span class='ocrx_word' id='word_1_279' title='bbox 1991 1380 2427 1450; x_wconf 65' lang='lat' dir='ltr'>Hierat;in-L°.</span> <span class='ocrx_word' id='word_1_280' title='bbox 2462 1384 2615 1441; x_wconf 86' lang='lat' dir='ltr'>Petri</span> <span class='ocrx_word' id='word_1_281' title='bbox 2646 1388 3001 1444; x_wconf 83' lang='lat' dir='ltr'>Ravennatis</span> <span class='ocrx_word' id='word_1_282' title='bbox 3028 1405 3136 1445; x_wconf 90' lang='lat' dir='ltr'>seu</span> <span class='ocrx_word' id='word_1_283' title='bbox 3168 1390 3653 1466; x_wconf 88' lang='lat' dir='ltr'>Chrysologiepi-</span> 
     </span>
    </p>
   </div>
   <div class='ocr_carea' id='block_1_42' title="bbox 1993 1470 3652 1545">
    <p class='ocr_par' dir='ltr' id='par_1_42' title="bbox 1993 1470 3652 1545">
     <span class='ocr_line' id='line_1_42' title="bbox 1993 1470 3652 1545; baseline 0.008 -21"><span class='ocrx_word' id='word_1_284' title='bbox 1993 1470 2148 1528; x_wconf 86' lang='lat' dir='ltr'>stola</span> <span class='ocrx_word' id='word_1_285' title='bbox 2177 1478 2385 1530; x_wconf 88' lang='lat' dir='ltr'>contra</span> <span class='ocrx_word' id='word_1_286' title='bbox 2425 1476 2751 1545; x_wconf 84' lang='lat' dir='ltr'>Eutychen,</span> <span class='ocrx_word' id='word_1_287' title='bbox 2785 1476 2986 1532; x_wconf 58' lang='lat' dir='ltr'>Graece</span> <span class='ocrx_word' id='word_1_288' title='bbox 3011 1482 3067 1533; x_wconf 88' lang='lat' dir='ltr'>et</span> <span class='ocrx_word' id='word_1_289' title='bbox 3099 1478 3299 1535; x_wconf 87' lang='lat' dir='ltr'>Latine</span> <span class='ocrx_word' id='word_1_290' title='bbox 3326 1496 3466 1536; x_wconf 89' lang='lat' dir='ltr'>cum</span> <span class='ocrx_word' id='word_1_291' title='bbox 3496 1483 3652 1539; x_wconf 90' lang='lat' dir='ltr'>notis</span> 
     </span>
    </p>
   </div>
   <div class='ocr_carea' id='block_1_43' title="bbox 1992 1559 3653 1636">
    <p class='ocr_par' dir='ltr' id='par_1_43' title="bbox 1992 1559 3653 1636">
     <span class='ocr_line' id='line_1_43' title="bbox 1992 1559 3653 1636; baseline 0.007 -21"><span class='ocrx_word' id='word_1_292' title='bbox 1992 1559 2248 1616; x_wconf 85' lang='lat' dir='ltr'>Gerardi</span> <span class='ocrx_word' id='word_1_293' title='bbox 2298 1562 2483 1617; x_wconf 83' lang='lat' dir='ltr'>Vossii</span> <span class='ocrx_word' id='word_1_294' title='bbox 2509 1564 2573 1616; x_wconf 92' lang='lat' dir='ltr'>D.</span> <span class='ocrx_word' id='word_1_295' title='bbox 2601 1567 2659 1619; x_wconf 91' lang='lat' dir='ltr'>et</span> <span class='ocrx_word' id='word_1_296' title='bbox 2682 1564 2981 1636; x_wconf 61' lang='lat' dir='ltr'>praepositi</span> <span class='ocrx_word' id='word_1_297' title='bbox 3011 1565 3375 1636; x_wconf 89' lang='lat' dir='ltr'>Tungrensis</span> <span class='ocrx_word' id='word_1_298' title='bbox 3409 1569 3508 1635; x_wconf 90' lang='lat' dir='ltr'>;in</span> <span class='ocrx_word' id='word_1_299' title='bbox 3532 1571 3653 1626; x_wconf 82' lang='lat' dir='ltr'>Mi-</span> 
     </span>
    </p>
   </div>
   <div class='ocr_carea' id='block_1_44' title="bbox 1987 1648 3652 1723">
    <p class='ocr_par' dir='ltr' id='par_1_44' title="bbox 1987 1648 3652 1723">
     <span class='ocr_line' id='line_1_44' title="bbox 1987 1648 3652 1723; baseline 0.007 -20"><span class='ocrx_word' id='word_1_300' title='bbox 1987 1648 2299 1706; x_wconf 84' lang='lat' dir='ltr'>scellaneis</span> <span class='ocrx_word' id='word_1_301' title='bbox 2329 1649 2423 1706; x_wconf 90' lang='lat' dir='ltr'>SS.</span> <span class='ocrx_word' id='word_1_302' title='bbox 2456 1651 2689 1723; x_wconf 83' lang='lat' dir='ltr'>aliquot</span> <span class='ocrx_word' id='word_1_303' title='bbox 2734 1651 2986 1709; x_wconf 83' lang='lat' dir='ltr'>Patrum</span> <span class='ocrx_word' id='word_1_304' title='bbox 3018 1655 3356 1712; x_wconf 84' lang='lat' dir='ltr'>Graecorum</span> <span class='ocrx_word' id='word_1_305' title='bbox 3388 1664 3443 1713; x_wconf 88' lang='lat' dir='ltr'>et</span> <span class='ocrx_word' id='word_1_306' title='bbox 3494 1658 3652 1715; x_wconf 88' lang='lat' dir='ltr'>Lati-</span> 
     </span>
    </p>
   </div>
   <div class='ocr_carea' id='block_1_45' title="bbox 1988 1739 3649 1813">
    <p class='ocr_par' dir='ltr' id='par_1_45' title="bbox 1988 1739 3649 1813">
     <span class='ocr_line' id='line_1_45' title="bbox 1988 1739 3649 1813; baseline 0.008 -23"><span class='ocrx_word' id='word_1_307' title='bbox 1988 1752 2197 1794; x_wconf 86' lang='lat' dir='ltr'>norum</span> <span class='ocrx_word' id='word_1_308' title='bbox 2228 1739 2485 1796; x_wconf 75' lang='lat' dir='ltr'>ante/iac</span> <span class='ocrx_word' id='word_1_309' title='bbox 2514 1755 2630 1795; x_wconf 88' lang='lat' dir='ltr'>non</span> <span class='ocrx_word' id='word_1_310' title='bbox 2662 1740 2835 1796; x_wconf 84' lang='lat' dir='ltr'>editis</span> <span class='ocrx_word' id='word_1_311' title='bbox 2863 1758 2877 1808; x_wconf 86' lang='lat'><strong>;</strong></span> <span class='ocrx_word' id='word_1_312' title='bbox 2910 1742 3158 1813; x_wconf 85' lang='lat' dir='ltr'>adjectis</span> <span class='ocrx_word' id='word_1_313' title='bbox 3188 1744 3474 1813; x_wconf 86' lang='lat' dir='ltr'>Operibus</span> <span class='ocrx_word' id='word_1_314' title='bbox 3514 1746 3649 1804; x_wconf 87' lang='lat' dir='ltr'>Gre-</span> 
     </span>
    </p>
   </div>
   <div class='ocr_carea' id='block_1_46' title="bbox 1983 1826 3644 1899">
    <p class='ocr_par' dir='ltr' id='par_1_46' title="bbox 1983 1826 3644 1899">
     <span class='ocr_line' id='line_1_46' title="bbox 1983 1826 3644 1899; baseline 0.005 -18"><span class='ocrx_word' id='word_1_315' title='bbox 1983 1826 2142 1895; x_wconf 87' lang='lat' dir='ltr'>gorii</span> <span class='ocrx_word' id='word_1_316' title='bbox 2166 1827 2621 1897; x_wconf 81' lang='lat' dir='ltr'>Thaumaturgi,</span> <span class='ocrx_word' id='word_1_317' title='bbox 2636 1843 2819 1899; x_wconf 90' lang='lat' dir='ltr'>pagg.</span> <span class='ocrx_word' id='word_1_318' title='bbox 2841 1833 3031 1895; x_wconf 84' lang='lat'>205-8,</span> <span class='ocrx_word' id='word_1_319' title='bbox 3047 1833 3252 1887; x_wconf 61' lang='lat' dir='ltr'>Graeca</span> <span class='ocrx_word' id='word_1_320' title='bbox 3273 1832 3352 1889; x_wconf 90' lang='lat' dir='ltr'>ad</span> <span class='ocrx_word' id='word_1_321' title='bbox 3372 1833 3506 1889; x_wconf 89' lang='lat' dir='ltr'>cod.</span> <span class='ocrx_word' id='word_1_322' title='bbox 3525 1850 3644 1890; x_wconf 90' lang='lat' dir='ltr'>ms.</span> 
     </span>
    </p>
   </div>
   <div class='ocr_carea' id='block_1_47' title="bbox 1986 1914 3641 1989">
    <p class='ocr_par' dir='ltr' id='par_1_47' title="bbox 1986 1914 3641 1989">
     <span class='ocr_line' id='line_1_47' title="bbox 1986 1914 3641 1989; baseline 0.005 -20"><span class='ocrx_word' id='word_1_323' title='bbox 1986 1914 2147 1970; x_wconf 86' lang='lat' dir='ltr'>card.</span> <span class='ocrx_word' id='word_1_324' title='bbox 2176 1914 2386 1979; x_wconf 90' lang='lat' dir='ltr'>Sirleti,</span> <span class='ocrx_word' id='word_1_325' title='bbox 2419 1916 2624 1973; x_wconf 89' lang='lat' dir='ltr'>Latina</span> <span class='ocrx_word' id='word_1_326' title='bbox 2653 1934 2726 1973; x_wconf 82' lang='lat' dir='ltr'>ex</span> <span class='ocrx_word' id='word_1_327' title='bbox 2756 1918 2931 1973; x_wconf 91' lang='lat' dir='ltr'>codd.</span> <span class='ocrx_word' id='word_1_328' title='bbox 2958 1919 3254 1976; x_wconf 86' lang='lat' dir='ltr'>Vaticanis</span> <span class='ocrx_word' id='word_1_329' title='bbox 3279 1935 3455 1978; x_wconf 91' lang='lat' dir='ltr'>num.</span> <span class='ocrx_word' id='word_1_330' title='bbox 3480 1923 3641 1989; x_wconf 65' lang='lat'>2574,</span> 
     </span>
    </p>
   </div>
   <div class='ocr_carea' id='block_1_48' title="bbox 1984 2002 3641 2077">
    <p class='ocr_par' dir='ltr' id='par_1_48' title="bbox 1984 2002 3641 2077">
     <span class='ocr_line' id='line_1_48' title="bbox 1984 2002 3641 2077; baseline 0.004 -22"><span class='ocrx_word' id='word_1_331' title='bbox 1984 2005 2120 2055; x_wconf 86' lang='lat'>2576</span> <span class='ocrx_word' id='word_1_332' title='bbox 2147 2002 2389 2069; x_wconf 81' lang='lat' dir='ltr'>et2580,</span> <span class='ocrx_word' id='word_1_333' title='bbox 2437 2002 2599 2058; x_wconf 89' lang='lat' dir='ltr'>edita</span> <span class='ocrx_word' id='word_1_334' title='bbox 2657 2009 2818 2060; x_wconf 89' lang='lat' dir='ltr'>sunt.</span> <span class='ocrx_word' id='word_1_335' title='bbox 2870 2005 3036 2060; x_wconf 78' lang='lat' dir='ltr'>Acin</span> <span class='ocrx_word' id='word_1_336' title='bbox 3062 2006 3359 2077; x_wconf 89' lang='lat' dir='ltr'>prioribus</span> <span class='ocrx_word' id='word_1_337' title='bbox 3400 2008 3641 2065; x_wconf 91' lang='lat' dir='ltr'>duobus</span> 
     </span>
    </p>
   </div>
   <div class='ocr_carea' id='block_1_49' title="bbox 1981 2088 3229 2163">
    <p class='ocr_par' dir='ltr' id='par_1_49' title="bbox 1981 2088 3229 2163">
     <span class='ocr_line' id='line_1_49' title="bbox 1981 2088 3229 2163; baseline 0.002 -19"><span class='ocrx_word' id='word_1_338' title='bbox 1981 2104 2105 2145; x_wconf 91' lang='lat' dir='ltr'>non</span> <span class='ocrx_word' id='word_1_339' title='bbox 2129 2089 2245 2145; x_wconf 89' lang='lat' dir='ltr'>nisi</span> <span class='ocrx_word' id='word_1_340' title='bbox 2273 2088 2437 2161; x_wconf 90' lang='lat' dir='ltr'>prior</span> <span class='ocrx_word' id='word_1_341' title='bbox 2464 2105 2605 2162; x_wconf 88' lang='lat' dir='ltr'>pars</span> <span class='ocrx_word' id='word_1_342' title='bbox 2631 2090 2906 2163; x_wconf 70' lang='lat' dir='ltr'>Epistolis</span> <span class='ocrx_word' id='word_1_343' title='bbox 2938 2092 3229 2149; x_wconf 80' lang='lat' dir='ltr'>exstabat.</span> 
     </span>
    </p>
   </div>
   <div class='ocr_carea' id='block_1_50' title="bbox 2052 2178 3633 2251">
    <p class='ocr_par' dir='ltr' id='par_1_50' title="bbox 2052 2178 3633 2251">
     <span class='ocr_line' id='line_1_50' title="bbox 2052 2178 3633 2251; baseline 0.006 -19"><span class='ocrx_word' id='word_1_344' title='bbox 2052 2180 2209 2234; x_wconf 83' lang='lat'><strong>1606.</strong></span> <span class='ocrx_word' id='word_1_345' title='bbox 2246 2178 2521 2249; x_wconf 62' lang='lat' dir='ltr'>Colonia,</span> <span class='ocrx_word' id='word_1_346' title='bbox 2550 2182 2688 2250; x_wconf 81' lang='lat' dir='ltr'>Agr.</span> <span class='ocrx_word' id='word_1_347' title='bbox 2713 2182 2984 2250; x_wconf 80' lang='lat' dir='ltr'>sumptio.</span> <span class='ocrx_word' id='word_1_348' title='bbox 3010 2183 3104 2237; x_wconf 86' lang='lat' dir='ltr'>Jo.</span> <span class='ocrx_word' id='word_1_349' title='bbox 3127 2181 3392 2251; x_wconf 82' lang='lat' dir='ltr'>Gymnici</span> <span class='ocrx_word' id='word_1_350' title='bbox 3416 2189 3470 2239; x_wconf 88' lang='lat' dir='ltr'>et</span> <span class='ocrx_word' id='word_1_351' title='bbox 3489 2186 3633 2241; x_wconf 85' lang='lat' dir='ltr'>Ant.</span> 
     </span>
    </p>
   </div>
   <div class='ocr_carea' id='block_1_51' title="bbox 1980 2268 3635 2345">
    <p class='ocr_par' dir='ltr' id='par_1_51' title="bbox 1980 2268 3635 2345">
     <span class='ocr_line' id='line_1_51' title="bbox 1980 2268 3635 2345; baseline 0.004 -23"><span class='ocrx_word' id='word_1_352' title='bbox 1980 2268 2225 2334; x_wconf 87' lang='lat' dir='ltr'>Hierat;</span> <span class='ocrx_word' id='word_1_353' title='bbox 2253 2269 2452 2338; x_wconf 86' lang='lat' dir='ltr'>in-fol,</span> <span class='ocrx_word' id='word_1_354' title='bbox 2486 2268 2638 2324; x_wconf 88' lang='lat' dir='ltr'>Petri</span> <span class='ocrx_word' id='word_1_355' title='bbox 2668 2270 3025 2326; x_wconf 83' lang='lat' dir='ltr'>Ravennatis</span> <span class='ocrx_word' id='word_1_356' title='bbox 3048 2270 3309 2342; x_wconf 87' lang='lat' dir='ltr'>Epistola</span> <span class='ocrx_word' id='word_1_357' title='bbox 3340 2272 3420 2327; x_wconf 89' lang='lat' dir='ltr'>ad</span> <span class='ocrx_word' id='word_1_358' title='bbox 3461 2274 3635 2345; x_wconf 82' lang='lat' dir='ltr'>Euty-</span> 
     </span>
    </p>
   </div>
   <div class='ocr_carea' id='block_1_52' title="bbox 1976 2356 3633 2432">
    <p class='ocr_par' dir='ltr' id='par_1_52' title="bbox 1976 2356 3633 2432">
     <span class='ocr_line' id='line_1_52' title="bbox 1976 2356 3633 2432; baseline 0.004 -21"><span class='ocrx_word' id='word_1_359' title='bbox 1976 2356 2130 2411; x_wconf 86' lang='lat' dir='ltr'>chen</span> <span class='ocrx_word' id='word_1_360' title='bbox 2158 2356 2283 2413; x_wconf 91' lang='lat' dir='ltr'>Lat.</span> <span class='ocrx_word' id='word_1_361' title='bbox 2314 2357 2376 2412; x_wconf 92' lang='lat' dir='ltr'>in</span> <span class='ocrx_word' id='word_1_362' title='bbox 2423 2357 2554 2414; x_wconf 88' lang='lat' dir='ltr'>Sev.</span> <span class='ocrx_word' id='word_1_363' title='bbox 2610 2359 2777 2413; x_wconf 87' lang='lat' dir='ltr'>Binii</span> <span class='ocrx_word' id='word_1_364' title='bbox 2809 2359 3117 2425; x_wconf 87' lang='lat' dir='ltr'>Conciliis,</span> <span class='ocrx_word' id='word_1_365' title='bbox 3166 2363 3203 2414; x_wconf 89' lang='lat' dir='ltr'>t.</span> <span class='ocrx_word' id='word_1_366' title='bbox 3234 2360 3301 2425; x_wconf 90' lang='lat' dir='ltr'>ll,</span> <span class='ocrx_word' id='word_1_367' title='bbox 3335 2359 3414 2416; x_wconf 91' lang='lat' dir='ltr'>ab</span> <span class='ocrx_word' id='word_1_368' title='bbox 3444 2358 3633 2432; x_wconf 88' lang='lat' dir='ltr'>initio,</span> 
     </span>
    </p>
   </div>
   <div class='ocr_carea' id='block_1_53' title="bbox 1972 2444 3629 2517">
    <p class='ocr_par' dir='ltr' id='par_1_53' title="bbox 1972 2444 3629 2517">
     <span class='ocr_line' id='line_1_53' title="bbox 1972 2444 3629 2517; baseline 0.004 -17"><span class='ocrx_word' id='word_1_369' title='bbox 1972 2444 2123 2501; x_wconf 91' lang='lat' dir='ltr'>inter</span> <span class='ocrx_word' id='word_1_370' title='bbox 2136 2444 2427 2517; x_wconf 84' lang='lat' dir='ltr'>Epistolas</span> <span class='ocrx_word' id='word_1_371' title='bbox 2440 2445 2910 2517; x_wconf 67' lang='lat' dir='ltr'>prasambulares</span> <span class='ocrx_word' id='word_1_372' title='bbox 2931 2448 2994 2502; x_wconf 91' lang='lat' dir='ltr'>in</span> <span class='ocrx_word' id='word_1_373' title='bbox 3023 2448 3196 2503; x_wconf 92' lang='lat' dir='ltr'>Conc.</span> <span class='ocrx_word' id='word_1_374' title='bbox 3214 2447 3489 2504; x_wconf 90' lang='lat' dir='ltr'>Chalced.</span> <span class='ocrx_word' id='word_1_375' title='bbox 3520 2465 3629 2507; x_wconf 79' lang='lat' dir='ltr'>(ec.</span> 
     </span>
    </p>
   </div>
   <div class='ocr_carea' id='block_1_54' title="bbox 2048 2532 3631 2607">
    <p class='ocr_par' dir='ltr' id='par_1_54' title="bbox 2048 2532 3631 2607">
     <span class='ocr_line' id='line_1_54' title="bbox 2048 2532 3631 2607; baseline 0.003 -19"><span class='ocrx_word' id='word_1_376' title='bbox 2048 2536 2204 2588; x_wconf 86' lang='lat'><strong>1607.</strong></span> <span class='ocrx_word' id='word_1_377' title='bbox 2237 2532 2562 2603; x_wconf 76' lang='lat' dir='ltr'>Moguntice</span> <span class='ocrx_word' id='word_1_378' title='bbox 2604 2532 2774 2589; x_wconf 71' lang='lat' dir='ltr'>iii-8°.</span> <span class='ocrx_word' id='word_1_379' title='bbox 2811 2533 2867 2589; x_wconf 91' lang='lat' dir='ltr'>S.</span> <span class='ocrx_word' id='word_1_380' title='bbox 2904 2534 3057 2589; x_wconf 86' lang='lat' dir='ltr'>Petri</span> <span class='ocrx_word' id='word_1_381' title='bbox 3102 2533 3452 2607; x_wconf 83' lang='lat' dir='ltr'>Cbrysologi</span> <span class='ocrx_word' id='word_1_382' title='bbox 3496 2537 3631 2592; x_wconf 90' lang='lat' dir='ltr'>Ser-</span> 
     </span>
    </p>
   </div>
   <div class='ocr_carea' id='block_1_55' title="bbox 1971 2621 3627 2695">
    <p class='ocr_par' dir='ltr' id='par_1_55' title="bbox 1971 2621 3627 2695">
     <span class='ocr_line' id='line_1_55' title="bbox 1971 2621 3627 2695; baseline 0.004 -19"><span class='ocrx_word' id='word_1_383' title='bbox 1971 2635 2206 2678; x_wconf 90' lang='lat' dir='ltr'>mones.</span> <span class='ocrx_word' id='word_1_384' title='bbox 2246 2621 2478 2678; x_wconf 89' lang='lat' dir='ltr'>Laudat</span> <span class='ocrx_word' id='word_1_385' title='bbox 2500 2621 2659 2678; x_wconf 91' lang='lat' dir='ltr'>hanc</span> <span class='ocrx_word' id='word_1_386' title='bbox 2689 2621 3009 2679; x_wconf 88' lang='lat' dir='ltr'>editionem</span> <span class='ocrx_word' id='word_1_387' title='bbox 3039 2638 3154 2679; x_wconf 91' lang='lat' dir='ltr'>usu</span> <span class='ocrx_word' id='word_1_388' title='bbox 3179 2622 3292 2679; x_wconf 90' lang='lat' dir='ltr'>sibi</span> <span class='ocrx_word' id='word_1_389' title='bbox 3322 2625 3627 2695; x_wconf 81' lang='lat' dir='ltr'>cognitam</span> 
     </span>
    </p>
   </div>
   <div class='ocr_carea' id='block_1_56' title="bbox 1970 2708 2670 2766">
    <p class='ocr_par' dir='ltr' id='par_1_56' title="bbox 1970 2708 2670 2766">
     <span class='ocr_line' id='line_1_56' title="bbox 1970 2708 2670 2766; baseline 0.003 -4"><span class='ocrx_word' id='word_1_390' title='bbox 1970 2708 2337 2766; x_wconf 88' lang='lat' dir='ltr'>Christianus</span> <span class='ocrx_word' id='word_1_391' title='bbox 2363 2709 2670 2765; x_wconf 89' lang='lat' dir='ltr'>Daumius.</span> 
     </span>
    </p>
   </div>
   <div class='ocr_carea' id='block_1_57' title="bbox 2048 2799 3625 2869">
    <p class='ocr_par' dir='ltr' id='par_1_57' title="bbox 2048 2799 3625 2869">
     <span class='ocr_line' id='line_1_57' title="bbox 2048 2799 3625 2869; baseline 0.004 -17"><span class='ocrx_word' id='word_1_392' title='bbox 2048 2802 2203 2855; x_wconf 86' lang='lat'><strong>1609.</strong></span> <span class='ocrx_word' id='word_1_393' title='bbox 2228 2799 2435 2863; x_wconf 74' lang='lat' dir='ltr'>Romw,</span> <span class='ocrx_word' id='word_1_394' title='bbox 2467 2813 2544 2854; x_wconf 75' lang='lat' dir='ltr'>ea:</span> <span class='ocrx_word' id='word_1_395' title='bbox 2572 2803 2809 2867; x_wconf 79' lang='lat' dir='ltr'>typogr.</span> <span class='ocrx_word' id='word_1_396' title='bbox 2845 2799 3025 2854; x_wconf 81' lang='lat' dir='ltr'>Vatia.</span> <span class='ocrx_word' id='word_1_397' title='bbox 3043 2811 3067 2869; x_wconf 87' lang='lat'><em>;</em></span> <span class='ocrx_word' id='word_1_398' title='bbox 3111 2799 3304 2867; x_wconf 82' lang='lat' dir='ltr'>in-fol.</span> <span class='ocrx_word' id='word_1_399' title='bbox 3336 2801 3486 2856; x_wconf 86' lang='lat' dir='ltr'>Petri</span> <span class='ocrx_word' id='word_1_400' title='bbox 3515 2804 3625 2858; x_wconf 86' lang='lat' dir='ltr'>Ra-</span> 
     </span>
    </p>
   </div>
   <div class='ocr_carea' id='block_1_58' title="bbox 1968 2884 3623 2958">
    <p class='ocr_par' dir='ltr' id='par_1_58' title="bbox 1968 2884 3623 2958">
     <span class='ocr_line' id='line_1_58' title="bbox 1968 2884 3623 2958; baseline 0.002 -17"><span class='ocrx_word' id='word_1_401' title='bbox 1968 2886 2239 2942; x_wconf 86' lang='lat' dir='ltr'>vennatis</span> <span class='ocrx_word' id='word_1_402' title='bbox 2261 2885 2520 2958; x_wconf 87' lang='lat' dir='ltr'>Epistola</span> <span class='ocrx_word' id='word_1_403' title='bbox 2545 2885 2617 2942; x_wconf 87' lang='lat' dir='ltr'>ad</span> <span class='ocrx_word' id='word_1_404' title='bbox 2638 2884 2968 2957; x_wconf 86' lang='lat' dir='ltr'>Eutychen,</span> <span class='ocrx_word' id='word_1_405' title='bbox 2996 2886 3092 2941; x_wconf 89' lang='lat' dir='ltr'>Gr.</span> <span class='ocrx_word' id='word_1_406' title='bbox 3120 2887 3241 2942; x_wconf 88' lang='lat' dir='ltr'>Lat.</span> <span class='ocrx_word' id='word_1_407' title='bbox 3264 2904 3277 2955; x_wconf 91' lang='lat'><strong>;</strong></span> <span class='ocrx_word' id='word_1_408' title='bbox 3301 2887 3363 2943; x_wconf 89' lang='lat' dir='ltr'>in</span> <span class='ocrx_word' id='word_1_409' title='bbox 3390 2888 3623 2944; x_wconf 87' lang='lat' dir='ltr'>Concil-</span> 
     </span>
    </p>
   </div>
   <div class='ocr_carea' id='block_1_59' title="bbox 1965 2973 3621 3046">
    <p class='ocr_par' dir='ltr' id='par_1_59' title="bbox 1965 2973 3621 3046">
     <span class='ocr_line' id='line_1_59' title="bbox 1965 2973 3621 3046; baseline 0 -15"><span class='ocrx_word' id='word_1_410' title='bbox 1965 2990 2098 3046; x_wconf 87' lang='lat' dir='ltr'>gen.</span> <span class='ocrx_word' id='word_1_411' title='bbox 2128 2974 2278 3031; x_wconf 88' lang='lat' dir='ltr'>Eccl.</span> <span class='ocrx_word' id='word_1_412' title='bbox 2314 2973 2541 3031; x_wconf 86' lang='lat' dir='ltr'>Cathol.</span> <span class='ocrx_word' id='word_1_413' title='bbox 2590 2978 2626 3030; x_wconf 92' lang='lat' dir='ltr'>t.</span> <span class='ocrx_word' id='word_1_414' title='bbox 2671 2977 2742 3042; x_wconf 90' lang='lat' dir='ltr'>ll,</span> <span class='ocrx_word' id='word_1_415' title='bbox 2772 2989 2830 3045; x_wconf 92' lang='lat' dir='ltr'>p.</span> <span class='ocrx_word' id='word_1_416' title='bbox 2874 2977 2960 3029; x_wconf 83' lang='lat'>32.</span> <span class='ocrx_word' id='word_1_417' title='bbox 3004 2974 3213 3031; x_wconf 74' lang='lat' dir='ltr'>Graeca</span> <span class='ocrx_word' id='word_1_418' title='bbox 3259 2974 3339 3031; x_wconf 90' lang='lat' dir='ltr'>ad</span> <span class='ocrx_word' id='word_1_419' title='bbox 3382 2976 3621 3033; x_wconf 86' lang='lat' dir='ltr'>codices</span> 
     </span>
    </p>
   </div>
   <div class='ocr_carea' id='block_1_60' title="bbox 1965 3061 3621 3131">
    <p class='ocr_par' dir='ltr' id='par_1_60' title="bbox 1965 3061 3621 3131">
     <span class='ocr_line' id='line_1_60' title="bbox 1965 3061 3621 3131; baseline 0.001 -12"><span class='ocrx_word' id='word_1_420' title='bbox 1965 3079 2112 3119; x_wconf 88' lang='lat' dir='ltr'>mss.</span> <span class='ocrx_word' id='word_1_421' title='bbox 2147 3062 2291 3119; x_wconf 90' lang='lat' dir='ltr'>Bibl.</span> <span class='ocrx_word' id='word_1_422' title='bbox 2326 3062 2618 3120; x_wconf 68' lang='lat' dir='ltr'>Vaticanis</span> <span class='ocrx_word' id='word_1_423' title='bbox 2642 3061 2973 3127; x_wconf 76' lang='lat' dir='ltr'>Sfortianie,</span> <span class='ocrx_word' id='word_1_424' title='bbox 3022 3062 3456 3131; x_wconf 87' lang='lat' dir='ltr'>Columnensis,</span> <span class='ocrx_word' id='word_1_425' title='bbox 3481 3064 3621 3121; x_wconf 92' lang='lat' dir='ltr'>olim</span> 
     </span>
    </p>
   </div>
   <div class='ocr_carea' id='block_1_61' title="bbox 204 3123 3623 3224">
    <p class='ocr_par' dir='ltr' id='par_1_61' title="bbox 204 3123 3623 3224">
     <span class='ocr_line' id='line_1_61' title="bbox 204 3123 3623 3224; baseline 0.002 -20"><span class='ocrx_word' id='word_1_426' title='bbox 204 3151 429 3217; x_wconf 76' lang='lat' dir='ltr'>luimus,</span> <span class='ocrx_word' id='word_1_427' title='bbox 465 3123 612 3223; x_wconf 65' lang='lat' dir='ltr'>opem</span> <span class='ocrx_word' id='word_1_428' title='bbox 643 3123 1016 3221; x_wconf 65' lang='lat' dir='ltr'>auxiliumque</span> <span class='ocrx_word' id='word_1_429' title='bbox 1030 3151 1233 3221; x_wconf 73' lang='lat' dir='ltr'>a/Ierre</span> <span class='ocrx_word' id='word_1_430' title='bbox 1249 3151 1430 3206; x_wconf 85' lang='lat' dir='ltr'>conati</span> <span class='ocrx_word' id='word_1_431' title='bbox 1452 3123 1857 3220; x_wconf 45' lang='lat' dir='ltr'>sumus-Quare</span> <span class='ocrx_word' id='word_1_432' title='bbox 1887 3123 1931 3183; x_wconf 64' lang='grc' dir='ltr'><strong>θ</strong></span> <span class='ocrx_word' id='word_1_433' title='bbox 1966 3151 2127 3207; x_wconf 91' lang='lat' dir='ltr'>card.</span> <span class='ocrx_word' id='word_1_434' title='bbox 2163 3151 2352 3208; x_wconf 80' lang='lat' dir='ltr'>Sirleti</span> <span class='ocrx_word' id='word_1_435' title='bbox 2394 3154 2452 3207; x_wconf 91' lang='lat' dir='ltr'>et</span> <span class='ocrx_word' id='word_1_436' title='bbox 2483 3155 2617 3209; x_wconf 86' lang='lat' dir='ltr'>Ant.</span> <span class='ocrx_word' id='word_1_437' title='bbox 2668 3123 2983 3221; x_wconf 80' lang='lat' dir='ltr'>Augustini</span> <span class='ocrx_word' id='word_1_438' title='bbox 3028 3150 3296 3224; x_wconf 88' lang='lat' dir='ltr'>archiep.</span> <span class='ocrx_word' id='word_1_439' title='bbox 3341 3123 3623 3210; x_wconf 77' lang='lat' dir='ltr'>Tarraco-</span> 
     </span>
    </p>
   </div>
   <div class='ocr_carea' id='block_1_62' title="bbox 198 3240 1855 3312">
    <p class='ocr_par' dir='ltr' id='par_1_62' title="bbox 198 3240 1855 3312">
     <span class='ocr_line' id='line_1_62' title="bbox 198 3240 1855 3312; baseline -0.001 -14"><span class='ocrx_word' id='word_1_440' title='bbox 198 3244 442 3311; x_wconf 55' lang='lat' dir='ltr'>electum</span> <span class='ocrx_word' id='word_1_441' title='bbox 472 3247 570 3305; x_wconf 84' lang='lat' dir='ltr'>est,</span> <span class='ocrx_word' id='word_1_442' title='bbox 603 3242 716 3295; x_wconf 83' lang='lat' dir='ltr'>nisi</span> <span class='ocrx_word' id='word_1_443' title='bbox 740 3256 860 3297; x_wconf 88' lang='lat' dir='ltr'>mea</span> <span class='ocrx_word' id='word_1_444' title='bbox 888 3258 967 3296; x_wconf 87' lang='lat' dir='ltr'>me</span> <span class='ocrx_word' id='word_1_445' title='bbox 988 3240 1146 3312; x_wconf 83' lang='lat' dir='ltr'>fallit</span> <span class='ocrx_word' id='word_1_446' title='bbox 1200 3241 1404 3312; x_wconf 87' lang='lat' dir='ltr'>opinio,</span> <span class='ocrx_word' id='word_1_447' title='bbox 1455 3248 1513 3296; x_wconf 90' lang='lat' dir='ltr'>ut</span> <span class='ocrx_word' id='word_1_448' title='bbox 1560 3241 1855 3298; x_wconf 85' lang='lat' dir='ltr'>disertissi-</span> 
     </span>
    </p>
   </div>
   <div class='ocr_carea' id='block_1_63' title="bbox 202 3328 1849 3402">
    <p class='ocr_par' dir='ltr' id='par_1_63' title="bbox 202 3328 1849 3402">
     <span class='ocr_line' id='line_1_63' title="bbox 202 3328 1849 3402; baseline 0 -15"><span class='ocrx_word' id='word_1_449' title='bbox 202 3332 274 3387; x_wconf 74' lang='lat' dir='ltr'>mi</span> <span class='ocrx_word' id='word_1_450' title='bbox 302 3331 475 3402; x_wconf 81' lang='lat' dir='ltr'>hujus</span> <span class='ocrx_word' id='word_1_451' title='bbox 506 3332 627 3385; x_wconf 86' lang='lat' dir='ltr'>viri</span> <span class='ocrx_word' id='word_1_452' title='bbox 650 3330 867 3401; x_wconf 85' lang='lat' dir='ltr'>scripta</span> <span class='ocrx_word' id='word_1_453' title='bbox 892 3331 951 3385; x_wconf 89' lang='lat' dir='ltr'>in</span> <span class='ocrx_word' id='word_1_454' title='bbox 964 3329 1267 3401; x_wconf 85' lang='lat' dir='ltr'>pristinum</span> <span class='ocrx_word' id='word_1_455' title='bbox 1290 3330 1408 3400; x_wconf 87' lang='lat' dir='ltr'>jam</span> <span class='ocrx_word' id='word_1_456' title='bbox 1439 3328 1565 3386; x_wconf 87' lang='lat' dir='ltr'>bene</span> <span class='ocrx_word' id='word_1_457' title='bbox 1592 3329 1849 3397; x_wconf 86' lang='lat' dir='ltr'>nitorem,</span> 
     </span>
    </p>
   </div>
   <div class='ocr_carea' id='block_1_64' title="bbox 200 3418 1852 3490">
    <p class='ocr_par' dir='ltr' id='par_1_64' title="bbox 200 3418 1852 3490">
     <span class='ocr_line' id='line_1_64' title="bbox 200 3418 1852 3490; baseline 0 -15"><span class='ocrx_word' id='word_1_458' title='bbox 200 3419 477 3475; x_wconf 75' lang='lat' dir='ltr'>manliis</span> <span class='ocrx_word' id='word_1_459' title='bbox 516 3426 694 3475; x_wconf 85' lang='lat' dir='ltr'>tamen</span> <span class='ocrx_word' id='word_1_460' title='bbox 723 3420 969 3490; x_wconf 72' lang='lat' dir='ltr'>exceptis,</span> <span class='ocrx_word' id='word_1_461' title='bbox 999 3421 1254 3473; x_wconf 85' lang='lat' dir='ltr'>restituta</span> <span class='ocrx_word' id='word_1_462' title='bbox 1292 3418 1423 3472; x_wconf 88' lang='lat' dir='ltr'>sint.</span> <span class='ocrx_word' id='word_1_463' title='bbox 1454 3421 1696 3475; x_wconf 83' lang='lat' dir='ltr'>Notatur</span> <span class='ocrx_word' id='word_1_464' title='bbox 1722 3419 1852 3475; x_wconf 63' lang='lat' dir='ltr'>haec</span> 
     </span>
    </p>
   </div>
   <div class='ocr_carea' id='block_1_65' title="bbox 199 3505 1851 3579">
    <p class='ocr_par' dir='ltr' id='par_1_65' title="bbox 199 3505 1851 3579">
     <span class='ocr_line' id='line_1_65' title="bbox 199 3505 1851 3579; baseline 0 -16"><span class='ocrx_word' id='word_1_465' title='bbox 199 3507 373 3564; x_wconf 87' lang='lat' dir='ltr'>editio</span> <span class='ocrx_word' id='word_1_466' title='bbox 400 3506 630 3579; x_wconf 89' lang='lat' dir='ltr'>oppido</span> <span class='ocrx_word' id='word_1_467' title='bbox 650 3506 972 3573; x_wconf 87' lang='lat' dir='ltr'>rarissima,</span> <span class='ocrx_word' id='word_1_468' title='bbox 1001 3506 1056 3562; x_wconf 93' lang='lat' dir='ltr'>in</span> <span class='ocrx_word' id='word_1_469' title='bbox 1088 3505 1371 3578; x_wconf 84' lang='lat' dir='ltr'>Catalogo</span> <span class='ocrx_word' id='word_1_470' title='bbox 1400 3505 1550 3561; x_wconf 91' lang='lat' dir='ltr'>Bibl.</span> <span class='ocrx_word' id='word_1_471' title='bbox 1585 3505 1851 3563; x_wconf 80' lang='lat' dir='ltr'>Barbari-</span> 
     </span>
    </p>
   </div>
   <div class='ocr_carea' id='block_1_66' title="bbox 196 3595 862 3653">
    <p class='ocr_par' dir='ltr' id='par_1_66' title="bbox 196 3595 862 3653">
     <span class='ocr_line' id='line_1_66' title="bbox 196 3595 862 3653; baseline -0.002 -2"><span class='ocrx_word' id='word_1_472' title='bbox 196 3596 391 3653; x_wconf 73' lang='lat' dir='ltr'>nianae</span> <span class='ocrx_word' id='word_1_473' title='bbox 412 3601 470 3652; x_wconf 93' lang='lat' dir='ltr'>et</span> <span class='ocrx_word' id='word_1_474' title='bbox 498 3595 862 3652; x_wconf 75' lang='lat' dir='ltr'>Piuellianee.</span> 
     </span>
    </p>
   </div>
   <div class='ocr_carea' id='block_1_67' title="bbox 266 3683 1845 3757">
    <p class='ocr_par' dir='ltr' id='par_1_67' title="bbox 266 3683 1845 3757">
     <span class='ocr_line' id='line_1_67' title="bbox 266 3683 1845 3757; baseline -0.001 -16"><span class='ocrx_word' id='word_1_475' title='bbox 266 3689 424 3743; x_wconf 84' lang='lat'><strong>1538.</strong></span> <span class='ocrx_word' id='word_1_476' title='bbox 460 3684 908 3754; x_wconf 65' lang='lat' dir='ltr'>Coloniw,apud</span> <span class='ocrx_word' id='word_1_477' title='bbox 930 3684 1168 3741; x_wconf 86' lang='lat' dir='ltr'>Petrum</span> <span class='ocrx_word' id='word_1_478' title='bbox 1195 3683 1441 3751; x_wconf 83' lang='lat' dir='ltr'>Quentel</span> <span class='ocrx_word' id='word_1_479' title='bbox 1465 3700 1479 3749; x_wconf 91' lang='lat'><strong>;</strong></span> <span class='ocrx_word' id='word_1_480' title='bbox 1504 3684 1696 3753; x_wconf 77' lang='lat' dir='ltr'>iri-fol.</span> <span class='ocrx_word' id='word_1_481' title='bbox 1719 3686 1845 3757; x_wconf 85' lang='lat' dir='ltr'>Epi-</span> 
     </span>
    </p>
   </div>
   <div class='ocr_carea' id='block_1_68' title="bbox 194 3771 1843 3844">
    <p class='ocr_par' dir='ltr' id='par_1_68' title="bbox 194 3771 1843 3844">
     <span class='ocr_line' id='line_1_68' title="bbox 194 3771 1843 3844; baseline -0.001 -16"><span class='ocrx_word' id='word_1_482' title='bbox 194 3773 345 3830; x_wconf 89' lang='lat' dir='ltr'>stola</span> <span class='ocrx_word' id='word_1_483' title='bbox 365 3776 606 3843; x_wconf 86' lang='lat' dir='ltr'>integra</span> <span class='ocrx_word' id='word_1_484' title='bbox 621 3773 769 3830; x_wconf 88' lang='lat' dir='ltr'>Petri</span> <span class='ocrx_word' id='word_1_485' title='bbox 784 3774 1140 3829; x_wconf 88' lang='lat' dir='ltr'>Ravennatis</span> <span class='ocrx_word' id='word_1_486' title='bbox 1154 3772 1417 3844; x_wconf 89' lang='lat' dir='ltr'>episcopi</span> <span class='ocrx_word' id='word_1_487' title='bbox 1429 3771 1507 3829; x_wconf 90' lang='lat' dir='ltr'>ad</span> <span class='ocrx_word' id='word_1_488' title='bbox 1529 3771 1843 3844; x_wconf 87' lang='lat' dir='ltr'>Eutychem</span> 
     </span>
    </p>
   </div>
   <div class='ocr_carea' id='block_1_69' title="bbox 194 3860 1842 3927">
    <p class='ocr_par' dir='ltr' id='par_1_69' title="bbox 194 3860 1842 3927">
     <span class='ocr_line' id='line_1_69' title="bbox 194 3860 1842 3927; baseline -0.002 -8"><span class='ocrx_word' id='word_1_489' title='bbox 194 3862 512 3925; x_wconf 82' lang='lat' dir='ltr'>abbatem;</span> <span class='ocrx_word' id='word_1_490' title='bbox 548 3862 608 3917; x_wconf 92' lang='lat' dir='ltr'>in</span> <span class='ocrx_word' id='word_1_491' title='bbox 639 3862 1033 3918; x_wconf 71' lang='lat' dir='ltr'>Proeambulis</span> <span class='ocrx_word' id='word_1_492' title='bbox 1060 3861 1228 3917; x_wconf 82' lang='lat' dir='ltr'>Cone.</span> <span class='ocrx_word' id='word_1_493' title='bbox 1249 3860 1769 3927; x_wconf 83' lang='lat' dir='ltr'>Chalcedonensis;</span> <span class='ocrx_word' id='word_1_494' title='bbox 1784 3860 1842 3916; x_wconf 91' lang='lat' dir='ltr'>in</span> 
     </span>
    </p>
   </div>
   <div class='ocr_carea' id='block_1_70' title="bbox 192 3949 1839 4017">
    <p class='ocr_par' dir='ltr' id='par_1_70' title="bbox 192 3949 1839 4017">
     <span class='ocr_line' id='line_1_70' title="bbox 192 3949 1839 4017; baseline -0.002 -10"><span class='ocrx_word' id='word_1_495' title='bbox 192 3951 283 4007; x_wconf 86' lang='lat' dir='ltr'>ed.</span> <span class='ocrx_word' id='word_1_496' title='bbox 320 3951 724 4009; x_wconf 85' lang='lat' dir='ltr'>Conciliorum</span> <span class='ocrx_word' id='word_1_497' title='bbox 748 3951 913 4007; x_wconf 89' lang='lat' dir='ltr'>Petri</span> <span class='ocrx_word' id='word_1_498' title='bbox 947 3949 1167 4006; x_wconf 85' lang='lat' dir='ltr'>Crabbe</span> <span class='ocrx_word' id='word_1_499' title='bbox 1205 3954 1348 4006; x_wconf 92' lang='lat' dir='ltr'>tom.</span> <span class='ocrx_word' id='word_1_500' title='bbox 1380 3950 1423 4017; x_wconf 84' lang='grc' dir='ltr'>Ι,</span> <span class='ocrx_word' id='word_1_501' title='bbox 1456 3949 1557 4005; x_wconf 84' lang='lat' dir='ltr'>fol.</span> <span class='ocrx_word' id='word_1_502' title='bbox 1587 3965 1839 4015; x_wconf 73' lang='lat' dir='ltr'>cccxcnv,</span> 
     </span>
    </p>
   </div>
   <div class='ocr_carea' id='block_1_71' title="bbox 268 4038 1842 4110">
    <p class='ocr_par' dir='ltr' id='par_1_71' title="bbox 268 4038 1842 4110">
     <span class='ocr_line' id='line_1_71' title="bbox 268 4038 1842 4110; baseline -0.001 -15"><span class='ocrx_word' id='word_1_503' title='bbox 268 4041 423 4097; x_wconf 78' lang='grc'><strong>1541.</strong></span> <span class='ocrx_word' id='word_1_504' title='bbox 457 4040 706 4096; x_wconf 67' lang='lat' dir='ltr'>Coloniae</span> <span class='ocrx_word' id='word_1_505' title='bbox 730 4040 1119 4110; x_wconf 67' lang='lat' dir='ltr'>Agrippinae;</span> <span class='ocrx_word' id='word_1_506' title='bbox 1152 4039 1357 4108; x_wconf 85' lang='lat' dir='ltr'>in-fol,</span> <span class='ocrx_word' id='word_1_507' title='bbox 1398 4041 1453 4095; x_wconf 93' lang='lat' dir='ltr'>S.</span> <span class='ocrx_word' id='word_1_508' title='bbox 1488 4038 1637 4094; x_wconf 89' lang='lat' dir='ltr'>Petri</span> <span class='ocrx_word' id='word_1_509' title='bbox 1663 4039 1842 4110; x_wconf 86' lang='lat' dir='ltr'>Chry-</span> 
     </span>
    </p>
   </div>
   <div class='ocr_carea' id='block_1_72' title="bbox 191 4126 1840 4201">
    <p class='ocr_par' dir='ltr' id='par_1_72' title="bbox 191 4126 1840 4201">
     <span class='ocr_line' id='line_1_72' title="bbox 191 4126 1840 4201; baseline -0.002 -17"><span class='ocrx_word' id='word_1_510' title='bbox 191 4130 398 4201; x_wconf 82' lang='lat' dir='ltr'>sologi.</span> <span class='ocrx_word' id='word_1_511' title='bbox 412 4166 452 4185; x_wconf 90' lang='lat'>..</span> <span class='ocrx_word' id='word_1_512' title='bbox 468 4132 804 4186; x_wconf 89' lang='lat' dir='ltr'>Sermones.</span> <span class='ocrx_word' id='word_1_513' title='bbox 820 4128 1212 4191; x_wconf 75' lang='lat' dir='ltr'>Laudathanc</span> <span class='ocrx_word' id='word_1_514' title='bbox 1226 4126 1678 4199; x_wconf 91' lang='lat' dir='ltr'>utsuperiorum</span> <span class='ocrx_word' id='word_1_515' title='bbox 1693 4142 1840 4199; x_wconf 87' lang='lat' dir='ltr'>quo-</span> 
     </span>
    </p>
   </div>
   <div class='ocr_carea' id='block_1_73' title="bbox 188 4214 1837 4291">
    <p class='ocr_par' dir='ltr' id='par_1_73' title="bbox 188 4214 1837 4291">
     <span class='ocr_line' id='line_1_73' title="bbox 188 4214 1837 4291; baseline -0.004 -15"><span class='ocrx_word' id='word_1_516' title='bbox 188 4234 303 4291; x_wconf 87' lang='lat' dir='ltr'>que</span> <span class='ocrx_word' id='word_1_517' title='bbox 329 4218 680 4276; x_wconf 90' lang='lat' dir='ltr'>Dominicus</span> <span class='ocrx_word' id='word_1_518' title='bbox 717 4219 873 4283; x_wconf 84' lang='lat' dir='ltr'>Mita,</span> <span class='ocrx_word' id='word_1_519' title='bbox 904 4221 959 4273; x_wconf 90' lang='lat' dir='ltr'>et</span> <span class='ocrx_word' id='word_1_520' title='bbox 984 4234 1055 4273; x_wconf 80' lang='lat' dir='ltr'>ex</span> <span class='ocrx_word' id='word_1_521' title='bbox 1080 4233 1150 4273; x_wconf 91' lang='lat' dir='ltr'>eo</span> <span class='ocrx_word' id='word_1_522' title='bbox 1175 4219 1262 4273; x_wconf 82' lang='lat' dir='ltr'>Jo.</span> <span class='ocrx_word' id='word_1_523' title='bbox 1284 4215 1415 4271; x_wconf 82' lang='lat' dir='ltr'>Alb.</span> <span class='ocrx_word' id='word_1_524' title='bbox 1452 4214 1751 4272; x_wconf 84' lang='lat' dir='ltr'>Fabricius</span> <span class='ocrx_word' id='word_1_525' title='bbox 1774 4214 1837 4270; x_wconf 92' lang='lat' dir='ltr'>in</span> 
     </span>
    </p>
   </div>
   <div class='ocr_carea' id='block_1_74' title="bbox 192 4303 1837 4379">
    <p class='ocr_par' dir='ltr' id='par_1_74' title="bbox 192 4303 1837 4379">
     <span class='ocr_line' id='line_1_74' title="bbox 192 4303 1837 4379; baseline -0.002 -17"><span class='ocrx_word' id='word_1_526' title='bbox 192 4308 327 4364; x_wconf 87' lang='lat' dir='ltr'>Bibl.</span> <span class='ocrx_word' id='word_1_527' title='bbox 362 4310 435 4363; x_wconf 75' lang='grc' dir='ltr'><strong>Μ.</strong></span> <span class='ocrx_word' id='word_1_528' title='bbox 461 4313 516 4364; x_wconf 88' lang='lat' dir='ltr'>et</span> <span class='ocrx_word' id='word_1_529' title='bbox 546 4307 651 4363; x_wconf 81' lang='lat' dir='ltr'>lnf.</span> <span class='ocrx_word' id='word_1_530' title='bbox 684 4309 808 4364; x_wconf 84' lang='lat' dir='ltr'>Lat.</span> <span class='ocrx_word' id='word_1_531' title='bbox 839 4307 941 4379; x_wconf 85' lang='lat' dir='ltr'>qui</span> <span class='ocrx_word' id='word_1_532' title='bbox 974 4305 1290 4363; x_wconf 87' lang='lat' dir='ltr'>voluminis</span> <span class='ocrx_word' id='word_1_533' title='bbox 1330 4305 1586 4360; x_wconf 84' lang='lat' dir='ltr'>formam</span> <span class='ocrx_word' id='word_1_534' title='bbox 1615 4303 1837 4377; x_wconf 89' lang='lat' dir='ltr'>ascrip-</span> 
     </span>
    </p>
   </div>
   <div class='ocr_carea' id='block_1_75' title="bbox 189 4390 1829 4453">
    <p class='ocr_par' dir='ltr' id='par_1_75' title="bbox 189 4390 1829 4453">
     <span class='ocr_line' id='line_1_75' title="bbox 189 4390 1829 4453; baseline -0.002 -3"><span class='ocrx_word' id='word_1_535' title='bbox 189 4398 276 4453; x_wconf 90' lang='lat' dir='ltr'>sit.</span> <span class='ocrx_word' id='word_1_536' title='bbox 309 4400 557 4453; x_wconf 78' lang='lat' dir='ltr'>Notatur</span> <span class='ocrx_word' id='word_1_537' title='bbox 585 4397 646 4453; x_wconf 91' lang='lat' dir='ltr'>in</span> <span class='ocrx_word' id='word_1_538' title='bbox 673 4395 796 4452; x_wconf 89' lang='lat' dir='ltr'>Cat.</span> <span class='ocrx_word' id='word_1_539' title='bbox 819 4396 957 4452; x_wconf 86' lang='lat' dir='ltr'>Bibl.</span> <span class='ocrx_word' id='word_1_540' title='bbox 975 4394 1261 4452; x_wconf 91' lang='lat' dir='ltr'>Bodl.abs</span> <span class='ocrx_word' id='word_1_541' title='bbox 1273 4392 1594 4449; x_wconf 89' lang='lat' dir='ltr'>voluminis</span> <span class='ocrx_word' id='word_1_542' title='bbox 1617 4390 1829 4449; x_wconf 84' lang='lat' dir='ltr'>forma.</span> 
     </span>
    </p>
   </div>
   <div class='ocr_carea' id='block_1_76' title="bbox 1965 3239 2688 3312">
    <p class='ocr_par' dir='ltr' id='par_1_76' title="bbox 1965 3239 2688 3312">
     <span class='ocr_line' id='line_1_76' title="bbox 1965 3239 2688 3312; baseline -0.003 -16"><span class='ocrx_word' id='word_1_543' title='bbox 1965 3240 2166 3297; x_wconf 90' lang='lat' dir='ltr'>nensis</span> <span class='ocrx_word' id='word_1_544' title='bbox 2191 3239 2491 3312; x_wconf 88' lang='lat' dir='ltr'>descripta</span> <span class='ocrx_word' id='word_1_545' title='bbox 2529 3242 2688 3295; x_wconf 89' lang='lat' dir='ltr'>sunt.</span> 
     </span>
    </p>
   </div>
   <div class='ocr_carea' id='block_1_77' title="bbox 2040 3326 3610 3399">
    <p class='ocr_par' dir='ltr' id='par_1_77' title="bbox 2040 3326 3610 3399">
     <span class='ocr_line' id='line_1_77' title="bbox 2040 3326 3610 3399; baseline -0.001 -14"><span class='ocrx_word' id='word_1_546' title='bbox 2040 3333 2188 3385; x_wconf 83' lang='lat'><strong>1612.</strong></span> <span class='ocrx_word' id='word_1_547' title='bbox 2220 3328 2496 3397; x_wconf 80' lang='lat' dir='ltr'>Parisiis,</span> <span class='ocrx_word' id='word_1_548' title='bbox 2529 3327 2685 3397; x_wconf 85' lang='lat' dir='ltr'>apud</span> <span class='ocrx_word' id='word_1_549' title='bbox 2707 3326 2943 3384; x_wconf 87' lang='lat' dir='ltr'>Hieron.</span> <span class='ocrx_word' id='word_1_550' title='bbox 2966 3327 3034 3383; x_wconf 85' lang='lat' dir='ltr'>de</span> <span class='ocrx_word' id='word_1_551' title='bbox 3055 3327 3335 3399; x_wconf 81' lang='lat' dir='ltr'>Marnef;</span> <span class='ocrx_word' id='word_1_552' title='bbox 3350 3329 3518 3385; x_wconf 69' lang='lat' dir='ltr'>iii-8°.</span> <span class='ocrx_word' id='word_1_553' title='bbox 3545 3331 3610 3384; x_wconf 85' lang='grc' dir='ltr'>Ι).</span> 
     </span>
    </p>
   </div>
   <div class='ocr_carea' id='block_1_78' title="bbox 1961 3413 3614 3487">
    <p class='ocr_par' dir='ltr' id='par_1_78' title="bbox 1961 3413 3614 3487">
     <span class='ocr_line' id='line_1_78' title="bbox 1961 3413 3614 3487; baseline -0.001 -16"><span class='ocrx_word' id='word_1_554' title='bbox 1961 3417 2111 3471; x_wconf 87' lang='lat' dir='ltr'>Petri</span> <span class='ocrx_word' id='word_1_555' title='bbox 2132 3415 2477 3487; x_wconf 84' lang='lat' dir='ltr'>Cbrysologi</span> <span class='ocrx_word' id='word_1_556' title='bbox 2520 3429 2675 3486; x_wconf 91' lang='lat' dir='ltr'>opus</span> <span class='ocrx_word' id='word_1_557' title='bbox 2722 3413 3114 3471; x_wconf 83' lang='lat' dir='ltr'>Homiliarum</span> <span class='ocrx_word' id='word_1_558' title='bbox 3147 3415 3269 3470; x_wconf 86' lang='lat' dir='ltr'>sive</span> <span class='ocrx_word' id='word_1_559' title='bbox 3301 3417 3614 3473; x_wconf 87' lang='lat' dir='ltr'>Sermones</span> 
     </span>
    </p>
   </div>
   <div class='ocr_carea' id='block_1_79' title="bbox 1958 3502 3609 3576">
    <p class='ocr_par' dir='ltr' id='par_1_79' title="bbox 1958 3502 3609 3576">
     <span class='ocr_line' id='line_1_79' title="bbox 1958 3502 3609 3576; baseline 0.001 -20"><span class='ocrx_word' id='word_1_560' title='bbox 1958 3504 2230 3559; x_wconf 83' lang='lat' dir='ltr'>CLXXVI.</span> <span class='ocrx_word' id='word_1_561' title='bbox 2268 3504 2525 3559; x_wconf 83' lang='lat' dir='ltr'>Accessit</span> <span class='ocrx_word' id='word_1_562' title='bbox 2563 3502 2829 3574; x_wconf 86' lang='lat' dir='ltr'>ejusdem</span> <span class='ocrx_word' id='word_1_563' title='bbox 2878 3502 3142 3576; x_wconf 89' lang='lat' dir='ltr'>Epistola</span> <span class='ocrx_word' id='word_1_564' title='bbox 3187 3503 3266 3560; x_wconf 89' lang='lat' dir='ltr'>ad</span> <span class='ocrx_word' id='word_1_565' title='bbox 3302 3503 3609 3575; x_wconf 85' lang='lat' dir='ltr'>Eutychen</span> 
     </span>
    </p>
   </div>
   <div class='ocr_carea' id='block_1_80' title="bbox 1957 3591 3612 3664">
    <p class='ocr_par' dir='ltr' id='par_1_80' title="bbox 1957 3591 3612 3664">
     <span class='ocr_line' id='line_1_80' title="bbox 1957 3591 3612 3664; baseline 0.001 -18"><span class='ocrx_word' id='word_1_566' title='bbox 1957 3592 2374 3664; x_wconf 87' lang='lat' dir='ltr'>presbyterum</span> <span class='ocrx_word' id='word_1_567' title='bbox 2403 3591 2603 3648; x_wconf 60' lang='lat' dir='ltr'>Graece</span> <span class='ocrx_word' id='word_1_568' title='bbox 2619 3596 2677 3648; x_wconf 90' lang='lat' dir='ltr'>et</span> <span class='ocrx_word' id='word_1_569' title='bbox 2700 3592 2926 3655; x_wconf 82' lang='lat' dir='ltr'>Latine.</span> <span class='ocrx_word' id='word_1_570' title='bbox 2948 3607 3087 3647; x_wconf 93' lang='lat' dir='ltr'>cum</span> <span class='ocrx_word' id='word_1_571' title='bbox 3099 3592 3254 3648; x_wconf 90' lang='lat' dir='ltr'>notis</span> <span class='ocrx_word' id='word_1_572' title='bbox 3268 3596 3321 3647; x_wconf 91' lang='lat' dir='ltr'>et</span> <span class='ocrx_word' id='word_1_573' title='bbox 3340 3591 3523 3647; x_wconf 82' lang='lat' dir='ltr'>variis</span> <span class='ocrx_word' id='word_1_574' title='bbox 3535 3591 3612 3647; x_wconf 89' lang='lat' dir='ltr'>le-</span> 
     </span>
    </p>
   </div>
   <div class='ocr_carea' id='block_1_81' title="bbox 1954 3679 3610 3739">
    <p class='ocr_par' dir='ltr' id='par_1_81' title="bbox 1954 3679 3610 3739">
     <span class='ocr_line' id='line_1_81' title="bbox 1954 3679 3610 3739; baseline 0.001 -3"><span class='ocrx_word' id='word_1_575' title='bbox 1954 3680 2251 3737; x_wconf 89' lang='lat' dir='ltr'>ctionibus</span> <span class='ocrx_word' id='word_1_576' title='bbox 2275 3697 2349 3737; x_wconf 80' lang='lat' dir='ltr'>ex</span> <span class='ocrx_word' id='word_1_577' title='bbox 2374 3696 2524 3737; x_wconf 86' lang='lat' dir='ltr'>mss.</span> <span class='ocrx_word' id='word_1_578' title='bbox 2548 3681 2728 3737; x_wconf 83' lang='lat' dir='ltr'>Vatic.</span> <span class='ocrx_word' id='word_1_579' title='bbox 2756 3684 2812 3737; x_wconf 91' lang='lat' dir='ltr'>et</span> <span class='ocrx_word' id='word_1_580' title='bbox 2828 3679 3253 3739; x_wconf 87' lang='lat' dir='ltr'>cardin.Sirleti</span> <span class='ocrx_word' id='word_1_581' title='bbox 3275 3680 3456 3737; x_wconf 86' lang='lat' dir='ltr'>edita.</span> <span class='ocrx_word' id='word_1_582' title='bbox 3483 3679 3610 3738; x_wconf 83' lang='lat' dir='ltr'>Cat.</span> 
     </span>
    </p>
   </div>
   <div class='ocr_carea' id='block_1_82' title="bbox 1955 3768 3609 3842">
    <p class='ocr_par' dir='ltr' id='par_1_82' title="bbox 1955 3768 3609 3842">
     <span class='ocr_line' id='line_1_82' title="bbox 1955 3768 3609 3842; baseline 0 -17"><span class='ocrx_word' id='word_1_583' title='bbox 1955 3769 2099 3828; x_wconf 91' lang='lat' dir='ltr'>Bibl.</span> <span class='ocrx_word' id='word_1_584' title='bbox 2137 3772 2284 3840; x_wconf 84' lang='lat' dir='ltr'>Reg.</span> <span class='ocrx_word' id='word_1_585' title='bbox 2312 3770 2512 3835; x_wconf 66' lang='lat' dir='ltr'>Paris,</span> <span class='ocrx_word' id='word_1_586' title='bbox 2546 3770 2720 3840; x_wconf 90' lang='lat' dir='ltr'>cujus</span> <span class='ocrx_word' id='word_1_587' title='bbox 2751 3768 3077 3840; x_wconf 81' lang='lat' dir='ltr'>exemplari</span> <span class='ocrx_word' id='word_1_588' title='bbox 3107 3769 3333 3842; x_wconf 88' lang='lat' dir='ltr'>passim</span> <span class='ocrx_word' id='word_1_589' title='bbox 3388 3768 3609 3825; x_wconf 69' lang='lat' dir='ltr'>addita:</span> 
     </span>
    </p>
   </div>
   <div class='ocr_carea' id='block_1_83' title="bbox 1953 3856 3604 3915">
    <p class='ocr_par' dir='ltr' id='par_1_83' title="bbox 1953 3856 3604 3915">
     <span class='ocr_line' id='line_1_83' title="bbox 1953 3856 3604 3915; baseline 0 -2"><span class='ocrx_word' id='word_1_590' title='bbox 1953 3867 2090 3914; x_wconf 90' lang='lat' dir='ltr'>sunt</span> <span class='ocrx_word' id='word_1_591' title='bbox 2106 3858 2550 3915; x_wconf 88' lang='lat' dir='ltr'>emendationas</span> <span class='ocrx_word' id='word_1_592' title='bbox 2568 3873 2641 3915; x_wconf 82' lang='lat' dir='ltr'>ex</span> <span class='ocrx_word' id='word_1_593' title='bbox 2662 3874 2771 3914; x_wconf 89' lang='lat' dir='ltr'>ms.</span> <span class='ocrx_word' id='word_1_594' title='bbox 2793 3856 2999 3913; x_wconf 87' lang='lat' dir='ltr'>codice</span> <span class='ocrx_word' id='word_1_595' title='bbox 3017 3856 3213 3913; x_wconf 91' lang='lat' dir='ltr'>studio</span> <span class='ocrx_word' id='word_1_596' title='bbox 3234 3859 3293 3914; x_wconf 89' lang='lat' dir='ltr'>T.</span> <span class='ocrx_word' id='word_1_597' title='bbox 3319 3857 3604 3914; x_wconf 86' lang='lat' dir='ltr'>Mantelli.</span> 
     </span>
    </p>
   </div>
   <div class='ocr_carea' id='block_1_84' title="bbox 2026 3945 3601 4019">
    <p class='ocr_par' dir='ltr' id='par_1_84' title="bbox 2026 3945 3601 4019">
     <span class='ocr_line' id='line_1_84' title="bbox 2026 3945 3601 4019; baseline -0.002 -15"><span class='ocrx_word' id='word_1_598' title='bbox 2026 3953 2179 4005; x_wconf 88' lang='lat'><strong>1613.</strong></span> <span class='ocrx_word' id='word_1_599' title='bbox 2231 3949 2669 4019; x_wconf 74' lang='lat' dir='ltr'>Moguntiw.....</span> <span class='ocrx_word' id='word_1_600' title='bbox 2699 3945 2853 4003; x_wconf 89' lang='lat' dir='ltr'>Petri</span> <span class='ocrx_word' id='word_1_601' title='bbox 2873 3945 3218 4016; x_wconf 84' lang='lat' dir='ltr'>Cbrysologi</span> <span class='ocrx_word' id='word_1_602' title='bbox 3264 3946 3601 4004; x_wconf 87' lang='lat' dir='ltr'>Sermones.</span> 
     </span>
    </p>
   </div>
   <div class='ocr_carea' id='block_1_85' title="bbox 1950 4036 2581 4093">
    <p class='ocr_par' dir='ltr' id='par_1_85' title="bbox 1950 4036 2581 4093">
     <span class='ocr_line' id='line_1_85' title="bbox 1950 4036 2581 4093; baseline 0.002 -3"><span class='ocrx_word' id='word_1_603' title='bbox 1950 4036 2122 4093; x_wconf 93' lang='lat' dir='ltr'>Dom.</span> <span class='ocrx_word' id='word_1_604' title='bbox 2156 4038 2291 4093; x_wconf 87' lang='lat' dir='ltr'>Mita</span> <span class='ocrx_word' id='word_1_605' title='bbox 2318 4037 2380 4092; x_wconf 93' lang='lat' dir='ltr'>in</span> <span class='ocrx_word' id='word_1_606' title='bbox 2411 4036 2581 4092; x_wconf 71' lang='lat' dir='ltr'>Prief.</span> 
     </span>
    </p>
   </div>
   <div class='ocr_carea' id='block_1_86' title="bbox 2022 4120 3600 4192">
    <p class='ocr_par' dir='ltr' id='par_1_86' title="bbox 2022 4120 3600 4192">
     <span class='ocr_line' id='line_1_86' title="bbox 2022 4120 3600 4192; baseline -0.004 -12"><span class='ocrx_word' id='word_1_607' title='bbox 2022 4128 2176 4180; x_wconf 76' lang='grc'><strong>1614.</strong></span> <span class='ocrx_word' id='word_1_608' title='bbox 2211 4125 2479 4190; x_wconf 87' lang='lat' dir='ltr'>Parisiis,</span> <span class='ocrx_word' id='word_1_609' title='bbox 2502 4122 2668 4192; x_wconf 87' lang='lat' dir='ltr'>apud</span> <span class='ocrx_word' id='word_1_610' title='bbox 2695 4121 3013 4178; x_wconf 84' lang='lat' dir='ltr'>Claudium</span> <span class='ocrx_word' id='word_1_611' title='bbox 3034 4120 3351 4176; x_wconf 81' lang='lat' dir='ltr'>Morellum</span> <span class='ocrx_word' id='word_1_612' title='bbox 3371 4136 3385 4185; x_wconf 91' lang='lat'><strong>;</strong></span> <span class='ocrx_word' id='word_1_613' title='bbox 3405 4120 3600 4189; x_wconf 82' lang='lat' dir='ltr'>in-fol.</span> 
     </span>
    </p>
   </div>
   <div class='ocr_carea' id='block_1_87' title="bbox 1948 4207 3602 4283">
    <p class='ocr_par' dir='ltr' id='par_1_87' title="bbox 1948 4207 3602 4283">
     <span class='ocr_line' id='line_1_87' title="bbox 1948 4207 3602 4283; baseline -0.004 -13"><span class='ocrx_word' id='word_1_614' title='bbox 1948 4216 2004 4271; x_wconf 95' lang='lat' dir='ltr'>S.</span> <span class='ocrx_word' id='word_1_615' title='bbox 2024 4213 2180 4269; x_wconf 87' lang='lat' dir='ltr'>Petri</span> <span class='ocrx_word' id='word_1_616' title='bbox 2200 4211 2545 4283; x_wconf 89' lang='lat' dir='ltr'>Cbrysologi</span> <span class='ocrx_word' id='word_1_617' title='bbox 2566 4208 2993 4280; x_wconf 87' lang='lat' dir='ltr'>archiepiscopi</span> <span class='ocrx_word' id='word_1_618' title='bbox 3024 4208 3383 4264; x_wconf 88' lang='lat' dir='ltr'>Ravennatis</span> <span class='ocrx_word' id='word_1_619' title='bbox 3404 4207 3602 4264; x_wconf 90' lang='lat' dir='ltr'>erudi-</span> 
     </span>
    </p>
   </div>
   <div class='ocr_carea' id='block_1_88' title="bbox 1943 4297 3597 4369">
    <p class='ocr_par' dir='ltr' id='par_1_88' title="bbox 1943 4297 3597 4369">
     <span class='ocr_line' id='line_1_88' title="bbox 1943 4297 3597 4369; baseline -0.003 -11"><span class='ocrx_word' id='word_1_620' title='bbox 1943 4302 2155 4359; x_wconf 88' lang='lat' dir='ltr'>tissimi</span> <span class='ocrx_word' id='word_1_621' title='bbox 2173 4306 2229 4357; x_wconf 91' lang='lat' dir='ltr'>et</span> <span class='ocrx_word' id='word_1_622' title='bbox 2253 4298 2614 4356; x_wconf 89' lang='lat' dir='ltr'>sanctissimi</span> <span class='ocrx_word' id='word_1_623' title='bbox 2632 4298 2982 4363; x_wconf 89' lang='lat' dir='ltr'>Sermones;</span> <span class='ocrx_word' id='word_1_624' title='bbox 3012 4311 3151 4353; x_wconf 91' lang='lat' dir='ltr'>cum</span> <span class='ocrx_word' id='word_1_625' title='bbox 3169 4297 3362 4353; x_wconf 88' lang='lat' dir='ltr'>Leone</span> <span class='ocrx_word' id='word_1_626' title='bbox 3386 4297 3597 4369; x_wconf 80' lang='lat' dir='ltr'>Magno</span> 
     </span>
    </p>
   </div>
   <div class='ocr_carea' id='block_1_89' title="bbox 1943 4386 2692 4448">
    <p class='ocr_par' dir='ltr' id='par_1_89' title="bbox 1943 4386 2692 4448">
     <span class='ocr_line' id='line_1_89' title="bbox 1943 4386 2692 4448; baseline -0.009 -1"><span class='ocrx_word' id='word_1_627' title='bbox 1943 4398 1999 4448; x_wconf 91' lang='lat' dir='ltr'>et</span> <span class='ocrx_word' id='word_1_628' title='bbox 2026 4391 2290 4447; x_wconf 71' lang='lat' dir='ltr'>Maximo</span> <span class='ocrx_word' id='word_1_629' title='bbox 2332 4386 2692 4444; x_wconf 86' lang='lat' dir='ltr'>Taurinensi</span> 
     </span>
    </p>
   </div>
   <div class='ocr_carea' id='block_1_90' title="bbox 262 4472 3589 4554">
    <p class='ocr_par' dir='ltr' id='par_1_90' title="bbox 262 4472 3589 4554">
     <span class='ocr_line' id='line_1_90' title="bbox 262 4472 3589 4554; baseline -0.002 -13"><span class='ocrx_word' id='word_1_630' title='bbox 262 4490 415 4542; x_wconf 63' lang='grc'><strong>1544.</strong></span> <span class='ocrx_word' id='word_1_631' title='bbox 449 4486 727 4550; x_wconf 80' lang='lat' dir='ltr'>Parisiis;</span> <span class='ocrx_word' id='word_1_632' title='bbox 759 4485 932 4550; x_wconf 87' lang='lat' dir='ltr'>in-80,</span> <span class='ocrx_word' id='word_1_633' title='bbox 958 4484 1021 4540; x_wconf 93' lang='lat' dir='ltr'>S.</span> <span class='ocrx_word' id='word_1_634' title='bbox 1056 4483 1205 4539; x_wconf 91' lang='lat' dir='ltr'>Petri</span> <span class='ocrx_word' id='word_1_635' title='bbox 1234 4480 1676 4554; x_wconf 89' lang='lat' dir='ltr'>Chrysologi....</span> <span class='ocrx_word' id='word_1_636' title='bbox 1711 4482 1835 4537; x_wconf 84' lang='lat' dir='ltr'>Ser-</span> <span class='ocrx_word' id='word_1_637' title='bbox 1870 4482 1913 4540; x_wconf 92' lang='lat' dir='ltr'>D</span> <span class='ocrx_word' id='word_1_638' title='bbox 2012 4482 2169 4535; x_wconf 90' lang='grc'><strong>1618.</strong></span> <span class='ocrx_word' id='word_1_639' title='bbox 2201 4478 2461 4547; x_wconf 86' lang='lat' dir='ltr'>Parisiis,</span> <span class='ocrx_word' id='word_1_640' title='bbox 2507 4480 2722 4546; x_wconf 87' lang='lat' dir='ltr'>sumpt.</span> <span class='ocrx_word' id='word_1_641' title='bbox 2752 4472 2972 4531; x_wconf 87' lang='lat' dir='ltr'>Sebast.</span> <span class='ocrx_word' id='word_1_642' title='bbox 3012 4474 3349 4545; x_wconf 82' lang='lat' dir='ltr'>Cramoisy;</span> <span class='ocrx_word' id='word_1_643' title='bbox 3388 4474 3589 4546; x_wconf 78' lang='lat' dir='ltr'>in-fol.</span> 
     </span>
    </p>
   </div>
   <div class='ocr_carea' id='block_1_91' title="bbox 184 4570 1832 4644">
    <p class='ocr_par' dir='ltr' id='par_1_91' title="bbox 184 4570 1832 4644">
     <span class='ocr_line' id='line_1_91' title="bbox 184 4570 1832 4644; baseline -0.004 -13"><span class='ocrx_word' id='word_1_644' title='bbox 184 4576 868 4632; x_wconf 88' lang='lat' dir='ltr'>mones.Commemorat</span> <span class='ocrx_word' id='word_1_645' title='bbox 880 4574 1035 4630; x_wconf 89' lang='lat' dir='ltr'>hanc</span> <span class='ocrx_word' id='word_1_646' title='bbox 1049 4572 1515 4644; x_wconf 87' lang='lat' dir='ltr'>descriptionem</span> <span class='ocrx_word' id='word_1_647' title='bbox 1528 4570 1832 4627; x_wconf 88' lang='lat' dir='ltr'>Fabricius</span> 
     </span>
    </p>
   </div>
   <div class='ocr_carea' id='block_1_92' title="bbox 182 4658 1831 4735">
    <p class='ocr_par' dir='ltr' id='par_1_92' title="bbox 182 4658 1831 4735">
     <span class='ocr_line' id='line_1_92' title="bbox 182 4658 1831 4735; baseline -0.004 -16"><span class='ocrx_word' id='word_1_648' title='bbox 182 4662 219 4719; x_wconf 91' lang='lat' dir='ltr'>l.</span> <span class='ocrx_word' id='word_1_649' title='bbox 253 4664 301 4731; x_wconf 83' lang='grc' dir='ltr'>Ι,</span> <span class='ocrx_word' id='word_1_650' title='bbox 332 4662 623 4735; x_wconf 86' lang='lat' dir='ltr'>additque</span> <span class='ocrx_word' id='word_1_651' title='bbox 647 4664 710 4719; x_wconf 91' lang='lat' dir='ltr'>in</span> <span class='ocrx_word' id='word_1_652' title='bbox 733 4662 1133 4734; x_wconf 81' lang='lat' dir='ltr'>Autographis</span> <span class='ocrx_word' id='word_1_653' title='bbox 1171 4658 1583 4732; x_wconf 91' lang='lat' dir='ltr'>Rudolphinis,</span> <span class='ocrx_word' id='word_1_654' title='bbox 1636 4663 1758 4714; x_wconf 90' lang='lat' dir='ltr'>tom</span> <span class='ocrx_word' id='word_1_655' title='bbox 1791 4660 1831 4727; x_wconf 91' lang='lat' dir='ltr'>l,</span> 
     </span>
    </p>
   </div>
   <div class='ocr_carea' id='block_1_93' title="bbox 182 4746 1830 4825">
    <p class='ocr_par' dir='ltr' id='par_1_93' title="bbox 182 4746 1830 4825">
     <span class='ocr_line' id='line_1_93' title="bbox 182 4746 1830 4825; baseline -0.003 -18"><span class='ocrx_word' id='word_1_656' title='bbox 182 4769 239 4825; x_wconf 88' lang='lat' dir='ltr'>p.</span> <span class='ocrx_word' id='word_1_657' title='bbox 270 4757 396 4819; x_wconf 71' lang='grc'><strong>467,</strong></span> <span class='ocrx_word' id='word_1_658' title='bbox 424 4767 559 4808; x_wconf 87' lang='lat' dir='ltr'>eam</span> <span class='ocrx_word' id='word_1_659' title='bbox 588 4757 798 4822; x_wconf 66' lang='lat' dir='ltr'>praeter</span> <span class='ocrx_word' id='word_1_660' title='bbox 824 4767 953 4808; x_wconf 91' lang='lat' dir='ltr'>rem</span> <span class='ocrx_word' id='word_1_661' title='bbox 980 4766 1089 4823; x_wconf 92' lang='lat' dir='ltr'>pro</span> <span class='ocrx_word' id='word_1_662' title='bbox 1115 4749 1312 4822; x_wconf 89' lang='lat' dir='ltr'>prima</span> <span class='ocrx_word' id='word_1_663' title='bbox 1336 4747 1647 4804; x_wconf 88' lang='lat' dir='ltr'>venditari.</span> <span class='ocrx_word' id='word_1_664' title='bbox 1672 4749 1744 4802; x_wconf 78' lang='lat' dir='ltr'>At</span> <span class='ocrx_word' id='word_1_665' title='bbox 1769 4746 1830 4802; x_wconf 95' lang='lat' dir='ltr'>in</span> 
     </span>
    </p>
   </div>
   <div class='ocr_carea' id='block_1_94' title="bbox 184 4836 1826 4903">
    <p class='ocr_par' dir='ltr' id='par_1_94' title="bbox 184 4836 1826 4903">
     <span class='ocr_line' id='line_1_94' title="bbox 184 4836 1826 4903; baseline -0.005 -3"><span class='ocrx_word' id='word_1_666' title='bbox 184 4841 331 4900; x_wconf 87' lang='lat' dir='ltr'>Cod.</span> <span class='ocrx_word' id='word_1_667' title='bbox 364 4841 517 4897; x_wconf 86' lang='lat' dir='ltr'>Bibl.</span> <span class='ocrx_word' id='word_1_668' title='bbox 568 4840 909 4897; x_wconf 82' lang='lat' dir='ltr'>Bodleiame</span> <span class='ocrx_word' id='word_1_669' title='bbox 937 4842 1123 4895; x_wconf 82' lang='lat' dir='ltr'>exstat</span> <span class='ocrx_word' id='word_1_670' title='bbox 1161 4838 1341 4894; x_wconf 87' lang='lat' dir='ltr'>editio</span> <span class='ocrx_word' id='word_1_671' title='bbox 1384 4836 1618 4893; x_wconf 85' lang='lat' dir='ltr'>Parisiis</span> <span class='ocrx_word' id='word_1_672' title='bbox 1669 4837 1826 4903; x_wconf 76' lang='grc'><strong>1545,</strong></span> 
     </span>
    </p>
   </div>
   <div class='ocr_carea' id='block_1_95' title="bbox 179 4925 1595 5003">
    <p class='ocr_par' dir='ltr' id='par_1_95' title="bbox 179 4925 1595 5003">
     <span class='ocr_line' id='line_1_95' title="bbox 179 4925 1595 5003; baseline -0.006 -16"><span class='ocrx_word' id='word_1_673' title='bbox 179 4930 341 4997; x_wconf 63' lang='grc' dir='ltr'>ἰαιϐο,</span> <span class='ocrx_word' id='word_1_674' title='bbox 370 4946 513 5003; x_wconf 76' lang='lat' dir='ltr'>quin</span> <span class='ocrx_word' id='word_1_675' title='bbox 541 4929 828 4986; x_wconf 87' lang='lat' dir='ltr'>eademne</span> <span class='ocrx_word' id='word_1_676' title='bbox 857 4928 948 4994; x_wconf 89' lang='lat' dir='ltr'>sit,</span> <span class='ocrx_word' id='word_1_677' title='bbox 982 4944 1058 4985; x_wconf 90' lang='lat' dir='ltr'>an</span> <span class='ocrx_word' id='word_1_678' title='bbox 1087 4927 1344 4991; x_wconf 87' lang='lat' dir='ltr'>diversa,</span> <span class='ocrx_word' id='word_1_679' title='bbox 1375 4925 1595 4982; x_wconf 89' lang='lat' dir='ltr'>nescio.</span> 
     </span>
    </p>
   </div>
   <div class='ocr_carea' id='block_1_96' title="bbox 249 5014 1825 5087">
    <p class='ocr_par' dir='ltr' id='par_1_96' title="bbox 249 5014 1825 5087">
     <span class='ocr_line' id='line_1_96' title="bbox 249 5014 1825 5087; baseline -0.001 -14"><span class='ocrx_word' id='word_1_680' title='bbox 249 5021 409 5076; x_wconf 66' lang='grc'><strong>1574.</strong></span> <span class='ocrx_word' id='word_1_681' title='bbox 442 5018 713 5083; x_wconf 85' lang='lat' dir='ltr'>Parisiis,</span> <span class='ocrx_word' id='word_1_682' title='bbox 732 5018 897 5087; x_wconf 83' lang='lat' dir='ltr'>apud</span> <span class='ocrx_word' id='word_1_683' title='bbox 914 5019 1263 5086; x_wconf 82' lang='lat' dir='ltr'>Hieronym.</span> <span class='ocrx_word' id='word_1_684' title='bbox 1288 5014 1631 5086; x_wconf 82' lang='lat' dir='ltr'>deMarnef;</span> <span class='ocrx_word' id='word_1_685' title='bbox 1654 5015 1825 5085; x_wconf 87' lang='lat' dir='ltr'>in-8°,</span> 
     </span>
    </p>
   </div>
   <div class='ocr_carea' id='block_1_97' title="bbox 177 5106 1158 5179">
    <p class='ocr_par' dir='ltr' id='par_1_97' title="bbox 177 5106 1158 5179">
     <span class='ocr_line' id='line_1_97' title="bbox 177 5106 1158 5179; baseline -0.001 -20"><span class='ocrx_word' id='word_1_686' title='bbox 177 5108 228 5161; x_wconf 92' lang='lat' dir='ltr'>S.</span> <span class='ocrx_word' id='word_1_687' title='bbox 264 5107 418 5163; x_wconf 89' lang='lat' dir='ltr'>Petri</span> <span class='ocrx_word' id='word_1_688' title='bbox 449 5106 797 5179; x_wconf 83' lang='lat' dir='ltr'>Cbrysologi</span> <span class='ocrx_word' id='word_1_689' title='bbox 826 5108 1158 5163; x_wconf 88' lang='lat' dir='ltr'>Sermones.</span> 
     </span>
    </p>
   </div>
   <div class='ocr_carea' id='block_1_98' title="bbox 247 5193 1826 5264">
    <p class='ocr_par' dir='ltr' id='par_1_98' title="bbox 247 5193 1826 5264">
     <span class='ocr_line' id='line_1_98' title="bbox 247 5193 1826 5264; baseline -0.002 -12"><span class='ocrx_word' id='word_1_690' title='bbox 247 5200 309 5252; x_wconf 92' lang='lat' dir='ltr'>ln</span> <span class='ocrx_word' id='word_1_691' title='bbox 329 5197 493 5252; x_wconf 89' lang='lat' dir='ltr'>hanc</span> <span class='ocrx_word' id='word_1_692' title='bbox 511 5195 831 5252; x_wconf 90' lang='lat' dir='ltr'>editionem</span> <span class='ocrx_word' id='word_1_693' title='bbox 849 5194 1297 5251; x_wconf 87' lang='lat' dir='ltr'>emendationes</span> <span class='ocrx_word' id='word_1_694' title='bbox 1319 5208 1458 5249; x_wconf 90' lang='lat' dir='ltr'>suas</span> <span class='ocrx_word' id='word_1_695' title='bbox 1480 5193 1712 5264; x_wconf 88' lang='lat' dir='ltr'>scripsit</span> <span class='ocrx_word' id='word_1_696' title='bbox 1727 5195 1826 5249; x_wconf 88' lang='lat' dir='ltr'>La-</span> 
     </span>
    </p>
   </div>
   <div class='ocr_carea' id='block_1_99' title="bbox 175 5281 1821 5353">
    <p class='ocr_par' dir='ltr' id='par_1_99' title="bbox 175 5281 1821 5353">
     <span class='ocr_line' id='line_1_99' title="bbox 175 5281 1821 5353; baseline -0.001 -13"><span class='ocrx_word' id='word_1_697' title='bbox 175 5286 327 5341; x_wconf 89' lang='lat' dir='ltr'>tinus</span> <span class='ocrx_word' id='word_1_698' title='bbox 345 5284 942 5341; x_wconf 73' lang='lat' dir='ltr'>Latinius.l&quot;abricius</span> <span class='ocrx_word' id='word_1_699' title='bbox 956 5285 1173 5340; x_wconf 83' lang='lat' dir='ltr'>octonis</span> <span class='ocrx_word' id='word_1_700' title='bbox 1188 5283 1404 5339; x_wconf 83' lang='lat' dir='ltr'>factam</span> <span class='ocrx_word' id='word_1_701' title='bbox 1417 5296 1544 5339; x_wconf 90' lang='lat' dir='ltr'>esse</span> <span class='ocrx_word' id='word_1_702' title='bbox 1557 5281 1821 5353; x_wconf 89' lang='lat' dir='ltr'>prodidit.</span> 
     </span>
    </p>
   </div>
   <div class='ocr_carea' id='block_1_100' title="bbox 176 5370 1820 5447">
    <p class='ocr_par' dir='ltr' id='par_1_100' title="bbox 176 5370 1820 5447">
     <span class='ocr_line' id='line_1_100' title="bbox 176 5370 1820 5447; baseline -0.004 -16"><span class='ocrx_word' id='word_1_703' title='bbox 176 5376 332 5447; x_wconf 80' lang='lat' dir='ltr'>Apud</span> <span class='ocrx_word' id='word_1_704' title='bbox 348 5377 522 5431; x_wconf 89' lang='lat' dir='ltr'>Dom.</span> <span class='ocrx_word' id='word_1_705' title='bbox 544 5375 739 5431; x_wconf 78' lang='lat' dir='ltr'>Mitem</span> <span class='ocrx_word' id='word_1_706' title='bbox 752 5372 1027 5429; x_wconf 90' lang='lat' dir='ltr'>laudatur</span> <span class='ocrx_word' id='word_1_707' title='bbox 1040 5372 1219 5429; x_wconf 90' lang='lat' dir='ltr'>editio</span> <span class='ocrx_word' id='word_1_708' title='bbox 1234 5370 1572 5428; x_wconf 83' lang='lat' dir='ltr'>Parisiensis</span> <span class='ocrx_word' id='word_1_709' title='bbox 1586 5386 1640 5426; x_wconf 92' lang='lat' dir='ltr'>a.</span> <span class='ocrx_word' id='word_1_710' title='bbox 1673 5376 1820 5426; x_wconf 83' lang='lat'><strong>1575.</strong></span> 
     </span>
    </p>
   </div>
   <div class='ocr_carea' id='block_1_101' title="bbox 246 5458 1821 5533">
    <p class='ocr_par' dir='ltr' id='par_1_101' title="bbox 246 5458 1821 5533">
     <span class='ocr_line' id='line_1_101' title="bbox 246 5458 1821 5533; baseline -0.004 -13"><span class='ocrx_word' id='word_1_711' title='bbox 246 5466 399 5521; x_wconf 75' lang='grc'><strong>1577.</strong></span> <span class='ocrx_word' id='word_1_712' title='bbox 432 5464 899 5532; x_wconf 52' lang='lat' dir='ltr'>Amiterna...&quot;</span> <span class='ocrx_word' id='word_1_713' title='bbox 928 5464 1073 5516; x_wconf 86' lang='lat' dir='ltr'>Petri</span> <span class='ocrx_word' id='word_1_714' title='bbox 1109 5458 1459 5533; x_wconf 81' lang='lat' dir='ltr'>Cbrysologi</span> <span class='ocrx_word' id='word_1_715' title='bbox 1501 5461 1821 5517; x_wconf 75' lang='lat' dir='ltr'>Sermones.</span> 
     </span>
    </p>
   </div>
   <div class='ocr_carea' id='block_1_102' title="bbox 178 5548 1055 5624">
    <p class='ocr_par' dir='ltr' id='par_1_102' title="bbox 178 5548 1055 5624">
     <span class='ocr_line' id='line_1_102' title="bbox 178 5548 1055 5624; baseline 0.001 -17"><span class='ocrx_word' id='word_1_716' title='bbox 178 5552 402 5611; x_wconf 88' lang='lat' dir='ltr'>Laudat</span> <span class='ocrx_word' id='word_1_717' title='bbox 429 5554 566 5611; x_wconf 78' lang='lat' dir='ltr'>Mita</span> <span class='ocrx_word' id='word_1_718' title='bbox 596 5552 657 5608; x_wconf 91' lang='lat' dir='ltr'>in</span> <span class='ocrx_word' id='word_1_719' title='bbox 688 5548 1055 5624; x_wconf 68' lang='lat' dir='ltr'>praefatione.</span> 
     </span>
    </p>
   </div>
   <div class='ocr_carea' id='block_1_103' title="bbox 1940 4562 3594 4638">
    <p class='ocr_par' dir='ltr' id='par_1_103' title="bbox 1940 4562 3594 4638">
     <span class='ocr_line' id='line_1_103' title="bbox 1940 4562 3594 4638; baseline -0.002 -15"><span class='ocrx_word' id='word_1_720' title='bbox 1940 4569 1996 4624; x_wconf 94' lang='lat' dir='ltr'>S.</span> <span class='ocrx_word' id='word_1_721' title='bbox 2026 4568 2174 4624; x_wconf 88' lang='lat' dir='ltr'>Petri</span> <span class='ocrx_word' id='word_1_722' title='bbox 2202 4564 2624 4638; x_wconf 87' lang='lat' dir='ltr'>Cbrysologi...</span> <span class='ocrx_word' id='word_1_723' title='bbox 2656 4566 3000 4628; x_wconf 89' lang='lat' dir='ltr'>Sermones;</span> <span class='ocrx_word' id='word_1_724' title='bbox 3029 4578 3169 4619; x_wconf 91' lang='lat' dir='ltr'>cum</span> <span class='ocrx_word' id='word_1_725' title='bbox 3194 4562 3407 4619; x_wconf 89' lang='lat' dir='ltr'>iisdem</span> <span class='ocrx_word' id='word_1_726' title='bbox 3432 4578 3594 4635; x_wconf 86' lang='lat' dir='ltr'>repe-</span> 
     </span>
    </p>
   </div>
   <div class='ocr_carea' id='block_1_104' title="bbox 1943 4655 2382 4714">
    <p class='ocr_par' dir='ltr' id='par_1_104' title="bbox 1943 4655 2382 4714">
     <span class='ocr_line' id='line_1_104' title="bbox 1943 4655 2382 4714; baseline -0.011 0"><span class='ocrx_word' id='word_1_727' title='bbox 1943 4657 2059 4714; x_wconf 73' lang='lat' dir='ltr'>titas</span> <span class='ocrx_word' id='word_1_728' title='bbox 2086 4655 2382 4712; x_wconf 88' lang='lat' dir='ltr'>editionis.</span> 
     </span>
    </p>
   </div>
   <div class='ocr_carea' id='block_1_105' title="bbox 2016 4739 3597 4811">
    <p class='ocr_par' dir='ltr' id='par_1_105' title="bbox 2016 4739 3597 4811">
     <span class='ocr_line' id='line_1_105' title="bbox 2016 4739 3597 4811; baseline -0.003 -10"><span class='ocrx_word' id='word_1_729' title='bbox 2016 4749 2170 4801; x_wconf 87' lang='lat'><strong>1618.</strong></span> <span class='ocrx_word' id='word_1_730' title='bbox 2213 4744 2493 4810; x_wconf 64' lang='lat' dir='ltr'>Coloniae,</span> <span class='ocrx_word' id='word_1_731' title='bbox 2524 4740 2690 4811; x_wconf 87' lang='lat' dir='ltr'>apud</span> <span class='ocrx_word' id='word_1_732' title='bbox 2730 4742 2868 4797; x_wconf 86' lang='lat' dir='ltr'>Ant.</span> <span class='ocrx_word' id='word_1_733' title='bbox 2908 4739 3166 4809; x_wconf 85' lang='lat' dir='ltr'>Hierat;</span> <span class='ocrx_word' id='word_1_734' title='bbox 3192 4740 3402 4809; x_wconf 82' lang='lat' dir='ltr'>in-fol.</span> <span class='ocrx_word' id='word_1_735' title='bbox 3443 4740 3597 4797; x_wconf 86' lang='lat' dir='ltr'>Petri</span> 
     </span>
    </p>
   </div>
   <div class='ocr_carea' id='block_1_106' title="bbox 1939 4827 3595 4907">
    <p class='ocr_par' dir='ltr' id='par_1_106' title="bbox 1939 4827 3595 4907">
     <span class='ocr_line' id='line_1_106' title="bbox 1939 4827 3595 4907; baseline -0.004 -16"><span class='ocrx_word' id='word_1_736' title='bbox 1939 4833 2288 4907; x_wconf 87' lang='lat' dir='ltr'>Cbrysologi</span> <span class='ocrx_word' id='word_1_737' title='bbox 2307 4831 2574 4906; x_wconf 90' lang='lat' dir='ltr'>episcopi</span> <span class='ocrx_word' id='word_1_738' title='bbox 2594 4829 2948 4887; x_wconf 85' lang='lat' dir='ltr'>Ravennatis</span> <span class='ocrx_word' id='word_1_739' title='bbox 2965 4827 3227 4885; x_wconf 74' lang='lat' dir='ltr'>homilite</span> <span class='ocrx_word' id='word_1_740' title='bbox 3244 4828 3319 4884; x_wconf 92' lang='lat' dir='ltr'>de</span> <span class='ocrx_word' id='word_1_741' title='bbox 3334 4829 3595 4886; x_wconf 88' lang='lat' dir='ltr'>Domini-</span> 
     </span>
    </p>
   </div>
   <div class='ocr_carea' id='block_1_107' title="bbox 1938 4917 3592 4996">
    <p class='ocr_par' dir='ltr' id='par_1_107' title="bbox 1938 4917 3592 4996">
     <span class='ocr_line' id='line_1_107' title="bbox 1938 4917 3592 4996; baseline -0.007 -15"><span class='ocrx_word' id='word_1_742' title='bbox 1938 4924 2021 4981; x_wconf 90' lang='lat' dir='ltr'>cis</span> <span class='ocrx_word' id='word_1_743' title='bbox 2042 4929 2098 4980; x_wconf 89' lang='lat' dir='ltr'>et</span> <span class='ocrx_word' id='word_1_744' title='bbox 2114 4924 2293 4980; x_wconf 88' lang='lat' dir='ltr'>Festis</span> <span class='ocrx_word' id='word_1_745' title='bbox 2304 4922 2532 4996; x_wconf 90' lang='lat' dir='ltr'>aliquot</span> <span class='ocrx_word' id='word_1_746' title='bbox 2546 4919 3009 4978; x_wconf 89' lang='lat' dir='ltr'>solemnioribus</span> <span class='ocrx_word' id='word_1_747' title='bbox 3029 4919 3207 4975; x_wconf 89' lang='lat' dir='ltr'>totius</span> <span class='ocrx_word' id='word_1_748' title='bbox 3221 4918 3463 4987; x_wconf 83' lang='lat' dir='ltr'>anni,ex</span> <span class='ocrx_word' id='word_1_749' title='bbox 3482 4917 3592 4971; x_wconf 88' lang='lat' dir='ltr'>im-</span> 
     </span>
    </p>
   </div>
   <div class='ocr_carea' id='block_1_108' title="bbox 1935 5004 3589 5088">
    <p class='ocr_par' dir='ltr' id='par_1_108' title="bbox 1935 5004 3589 5088">
     <span class='ocr_line' id='line_1_108' title="bbox 1935 5004 3589 5088; baseline -0.008 -16"><span class='ocrx_word' id='word_1_750' title='bbox 1935 5013 2247 5088; x_wconf 87' lang='lat' dir='ltr'>pressione</span> <span class='ocrx_word' id='word_1_751' title='bbox 2263 5009 2585 5069; x_wconf 87' lang='lat' dir='ltr'>Parisiensi</span> <span class='ocrx_word' id='word_1_752' title='bbox 2598 5026 2612 5077; x_wconf 88' lang='lat'><strong>;</strong></span> <span class='ocrx_word' id='word_1_753' title='bbox 2626 5008 2899 5081; x_wconf 86' lang='lat' dir='ltr'>ejusdem</span> <span class='ocrx_word' id='word_1_754' title='bbox 2921 5006 3183 5080; x_wconf 89' lang='lat' dir='ltr'>Epistola</span> <span class='ocrx_word' id='word_1_755' title='bbox 3195 5006 3273 5063; x_wconf 89' lang='lat' dir='ltr'>ad</span> <span class='ocrx_word' id='word_1_756' title='bbox 3287 5004 3589 5076; x_wconf 89' lang='lat' dir='ltr'>Eutychen</span> 
     </span>
    </p>
   </div>
   <div class='ocr_carea' id='block_1_109' title="bbox 1935 5092 3586 5164">
    <p class='ocr_par' dir='ltr' id='par_1_109' title="bbox 1935 5092 3586 5164">
     <span class='ocr_line' id='line_1_109' title="bbox 1935 5092 3586 5164; baseline -0.007 -6"><span class='ocrx_word' id='word_1_757' title='bbox 1935 5119 2074 5159; x_wconf 92' lang='lat' dir='ltr'>cum</span> <span class='ocrx_word' id='word_1_758' title='bbox 2101 5103 2261 5159; x_wconf 86' lang='lat' dir='ltr'>Notis</span> <span class='ocrx_word' id='word_1_759' title='bbox 2285 5100 2536 5159; x_wconf 88' lang='lat' dir='ltr'>Gerardi</span> <span class='ocrx_word' id='word_1_760' title='bbox 2562 5098 2742 5156; x_wconf 88' lang='lat' dir='ltr'>Vossii</span> <span class='ocrx_word' id='word_1_761' title='bbox 2768 5115 2781 5164; x_wconf 91' lang='lat'><strong>;</strong></span> <span class='ocrx_word' id='word_1_762' title='bbox 2814 5098 2877 5153; x_wconf 91' lang='lat' dir='ltr'>in</span> <span class='ocrx_word' id='word_1_763' title='bbox 2900 5096 3050 5151; x_wconf 82' lang='lat' dir='ltr'>Bibl.</span> <span class='ocrx_word' id='word_1_764' title='bbox 3080 5096 3202 5149; x_wconf 85' lang='lat' dir='ltr'>PP.</span> <span class='ocrx_word' id='word_1_765' title='bbox 3244 5098 3281 5149; x_wconf 92' lang='lat' dir='ltr'>t.</span> <span class='ocrx_word' id='word_1_766' title='bbox 3312 5092 3381 5158; x_wconf 90' lang='lat' dir='ltr'>V,</span> <span class='ocrx_word' id='word_1_767' title='bbox 3404 5106 3463 5164; x_wconf 90' lang='lat' dir='ltr'>p.</span> <span class='ocrx_word' id='word_1_768' title='bbox 3502 5094 3586 5147; x_wconf 89' lang='grc'>11.</span> 
     </span>
    </p>
   </div>
   <div class='ocr_carea' id='block_1_110' title="bbox 2009 5180 3586 5262">
    <p class='ocr_par' dir='ltr' id='par_1_110' title="bbox 2009 5180 3586 5262">
     <span class='ocr_line' id='line_1_110' title="bbox 2009 5180 3586 5262; baseline -0.007 -15"><span class='ocrx_word' id='word_1_769' title='bbox 2009 5194 2163 5247; x_wconf 76' lang='grc'><strong>1623.</strong></span> <span class='ocrx_word' id='word_1_770' title='bbox 2179 5185 2939 5262; x_wconf 82' lang='lat' dir='ltr'>Lugduni,sumpt.Claudii</span> <span class='ocrx_word' id='word_1_771' title='bbox 2952 5182 3194 5252; x_wconf 83' lang='lat' dir='ltr'>Landry</span> <span class='ocrx_word' id='word_1_772' title='bbox 3206 5194 3228 5251; x_wconf 91' lang='grc'>,·</span> <span class='ocrx_word' id='word_1_773' title='bbox 3240 5180 3586 5251; x_wconf 83' lang='lat' dir='ltr'>in-fol.Petri</span> 
     </span>
    </p>
   </div>
   <div class='ocr_carea' id='block_1_111' title="bbox 1932 5269 3589 5352">
    <p class='ocr_par' dir='ltr' id='par_1_111' title="bbox 1932 5269 3589 5352">
     <span class='ocr_line' id='line_1_111' title="bbox 1932 5269 3589 5352; baseline -0.006 -15"><span class='ocrx_word' id='word_1_774' title='bbox 1932 5278 2373 5352; x_wconf 85' lang='lat' dir='ltr'>Chrysologi....</span> <span class='ocrx_word' id='word_1_775' title='bbox 2399 5280 2740 5343; x_wconf 84' lang='lat' dir='ltr'>Sermones;</span> <span class='ocrx_word' id='word_1_776' title='bbox 2773 5289 2912 5329; x_wconf 92' lang='lat' dir='ltr'>cum</span> <span class='ocrx_word' id='word_1_777' title='bbox 2948 5274 3128 5327; x_wconf 87' lang='lat' dir='ltr'>Leone</span> <span class='ocrx_word' id='word_1_778' title='bbox 3152 5270 3237 5326; x_wconf 86' lang='grc' dir='ltr'><strong>Μ.</strong></span> <span class='ocrx_word' id='word_1_779' title='bbox 3266 5274 3323 5326; x_wconf 92' lang='lat' dir='ltr'>et</span> <span class='ocrx_word' id='word_1_780' title='bbox 3338 5269 3469 5327; x_wconf 90' lang='lat' dir='ltr'>aliis</span> <span class='ocrx_word' id='word_1_781' title='bbox 3488 5270 3589 5327; x_wconf 87' lang='lat' dir='ltr'>ho-</span> 
     </span>
    </p>
   </div>
   <div class='ocr_carea' id='block_1_112' title="bbox 1934 5360 3588 5432">
    <p class='ocr_par' dir='ltr' id='par_1_112' title="bbox 1934 5360 3588 5432">
     <span class='ocr_line' id='line_1_112' title="bbox 1934 5360 3588 5432; baseline -0.007 -6"><span class='ocrx_word' id='word_1_782' title='bbox 1934 5369 2232 5426; x_wconf 90' lang='lat' dir='ltr'>miliarum</span> <span class='ocrx_word' id='word_1_783' title='bbox 2250 5369 2611 5425; x_wconf 87' lang='lat' dir='ltr'>auctoribus.</span> <span class='ocrx_word' id='word_1_784' title='bbox 2636 5362 2978 5421; x_wconf 90' lang='lat' dir='ltr'>Dominicus</span> <span class='ocrx_word' id='word_1_785' title='bbox 3000 5360 3145 5418; x_wconf 89' lang='lat' dir='ltr'>Mita</span> <span class='ocrx_word' id='word_1_786' title='bbox 3161 5360 3588 5432; x_wconf 88' lang='lat' dir='ltr'>Lugdunenses</span> 
     </span>
    </p>
   </div>
   <div class='ocr_carea' id='block_1_113' title="bbox 1933 5452 3584 5530">
    <p class='ocr_par' dir='ltr' id='par_1_113' title="bbox 1933 5452 3584 5530">
     <span class='ocr_line' id='line_1_113' title="bbox 1933 5452 3584 5530; baseline -0.004 -15"><span class='ocrx_word' id='word_1_787' title='bbox 1933 5458 2223 5515; x_wconf 88' lang='lat' dir='ltr'>editiones</span> <span class='ocrx_word' id='word_1_788' title='bbox 2275 5463 2488 5530; x_wconf 77' lang='lat' dir='ltr'>prester</span> <span class='ocrx_word' id='word_1_789' title='bbox 2523 5455 2681 5511; x_wconf 89' lang='lat' dir='ltr'>hanc</span> <span class='ocrx_word' id='word_1_790' title='bbox 2717 5456 3029 5509; x_wconf 86' lang='lat' dir='ltr'>enumerat</span> <span class='ocrx_word' id='word_1_791' title='bbox 3081 5465 3375 5508; x_wconf 89' lang='lat' dir='ltr'>annorum</span> <span class='ocrx_word' id='word_1_792' title='bbox 3431 5452 3584 5508; x_wconf 80' lang='lat'><strong>1622.</strong></span> 
     </span>
    </p>
   </div>
   <div class='ocr_carea' id='block_1_114' title="bbox 1936 5547 2553 5615">
    <p class='ocr_par' dir='ltr' id='par_1_114' title="bbox 1936 5547 2553 5615">
     <span class='ocr_line' id='line_1_114' title="bbox 1936 5547 2553 5615; baseline -0.008 -12"><span class='ocrx_word' id='word_1_793' title='bbox 1936 5549 2099 5615; x_wconf 76' lang='grc'><strong>1627,</strong></span> <span class='ocrx_word' id='word_1_794' title='bbox 2134 5548 2267 5603; x_wconf 73' lang='grc'><strong>1634</strong></span> <span class='ocrx_word' id='word_1_795' title='bbox 2307 5549 2364 5602; x_wconf 87' lang='lat' dir='ltr'>et</span> <span class='ocrx_word' id='word_1_796' title='bbox 2397 5547 2553 5600; x_wconf 83' lang='grc'><strong>1636.</strong></span> 
     </span>
    </p>
   </div>
  </div>
