4012 6184
398 292 471 352 83
1251 275 1322 340 IN
1368 283 1426 340 S.
1475 265 1767 339 PETRUM
1813 259 2341 331 CHRYSOLOGUM
2387 263 2951 331 PROLEGOMENA.
3731 259 3802 327 85,

471 421 629 480 1631,
687 414 1054 472 Parisiis.....
1112 411 1264 466 Petri
1314 406 1664 480 Chrysologi
1713 405 2046 460 Sermones.
2084 393 3802 467 Astudiosecollectametordinatimdigestamaddidit,eique

400 508 604 568 Nescio
654 519 731 561 an
790 519 926 558 cum
972 499 1188 556 iisdem
1238 496 1600 560 auctoribus,
1636 509 1713 550 an
1767 488 2042 546 seorsim.

403 597 632 654 Laudat
671 597 838 648 Dom.
877 589 1033 645 Mita.

475 686 630 740 1633.
662 679 1046 750 Lugduni.....
1072 675 1278 744 in-fol.
1302 673 1361 729 S.
1387 672 1536 729 Petri
1558 666 1908 742 Chrysologi
1929 665 2055 720 Ser-

404 787 613 829 mones
634 781 654 839 ;
672 769 731 822 in
759 765 1022 836 Heptade
1050 763 1371 832 praemium
1393 762 1747 817 Christiana
1763 755 2054 825 sapientia

404 868 458 916 et
488 856 782 931 facundia
809 853 1268 908 clarissimorum
1301 853 1548 907 Tnzoru.
1581 852 1881 906 Humum.

475 945 732 1002 Accessit
762 941 1021 1012 Epistula
1052 942 1129 996 ad
1152 940 1508 1010 Eutychem;
1541 937 1682 994 item
1715 937 1836 991 Vita
1874 933 2051 1004 Chry-

410 1036 610 1104 sologi,
647 1031 1051 1089 testimonium
1078 1029 1378 1085 '1‘rithemii
1410 1033 1464 1084 et
1493 1028 1670 1083 index
1695 1024 1929 1097 duplex.

480 1127 634 1179 1636.
661 1121 997 1178 Venetiis....
1020 1118 1164 1174 Petri
1185 1118 1864 1190 ChrysologiSermones
1892 1116 2058 1169 Teste

409 1211 565 1268 Mita.

480 1298 638 1355 1636.
669 1297 1061 1354 Bononiae..."
1095 1295 1299 1351 Iidem.
1324 1295 1545 1351 Eodem
1575 1301 1885 1367 sponsore.

483 1391 635 1444 1643.
692 1385 988 1450 Bononiae,
1019 1399 1127 1453 per
1179 1384 1497 1442 Nicolaum
1556 1384 1636 1437 du
1668 1381 1854 1450 Solie’;
1889 1379 1948 1433 in
1980 1380 2057 1432 4ο.

409 1477 470 1531 D.
503 1475 649 1530 Petri
696 1474 1042 1545 Chrysologi
1071 1472 1622 1538 Forocorneliensis,
1651 1471 2063 1528 Ravennatum

409 1562 1032 1634 archiepiscopi,llomi
1061 1561 1152 1617 liae
1169 1577 1372 1629 sacras,
1400 1562 1518 1616 sive
1544 1563 1856 1617 Sermones
1877 1556 2060 1622 aurei,

408 1652 714 1722 recogniti,
746 1651 1064 1708 emendati.
1105 1665 1170 1706 ac
1229 1653 1495 1707 maxima
1537 1652 1700 1720 parte
1717 1646 1923 1722 [variis
1953 1645 2064 1700 lec-

2163 501 2270 559 pro
2289 489 2705 560 majori,utait,
2737 489 3078 559 aliquorum
3104 501 3240 557 quae
3258 485 3317 539 in
3332 501 3402 540 ea
3419 490 3806 540 memorasset

2161 578 2574 635 testiﬁcatione
2590 578 2900 649 sequentia
2914 574 3041 645 subj
3053 574 3221 629 unxit
3234 574 3598 629 documenta:
3615 576 3666 628 10
3683 574 3806 643 Epi-

2162 667 2353 722 stolam
2381 669 2443 724 S.
2472 668 2625 722 Petri
2657 664 2982 737 Chrysologi
3009 664 3085 718 ad
3113 663 3395 734 Eutychem
3455 662 3762 718 luereticum
3790 680 3802 730 ;

2162 759 2219 810 2°
2243 757 2545 827 Epistulam
2575 756 2768 812 Leonis
2792 771 2943 826 papa;
2975 755 2996 808 ι
3021 753 3094 809 ad
3125 752 3456 808 Flavianum
3496 751 3804 808 Constanti-

2163 845 2526 916 nopolitanum
2560 848 2865 916 episcopum
2894 845 3082 896 contra
3110 841 3423 911 Eutychetis
3445 841 3733 911 perﬁdiam
3761 848 3806 895 et

2165 935 2412 990 hwresim
2435 953 2450 1005 ;
2496 935 2554 987 3°
2601 932 2906 1004 Epistolam
2959 931 3192 985 Illatthan'
3225 929 3547 986 cathedralis
3585 928 3806 984 ecclesia

2162 1023 2444 1079 lmolensis
2469 1023 2760 1094 praepositi,
2805 1028 3232 1091 transsumptam
3281 1037 3346 1073 ex
3395 1013 3596 1074 tabella
3647 1018 3807 1089 ipsius

2164 1114 2556 1182 manuscripta,
2591 1128 2695 1183 qua
2727 1116 2967 1166 testatur
2994 1126 3048 1164 se
3073 1125 3268 1178 corpus
3299 1110 3374 1164 B.
3398 1108 3561 1161 Petri
3584 1108 3809 1179 Chryso-

2169 1202 2272 1273 togi
2300 1207 2646 1265 attrectasse;
2679 1201 2732 1255 4ο
2755 1200 3006 1269 Elogium
3030 1215 3094 1252 ea:
3129 1197 3462 1262 Trithemio;
3487 1197 3545 1251 5°
3589 1196 3808 1267 Agapiti

2179 1290 2458 1347 Vice—ntini
2500 1289 2877 1360 praefationem
2927 1286 2997 1341 ad
3045 1285 3337 1342 editionem
3389 1283 3810 1348 Bononiensem;

2171 1380 2227 1434 6°
2256 1379 2638 1449 prcefationem
2668 1377 2736 1433 Β.
2768 1376 2989 1440 Felicis,
3024 1375 3119 1430 XL
3146 1375 3521 1431 Ravennatum
3551 1371 3816 1443 archiepi-

2171 1469 2318 1538 scopi
2336 1471 2394 1520 in
2415 1468 2698 1522 Sermones
2720 1466 2924 1536 aliquot
2956 1464 3011 1521 S.
3044 1463 3203 1519 Petri
3232 1463 3553 1536 Chrysologi
3576 1478 3647 1517 ex
3695 1478 3812 1520 mss,

2170 1555 2318 1612 codd.
2357 1555 2650 1621 Valicellw,
2686 1555 3010 1626 Cesenceque
3041 1561 3090 1608 et
3121 1553 3294 1616 alibi;
3329 1559 3390 1608 70
3423 1551 3722 1623 Epistolam
3757 1550 3817 1606 F.

2174 1647 2325 1702 Petri
2367 1645 2656 1716 Rodulphii
2689 1643 3163 1715 Tussignanensis,
3195 1643 3427 1714 episcopi
3453 1641 3820 1714 Senogaltien-

407 1741 686 1810 tionibus,
733 1741 974 1796 scholiis
1021 1743 1078 1795 et
1135 1737 1682 1810 observationibus]
1741 1735 2060 1800 illustrati;
2096 1761 2139 1820 Β
2173 1737 2248 1790 sis
2271 1735 2340 1790 ad
2365 1741 2640 1791 senatores
2681 1734 2879 1798 Imola’,
2911 1747 3020 1804 qua
3064 1731 3341 1789 Sermones
3393 1733 3562 1788 Petri
3598 1731 3824 1802 Chryso-

409 1839 594 1901 opera
616 1829 880 1885 etstudio
897 1827 1383 1884 DominiciMitte.
1409 1827 1532 1882 Cat.
1561 1825 1703 1881 Bibl.
1725 1827 1861 1894 Reg.
1885 1823 2060 1879 Paris.

483 1917 662 1974 Nobis
683 1917 760 1972 ad
782 1933 1022 1971 manum
1045 1921 1133 1971 est
1155 1917 1762 1987 exemplarﬂenetum
1787 1914 1858 1968 ad
1880 1913 2067 1968 Bono-

411 2005 637 2071 niense,
672 2009 736 2060 ut
773 2004 1026 2069 videtur,
1061 2006 1202 2060 satis
1228 2009 1497 2060 accurate
1527 2017 1897 2073 expressum.
1927 2000 2069 2055 Inde

417 2095 706 2150 discimus
732 2095 1096 2148 Dominicum
1117 2092 1316 2150 Mitam
1345 2091 1714 2148 sacerdotem
1737 2089 2069 2162 parochum

420 2181 792 2252 Ugutionelli,
820 2186 996 2236 antea
1020 2181 1223 2252 legum
1246 2181 1516 2251 studiolet
1537 2177 1873 2235 forensibus
1894 2193 2073 2249 nego-

413 2270 506 2325 tiis
537 2273 871 2332 vacantem,
896 2269 1203 2325 hominem
1232 2269 1605 2325 mediocriter
1627 2269 1868 2324 doctum
1891 2265 2071 2334 longo

416 2357 783 2412 correctioris
813 2357 1158 2429 Chrysologi
1186 2362 1377 2413 textus
1408 2354 1705 2412 desiderio
1736 2356 2069 2418 exercitum,

417 2446 657 2501 tandem
672 2451 809 2500 cum
828 2445 1200 2518 mss.aliquot
1221 2446 1498 2503 codicum
1513 2446 1748 2518 copiam
1762 2450 1971 2501 nactus
1989 2459 2075 2501 es-

420 2532 861 2602 set,adductdm
884 2551 1032 2603 esse,
1056 2539 1120 2591 ut
1136 2537 1264 2608 ipse
1288 2545 1535 2608 operam
1559 2543 1733 2590 suam
1756 2536 1808 2590 ei
1831 2549 2077 2606 perpur-

419 2625 619 2694 gando
641 2623 1110 2696 illustrandoque
1127 2625 1571 2680 commodaret:
1596 2625 1842 2679 Ulterius
1854 2623 2077 2694 perqui-

417 2713 598 2778 re-ndo,
651 2712 863 2784 inquit,
909 2712 1086 2766 didici
1114 2714 1274 2784 hujus
1329 2713 1505 2783 operis
1535 2713 1708 2767 adhuc
1757 2717 1948 2784 quator
1991 2728 2074 2766 su-

413 2816 627 2872 peresse
687 2801 1062 2868 manusc-ripta
1115 2801 1464 2872 exemplaria,
1526 2817 1711 2871 nempe
1766 2801 1870 2854 duo
1894 2802 2078 2856 Romae

416 2903 617 2959 parum
649 2888 718 2945 ab
750 2889 1025 2957 impressis
1047 2888 1417 2959 discrepantia
1443 2903 1454 2944 :
1477 2889 1566 2944 sed
1600 2888 1795 2945 Urbini
1822 2904 1988 2944 unum
2021 2891 2078 2943 in

422 2978 745 3040 Roveriana,
803 2977 1010 3031 Ceseme
1060 2977 1295 3033 alterum
1349 2980 1410 3032 in
1472 2977 1844 3032 Franciscana
1892 2977 2074 3033 biblio-

428 3066 601 3128 theca,
649 3079 765 3134 quoe
801 3065 948 3117 inter
989 3081 1040 3117 se
1096 3066 1303 3119 cunctis
1354 3079 1482 3137 pene
1528 3066 1875 3131 conveniunt,
1931 3071 1989 3120 at
2018 3067 2077 3120 in

427 3152 860 3222 quamplurimis
890 3167 920 3204 a
953 3153 1184 3221 vulgatis
1215 3153 1541 3210 discordant.
1595 3158 1770 3220 Quare
1826 3157 1984 3211 aditu
2011 3156 2078 3210 ad

431 3241 806 3311 manuscripta
829 3241 922 3294 via:
947 3241 1240 3312 patefacto,
1265 3261 1324 3297 ea
1352 3244 1468 3313 ipsa
1492 3246 1700 3314 partim
1724 3259 1826 3314 per
1850 3247 2074 3308 amicos,

427 3330 630 3401 partim
652 3344 751 3399 per
786 3345 870 3384 me
897 3329 1069 3399 ipsum
1092 3331 1436 3402 pervolutavi
1466 3339 1514 3387 et
1543 3331 1783 3388 adhibito
1806 3333 1983 3389 sodali
2003 3350 2076 3387 se-

428 3416 530 3472 mel
554 3434 615 3472 ac
649 3433 682 3470 α
709 3418 882 3487 capite
908 3427 1078 3489 usque
1130 3419 1198 3472 ad
1238 3420 1435 3475 calcem
1484 3437 1605 3476 cum
1632 3421 1938 3490 exemplari
1967 3420 2078 3490 pri-

428 3522 575 3561 mum
608 3507 876 3563 Bononiae
901 3506 1159 3577 impresso
1178 3507 1400 3571 contuli,
1422 3516 1577 3579 atque
1604 3519 1794 3565 errata
1814 3502 2082 3582 quaecum-

429 3610 546 3667 que,
574 3603 633 3650 ut
674 3595 848 3659 lic-uit,
882 3596 1084 3650 calamo
1124 3599 1341 3650 correxi
1371 3613 1382 3664 ;
1429 3601 1712 3669 variasque
1743 3615 1833 3654 nec
1864 3599 2081 3654 inutiles

433 3685 677 3739 lectiones
719 3684 775 3737 in
813 3687 1051 3754 margine
1105 3685 1353 3756 ascripsi,
1408 3687 1691 3754 mendosis,
1738 3687 1931 3759 quibus
1959 3703 2076 3742 mss.

429 3771 748 3835 exuberant,
791 3773 1022 3840 rejectis,
1057 3779 1106 3827 et
1155 3781 1204 3828 si
1233 3776 1360 3847 quid
1400 3789 1464 3830 ex
1495 3777 1603 3832 illis
1638 3779 1784 3832 omni
1819 3794 1887 3830 ex
1922 3785 2082 3846 parte

429 3858 715 3914 emendari
745 3861 1010 3931 nequi-vit,
1044 3862 1228 3916 studui
1260 3863 1314 3917 id
1345 3864 1540 3918 mentis
1570 3864 1934 3935 speculatione
1958 3880 2081 3934 sup-

425 3948 596 4020 plere;
630 3948 843 4004 tametsi
885 3948 976 4004 hoc
1028 3967 1163 4006 raro
1188 3953 1396 4021 factum
1453 3955 1547 4019 est,
1599 3954 1737 4024 quod
1782 3954 1891 4007 haec
1939 3955 2082 4006 ratio

427 4039 683 4092 maximis
713 4038 1139 4109 difﬁcultatibus
1169 4042 1449 4096 obstructa
1478 4039 1686 4096 lubrica
1707 4042 1782 4096 sit
1806 4043 1854 4096 ei
1881 4042 2076 4113 fallax.

429 4125 877 4182 Addiditscholia
895 4127 1196 4183 ineruditis
1207 4130 1393 4184 saltem
1409 4133 1728 4199 profutura,
1756 4139 1850 4186 aut
1868 4130 2084 4186 littera-

431 4223 608 4271 torum
625 4223 817 4269 mentes
836 4217 1215 4283 stimulatura,
1231 4234 1330 4290 quo
1350 4222 1730 4290 prwstantiora
1746 4227 2078 4276 scrutentur.

433 4303 802 4374 Suntpartim
821 4303 1307 4377 moralia,partim
1321 4315 1553 4361 sensum
1574 4307 1760 4362 fusius
1774 4323 1958 4379 quam
1973 4307 2082 4378 ple-

429 4406 686 4462 rumque
716 4407 868 4462 opus
893 4397 1034 4456 erat,
1066 4393 1375 4456 illustrant,
1408 4402 1541 4449 raro
1574 4393 1652 4448 ad
1674 4395 1960 4464 dogmata
1983 4397 2084 4448 aut

2178 1825 2292 1893 logi
2326 1842 2360 1878 a
2397 1841 2448 1878 se
2507 1825 2799 1894 recognitos
2831 1823 2964 1889 ipsis
3022 1821 3244 1877 edendos
3274 1821 3546 1891 offerebat.
3584 1837 3648 1876 ex
3679 1820 3824 1878 Com-

2175 1913 2459 1968 mentariis
2483 1913 2708 1967 Senatus
2733 1927 2786 1978 a,
2821 1911 2960 1965 1595
2990 1911 3340 1982 desumptam.

2247 2000 2332 2056 Sic
2360 2001 2703 2057 elaboratum
2736 2001 2878 2072 Opus
2897 1999 3140 2072 pellexit,
3169 2000 3379 2072 inquit,
3419 1997 3493 2056 ad
3524 1997 3823 2053 inscriben-

2179 2090 2341 2146 dum:
2371 2093 2687 2147 Sermones
2712 2091 2978 2145 maxima
2999 2105 3068 2145 ex
3089 2094 3248 2161 parte
3271 2088 3560 2153 illustrati,
3583 2087 3724 2160 quod
3752 2103 3830 2142 eo-

2179 2191 2303 2234 rum
2332 2179 2514 2245 codex,
2554 2178 2795 2251 Vita'que'
2820 2179 3023 2233 indere
3050 2179 3286 2235 tenebris
3325 2183 3530 2242 erutus,
3571 2183 3618 2231 et
3644 2195 3676 2231 a
3726 2193 3833 2232 sor-

2180 2267 2335 2323 dibus
2363 2269 2667 2323 vindicatus
2696 2267 2867 2338 magis
2898 2285 3054 2339 quam
3084 2274 3244 2322 antea
3276 2269 3350 2323 sit
3384 2266 3677 2338 legentibus
3713 2283 3835 2322 enu-

2180 2357 2381 2412 cleatas
2412 2374 2473 2412 ac
2499 2357 2842 2420 declaratus;
2887 2358 3070 2412 nitore
3099 2358 3322 2428 insuper
3367 2364 3520 2428 atque
3558 2355 3840 2428 splendore

2184 2447 2335 2517 longe
2356 2445 2599 2501 omnibus
2619 2446 3018 2517 exemplaribus
3061 2445 3157 2500 hac
3187 2461 3350 2517 opera
3381 2451 3607 2516 priestet.
3640 2441 3707 2499 In
3730 2460 3840 2515 quo

2181 2533 2456 2606 fabiundo,
2485 2537 2692 2608 pergit,
2727 2552 2850 2607 quos
2888 2541 3148 2607 sumptus,
3190 2535 3397 2590 labores
3419 2539 3468 2589 et
3485 2533 3734 2605 pericula
3755 2550 3844 2588 su-

2187 2624 2394 2689 bierim,
2425 2643 2582 2697 quam
2609 2641 2754 2696 (egra
2778 2625 2977 2696 saepius
2998 2624 3306 2679 valetudine
3339 2631 3642 2694 prostratus
3654 2624 3845 2689 jacue-

2186 2713 2293 2768 rim
2312 2733 2326 2784 ;
2355 2727 2586 2786 quosque
2617 2713 2955 2768 adversarios
3005 2729 3064 2768 ac
3107 2713 3397 2769 desertores
3426 2713 3574 2766 domi
3602 2713 3847 2783 forisque

2186 2804 2382 2872 fuerint
2435 2819 2726 2874 perpessus,
2755 2802 2853 2857 scit
2881 2805 2990 2873 ispe
3015 2804 3110 2874 qui
3141 2799 3348 2857 tandem
3375 2818 3402 2856 e
3433 2802 3557 2856 ccelo
3578 2802 3843 2872 proterit,

2190 2892 2552 2963 Chrysologus
2590 2897 2839 2956 sanctus;
2898 2893 3082 2947 sciunt
3132 2892 3296 2946 multi
3337 2891 3483 2946 docti
3528 2889 3848 2962 probatique

2188 2982 2400 3047 Patres,
2430 2980 2523 3051 qui
2547 2998 2625 3034 me
2653 2982 2810 3034 etiam
2843 2981 2987 3033 inter
3016 2979 3182 3035 silvas
3207 2979 3277 3032 ad
3305 2983 3619 3034 animarum
3653 2996 3844 3033 curam

2190 3068 2340 3138 longe
2368 3079 2398 3120 d
2430 3069 2758 3137 sapientium
2786 3083 3072 3137 congressu
3107 3066 3443 3129 residentem,
3490 3066 3767 3121 librorum
3806 3075 3852 3121 et

2190 3157 2335 3212 bona:
2364 3155 2678 3211 veletudinis
2715 3158 2986 3226 expertem
3011 3153 3245 3210 adversa
3286 3169 3448 3226 prope
3475 3156 3668 3209 omnia
3697 3169 3856 3227 supe-

2188 3261 2353 3313 rasse,
2388 3251 2435 3299 et
2465 3258 2594 3314 opus
2622 3245 2955 3314 propositum
2986 3243 3171 3314 aliqua
3218 3242 3438 3299 demum
3473 3261 3535 3297 ex
3563 3250 3726 3315 parte
3760 3241 3851 3300 ab-

2185 3333 2401 3389 solvisse
2432 3333 2749 3400 mirantur;
2783 3332 2928 3404 quod
2969 3333 3147 3387 adhuc
3200 3335 3255 3386 in
3300 3332 3533 3388 tenebris
3581 3331 3857 3387 delitesce-

2190 3425 2293 3489 ret,
2330 3423 2439 3477 nisi
2475 3421 2709 3477 illorum
2736 3423 2945 3476 sincero
2964 3421 3178 3491 judicio
3223 3437 3366 3476 nunc
3420 3419 3571 3476 edere
3614 3421 3850 3492 fuissem

2187 3515 2512 3584 compulsus.
2563 3512 2859 3567 Postremo
2905 3511 2977 3566 de
3034 3510 3186 3582 stylo
3246 3526 3354 3565 suo
3400 3511 3857 3566 excusationem

2192 3603 2357 3657 addit
2380 3601 2787 3657 necessarium
2812 3599 3016 3671 utique
3048 3606 3103 3655 et
3120 3609 3254 3654 vere
3279 3599 3553 3654 facetam.
3579 3597 3670 3653 Ait
3691 3599 3856 3654 enim

2185 3690 2357 3758 juxta
2399 3689 2640 3744 Senecae
2690 3689 2916 3744 monita
2963 3689 3024 3742 in
3054 3685 3167 3743 hoc
3208 3701 3381 3758 Opere
3422 3687 3854 3760 componendo

2191 3778 2382 3848 magis
2414 3793 2472 3831 se
2505 3776 2850 3849 quaesivisse
2886 3775 3028 3847 quid
3077 3776 3392 3840 scriberet;
3422 3776 3579 3840 inde,
3624 3781 3681 3831 et
3713 3776 3857 3847 quia

2190 3865 2442 3920 aliorum
2479 3863 2797 3919 sententias
2831 3862 3088 3919 referens
3121 3863 3375 3936 propriis
3416 3863 3611 3918 verbis
3662 3867 3858 3919 trans-

2191 3951 2506 4010 cribendas
2531 3952 2879 4019 censuisset,
2911 3967 3150 4007 necesse
3182 3952 3364 4007 fuisse
3389 3957 3450 4008 ut
3477 3952 3665 4024 stylus
3706 3952 3860 4007 mul-

2193 4047 2387 4098 torum
2439 4045 2582 4097 etex
2611 4039 2810 4097 multis
2838 4043 3119 4097 constans
3145 4051 3267 4096 non
3296 4040 3453 4096 idem
3483 4055 3718 4112 semper
3750 4041 3856 4096 ha-

2191 4132 2447 4188 beretur.
2469 4130 2638 4197 Quod
2663 4129 2713 4184 si
2744 4134 2943 4186 tamen
2979 4134 3099 4185 tam
3125 4129 3185 4184 in
3213 4130 3622 4201 componendo
3664 4145 3862 4201 quam

2192 4220 2250 4276 in
2295 4218 2740 4276 transcribendo
2770 4217 2956 4275 multa
2994 4219 3370 4284 excidissent,
3418 4234 3550 4292 quae
3571 4216 3664 4273 vel
3705 4217 3861 4273 osci-

2195 4313 2402 4372 tanter,
2428 4308 2520 4363 vel
2554 4307 2754 4363 minus
2780 4312 2915 4379 apte
2946 4309 3141 4378 posita
3181 4313 3398 4366 essent.
3439 4306 3552 4362 hoc
3594 4307 3696 4362 Dei
3731 4315 3868 4377 per-

2193 4395 2380 4449 missu
2412 4395 2633 4449 factum
2665 4396 2911 4449 lectores
2954 4394 3224 4451 arbitrari
3279 4395 3470 4466 jubet,
3515 4400 3573 4453 ut
3609 4395 3864 4451 tandem

430 4479 710 4535 historias
740 4479 1066 4548 descendit,
1096 4491 1152 4536 et
1177 4486 1300 4537 tum
1328 4481 1444 4538 fere
1486 4481 1720 4538 Scholia
1741 4488 1795 4538 et
1822 4483 2083 4538 Notatio-
2119 4477 2161 4534 D
2191 4483 2397 4538 Sciant
2435 4488 2633 4552 gentes
2683 4481 2956 4552 quoniam
2998 4484 3261 4540 homines
3305 4489 3442 4540 sunt
3494 4484 3867 4553 (secundum

432 4583 558 4637 nes,
576 4568 664 4623 vel
684 4568 1110 4628 Observationes
1128 4571 1425 4641 inscripsit
1444 4589 1460 4641 ;
1487 4571 1794 4626 rarissime
1812 4571 1884 4626 de
1905 4571 2084 4625 varie-

434 4660 550 4712 tate
562 4659 1076 4715 autemendatione
1090 4659 1358 4715 lectionis
1375 4657 2084 4731 disputat.Confecitprm-

433 4746 826 4802 tereaindices
841 4747 1246 4814 duos,alterum
1260 4747 1702 4816 alpha’beticum
1721 4749 2078 4812 Sermonum,

433 4833 494 4887 in
508 4849 628 4905 quo
643 4837 841 4891 tamen
863 4851 981 4890 non
1003 4839 1119 4890 tam
1138 4836 1352 4908 singuli
1373 4845 1890 4908 sermones,quam
1908 4843 2084 4891 mate-

431 4925 533 4977 riae
552 4925 609 4978 in
624 4938 734 4994 quo
752 4923 888 4980 libet
913 4939 1185 4979 sermone
1209 4925 1490 4996 primario
1508 4928 1761 4980 exarata
1779 4939 2085 4980 recensen-

433 5012 811 5076 tur,alterum
825 5027 1023 5068 rerum
1035 5015 1086 5068 et
1103 5012 1402 5068 verborum
1419 5011 1764 5068 notabilium
1777 5055 1788 5067 .
1801 5013 1944 5067 Hinc
1957 5028 2086 5066 vero

434 5099 750 5157 elenchum
784 5101 954 5171 juxta
982 5101 1159 5156 ritum
1188 5099 1803 5174 Evangeliorumguee
1831 5102 1890 5157 in
1919 5117 2086 5156 sacro

433 5205 542 5262 pro
567 5193 829 5260 tempore
849 5188 1142 5259 leguntur,
1166 5190 1224 5243 in
1251 5187 1654 5260 superioribus
1674 5192 1751 5247 ad
1774 5191 2088 5246 conciona'

435 5283 630 5334 torum
656 5293 820 5332 usum
839 5279 1192 5348 plerumque
1209 5276 1345 5332 addi
1368 5277 1611 5334 solitum
1631 5279 1782 5334 velui
1811 5295 2087 5351 superva-

435 5382 690 5422 caneum
712 5365 931 5420 omisit.
957 5366 1216 5419 Tandem
1233 5365 1479 5428 ettVitam
1504 5365 1652 5421 Pet-ri
1678 5368 2002 5439 Chrysologi
2019 5383 2088 5424 ex

435 5457 609 5526 ipsius
641 5452 904 5517 homitiis,
941 5461 990 5507 et
1023 5455 1195 5508 variis
1210 5457 1537 5527 scriptorum.
1584 5459 1939 5512 monumentis
1971 5459 2084 5510 tum

439 5543 729 5613 mpressis.
765 5549 888 5598 tum
925 5547 1332 5615 manuscriptis
1354 5547 1635 5603 accurate
1669 5548 2079 5618 conquisitam,

2192 4570 2405 4643 psalm.
2431 4571 2533 4634 ix).
2564 4571 2930 4640 Nuncupavit
2953 4571 3274 4628 editionem
3304 4585 3476 4629 suam
3495 4571 3868 4630 Ferdinando

2192 4657 2430 4714 Millino
2453 4659 2508 4713 S.
2534 4659 2838 4714 lmolensis
2861 4659 3128 4715 Ecclesiae
3149 4663 3429 4732 episc0po
3453 4668 3507 4717 et
3531 4660 3867 4716 Balneariie

2195 4748 2414 4814 comiti,
2448 4763 2541 4820 ep.
2571 4747 2630 4803 d.
2677 4761 2752 4804 ea:
2795 4748 2918 4804 aede
2960 4764 3136 4805 sacra
3185 4751 3475 4806 Parzciw
3519 4749 3573 4806 S.
3616 4752 3869 4820 Agnetis

2202 4837 2596 4907 Ugutionelli:
2632 4853 2687 4891 v.
2721 4836 2856 4892 Kal.
2891 4838 3114 4905 Aprilis
3149 4839 3205 4893 lt.
3242 4853 3299 4893 α.

2266 4928 2424 4982 1644.
2467 4926 2728 4991 Parisiis,
2765 4940 2838 4981 ex
2871 4927 3127 4995 Typoyr.
3170 4928 3386 4996 Regia;
3451 4927 3658 4998 in-fol.
3708 4923 3868 4983 Petri

2197 5014 2549 5069 Ravennatis
2581 5013 2843 5082 Epistola
2897 5014 2968 5068 ad
3030 5012 3372 5084 Eutychem,
3427 5018 3521 5073 Gr.
3577 5017 3749 5082 Lat.;
3807 5017 3870 5071 in

2199 5102 2419 5158 Concil.
2451 5103 2598 5159 Coll.
2630 5103 2830 5173 Regia.
2866 5105 3048 5158 Tomo
3081 5101 3220 5169 Vlll,
3252 5119 3313 5172 p.
3342 5107 3429 5159 41.

2272 5192 2425 5244 1661.
2473 5191 2738 5254 Parisiis,
2769 5193 2930 5259 apud
2961 5191 3285 5248 Simeonem
3317 5193 3514 5262 Piget;
3564 5193 3775 5263 in-fot.
3812 5196 3876 5251 S.

2198 5283 2341 5336 Petri
2372 5279 2806 5352 Chrysologi....
2842 5295 3060 5352 opera;
3123 5282 3181 5337 in
3221 5282 3477 5351 Tlteop/z.
3531 5285 3878 5354 Ragnaudz

2196 5370 2470 5437 Hcptade
2502 5370 2557 5423 ll.
2592 5388 2643 5423 ει.
2680 5373 2734 5422 et
2763 5367 2798 5423 l.
2834 5384 3064 5424 recusa.

2270 5459 2425 5513 1662.
2461 5460 2742 5523 Parisiis,
2773 5461 3113 5528 sump.Ant.
3137 5461 3365 5516 Bertier
3389 5461 3597 5525 in-fol.
3623 5461 3681 5514 S.
3711 5464 3879 5519 Petri

2200 5546 2548 5617 Clu'ysologi
2572 5549 2878 5603 Sermones
2895 5548 3036 5604 varii
3052 5548 3221 5618 juxta
3235 5551 3374 5605 anni
3397 5551 3574 5607 totius
3592 5549 3878 5622 Evange-
