4012 6184
289 269 364 327 85
709 264 1272 328 SCHOENEMANNI
1315 267 1616 329 NOTlTlA
1658 267 1730 326 ΙΝ
1773 265 2019 326 OMNES
2059 265 2440 330 EDITIONES
2482 271 2540 330 S.
2591 271 2800 332 PETRI
2843 273 3320 338 CHRYSOLOGI.
3634 278 3711 341 86

277 396 382 459 lia,
413 397 571 452 festa
589 394 900 450 Dominica
921 399 978 451 et
999 398 1351 453 Sanctorum
1373 398 1580 468 digesti
1601 400 1692 470 ;in
1718 398 1942 456 Franc.
1977 401 2024 460 A
2056 398 2560 471 deprehendisset,
2593 405 2693 459 sed
2707 405 2994 461 caruisset
3023 407 3200 463 etiam
3225 409 3428 466 multis
3444 428 3595 483 quas
3612 413 3712 468 ibi-

282 484 624 552 Cambeﬁsii
647 483 1012 541 Bibliotheca
1041 486 1167 542 PP.
1197 486 1665 544 Concionatoria.

355 574 641 645 Sequitur
671 572 1062 630 Combeﬂsius
1093 575 1468 632 Dominicum
1495 577 1715 646 Mitem,
1765 576 1860 633 cui
1886 577 1945 632 in

279 663 591 736 plerisque
627 661 809 718 etiam
835 662 911 717 de
936 663 1056 719 vita
1085 664 1238 719 Petri
1268 665 1646 736 astipulatur.
1676 665 1792 722 Sed
1830 664 1946 737 ipsi

279 751 453 808 haud
477 750 753 823 displicet
794 750 1105 820 sententia,
1149 767 1268 809 non
1297 769 1504 810 omnes
1525 755 1706 825 hujus
1731 753 1946 813 collec-

281 840 465 897 tionis
493 855 803 896 sermones
841 840 1017 896 unius
1054 840 1443 913 ejusdemque
1489 857 1618 898 esse
1667 841 1940 904 auctoris,

278 944 666 1002 quamquam
693 944 810 984 non
836 928 915 984 ab
937 929 1306 1000 argumentis
1328 945 1399 986 ex
1426 929 1677 1002 singulis
1720 945 1946 987 sermo-

283 1019 466 1074 nibus
497 1017 698 1077 ductis
737 1018 820 1074 sic
864 1017 1106 1086 colligit,
1154 1019 1260 1075 sed
1304 1034 1374 1075 eo
1422 1019 1642 1091 potius,
1688 1019 1854 1095 quod
1885 1019 1943 1077 in

284 1108 417 1164 aliis
430 1106 616 1162 veluti
646 1107 1092 1177 Chrysostomo,
1116 1108 1421 1165 Bernardo
1442 1113 1498 1165 et
1515 1107 1645 1166 aliis
1673 1108 1945 1166 homilia-

282 1212 423 1254 tum
461 1195 851 1268 scriptoribus
873 1196 998 1251 ﬁeri
1026 1196 1348 1254 consuevit.

357 1288 512 1341 1666.
548 1286 814 1349 Parisiis,
847 1285 1009 1354 apud
1034 1285 1304 1342 Curetum
1332 1286 1608 1345 Sauream
1640 1305 1654 1355 ;
1680 1287 1850 1343 ἰπὶ-4ο.
1884 1289 1938 1343 S.

282 1375 433 1430 Petri
462 1374 814 1446 Chrysologi
861 1376 1178 1431 Sermones
1221 1376 1489 1449 quinque
1538 1377 1614 1432 de
1665 1377 1942 1433 Oratione

281 1463 611 1528 Dominiea,
635 1464 750 1518 sub
777 1463 944 1520 titulo
973 1480 985 1520 ε
1013 1465 1077 1520 8.
1119 1466 1297 1521 Petri
1328 1465 1614 1521 Damiani
1654 1467 1718 1522 S.
1759 1467 1832 1522 Β.
1861 1465 1938 1521 E.

281 1554 669 1618 Cardinalis;
701 1554 762 1609 in
803 1556 958 1610 Lucis
995 1555 1267 1610 Dmaasu
1313 1556 1638 1625 Spioitegio
1672 1559 1784 1612 vet.
1832 1556 1943 1610 ali-

280 1651 422 1714 quot
444 1644 825 1712 scriptorum,
849 1644 952 1713 qui
972 1645 1032 1698 in
1053 1643 1276 1701 Gallice
1303 1644 1660 1701 bibliothecis
1682 1646 1942 1702 maxime

2057 487 2194 544 dem
2228 489 2490 560 protulit,
2531 492 2876 563 nonineptis
2895 511 3039 549 sane
3066 496 3172 552 sed
3203 498 3403 553 minus
3435 516 3710 558 necessa-

2053 578 2155 633 riis
2186 579 2720 646 emendationibus,
2747 583 2970 653 quippe
2992 600 3127 654 quas
3143 585 3490 660 plerumque
3502 605 3709 646 omnes

2051 665 2178 736 jam
2206 666 2268 724 in
2316 668 2755 740 antiquioribus
2784 670 3144 728 editionibus
3199 675 3547 747 Chrysologi
3593 678 3713 733 dis-

2056 755 2230 811 tincte
2251 755 2531 824 leguntur
2559 764 2656 824 (a).
2683 759 2822 830 Ejus
2845 775 2984 816 vero
3005 765 3062 817 et
3079 763 3352 820 Dacherii
3368 766 3712 838 exemplum

2055 843 2251 900 fraudi
2279 845 2389 901 fuit
2428 846 2582 903 aliis:
2613 847 2787 903 veluti
2819 849 3091 905 Fabricio
3119 853 3636 923 etMansio,immo
3655 861 3714 912 et

2054 933 2386 990 novissimo
2412 935 2622 992 editori
2650 936 2712 991 in
2745 942 2999 1003 tantum,
3031 943 3093 995 ut
3117 940 3384 1011 quinque
3411 941 3555 999 istos
3585 943 3712 1000 Ser-

2055 1037 2265 1078 mones
2299 1024 2522 1079 caeteris
2545 1025 3042 1097 superaddendos
3064 1033 3318 1084 curaret.

2125 1112 2283 1166 1670.
2317 1113 2577 1183 Cygnece,
2613 1115 2763 1184 typis
2789 1121 2843 1170 et
2869 1123 3080 1185 sumpt.
3102 1117 3260 1172 Sam.
3279 1118 3465 1174 Ebelii
3495 1136 3508 1184 ;
3539 1119 3710 1174 in-8°-

2056 1200 2119 1255 D.
2151 1201 2301 1255 Petri
2327 1201 2675 1273 Chrysologi
2700 1202 2775 1257 de
2809 1203 3224 1260 Incarnatione
3257 1206 3469 1262 Christi
3509 1209 3712 1263 Sermo

2054 1289 2207 1344 CXLI
2239 1293 2294 1344 et
2319 1289 2542 1359 CXLIX,
2577 1290 2726 1345 etde
2768 1290 3071 1347 Infantum
3098 1296 3248 1350 Nece
3284 1295 3665 1351 CLlletCLlll
3698 1314 3709 1360 ;

2055 1377 2116 1431 in
2144 1377 2269 1432 Div.
2306 1379 2563 1435 Patrum
2584 1380 2840 1435 Homiliis
2874 1381 2937 1436 in
2955 1383 3181 1438 Festum
3202 1383 3549 1439 Nativitatis
3569 1386 3711 1441 Jesu

2057 1465 2287 1522 Christi
2313 1467 2488 1522 editis
2521 1484 2556 1523 a
2585 1469 2924 1526 Christiano
2956 1471 3221 1540 Daumio,
3247 1487 3428 1542 pagg.
3454 1474 3636 1528 81-91.

2127 1557 2404 1626 Expressi
2423 1562 2639 1613 suntex
2654 1558 3142 1629 edd.Moguntina
3165 1561 3714 1630 1607,Lugdunensi

2057 1647 2213 1707 1623,
2247 1649 2304 1700 et
2333 1662 2470 1716 quin
2500 1647 2560 1702 in
2590 1645 2928 1704 Coloniensi
2962 1649 3058 1704 PP.
3095 1649 3461 1706 Bibliotheca
3502 1655 3608 1706 est.
3644 1656 3716 1708 At

284 1731 803 1820 Benedic-tinctum
827 1732 1128 1820 latuerant
1152 1737 1325 1820 tomo
1348 1733 1455 1798 Vll,
1477 1747 1661 1804 pagg.
1681 1735 1935 1790 120-137.
1980 1762 2022 1820 Β
2053 1732 2200 1788 Mitaa
2215 1733 2390 1789 editio
2409 1734 2660 1792 Daumio
2676 1752 2797 1792 non
2816 1737 3147 1792 innotuisse
3168 1737 3714 1811 videtur,siquidem

349 1819 521 1882 Quod
549 1819 769 1891 saepius
784 1819 1001 1875 accidit
1023 1821 1219 1876 talium
1239 1819 1664 1878 Collectionum
1687 1822 1941 1878 auctori~

284 1908 416 1967 bus.
439 1923 560 1964 non
575 1913 825 1980 excepto
843 1909 1532 1979 Baluzio,litteralissimo
1549 1911 1940 1978 viro,ut,dum

285 2014 387 2052 sua
405 1997 588 2052 unius
602 2013 788 2069 opera
805 2003 1033 2053 tamtam
1051 2013 1243 2054 curam
1261 2001 1555 2055 sustinere
1569 2002 1833 2071 aggressi
1850 2015 1943 2056 es-

290 2091 540 2149 sent,aut
559 2088 851 2141 memoria
863 2087 1284 2156 autdiligentia
1302 2089 1602 2144 interdum
1616 2089 1941 2145 deﬁcerent

282 2179 335 2230 et
351 2175 585 2230 dudum
605 2176 764 2230 edita
783 2191 890 2245 pro
913 2175 1147 2231 ineditis
1165 2176 1558 2243 venditarent,
1573 2177 1632 2232 id
1653 2178 1937 2233 Dacherio

283 2265 457 2320 etiam
488 2265 549 2320 in
582 2265 674 2320 his
718 2265 1090 2319 sermonibus
1128 2265 1360 2330 accidit,
1413 2267 1614 2338 quiin
1647 2267 1939 2324 Feliciana

278 2352 805 2408 collectionenum.
820 2352 908 2419 67,
929 2355 1178 2418 68,70,71
1193 2359 1300 2418 .72,
1316 2359 1372 2409 et
1387 2355 1631 2425 quidem
1659 2355 1940 2411 emenda-

281 2443 455 2496 tiores
485 2441 782 2510 leguntur,
815 2457 1001 2513 quam
1031 2441 1129 2497 hic
1153 2458 1224 2497 ex
1255 2443 1458 2498 codice
1493 2443 1758 2514 quodam
1800 2443 1933 2499 Cor-

277 2531 503 2586 beiensi
521 2531 1301 2602 repraesentantur.Monitus
1323 2532 1438 2587 hac
1454 2531 1528 2587 de
1551 2537 1806 2596 re,tomo
1824 2535 1934 2598 V11,

277 2625 407 2692 post
434 2621 696 2675 indicem
736 2625 1152 2676 contentorum
1203 2621 1332 2676 hth
1373 2621 1674 2691 ascripsit:
1707 2644 1736 2672 ‹‹
1772 2624 1838 2677 Ut
1873 2621 1937 2676 in

279 2718 442 2765 tomo
461 2710 551 2763 νυ
571 2710 863 2780 Spioilegii
881 2710 1052 2766 Petro
1065 2710 1346 2766 Damiano
1361 2726 1660 2766 sermones
1675 2717 1704 2765 5
1721 2712 1781 2766 in
1794 2711 1934 2766 Ora-

278 2800 498 2855 tionem
531 2799 908 2854 Dominicam
927 2799 1267 2862 tribuerem,
1278 2800 1469 2856 suasit
1488 2799 1673 2855 codex
1687 2805 1822 2855 ante
1835 2817 1938 2857 an-

279 2904 388 2943 nos
412 2888 673 2959 scriptus
699 2889 1304 2960 quadringentos,qui
1333 2889 1487 2944 Petri
1519 2888 1794 2944 Damiani
1833 2904 1938 2943 no-

279 2995 413 3032 men
429 2978 705 3031 distincte
723 2976 1094 3047 praeferebat.
1121 2979 1190 3032 At
1203 2985 1526 3048 potsquam
1549 2977 1608 3031 in
1627 2977 1936 3048 publicum

277 3066 492 3138 prodiit
505 3071 706 3120 tomus
719 3065 1075 3128 ille,monuit
1093 3082 1187 3121 me
1199 3066 1322 3121 suis
1336 3067 1537 3122 litteris
1549 3065 1935 3121 doctissimus

275 3155 592 3222 theologus
620 3155 1026 3223 nosterSteph.
1061 3155 1391 3212 deMai-ce’s.
1428 3158 1743 3211 Sermones
1758 3155 1936 3211 hosce

273 3246 416 3299 Petri
450 3244 814 3300 Ravennatis
845 3245 968 3299 sive
987 3244 1339 3316 Chrysologi
1367 3260 1497 3300 esse
1528 3245 1839 3313 genuinos,
1869 3245 1936 3300 ob

274 3334 478 3389 varias
507 3340 565 3390 et
589 3336 824 3389 minime
843 3333 1204 3404 spernendus
1221 3334 1480 3389 rationes
1499 3349 1512 3399 ;
1534 3333 1701 3405 queis
1725 3333 1935 3388 lubens

269 3422 576 3477 calculum
607 3422 828 3492 adjicio
876 3438 1097 3477 meum.
1147 3422 1396 3478 Eruditis
1427 3426 1630 3476 tamen
1661 3421 1934 3492 relinquo

265 3511 588 3581 judicium.
621 3533 644 3560 υ
664 3512 754 3567 Sic
773 3511 897 3578 ille;
919 3526 1037 3565 non
1064 3511 1257 3566 allatis
1283 3525 1436 3582 quas
1454 3511 1586 3581 ipse
1615 3509 1935 3565 doctusille

271 3600 763 3670 suppeditaverat
804 3599 1156 3663 rationibus,
1209 3615 1466 3670 quarum
1504 3598 1744 3668 gravior
1769 3596 1935 3653 nulla

271 3694 472 3744 tamen
502 3705 639 3744 esse
671 3693 917 3759 poterat,
942 3704 1128 3760 quam
1147 3689 1458 3760 quodjam
1484 3686 1719 3744 dudum
1749 3687 1809 3742 in
1830 3703 1935 3743 an-

271 3777 780 3848 tiquissima,certe
795 3781 957 3832 Petro
973 3777 1246 3832 Damiano
1261 3777 1587 3846 antiquiore
1603 3779 1935 3834 Sermonum

275 3866 625 3936 Chrysologi
639 3865 981 3922 collectione
995 3870 1295 3921 exstarent
1313 3871 1368 3920 et
1389 3879 1516 3919 cum
1537 3881 1610 3922 ea
1621 3865 1826 3921 excusi
1846 3881 1934 3920 es-

276 3964 418 4010 sent.
430 3955 538 4010 Sed
563 3954 691 4010 haec
720 3955 1062 4010 fateriillum
1082 3955 1328 4011 fortasse
1353 3955 1868 4026 puduit.Attamen
1881 3961 1937 4009 et

275 4044 332 4097 in
361 4043 560 4098 Indice
593 4044 855 4111 generali
876 4049 1040 4099 tomo
1062 4043 1462 4114 XliSpicilegii
1484 4043 1756 4113 subjecto
1786 4043 1936 4098 Petri

275 4132 627 4203 Chrysologi
645 4148 773 4188 esse
791 4133 1094 4203 notavit,ej
1105 4148 1292 4204 usque
1303 4147 1525 4188 nomen
1538 4133 1716 4188 etiam
1730 4131 1936 4203 praefe-

271 4226 408 4276 runt
439 4220 500 4275 in
533 4220 797 4276 secunda
814 4221 993 4290 hujus
1018 4221 1212 4291 operis
1234 4221 1511 4283 editione,
1533 4220 1669 4275 licet
1697 4224 1936 4276 curator

274 4311 400 4379 ejus
416 4309 750 4365 Ludovicus
764 4309 1119 4366 Franciscus
1135 4310 1353 4378 Joseplt
1370 4311 1443 4365 de
1461 4308 1518 4364 la
1546 4309 1735 4364 Barre
1765 4323 1932 4379 pror-

277 4415 380 4454 sus
398 4399 788 4470 nesciretquo
800 4400 932 4468 jure
950 4399 1241 4470 posterius
1254 4399 1434 4469 priori
1449 4403 1606 4454 esset
1625 4397 1933 4469 praeferen-

276 4486 850 4557 dum.Reprehendit
875 4488 1073 4558 potius
1098 4486 1449 4542 Dacherium
1465 4485 1630 4558 quod
1647 4486 1931 4550 rationes,
1966 4479 2010 4537 D

276 4592 411 4647 quae
433 4577 726 4646 ipsum,ut
751 4591 860 4630 suo
881 4575 1070 4630 codici
1091 4575 1289 4630 minus
1306 4575 1517 4630 ﬁderet
1536 4574 1930 4645 impulissent,

278 4679 394 4719 non
417 4664 688 4724 ediderit,
717 4663 1000 4734 additque
1022 4663 1070 4717 si
1097 4663 1234 4735 quis
1264 4664 1416 4718 malo
1448 4662 1728 4733 exemplo
1761 4662 1834 4717 ab
1863 4677 1934 4717 eo

278 4753 504 4808 factum
535 4768 666 4807 esse
691 4753 1094 4818 contenderet,
1117 4768 1180 4806 se
1195 4753 1438 4806 minime
1452 4751 1929 4808 adversaturum.

283 4843 387 4906 Qui
429 4843 478 4896 si
507 4841 735 4897 editum
761 4841 1021 4912 aliquem
1059 4839 1410 4912 Chrysologi
1435 4839 1797 4896 Sermonum
1837 4853 1932 4894 co-

280 4930 479 4986 dicem
502 4930 1002 5001 inspexisset,uon
1016 4928 1198 4985 modo
1209 4928 1469 4984 rationes
1481 4928 1612 4985 illas
1624 4927 1934 4999 facileipse

351 5114 424 5169 ta)
465 5109 566 5163 Tot
621 5107 843 5174 mendis,
881 5107 1064 5177 inquit
1111 5107 1194 5161 La
1238 5107 1412 5162 Barre
1459 5106 1519 5160 in
1561 5105 1936 5160 annotatione

281 5181 473 5250 prima
503 5181 596 5234 ad.
640 5180 821 5234 Serm.
857 5177 920 5243 ll,
955 5186 1027 5233 tot
1075 5178 1276 5250 mendis
1305 5184 1511 5234 scatent
1537 5179 1615 5232 hae
1645 5177 1935 5250 Homiliw,

280 5245 410 5322 quot
462 5269 522 5305 ne
568 5251 1013 5322 perspicassimus
1062 5249 1463 5322 quidem_uiius
1497 5265 1576 5322 ex
1631 5245 1937 5322 conjectura

283 5318 473 5376 tollere
502 5318 712 5392 potest}
740 5318 1084 5392 quamobrem
1111 5319 1249 5373 nihil
1279 5318 1361 5392 hic
1534 5320 1753 5373 omnino
1785 5320 1940 5392 casti-

281 5402 470 5463 gatum
502 5389 689 5446 'tector
737 5389 1023 5459 exspectet,
1066 5393 1264 5463 nolim;
1318 5390 1460 5463 haud
1503 5405 1674 5463 pauca
1729 5389 1940 5459 quidem

285 5460 398 5519 loca
420 5466 559 5533 [inde
579 5471 845 5533 corrupta
875 5462 1233 5533 restituimur,
1275 5460 1368 5515 sed
1407 5460 1468 5514 de
1498 5461 1748 5514 omnibus
1783 5463 1939 5533 resti-

287 5531 506 5591 tuendis
552 5552 617 5590 ne
661 5531 1022 5604 cogitavimus
1058 5532 1272 5602 quidem
1298 5535 1459 5596 ;sunl
1506 5534 1648 5587 enim
1678 5531 1944 5586 nonnulla

2051 1820 2109 1875 in
2142 1821 2490 1892 praefatione
2519 1824 2774 1894 scripsit,
2804 1824 2932 1881 illas
2954 1824 3246 1881 editiones
3272 1842 3494 1884 novam
3516 1843 3716 1884 recen-

2051 1909 2282 1966 sionem
2301 1911 2662 1976 desiderare,
2685 1913 3083 1985 eamdemque
3097 1914 3367 1984 ﬂagitare
3391 1916 3714 1972 lectionum

2052 1998 2422 2064 varietatem,
2455 2017 2588 2071 quas
2619 2017 2691 2056 ex
2723 2001 2790 2056 iis
2820 2018 2957 2072 quas
2983 2003 3238 2058 Thomas
3263 2004 3614 2060 Hibernicus
3649 2009 3711 2060 et

2048 2085 2189 2141 hinc
2237 2086 2691 2158 Allegoriarium
2733 2089 3018 2146 Collector
3066 2090 3125 2144 in
3175 2090 3549 2149 Collectanea
3602 2108 3713 2150 sua

2052 2175 2456 2232 transtulerint
2510 2178 2911 2234 animadverti
2962 2179 3164 2250 possit.
3221 2183 3386 2236 idem
3435 2181 3710 2253 Caeparis

2050 2264 2269 2320 Barthii
2307 2266 2363 2320 in
2387 2267 2822 2338 Chrysologum
2843 2267 3052 2324 laudes
3078 2267 3302 2325 ibidem
3339 2270 3580 2341 profert.

2123 2353 2278 2408 1671.
2301 2356 2546 2412 Lutetia
2563 2358 2946 2425 Parisiorum,
2977 2358 3254 2426 impensis
3270 2360 3397 2415 Soc.
3426 2360 3710 2431 Typogr.;

2048 2441 2251 2512 in-fol.
2295 2445 2442 2500 Petri
2474 2445 2833 2501 Ravennatis
2863 2445 3120 2516 Epistola
3150 2446 3228 2502 ad
3256 2447 3580 2518 Eutychen,
3616 2451 3710 2504 Gr.

2052 2531 2171 2586 Lat.
2199 2532 2294 2597 ;in
2329 2534 2598 2591 Conciliis
2617 2533 2832 2590 Labbei
2855 2540 2906 2590 et
2930 2535 3215 2591 Cossartii
3233 2540 3386 2591 tomo
3414 2537 3503 2605 ιν,
3534 2553 3592 2607 p.
3622 2541 3708 2593 35.

2121 2621 2280 2676 167-1.
2327 2623 2598 2688 Parisiis,
2649 2630 2860 2692 sumpt.
2907 2625 3067 2678 Petri
3135 2624 3459 2694 Var-iquet;
3506 2625 3704 2695 in-fol.

2052 2709 2198 2763 Petri
2253 2710 2692 2781 Chrysologi....
2747 2714 3061 2768 Sermones
3108 2713 3375 2776 CLXXVI,
3410 2729 3549 2769 cum
3579 2715 3715 2770 Leo-

2049 2798 2140 2850 nis
2171 2798 2249 2852 Μ.
2276 2806 2329 2853 et
2361 2801 2614 2854 aliorum
2644 2800 2786 2869 Opp.
2816 2799 3073 2855 collectis
3101 2815 3136 2855 a
3165 2800 3520 2867 Raynaudo.

2135 2894 2287 2946 1672.
2331 2888 2594 2957 Parisiis,
2639 2888 2796 2956 apud
2842 2888 3076 2944 viduam
3130 2889 3341 2944 Caroli
3391 2888 3706 2955 Sauream;

2047 2982 2213 3036 in~4°.
2269 2976 2422 3032 Petri
2453 2976 2802 3047 Chrysologi
2853 2978 3058 3032 Sermo
3103 2976 3177 3032 de
3231 2974 3420 3032 Natali
3473 2977 3711 3034 Domini

2046 3074 2255 3124 contra
2284 3065 2615 3122 Nestorium
2645 3085 2658 3133 ;
2692 3065 2914 3120 eddidit
2935 3080 3006 3120 ex
3036 3064 3240 3122 codice
3283 3070 3520 3122 vetusto
3561 3071 3710 3123 tam-

2045 3173 2234 3229 quam
2273 3154 2533 3211 auctoris
2573 3154 2780 3210 incerti
2828 3153 3011 3208 fetum
3053 3155 3245 3210 Lucas
3293 3154 3623 3212 Dacherius
3649 3156 3712 3212 in

2046 3251 2210 3302 tomo
2240 3246 2326 3314 XI,
2360 3259 2513 3316 page
2540 3243 2802 3299 279-281.

2117 3338 2438 3406 Acceperat
2465 3349 2500 3387 a
2531 3331 2912 3388 Chifiletian
2945 3329 3202 3401 vulgatis
3223 3332 3587 3389 editionibus
3606 3349 3708 3389 au-

2047 3424 2192 3479 ctior
2222 3428 2278 3478 et
2321 3421 2694 3478 emendatior
2732 3423 2923 3474 exstat
2947 3435 3110 3475 num.
3146 3422 3339 3485 CXLV,
3381 3421 3547 3492 quod
3593 3423 3707 3492 pri-

2049 3529 2180 3567 mus
2216 3510 2445 3567 monuit
2475 3511 2707 3566 Paulus
2745 3509 3096 3565 Colomesius
3128 3510 3190 3564 in
3223 3510 3590 3578 Paralipom.
3627 3510 3704 3564 de

2046 3602 2150 3658 SS.
2183 3601 2404 3656 Eccles.
2446 3617 2504 3671 p.
2537 3603 2662 3663 263,
2697 3602 2753 3653 et
2785 3598 2937 3654 Obss.
2977 3597 3167 3653 Sacris
3209 3613 3268 3668 p.
3309 3597 3426 3652 133.
3457 3597 3547 3653 Cf.
3589 3598 3704 3654 Fa-

2053 3690 2273 3746 bricius
2309 3689 2369 3744 in
2416 3688 2570 3743 Bibl.
2608 3688 2686 3742 M.
2732 3693 2788 3744 et
2827 3689 2940 3757 lnf.
2975 3688 3106 3742 Lat.
3143 3687 3376 3742 Minime
3405 3687 3585 3756 igitur
3615 3686 3703 3743 la-

2046 3785 2165 3834 tere
2195 3778 2500 3833 debuisset
2523 3777 2815 3832 editorum
2837 3775 3258 3831 novissimum.

2124 3872 2275 3922 1675.
2303 3870 2432 3922 Lut.
2466 3868 2688 3928 Paris,
2724 3865 2996 3936 sumptib.
3029 3866 3124 3921 Jo.
3157 3867 3340 3934 Bapt.
3365 3863 3656 3935 Coignard
3687 3884 3699 3932 ;

2049 3959 2213 4024 iri-4°,
2239 3957 2384 4010 Petri
2413 3955 2768 4025 Chrysologi
2795 3954 3057 4024 episcopi
3078 3953 3479 4009 Havennensis
3496 3954 3574 4009 ad
3597 3954 3703 4009 Eu-

2047 4046 2262 4115 tychen
2302 4044 2713 4115 presbyterum
2763 4042 3026 4112 Epistola
3059 4057 3071 4104 ;
3110 4042 3311 4097 Latine
3357 4057 3496 4094 cum
3547 4042 3701 4096 notis

2046 4133 2346 4188 Paschasii
2375 4131 2670 4200 Quesnelli
2687 4149 2704 4199 ;
2728 4146 2864 4184 cum
2891 4131 3103 4184 Leonis
3125 4130 3192 4183 Μ
3194 4171 3207 4185 .
3244 4129 3542 4198 Operibus,
3570 4133 3704 4197 post

2045 4220 2358 4292 epistolam
2377 4224 2464 4285 22,
2499 4225 2537 4273 t.
2570 4220 2609 4282 l,
2626 4232 2805 4286 pagg.
2838 4221 2959 4271 477.
2987 4218 3146 4271 Notis
3174 4221 3409 4272 exstant
3447 4220 3611 4271 tomo
3635 4214 3701 4283 ll,

2045 4323 2228 4380 pagg.
2266 4308 2454 4363 829-41
2490 4307 2573 4377 (in
2599 4305 2691 4360 ed.
2729 4305 3108 4376 Lugdunensi
3160 4308 3313 4370 1700,
3361 4306 3559 4375 in-fol.
3588 4308 3628 4360 t.
3656 4306 3698 4369 Ι,

2045 4413 2222 4470 pagg.
2255 4397 2378 4459 241,
2411 4399 2497 4452 42.
2533 4397 2716 4450 Τοωο
2748 4394 2812 4458 ll,
2849 4409 3021 4464 pagg.
3057 4394 3303 4465 456.58).

2120 4508 2143 4536 (ι
2177 4481 3277 4557 Triplicem,inquitQuesnellus,hujus
3296 4481 3565 4555 epistolae
3582 4482 3703 4538 edi-

2045 4577 2266 4631 tionem
2309 4575 2577 4628 invenio:
2624 4589 2828 4637 unam,
2861 4588 3050 4643 quam
3091 4573 3317 4628 habent
3348 4573 3701 4640 posteriores

2045 4665 2240 4720 sancti
2259 4663 2463 4718 Leonis
2493 4661 2894 4725 editiones,ubi
2925 4678 2994 4716 ex
3028 4661 3588 4718 ms.Cod.Thuanea3
3615 4661 3700 4714 Bi-

2046 4752 2354 4807 bliotheca
2367 4751 2662 4821 descripta
2690 4750 2904 4819 legitur
2919 4749 3206 4821 Epistola;
3237 4749 3483 4805 alteram
3495 4765 3698 4820 ,quam

2047 4858 2113 4897 ex
2143 4857 2285 4895 mss.
2319 4839 2621 4896 codicibus
2662 4839 2960 4894 Vaticanis
2997 4854 3165 4894 num.
3207 4839 3348 4894 2574
3389 4845 3444 4894 et
3477 4839 3618 4892 2580
3642 4840 3701 4890 et

2047 4928 2364 4986 cardinalis
2385 4927 2572 4984 Sirleti
2584 4928 2924 4999 procuravit
2938 4929 3230 4984 Gerardus
3246 4927 3484 4982 Vossius
3497 4925 3700 4980 doctor

2047 5122 2164 5176 quas
2194 5103 2303 5159 nisi
2346 5120 2440 5174 ope
2483 5120 2580 5158 ms.
2635 5104 2834 5176 codicis
2872 5102 3155 5176 emendari
3185 5116 3296 5176 non
3327 5106 3588 5176 postumi
3614 5100 3700 5176 ln-

2049 5171 2276 5231 {erdum
2306 5171 2500 5230 tamen
2528 5175 2906 5230 correctiones
2938 5174 3060 5244 ejus
3099 5172 3155 5244 in
3183 5171 3320 5244 locis
3339 5171 3700 5244 corruptissi-

2052 5229 2159 5302 inis
2190 5249 2331 5300 adeo
2383 5229 2514 5300 cum
2541 5229 2844 5316 impressis
2886 5229 3220 5316 Cl’iarysologi
3251 5229 3535 5316 codicibus
3564 5229 3699 5316 icon-

2052 5321 2307 5380 cortlant,
2355 5321 2414 5370 ut
2455 5311 2713 5370 dubitare
2746 5315 2944 5385 possis,
2989 5311 3059 5366 an
3105 5315 3327 5368 tantum
3361 5311 3482 5368 sola
3513 5315 3701 5385 Conje-

2053 5394 2214 5443 ctum
2265 5388 2512 5441 hominis
2553 5386 2774 5454 assequi
2813 5384 3016 5438 valeat.
3070 5385 3294 5441 Scilicet
3338 5391 3453 5440 non
3499 5384 3696 5453 semel,

2054 5462 2152 5516 sed
2191 5459 2400 5530 ubique
2430 5458 2612 5513 ferme
2644 5472 2870 5512 verram
2902 5456 3623 5528 lectionemdeprehendit.
