4012 6184
212 273 275 327 89
561 258 1123 319 δΟΗΟΕΝΕΜΑΝΝΙ
1165 236 1462 319 NOTle
1506 256 1577 315 IN
1620 257 1809 317 OMNIS

1924 256 2292 317 EDITIONES
2335 258 2392 317 S.
2443 259 2652 318 PETRI
2697 255 3168 317 CHRYSOLOGI.
3497 262 3571 317 90

208 395 393 458 CLXIX,
416 393 615 465 postea
642 391 704 446 in
732 392 879 460 App.
908 390 1035 444 LVII
1061 408 1074 456 ;
1097 389 1381 461 posterior
1402 389 1554 445 inter
1571 390 1803 443 Sermo-
1839 389 1888 448 A
1922 388 2194 443 Oratione
2216 389 2448 444 Domini
2474 389 2825 461 desumptos
2857 405 2926 443 ex
2963 388 3227 444 Daclierii
3258 389 3575 461 Spicilegio

207 484 374 542 neede
395 481 611 537 Sanctis
640 477 795 545 XXII,
832 482 970 549 post
994 477 1056 533 in
1087 484 1240 550 App.
1282 477 1533 534 LXXVII.
1568 476 1682 533 Sed
1712 474 1807 530 ille

208 572 393 647 passim
415 566 797 640 interpolatus
825 571 913 621 est
937 570 989 621 et
1005 566 1201 623 multis
1225 566 1530 622 sententiis
1558 564 1807 631 auctior,

206 676 329 733 quas
349 655 582 729 proinde
597 653 850 709 Maurini
866 653 1097 710 ansulis
1112 659 1664 711 commonstrarunt
1684 669 1697 718 ;
1714 651 1808 708 hic

208 749 269 805 ab
295 745 439 802 initio
459 743 821 800 decurtatus.
853 744 987 797 Erat
1011 757 1155 811 ergo
1199 743 1370 807 ratio,
1404 758 1511 798 cur
1560 740 1810 797 novissi-

206 853 313 892 mus
335 830 766 890 editoreosdem
796 829 1039 887 editioni
1071 847 1194 887 sua:
1232 832 1477 902 insuper
1506 829 1805 901 adjiceret,

206 932 255 982 ut
277 940 307 980 a
328 922 531 980 Mansio
546 920 857 986 discimus,
892 920 1001 977 Alii
1031 920 1155 978 duo
1167 920 1414 995 insuper
1438 920 1591 976 inter
1613 924 1809 989 Augu-

201 1014 447 1069 stinianos
472 1013 789 1068 Sermones
808 1015 1153 1079 occurrunt,
1184 1025 1403 1083 nempe
1430 1025 1599 1066 num.
1633 1008 1805 1073 CXXI,

200 1103 255 1159 de
276 1102 459 1158 Natali
479 1100 723 1156 Domini
749 1101 1006 1171 V,quem
1027 1099 1087 1155 in
1099 1099 1473 1172 quibusdam
1500 1095 1808 1155 mss.Petri

199 1188 509 1248 Ravennatis
529 1203 753 1244 nomen
782 1187 1058 1259 praeferre
1090 1193 1318 1259 notant,
1334 1194 1389 1244 et
1406 1190 1611 1245 Sermo
1628 1186 1807 1243 XCVII

162 1302 167 1303 ν
196 1279 259 1335 de
282 1277 455 1333 verbis
481 1279 707 1346 Evang.
737 1277 910 1332 Joan.
942 1292 1063 1341 xxv,
1089 1279 1299 1333 Pacem
1318 1293 1505 1335 meam
1537 1276 1613 1331 do
1634 1275 1806 1344 vobis,

196 1373 286 1423 etc.
309 1382 475 1440 quem
508 1381 647 1421 eum
695 1366 802 1421 LXI
860 1363 1210 1436 Chrysologi
1268 1366 1421 1438 stylo
1486 1364 1807 1422 convenire

196 1459 407 1514 monent
430 1454 633 1511 iidem.

787 1603 932 1643 ΒΑΕου
942 1603 1005 1643 LO
1037 1603 1177 1643 XVIII

252 1725 384 1779 1714.
407 1722 674 1785 Parisiis,
709 1736 781 1777 ea:
814 1722 1063 1791 Typogr.
1096 1722 1237 1791 Reg.
1263 1737 1277 1786 ;
1306 1721 1503 1791 i't-fOl.
1524 1720 1672 1776 Petri
1702 1722 1811 1776 Ba-
1836 1752 1882 1808 Β

190 1812 415 1867 vennatis
427 1809 683 1882 Epistola
695 1810 767 1866 ad
783 1808 1174 1881 Eutychenﬁn
1186 1809 1460 1865 Consiliis
1473 1809 1804 1875 Harduini,

194 1904 325 1956 torno
345 1901 405 1965 ll,
426 1914 608 1971 pagg.
637 1902 729 1953 22.

251 1992 383 2045 I723.
395 1988 666 2054 Parisiis,
680 1987 847 2057 apud
855 1986 1192 2043 Montatant
1217 2004 1231 2053 ;
1248 1988 1449 2057 in-fot.
1470 1986 1616 2043 Petri
1630 1987 1812 2058 Chry-

198 2076 351 2148 sOIOgi
382 2080 590 2135 Sermo
615 2077 690 2133 de
717 2077 903 2134 Natali
937 2076 1170 2133 Domini
1202 2082 1259 2133 et
1312 2078 1627 2132 Sermones
1659 2078 1700 2128 V
1747 2075 1808 2131 in

192 2168 490 2223 Orationem
526 2166 900 2223 Dominicam
921 2184 938 2237 ;
956 2166 1015 2222 in
1029 2181 1188 2223 nova
1218 2166 1474 2222 editione
1501 2164 1813 2236 Spicitegii

189 2257 330 2312 Luca
354 2255 670 2325 D’Achery
700 2271 888 2329 quam
917 2256 1143 2311 curavit
1201 2256 1535 2312 Ludovicus
1584 2255 1804 2312 Franc.

188 2344 357 2416 Ioseph
383 2347 465 2402 La
491 2347 697 2403 Barre
715 2349 879 2401 tomo
898 2345 940 2410 I,
976 2360 1155 2418 pagg.
1187 2347 1277 2411 LI,
1310 2348 1562 2401 2t5-22t.

240 2435 360 2490 Vide
386 2450 525 2507 quae
558 2434 717 2491 dicta
748 2438 885 2491 sunt
913 2432 1232 2490 occasione
1287 2433 1563 2491 editionis
1594 2434 1806 2507 primae

193 2527 373 2579 11.1666
393 2529 449 2580 et
483 2527 651 2579 1672.

243 2615 375 2668 I742.
406 2612 683 2678 Venetiis,
711 2611 1283 2681 apudAugustinum
1310 2610 1574 2682 Savioti;
1604 2612 1805 2681 in-fot.

188 2701 345 2756 Sancti
372 2702 521 2756 Petri
552 2699 903 2774 Chrysologi
937 2698 1471 2755 Forocorneliensis
1504 2702 1811 2755 Ravenna-

188 2793 285 2844 tum
297 2789 730 2862 archiepiscopi
744 2791 937 2860 Opera
949 2788 1144 2845 omnia
1156 2803 1283 2845 cum
1300 2786 1810 2843 observationibus

186 2880 228 2931 et
248 2876 422 2935 indice
445 2893 659 2933 rerum
689 2876 1161 2949 locupletissimo
1190 2875 1679 2932 DominiciMitar.
1706 2880 1811 2931 Ac-

185 2980 375 3022 cessere
394 2971 689 3039 prasterea
713 2966 774 3021 in
793 2966 908 3022 hac
930 2971 1136 3021 nostra
1147 2965 1406 3021 editione
1432 2966 1493 3020 S.
1516 2963 1808 3021 Valeriani

188 3054 533 3111 (‘cmeliensis
565 3055 832 3127 episcopi
862 3054 1126 3111 Homilias
1152 3057 1450 3127 quotquot
1484 3057 1739 3111 exstant.

1920 477 2171 542 tomVll,
2194 492 2333 549 pag.
2376 482 2491 547 I20,
2535 483 2693 533 veter
2717 478 2764 532 is
2786 476 3086 543 editionis;
3123 478 3573 547 geminosetiam

1919 565 2067 621 alios
2089 582 2158 621 ex
2172 566 2504 638 appendice
2520 568 2873 622 Sermonum
2903 569 2956 622 S.
2976 567 3286 635 Augustini
3300 567 3577 623 editionis

1919 656 2778 712 Mauriniauorum.Recensuit
2804 660 2991 711 totum
3022 672 3179 728 opus
3217 656 3295 711 ad
3344 662 3573 713 veteres

1918 761 2061 800 mss.
2091 745 2359 809 codices;
2393 750 2565 801 notas
2584 760 2620 801 a
2650 744 2955 800 Dominico
2985 745 3116 800 Mita
3146 744 3290 800 olim
3321 746 3575 802 adorna-

1919 837 2006 890 tas
2027 834 2285 899 retinuit,
2314 834 2602 906 quibuset
2624 849 2767 888 suas
2783 832 3014 903 adjecit,
3043 849 3150 888 nec
3175 849 3567 905 paucas,nec,

1918 927 1983 979 ut
2008 939 2147 981 vera
2178 923 2383 989 fatear,
2415 923 2708 980 indoctas.
2735 924 3115 995 Quamquam
3142 937 3284 977 vero
3309 922 3566 979 laborem

1916 1012 2077 1069 hunc
2109 1013 2216 1069 viri
2239 1012 2439 1069 eximii
2469 1012 2671 1084 probo,
2708 1010 2959 1065 multum
2980 1015 3181 1066 tamen
3207 1012 3420 1066 abesse
3442 1026 3568 1066 cre-

1917 1101 2018 1166 do,
2054 1106 2115 1157 ut
2141 1101 2321 1158 editio
2344 1103 2604 1173 Operum
2631 1097 2984 1172 Chrysologi
3004 1099 3087 1155 sic
3114 1100 3351 1155 tandem
3376 1098 3569 1155 omni-

1916 1189 2032 1245 bus
2066 1194 2331 1246 numeris
2357 1189 2636 1245 absoluta
2661 1192 2988 1261 reputetur.
3015 1187 3319 1243 Admonet
3347 1188 3434 1243 vir
3459 1188 3574 1243 exi-

1918 1279 2073 1333 mius
2096 1295 2166 1333 ex
2196 1278 2561 1335 orationibus
2590 1275 3089 1334 hiscenonuullas
3118 1275 3438 1333 Severiano
3457 1277 3573 1331 cui-

1917 1367 2132 1423 damin
2145 1367 2388 1423 vetustis
2403 1366 2709 1423 codicibus
2728 1364 2965 1428 ascribi,
2988 1381 3110 1436 qua
3130 1380 3243 1435 ego
3266 1365 3575 1436 praemoni-

1918 1456 2069 1512 tione
2082 1457 2317 1512 edoctus
2332 1464 2641 1528 nactusque
2654 1455 2709 1510 in
2723 1455 2901 1511 veteri
2914 1454 3242 1510 homiliario
3257 1454 3477 1520 codice,
3493 1470 3575 1509 re-

1918 1551 2078 1617 perto
2090 1544 2145 1601 in
2163 1544 2513 1602 bibliotheca
2524 1545 2928 1602 canonicorum
2940 1544 3171 1615 Majoris
3187 1543 3456 1600 Ecclesiae
3469 1543 3576 1597 Lu-

1917 1636 2244 1699 censis,nec
2263 1651 2388 1691 meo
2397 1636 2416 1707 j
2428 1635 2621 1691 udicio
2635 1634 2852 1690 saeculo
2863 1650 2943 1690 xu
2957 1632 3575 1698 recentiore,homilias

1916 1725 2214 1797 quasdam
2235 1725 2533 1781 Severiani
2548 1724 2790 1780 nomine
2810 1723 3298 1795 praefixasmnam
3313 1722 3575 1793 aliquam

1916 1830 1988 1870 ex
2006 1813 2117 1870 illis
2143 1814 2567 1870 conferendam
2580 1813 2881 1884 assumpsi
2899 1828 3039 1868 cum
3058 1811 3305 1867 homilia
3323 1811 3572 1882 Chryso-

1916 1901 2054 1974 logi,
2084 1918 2214 1974 qum
2240 1902 2390 1957 inter
2418 1900 2607 1957 editas
2639 1905 2726 1956 est
2771 1898 2880 1954 Cll.
2950 1902 3274 1970 Utramque
3328 1912 3574 1952 consen-

1918 1991 2160 2048 tientem
2174 1992 2364 2064 reperi
2397 2006 2410 2045 :
2437 1988 2615 2046 simul
2635 1995 2836 2046 tamen
2850 1987 3286 2057 agnovi,hiulca
3299 1985 3571 2058 quaedam

1918 2080 2131 2136 essein
2158 2080 2335 2151 edito,
2370 2095 2506 2153 quae
2536 2077 2769 2147 egregie
2815 2074 3248 2147 supplebantur
3279 2088 3315 2129 a
3365 2073 3570 2129 codice

1918 2168 2035 2226 illo.
2068 2190 2097 2218 »
2129 2168 2355 2225 Profert
2408 2167 2632 2224 ibidem
2685 2164 2974 2221 variantis
3026 2163 3296 2220 lectionis
3346 2162 3577 2234 aliquot

1917 2258 2337 2331 exempla.Sed
2351 2272 2475 2313 non
2501 2254 2679 2327 hujus
2693 2255 2941 2312 demum
2960 2252 3203 2309 editoris
3231 2251 3339 2309 fuit
3362 2252 3461 2307 illa
3473 2251 3576 2307 ad-

1803 2373 1806 2377 ν
1916 2348 2187 2413 monitio,
2203 2345 2524 2403 nonnullas
2550 2342 2829 2402 homilias
2850 2342 3169 2401 Severiano
3196 2340 3257 2397 in
3271 2340 3579 2397 codicibus

1916 2437 2168 2495 vetustis
2186 2436 2421 2500 ascribi,
2441 2435 2543 2491 sed
2562 2435 2795 2491 dudum
2820 2433 2881 2489 in
2913 2431 3235 2488 Bonniensi
3263 2430 3452 2503 prima
3505 2430 3578 2485 ab

1917 2527 2166 2598 Agapito
2198 2525 2345 2581 illud
2375 2524 2761 2581 observatum
2787 2526 2894 2577 est.
2927 2524 3039 2577 Nec
3087 2520 3419 2575 admodum
3453 2517 3577 2573 dili-

1918 2616 2176 2685 gentiam
2198 2614 2329 2685 ejus
2357 2612 2749 2681 commendat,
2786 2610 2951 2682 quod
2965 2609 3056 2664 bis
3069 2608 3313 2663 eosdem
3345 2609 3577 2664 Sermo-

1916 2719 2015 2760 nes
2058 2703 2192 2759 Vin
2220 2703 2559 2759 Orationem
2598 2700 2970 2755 Dominicam
3027 2695 3421 2751 excribendos
3473 2695 3572 2749 de-

1917 2791 2089 2848 derit.

1989 2882 2147 2937 1753.
2176 2879 2436 2942 Venetiis,
2465 2877 2630 2945 apud
2656 2875 2952 2931 Simonem
2985 2871 3159 2929 0cohi
3176 2888 3190 2937 ;
3210 2871 3401 2940 in-fot.
3421 2869 3571 2925 Petri

1920 2968 2267 3042 Chrysologi
2284 2965 2546 3039 episcopi
2573 2963 2932 3021 Ravennatis
2957 2962 3037 3018 ad
3056 2960 3381 3032 Eutychem
3411 2974 3573 3031 pres-

1846 3076 1889 3135 ο
1920 3058 2198 3131 byterum
2230 3054 2509 3129 Epistola,
2538 3055 2634 3110 Gr.
2661 3054 2779 3108 Lat.
2800 3066 2939 3106 cum
2967 3048 3375 3106 admonitione
3396 3052 3573 3103 etno-

234 3144 575 3217 Bibliopolee
600 3144 865 3200 instituto
898 3143 1290 3199 Bononiensis
1328 3159 1383 3199 a.
1437 3146 1571 3199 I643
1631 3142 1810 3199 editio
1922 3148 1992 3204 tis
2020 3146 2488 3203 Batteriniorum
2506 3160 2523 3209 ;
2556 3142 2618 3198 in
2643 3139 2920 3211 Operibus
2948 3140 3158 3196 Leonis
3182 3138 3267 3193 Μ.
3291 3139 3351 3193 Τ.
3388 3137 3430 3203 I,
3456 3135 3578 3209 epi-

186 3238 421 3290 accurate
450 3248 677 3290 recusa
713 3237 770 3289 et
793 3232 956 3287 cultu
999 3247 1120 3289 non
1162 3231 1415 3288 honesto
1457 3230 1662 3296 modo,
1705 3231 1811 3288 sed

186 3320 333 3378 etiam
364 3322 701 3393 magniﬁco
730 3321 937 3378 dotata
964 3326 1071 3377 est.

241 3414 380 3470 I750.
418 3411 706 3469 Venetiis.
728 3452 742 3466 .
765 3452 813 3468 ..
836 3452 850 3467 .
889 3410 1087 3480 in—fol.
1123 3410 1321 3468 Sancti
1368 3410 1520 3466 Petri
1565 3410 1812 3481 Chryso-

183 3494 276 3568 logi
299 3501 485 3571 Opera
520 3499 734 3556 omnia
758 3499 836 3555 ad
875 3498 1110 3555 codices
1139 3514 1290 3564 mss,
1345 3498 1636 3555 recensita
1665 3514 1701 3555 a
1751 3502 1807 3553 P.

185 3586 499 3654 Sebastiano,
519 3590 716 3645 Pauli
735 3587 958 3650 Clerico
983 3590 1125 3658 Reg.
1159 3588 1645 3659 Congregationis
1693 3587 1811 3644 Ma-

186 3674 267 3730 tris
290 3676 377 3733 Dei
414 3676 722 3733 Lucensis.

240 3764 307 3820 De
329 3765 437 3823 hac
466 3766 739 3822 editione
768 3780 889 3820 non
917 3763 1030 3819 nisi
1060 3779 1129 3819 ex
1153 3763 1223 3819 iis
1272 3770 1524 3828 constat,
1570 3780 1707 3837 quas
1737 3764 1807 3821 cl.

185 3851 418 3910 Haasius
445 3857 510 3911 in
532 3853 897 3909 Bibliotheca
915 3852 1261 3909 Fabriciana
1281 3851 1495 3908 mediae
1517 3856 1573 3907 et
1587 3852 1810 3909 intimas

188 3939 476 4000 Latinitatis
504 3944 664 4012 'I‘.V,
696 3957 835 4015 pag.
855 3941 979 4007 253,
1003 3941 1080 3997 ad
1112 3940 1506 4013 supplendam
1528 3940 1603 3997 de
1633 3942 1814 4014 Chry-

187 4028 363 4100 sologo
386 4032 677 4090 notitiam
704 4030 990 4087 recitavit.
1020 4050 1047 4080 ιι
1083 4032 1206 4086 Non
1235 4035 1342 4094 est,
1374 4046 1478 4085 cur
1517 4030 1613 4087 hic
1672 4047 1813 4102 prm-

189 4120 395 4187 teream,
427 4122 654 4194 inquit,
678 4135 864 4193 quam
884 4118 998 4175 sub
1022 4118 1335 4190 ipsoanno
1366 4134 1476 4174 suo
1496 4118 1813 4174 emortuali

190 4207 453 4279 evnlgavit
480 4210 581 4266 vir
610 4209 684 4264 cl.
717 4211 775 4264 P.
809 4206 1198 4264 Sebastianus
1253 4206 1416 4263 Pauli
1468 4213 1811 4277 congregat.

188 4295 345 4352 Iatris
375 4300 473 4355 Dei
506 4297 815 4361 Lucensis,
844 4296 1066 4353 sodalis
1093 4312 1263 4353 meus
1302 4294 1720 4354 dilectissimus
1760 4302 1816 4354 et

190 4385 383 4441 amicus
404 4393 560 4443 dum
593 4385 819 4442 viveret
840 4385 901 4441 in
927 4385 1134 4458 primis
1162 4384 1575 4441 charissimus.
1598 4386 1817 4443 Prodiit

1921 3238 2069 3294 stola
2106 3237 2256 3301 XXV,
2284 3248 2468 3307 pagg.
2498 3233 2718 3289 775-78.

1992 3305 2520 3372 Balleriniivdocent
2549 3312 2916 3369 decurtatam
2941 3308 3271 3377 epistolam,
3329 3305 3405 3361 de
3458 3321 3580 3377 qua

1922 3403 2271 3471 Quesnellus
2289 3401 2551 3473 primum
2568 3398 2812 3460 monuit,
2830 3396 3123 3469 proficisci
3138 3411 3211 3451 ex
3234 3394 3578 3450 collectione

1920 3496 2219 3550 Canonum
2236 3491 2597 3563 Hispana,ex
2611 3503 2800 3560 eaque
2818 3487 2877 3541 in
2895 3486 3287 3542 Isidosianam
3299 3481 3577 3553 ,iudeque

1918 3582 2252 3655 inreliquas
2266 3573 3129 3637 Collectionesﬂuxisse.Simul
3154 3578 3351 3629 tamen
3386 3576 3578 3626 osten-

1919 3673 2069 3730 dunt
2091 3674 2338 3741 integrae
2367 3667 2662 3739 originem
2689 3665 2940 3738 potioris
2968 3679 3097 3720 esse
3127 3668 3184 3719 et
3215 3661 3575 3734 antiquitatis

1920 3767 1977 3818 et
2008 3757 2397 3823 auctoritatis,
2416 3755 2641 3828 quippe
2655 3770 2792 3827 quas
2806 3752 3138 3809 inveniatur
3149 3751 3211 3807 in
3225 3750 3573 3807 collectione

1919 3849 2299 3922 epistolarum
2323 3846 2385 3901 in
2411 3860 2595 3901 causa
2634 3842 2995 3914 Eutychetis,
3046 3857 3183 3912 quae
3239 3839 3575 3896 actionibus

1920 3937 2152 3995 concilii
2183 3932 2681 3992 Chalcedonensis
2722 3930 2999 4003 praemitti
3031 3928 3200 3993 solet,
3265 3932 3401 3983 ante
3456 3943 3577 3981 me-

1921 4028 2088 4083 dium
2121 4028 2358 4080 sextum
2391 4021 2679 4078 saeculum
2728 4020 2927 4076 Latine
2981 4022 3317 4087 compacta.
3374 4013 3577 4085 Suspi-

1924 4119 2132 4172 cantur
2155 4118 2357 4170 autem
2371 4112 2628 4183 priorem
2641 4113 2873 4179 partem
2895 4105 3161 4177 epistolae
3190 4119 3375 4176 quam
3408 4100 3574 4158 etiam

1924 4202 2239 4275 Hispanica
2272 4199 2534 4256 collectio
2556 4196 2778 4269 profert
2804 4194 3159 4264 originalem
3198 4208 3326 4249 esse
3386 4195 3579 4264 poste-

1923 4295 2144 4352 riorem
2175 4308 2243 4348 ex
2268 4293 2470 4347 Graeco
2504 4303 2699 4343 usam.

2006 4388 2157 4439 1761.
2188 4381 2515 4442 Florentiae,
2538 4377 2810 4446 expensis
2832 4377 2979 4432 Ant.
3009 4376 3206 4430 Zattar
3243 4370 3437 4429 Veneti
3456 4371 3582 4436 ;in-

188 4470 266 4529 illa
292 4432 819 4549 typis;:netisva‘.v
1853 4432 1895 4488 υ
1923 4432 2853 4546 Γοὶλῐίξένίθηῐιειίὶεέρὶειοὶει
2874 4464 2953 4520 ad
2979 4462 3277 4536 Eutychen
3304 4463 3398 4516 Gr.
3429 4432 3574 4523 Lat,

192 4563 1343 4637 votamineuno)in-[oLPreetereaqutein
1365 4563 1816 4633 praecedentibus
1926 4578 2066 4620 cum
2094 4555 2551 4633 praemonitione
2575 4553 2802 4610 etnotis
2829 4553 3299 4609 Batteriniorum
3324 4566 3337 4617 ;
3368 4550 3428 4605 in
3450 4548 3577 4604 Cot-

188 4650 515 4710 editionibus
541 4656 866 4726 patuerunt
895 4652 1112 4725 adjecit
1137 4666 1444 4707 sermones
1488 4658 1717 4725 septem
1742 4654 1815 4711 de
1929 4646 2453 4716 lectioneamptiss.
2481 4641 2782 4698 Concitior.
2804 4642 3029 4698 tom.V.
3051 4655 3225 4713 pagg.
3249 4639 3574 4694 13674350.
