4012 6184
427 258 497 318 91
1277 258 1350 318 ΙΝ
1396 260 1455 319 S.
1504 259 1794 320 PETRUM
1839 259 2373 322 CHRYSOLOGUM
2421 262 2984 341 PBCLEGOMENA,
3757 275 3820 336 92

1210 555 1431 643 JOS.
1523 559 1624 644 A.
1720 553 2247 645 AMADESII
2336 559 3054 650 DlSSEitTATlO

980 924 1565 1049 METROPOLI
1642 921 2396 1052 ECCLESIAS’I‘IGA
2474 928 3264 1075 RAVENNATENSI.

1879 1115 1972 1169 AD
2017 1115 2118 1169 CL.
2159 1115 2381 1171 VIRUM

1518 1269 1965 1357 PAULUM
2057 1272 2729 1364 PACIAUDUM.

1526 1583 2031 1641 TYPOGBAPHUS
2071 1587 2376 1643 VENETUS
2428 1588 2735 1646 LECTORI.

427 1732 523 1793 Ad
553 1732 897 1816 timotheum
921 1745 1263 1816 pervenerat
1298 1734 1529 1816 Editio,
1563 1755 1691 1797 cum
1761 1736 2066 1816 diligentia
2136 1745 2185 1798 et
2253 1758 2393 1799 cura
2465 1740 2539 1802 cl.
2615 1762 2666 1804 υ.
2748 1743 2930 1802 Pauli
3000 1742 3218 1804 Mariae
3290 1745 3577 1806 Paciaudi
3635 1746 3831 1807 clerici

506 1814 815 1891 regularis.
853 1813 1194 1903 Dissertatio
1229 1814 1672 1903 hzcﬁRavenna
1755 1813 2017 1878 Venetiae
2075 1825 2264 1903 missa
2301 1820 2378 1880 ad
2433 1839 2585 1882 meas
2637 1843 2842 1884 manus
2877 1827 3156 1903 pervenit.
3232 1824 3404 1887 Hanc
3471 1827 3568 1887 hic
3631 1828 3836 1887 addere

496 1912 617 1982 pro
685 1893 948 1982 coronide
1043 1893 1289 1982 Irarum"
1338 1893 1910 1982 _Prolegomenorum,
2010 1920 2106 1960 nec
2198 1900 2415 1960 editori
2498 1909 2816 1982 ingratum,
2877 1893 2984 1965 Inec
3055 1905 3356 1967 lectoribus

506 1973 650 2054 fore,
686 1973 1007 2034 arbitratus
1035 1995 1182 2034 sum.
1233 1973 1396 2036 Vale.

1041 2111 1458 2166 PRO(EMIUM.

499 2199 865 2265 Cogitantem
901 2213 986 2264 ea,
1019 2213 1155 2268 quae
1185 2200 1257 2253 de
1287 2201 1646 2255 Ravennatis
1677 2201 1945 2257 Ecclesiae
1991 2202 2078 2257 di-

428 2301 506 2353 gu
520 2292 656 2341 .tate
683 2286 1088 2355 superioribus
1104 2286 1316 2341 diebus
1328 2288 2004 2354 disserueram,tenebris
2022 2295 2078 2348 et

428 2373 1663 2447 oblivionidemandare,meexhujusmodi
1686 2379 2077 2435 sententiare-

427 2467 786 2518 vocaverunt
807 2463 1227 2533 persuasiones
1258 2468 1394 2528 tum,
1427 2466 1649 2537 Optime
1677 2465 1995 2524 Paciaude.
2015 2471 2078 2524 Et

429 2552 703 2623 quamvis
733 2552 854 2617 diu,
891 2551 1695 2623 multumquedubitaverim,
1729 2561 1928 2612 utrum
1959 2562 2076 2613 tute

431 2640 719 2696 voluntati
751 2640 1041 2705 resistere,
1075 2656 1150 2695 an
1177 2641 1593 2714 obtemperare
1620 2646 1812 2715 magis
1841 2646 2078 2718 expedi-

431 2735 554 2796 ret;
585 2729 730 2784 illud
755 2729 912 2784 enim
939 2729 1294 2785 obedientiaa
1318 2731 1669 2802 periculum,
1698 2733 1948 2790 alterum
1975 2734 2082 2790 ob-

433 2819 730 2873 servantia
775 2825 950 2890 atque
983 2835 1152 2874 amor
1181 2820 1237 2874 in
1268 2825 1320 2874 te
1345 2836 1512 2875 meus
1534 2821 1883 2879 insinuabat
1907 2829 2080 2880 :atta-

432 2923 568 2963 men
599 2907 778 2963 malui
807 2907 943 2962 huic
970 2908 1394 2980 qualicumque
1437 2910 1694 2980 periculo
1743 2928 1837 2967 me
1891 2916 2078 2968 totum

433 2997 821 3060 committere,
853 3001 915 3049 ut
944 2995 1332 3052 observantiae
1359 3002 1414 3053 et
1449 2999 1639 3054 amori
1696 3001 2077 3073 obsequerer,

431 3100 615 3156 quam
633 3085 836 3139 istluec
856 3084 1073 3149 oﬂlcia,
1099 3085 1317 3156 quibus
1339 3087 1442 3142 tibi
1469 3087 1832 3158 obstringor,
1866 3094 2081 3146 uetan-

433 3172 619 3228 titlum
647 3171 891 3244 quidem
907 3172 1146 3242 violare,
1178 3176 1580 3245 utpericulum
1607 3179 1953 3234 devitarem.
1977 3184 2077 3234 [mo

430 3261 807 3316 becillitatem
831 3261 1049 3329 ingenii
1079 3264 1192 3318 mei
1226 3263 1643 3339 scribendique
1675 3267 1733 3322 in
1766 3283 1827 3322 re
1881 3268 2080 3323 critica

429 3350 808 3422 imperitiam,
839 3353 964 3406 tum
991 3353 1071 3406 rei
1103 3353 1290 3423 ipsius
1321 3353 1394 3409 de
1423 3371 1544 3426 qua
1572 3361 1770 3412 actum
1801 3361 1886 3412 est
1925 3357 2079 3412 difﬂ-

3449 1908 3833 1986 infacundum

2859 2118 3079 2174 CAPUT
3118 2117 3159 2173 Ι.

2187 2207 2381 2260 Utrum
2413 2204 2805 2261 Mediolanensi
2829 2205 3084 2264 Ecclesiae
3129 2207 3362 2276 subjecta
3393 2209 3572 2277 fuerit
3609 2209 3838 2266 Ecclesia

2256 2294 2536 2349 Ravennas
2547 2301 2780 2365 quatuor
2789 2296 3084 2366 prioribus
3101 2312 3234 2353 aera:
3251 2297 3586 2353 Christiana
3601 2297 3839 2366 furculis.

2310 2385 2332 2445 ἓ
2364 2383 2399 2432 I.
2430 2383 2752 2447 Exponuntur
2785 2386 2998 2434 rationes
3040 2395 3295 2437 auctorum
3338 2387 3713 2437 inﬁrmantium.

2259 2465 2308 2518 1.
2346 2463 2690 2520 Eustachius
2721 2480 2757 2519 a
2788 2466 2842 2520 S.
2881 2465 3108 2522 Ubaldo
3127 2468 3596 2537 Augustinianus
3641 2469 3844 2524 Excal-

2188 2556 2388 2606 ceatus
2418 2553 2562 2607 satis
2582 2552 2879 2622 prolixam
2903 2554 3385 2610 dissertationem
3436 2557 3683 2611 intexuit
3744 2572 3852 2629 po.

2187 2646 2407 2696 stremo
2437 2648 2686 2696 exeunte
2704 2641 2924 2697 saeculo
2953 2643 3028 2697 de
3061 2643 3378 2714 Metropoli
3404 2645 3849 2714 Mediolanensi,

2187 2728 2246 2783 in
2277 2743 2400 2800 qua
2429 2731 2594 2783 omni
2615 2729 2914 2786 rationum
2947 2746 3016 2786 ac
3038 2737 3566 2789 monumentorum
3607 2749 3848 2804 genere,

2188 2816 2236 2871 si
2259 2817 2498 2888 Superis
2532 2817 2744 2888 placet,
2775 2824 3026 2876 conatus
3074 2826 3158 2876 est
3209 2821 3640 2885 demonstrare,
3695 2823 3854 2878 inter

2187 2905 2530 2961 illustriores
2561 2908 2872 2974 Ecclesias,
2906 2925 3036 2980 quas
3087 2910 3500 2965 Mediolanensl
3565 2911 3850 2984 episcopo

2189 2996 3581 3068 subjiciunturvelutsuffraganeieﬁavennatem
3606 3016 3853 3072 quoque

2189 3093 2245 3140 et
2268 3086 2701 3158 Aquileiensem
2727 3087 2928 3142 fuisse.
2955 3087 3168 3142 Verum
3199 3089 3612 3156 Augustiniani
3657 3090 3857 3145 nostri

2189 3189 2313 3228 una
2334 3174 2440 3230 fuit
2464 3191 2608 3230 cura
2634 3175 2694 3230 in
2721 3176 2832 3230 hac
2849 3175 3146 3230 ﬁrmanda
3176 3176 3481 3245 sententia,
3521 3178 3851 3242 Sirmondi,

2190 3263 2564 3328 Schelstratii,
2615 3264 2839 3330 Norisii,
2883 3269 2938 3319 et
2980 3263 3234 3320 aliorum
3287 3265 3515 3339 aliquot
3583 3265 3858 3336 vestigiis

2190 3356 2369 3423 atque
2402 3353 2734 3410 auctoritati
2761 3353 3142 3410 solummodo
3172 3354 3462 3410 insistere.
3498 3355 3641 3410 Cum
3687 3355 3858 3410 enim

430 3439 710 3496 cultatem
732 3444 786 3496 et
807 3440 1326 3498 celeber-rimorum
1345 3449 1550 3500 contra
1577 3461 1686 3500 nos
1713 3447 2078 3518 opinantium
2115 3461 2158 3518 Β
2189 3441 2411 3496 nullum
2425 3442 2497 3496 de
2513 3439 2877 3513 subjectione
2891 3443 3093 3499 barum
3111 3443 3498 3498 Ecclesiarum
3531 3445 3857 3516 antiquum

428 3531 695 3586 virorum
723 3531 1152 3596 auctoritatem,
1189 3537 1312 3587 tum
1336 3538 1662 3590 extremam
1695 3535 2081 3590 documento-

430 3619 918 3685 rum,rationum,
943 3619 1294 3690 scriptorum
1317 3621 1956 3692 inopiam,cuiobnoxii
1987 3639 2080 3677 su-

433 3723 587 3770 mus,
625 3706 724 3762 tibi
757 3707 975 3777 pluries
1005 3708 1268 3774 instanti,
1304 3709 1523 3780 pluries
1569 3727 1804 3784 quoque
1841 3711 2079 3783 objece-

429 3811 582 3860 ram,
603 3795 821 3867 quibus
839 3796 1015 3852 rebus
1042 3797 1118 3851 ab
1135 3797 1246 3852 hac
1264 3800 1489 3854 ratione
1507 3800 1804 3855 scribendi
1831 3799 2082 3856 deterre-

431 3899 544 3940 rer.
569 3883 685 3938 Sed
715 3884 1000 3955 quoniam
1054 3885 1212 3940 hisce
1267 3887 1618 3958 posthabitis
1675 3889 1729 3943 in
1783 3890 2082 3961 praposito

432 3974 842 4044 perseverasti,
873 3989 1086 4046 meque
1119 3979 1420 4032 nutantem
1460 3977 1603 4032 velis
1673 3978 1976 4050 remisque
2022 3979 2082 4034 in

431 4061 546 4117 hoc
573 4061 730 4117 velut
761 4077 925 4118 mare
961 4063 1270 4135 impulisti,
1319 4081 1451 4122 mos
1483 4070 1570 4122 est
1626 4066 1730 4122 tibi
1787 4067 2083 4137 gerendus

431 4152 697 4216 omnino,
732 4155 908 4224 atque
927 4154 1228 4224 specimen
1255 4155 1500 4228 aliquod
1522 4157 1953 4228 opusculorum
1979 4173 2082 4212 no.

431 4245 709 4308 strorum,
741 4241 1203 4315 qualiacumque
1230 4245 1470 4301 demum
1509 4245 1609 4302 illa
1644 4247 1777 4311 sint,
1842 4246 2083 4319 publico

426 4329 650 4399 judicio
678 4331 1157 4400 permittendum.

500 4419 628 4474 Tria
661 4419 835 4486 igitur
861 4419 920 4474 in
951 4424 1107 4476 ccetu
1137 4425 1344 4475 nostro
1375 4421 1656 4477 litterario
1695 4423 1769 4477 de
1827 4423 1937 4477 hac
1969 4425 2082 4478 Ra-

430 4508 666 4564 vennati
683 4508 938 4564 Ecclesia
955 4509 1612 4567 tractavimus.Primum
1627 4510 1787 4565 enim
1810 4509 2082 4582 quaesivi-

431 4612 586 4661 mus,
611 4603 805 4651 utrum
839 4595 1287 4652 Mediolanensis
1301 4598 1557 4669 episcopi
1581 4597 1966 4667 suifraganea
1987 4598 2086 4654 illa

2187 3532 2366 3600 positi
2372 3537 2582 3595 vum,et
2599 3531 2658 3585 in
2667 3547 2700 3585 (ι
2710 3533 2859 3587 [tera
2869 3533 2983 3588 bile
2997 3532 3111 3587 sibi
3121 3547 3418 3601 superesse
3443 3533 3861 3588 documentum

2189 3617 2482 3676 {ateretiih
2503 3620 2784 3675 etNicmni
2812 3621 3594 3693 conciliiatqueAntiocheni
3620 3621 3859 3677 decreta

2191 3725 2308 3765 non
2344 3710 2547 3765 leviter
2565 3711 2931 3766 contrarium
2969 3727 3181 3780 urgere
3222 3714 3473 3782 putaret,
3525 3711 3856 3767 auctoritas

2191 3805 2384 3854 tamen
2404 3803 2701 3852 tantorum
2731 3800 3019 3855 virorum.
3043 3843 3055 3854 .
3079 3840 3091 3854 .
3115 3843 3161 3856 ..
3207 3801 3629 3871 antiquitatum
3669 3800 3859 3855 eccle-

2191 3887 2560 3941 siasticarum
2590 3888 3079 3954 peritissimorum
3112 3888 3414 3944 hominum
3435 3903 3536 3959 pro
3565 3889 3717 3942 omni
3748 3901 3856 3942 an-

2194 3976 2354 4046 tiquo
2385 3974 2461 4030 illi
2489 3974 2748 4030 satisfuit
2777 3983 3163 4032 monumento.
3201 3979 3265 4033 Et
3309 3978 3531 4049 optime
3561 3975 3811 4050 quidem
3842 3991 3856 4039 ;

2195 4065 2244 4120 si
2274 4079 2498 4133 magna
2529 4072 2843 4120 auctorum
2875 4067 3137 4136 nomina,
3180 4082 3302 4122 non
3352 4071 3549 4122 autem
3589 4065 3857 4121 rationes

2194 4160 2250 4211 et
2274 4154 2664 4210 fundamenta
2717 4155 2938 4227 quibus
2987 4171 3194 4211 eorum
3249 4155 3466 4228 placita
3521 4153 3865 4210 innituntur

2193 4249 2400 4300 nostra
2428 4245 2554 4300 haec
2585 4249 2728 4300 aetas
2768 4245 2826 4299 in
2857 4245 3044 4317 pretio
3074 4243 3341 4304 haberet.

2267 4335 2316 4385 2.
2341 4334 2518 4388 Porro
2549 4331 2945 4388 celeberrimis
2976 4335 3155 4390 etiam
3211 4334 3372 4389 hisce
3431 4332 3642 4388 criticis
3691 4346 3863 4404 usque

2195 4435 2265 4474 ac
2288 4419 2701 4475 Mediolanensi
2719 4436 2922 4476 eorum
2945 4424 3302 4494 Symmystas
3324 4420 3562 4477 defuere
3605 4419 3864 4475 omnino

2195 4510 2444 4578 antiqua
2457 4508 2662 4563 omnia
2671 4511 3006 4576 positiva,et
3036 4511 3443 4566 inatterabilia
3483 4509 3864 4579 documenta,

2195 4596 2415 4668 quibus
2448 4596 2791 4660 Ravennati,
2828 4603 2882 4652 et
2921 4598 3282 4669 Aquileiensi
3323 4597 3592 4655 Ecclesiis
3641 4598 3868 4668 jugum

431 4685 603 4740 fuerit
631 4691 888 4756 quatuor
919 4685 1214 4756 prioribus
1257 4701 1389 4741 certe
1439 4687 1781 4742 Christianae
1831 4687 2082 4743 saeculis.
2121 4717 2164 4776 ρ
2199 4683 2584 4754 subjectionis
2632 4685 2955 4740 certissime
3005 4691 3354 4742 assererent.
3405 4689 3552 4743 Nam
3605 4685 3872 4741 concilia

432 4773 653 4829 Deinde
679 4773 898 4828 litteras
918 4773 1226 4829 Clementis
1261 4775 1304 4828 Il
1338 4776 1589 4830 Romani
1616 4777 1931 4846 pontiﬁcis,
1965 4777 2085 4848 qui-

431 4864 548 4919 bus
577 4863 1010 4917 Ravennatensi
1043 4879 1222 4934 super
1253 4863 1742 4920 Mediolanensem
1766 4865 2086 4920 antistitem

435 4949 680 5007 sedendi
709 4949 767 5005 in
795 4949 1058 5004 conciliis
1083 4952 1480 5022 praerogativa
1502 4954 1842 5019 restituitur,
1868 4970 1903 5008 a
1929 4952 2087 5008 falsi-

434 5041 566 5095 tatis
580 5043 718 5094 nota
733 5037 1337 5095 vindicavimus.Tum
1361 5039 1505 5112 quid
1519 5043 1895 5112 opinandum
1921 5043 1992 5096 sit
2015 5041 2088 5097 de

433 5127 654 5197 origine
683 5125 1118 5199 metropoliticze
1146 5126 1447 5196 dignitatis
1472 5127 1532 5182 in
1569 5129 1827 5185 Ecclesia
1867 5132 2089 5185 Raven-

434 5215 666 5269 natensi
686 5215 983 5288 perpensis
1001 5215 1294 5270 saniorum
1311 5221 1612 5271 auctorum
1628 5219 1928 5273 sententiis
1951 5235 2085 5272 con-

435 5303 805 5372 quisivimus.
843 5306 1020 5359 Porro
1042 5305 1850 5378 eaomniaargumeuta,quzn
1883 5306 2090 5361 fusiori

437 5389 691 5454 calamo,
714 5407 780 5445 ac
812 5394 1125 5449 vernaculo
1140 5410 1434 5458 sermone,
1460 5394 1850 5466 pluribusque
1877 5395 2088 5450 disser-

440 5479 763 5534 tationibus
789 5479 1316 5549 scripseraums,ud
1340 5485 1446 5538 tria
1462 5485 1656 5555 capita
1683 5483 1847 5538 modo
1869 5489 2089 5539 contra.

440 5567 653 5629 lienda,
679 5567 1053 5638 brevior-ique
1071 5573 1338 5626 oratione
1364 5573 1721 5643 exponenda
1755 5587 2089 5628 censemus.

2195 4773 2359 4830 nulla
2384 4773 2713 4844 primorum
2744 4775 3130 4840 Seeculorum,
3174 4775 3346 4830 nulla:
3378 4773 3872 4831 consecrationes

2196 4863 2635 4934 episcoporum,
2663 4863 3021 4919 visitationes
3049 4865 3443 4920 Ecclesiarum
3478 4862 3676 4926 nullas,
3721 4876 3873 4916 sau-

2196 4951 2438 5014 ctiones,
2464 4951 2910 5022 appellationes,
2943 4953 3424 5016 consultationes,
3451 4967 3582 5007 una;
3615 4950 3705 5005 vel
3743 4950 3876 5005 suf-

2195 5039 2622 5110 fraganeitatis,
2660 5047 2723 5096 ut
2752 5042 3082 5114 italoquar,
3117 5043 3176 5097 in
3198 5042 3548 5106 minoribus,
3587 5039 3680 5094 vel
3715 5054 3877 5110 prae-

2197 5129 2522 5185 eminentiaa
2539 5129 2597 5184 in
2613 5131 2971 5202 principibus
2986 5131 3257 5186 Ecclesiis
3271 5130 3485 5186 indicia
3508 5145 3638 5185 esse
3651 5128 3879 5194 solent,

2199 5219 2610 5283 multominus,
2639 5219 2732 5273 vel
2763 5219 3196 5285 historicorum,
3217 5219 3310 5274 vel
3334 5219 3572 5274 Patrum
3603 5217 3880 5273 testimo-

2201 5307 2318 5371 nia,
2354 5307 2598 5378 aliquod
2631 5309 2927 5378 ejusmodi
2953 5309 3380 5364 documentum
3405 5308 3487 5361 eis
3523 5305 3886 5378 suppedita-

2201 5401 2355 5450 runt.
2393 5397 2516 5450 Una
2549 5396 2724 5463 igitur
2757 5397 3237 5467 conjecturarum
3272 5403 3449 5467 atque
3484 5401 3886 5464 argumento-

2202 5500 2334 5538 rum
2367 5486 2712 5553 negantium
2745 5485 2838 5541 via
2882 5502 3220 5558 processere
3263 5501 3492 5547 omnes,
3557 5484 3890 5542 salebras-8.

2202 5571 2506 5628 enimvero
2537 5578 2592 5628 et
2628 5571 2994 5631 dimcultatis
3036 5572 3394 5646 plenissima.
3439 5576 3502 5628 ln
3531 5572 3887 5631 hierarchia
