4020 6206
174 243 280 314 ibi

432 240 577 313 tos.
627 244 978 311 AMADESII
1023 232 1493 310 DISSERTA‘I‘IO
1537 240 1627 308 DE
1671 232 2078 310 arefactum
2122 232 2688 313 ECCLESIASTICA
2734 234 3320 315 RAVENNATENSl.

3470 242 3587 318 102

169 398 361 440 omnes
410 382 683 453 Liguria,
726 389 903 456 atque
941 382 1238 446 AEmilice,
1291 382 1779 454 Venetmrumque
1800 393 1821 452 ,'
1857 388 1903 447 Α
2011 384 2091 441 19.
2122 382 2480 458 Responderi
2510 400 2644 442 vero
2674 384 3011 447 criticorum
3041 396 3382 453 nostrorum
3409 407 3586 461 argu-

170 473 253 530 vet
278 480 637 529 caterarum
687 473 1079 541 ﬁnitimarum
1112 471 1303 527 Italiae
1330 473 1594 541 partium
1624 471 1821 527 Eccle-

169 564 284 618 sias
324 561 406 617 ad
429 560 889 618 Mediolanensis
917 560 1191 615 Ecclesiae
1215 560 1669 616 sollicitudinem
1702 574 1829 631 per-

173 651 421 715 tinuisse
450 649 643 719 (Sirm.
680 649 783 705 lib.
813 648 987 719 Prop.
1017 664 1142 721 cap.
1174 648 1275 718 8)?
1304 649 1494 704 Sensit
1514 653 1712 705 tamen
1737 648 1825 703 fu-

172 738 439 794 tiiitatem
468 736 904 793 Sirmondiana
950 737 1449 811 interpretationis
1510 735 1829 792 cardinalis

1937 472 2283 529 mentationi
2303 489 2478 545 posse
2493 474 2868 543 crediderim,
2893 478 3057 549 quod
3071 479 3589 545 etiamsiadmitte-

1936 566 2096 616 retur
2126 560 2480 619 Imolensem
2522 569 2576 625 et
2608 563 3132 625 Vicohabentiuam
3168 568 3458 633 Ecclesias
3486 569 3589 631 aliv

1938 648 2186 719 quando
2198 649 2470 707 subditas
2494 650 2678 711 fuisse
2706 654 3122 717 Mediolanensi
3141 672 3154 722 ;
3171 658 3373 726 negari
3390 664 3589 721 tamen

1940 752 2114 808 posse
2146 738 2308 811 quod
2338 739 2476 797 inde
2501 739 2786 805 inferatur
2805 745 3163 809 Ravennatis
3189 762 3431 819 quoque
3452 747 3593 807 subv

171 826 463 895 Norisius,
513 827 615 898 qui
659 826 981 881 verborum
1045 824 1342 880 Ambrosii
1381 824 1829 896 intelligentiam
1935 826 2132 897 jectio.
2165 829 2309 884 Leve
2338 828 2497 893 enim
2525 836 2581 885 et
2610 830 2770 891 futile
2806 838 3225 904 argumentum
3260 836 3428 897 estin
3464 851 3593 893 sen-

173 916 313 971 scite
341 921 726 981 consecutus,
755 912 1116 980 Ambrosius,
1148 912 1357 988 inquit,
1390 914 1449 971 in
1478 915 1721 985 epistola
1754 912 1834 969 ad

185 1004 577 1060 Vercellenses
625 1003 863 1058 illarum
914 1004 1353 1071 provinciarum
1402 1003 1683 1069 meminit,
1715 1019 1831 1058 non

172 1094 330 1165 quod
360 1108 559 1150 omnes
584 1092 701 1147 sibi
720 1091 991 1159 subiecta
1020 1096 1209 1155 erant,
1242 1092 1345 1147 sed
1387 1093 1545 1166 quod
1568 1094 1656 1148 uti
1696 1094 1833 1149 vici-

172 1183 391 1247 niores,
423 1197 498 1238 ac
540 1181 655 1236 sibi
680 1183 936 1237 notiores
978 1182 1037 1236 in
1075 1182 1402 1254 exemplum
1452 1182 1702 1253 facilius
1741 1180 1835 1237 ad.

170 1272 385 1327 ducere
413 1277 651 1339 poterat
683 1269 849 1341 (Nor.
884 1270 1037 1324 Diss.
1069 1270 1130 1323 de
1157 1285 1211 1323 v.
1245 1286 1369 1342 syn.
1406 1286 1537 1341 cap.
1568 1270 1675 1343 10).

240 1361 328 1417 l7.
350 1361 490 1426 Qua.
520 1375 641 1415 una
658 1358 985 1417 doctissimi
1007 1358 1325 1414 cardinalis
1350 1358 1742 1435 responsione
1762 1359 1836 1416 ab

172 1447 426 1521 epistola
458 1448 538 1504 ad
565 1447 962 1504 Vercelleuses
996 1448 1273 1521 expediti,
1301 1447 1377 1504 ad
1403 1447 1649 1504 alteram
1675 1448 1837 1504 Vico-

173 1537 511 1595 habentino
545 1539 828 1609 episcopo
858 1536 1208 1608 inscriptam
1240 1536 1839 1609 procedamus.Com-

174 1629 384 1685 mendo
409 1624 651 1699 tibi,ﬁli,
682 1616 763 1682 ait
787 1627 840 1679 S.
871 1626 1097 1692 doctor,
1131 1622 1455 1683 Ecclesiam
1486 1643 1615 1699 qua
1646 1634 1728 1683 est
1759 1627 1839 1684 ad

1944 916 2123 975 tentia
2155 916 2447 975 Bacchinii
2476 918 2617 990 (Ubi
2643 921 2848 991 supra)
2889 938 2960 977 ex
2996 922 3188 980 forma
3217 929 3273 981 ct
3303 923 3595 995 regimine

1945 1003 2094 1059 civili
2140 1005 2576 1076 particulariuin
2611 1008 3077 1080 provinciarium
3100 1010 3593 1083 consequentiam

1948 1092 2173 1149 trahere
2188 1094 2256 1151 ad
2273 1094 2509 1159 formam
2529 1102 2584 1151 et
2597 1097 2843 1169 regimen
2860 1098 3307 1159 ecclesiasticum
3323 1100 3592 1171 ipsarum.

1949 1184 2215 1257 Longum
2244 1190 2395 1241 esset
2422 1186 2785 1243 documenta
2820 1187 3033 1243 omnia
3078 1188 3337 1259 proferre
3379 1190 3600 1262 quibus

1947 1271 2400 1343 probatisimam
2425 1275 2569 1331 tanti
2592 1275 2695 1333 viri
2721 1277 3078 1334 sententiam
3097 1277 3320 1337 firmari
3340 1277 3603 1335 animad-

1949 1359 2251 1427 vertimus,
2276 1378 2535 1439 quorum
2560 1369 2755 1421 tamen
2778 1382 3020 1429 summa
3034 1371 3148 1423 est:
3168 1366 3362 1439 primo
3383 1366 3605 1438 impro-

1950 1448 2143 1505 habile
2173 1466 2413 1521 prorsus
2440 1468 2568 1509 esse
2610 1454 3071 1520 sanctissimam.
3104 1461 3162 1513 et
3211 1455 3603 1528 apostolicam

1950 1538 2223 1595 Ecclesia
2243 1538 2637 1603 liierarchiam
2659 1549 3021 1607 coarctatam
3042 1544 3223 1601 fuisse
3240 1545 3313 1605 ad
3344 1544 3605 1609 civilium

1950 1627 2389 1700 provinciarum
2419 1629 2655 1699 limites,
2705 1633 2809 1707 qui
2842 1633 3025 1697 modo
3073 1633 3603 1701 contrahebantur,

174 1718 397 1773 Forum
422 1716 707 1779 Cornelii,
728 1732 843 1797 quo
867 1730 990 1772 eam
1010 1714 1076 1772 de
1087 1718 1359 1785 proximo
1386 1716 1699 1777 intervisas
1715 1718 1841 1789 fre-
1878 1757 1921 1814 Β
1953 1718 2134 1775 modo
2164 1718 2691 1790 protendebantur.
2743 1728 2797 1777 et
2839 1721 3011 1794 juxta
3039 1738 3248 1783 earum
3301 1722 3607 1793 regiminis

176 1808 677 1880 quentius,donec
690 1794 743 1863 ei
753 1807 1063 1862 ordinetur
1075 1808 1714 1879 episcopuszoccupatus
1730 1808 1843 1862 die-

179 1900 275 1955 bus
290 1896 706 1968 ingruentibus
723 1896 1172 1967 Quadragesimw
1186 1902 1299 1951 tam
1316 1897 1482 1969 longe
1496 1912 1608 1952 non
1622 1912 1844 1969 possum

180 2001 524 2044 excurrere.
556 1986 637 2040 En
670 1986 774 2041 tibi
796 1985 1052 2040 Ecclesia
1089 1985 1396 2041 lmolensis
1428 1985 1611 2041 dubio
1640 2002 1849 2067 procul

180 2075 621 2135 Mediolanensi
642 2073 1042 2145 suﬂ‘raganea,
1061 2091 1195 2131 cum
1212 2091 1313 2149 pro
1331 2075 1707 2135 ordinatione
1726 2076 1848 2150 epi-

181 2166 344 2238 scOpi
371 2166 455 2221 ab
479 2162 797 2221 Ambrosio
825 2160 1096 2236 pendeat,
1131 2171 1185 2219 et
1216 2163 1343 2237 ejus
1372 2164 1691 2229 visitationi
1714 2165 1850 2221 sub-

176 2256 398 2326 jaceat;
423 2254 619 2309 immo
643 2252 1109 2310 Vicohabentina
1126 2269 1361 2327 quoque
1384 2253 1536 2331 ipsa,
1559 2257 1682 2311 tum
1705 2253 1852 2327 quia

180 2342 463 2411 ﬁlititulo
477 2342 835 2418 episcopum
855 2341 1569 2415 interpellatAmbrosius,
1589 2341 1689 2415 qui
1711 2340 1848 2403 sub-

178 2433 459 2504 jectionis
485 2429 693 2487 titulus
715 2435 955 2500 est,tum
971 2430 1115 2503 quia
1136 2430 1572 2513 quinquaginta
1587 2431 1704 2489 fere
1719 2435 1853 2504 post

184 2538 377 2579 annos
396 2521 467 2575 1).
496 2522 701 2575 Petrus
719 2520 1119 2595 Chrysologus
1146 2519 1206 2575 in
1226 2520 1672 2577 consecratione
1704 2521 1853 2576 Mar-

185 2611 377 2668 cellini
406 2598 860 2666 Vicohabentini
907 2608 1104 2664 fassus
1136 2614 1244 2680 est,
1296 2626 1359 2664 se
1411 2608 1852 2666 contradicente

187 2699 622 2765 Mediolanensi
640 2700 926 2771 episcopo
947 2699 1049 2771 (ita
1063 2699 1219 2753 enim
1238 2697 1718 2773 interpretantur)
1736 2699 1849 2773 pri~

188 2808 356 2847 mum
377 2786 979 2860 illudjurisdictionis
996 2788 1440 2863 metropolitica
1469 2792 1668 2853 actum
1691 2804 1851 2843 exer-

189 2882 406 2936 cuisse.
444 2876 594 2933 Cum
623 2883 825 2933 autem
874 2875 1151 2933 Ecclesia
1183 2878 1307 2933 ista
1356 2876 1488 2933 Fori
1518 2876 1766 2932 Cornelii
1798 2881 1857 2931 et

188 2966 643 3026 Nicohabentia
657 2967 717 3021 in
746 2965 1063 3038 provinciis
1079 2964 1327 3022 {Emilia
1342 2972 1397 3022 et
1412 2965 1699 3023 Flaminia
1719 2981 1855 3023 con-

193 3060 406 3114 stituta
436 3056 1065 3128 fuerint,consequens
1081 3060 1169 3111 est
1189 3055 1296 3110 has
1318 3054 1678 3129 provincias,
1699 3055 1857 3115 ideo-

192 3164 305 3222 que
336 3148 691 3203 Ravennam
722 3145 923 3208 etiam,
966 3159 1169 3201 earum
1203 3148 1403 3215 caput,
1439 3142 1853 3203 Mediolanensi

198 3231 465 3310 episcopi
500 3232 981 3306 jurisdictionem
1013 3230 1288 3288 sensisse.

267 3325 352 3379 18,
392 3324 452 3382 Si
486 3320 767 3377 Ludovici
814 3321 1051 3376 Antonii
1080 3319 1375 3381 Muratorii
1403 3319 1753 3379 sententiam
1785 3321 1859 3376 de

196 3415 307 3472 hac
321 3410 629 3468 Ambrosii
646 3408 897 3480 epistola
917 3408 1381 3475 consuleremus,
1404 3408 1552 3465 forte
1569 3408 1731 3467 illam
1754 3408 1862 3465 du-

202 3504 313 3560 bia
334 3502 475 3558 ﬁdei
490 3504 686 3572 atque,
708 3505 772 3554 ut
789 3498 974 3563 aiunt,
1001 3500 1411 3572 apocrypham
1437 3498 1861 3565 celeberrimus

204 3598 409 3648 auctor
425 3590 835 3655 arbitraretur,
855 3604 925 3644 ea
939 3588 1155 3643 ductus
1169 3587 1416 3654 ratione,
1449 3587 1613 3661 quod
1632 3587 1711 3653 ibi
1730 3594 1838 3645 Am
1850 3622 1863 3630 -

202 3680 439 3737 brosius
450 3679 647 3747 ﬁlium
664 3676 924 3750 appellat
938 3677 1287 3750 episcopum
1302 3675 1860 3748 Vicohabentinum;

204 3771 443 3826 titulum
468 3766 627 3824 enim
665 3769 845 3823 istum
870 3766 1012 3822 vitio
1034 3764 1204 3823 vertit
1236 3765 1587 3823 Muratorius
1604 3768 1793 3837 (Tom.
1818 3766 1864 3823 ll

199 3861 336 3918 lter.
362 3859 505 3915 Ital.
526 3873 667 3929 pag.
689 3857 779 3925 13)
800 3855 1109 3929 diplomati
1130 3856 1194 3911 Ι).
1221 3854 1486 3925 Gregorii
1513 3856 1703 3926 Magni
1725 3856 1866 3919 dato

203 3951 279 4006 ad
311 3946 721 4005 Marinianum
766 3945 1287 4017 archiepiscopum
1339 3948 1651 4011 Ravenna,
1684 3962 1866 4019 quem

200 4042 257 4099 S.
281 4039 381 4096 ille
404 4037 678 4113 pontifex
701 4036 1089 4107 confratrem,
1107 4036 1420 4109 ﬁliumque
1446 4036 1867 4092 charissimam

203 4130 376 4201 dicit;
408 4135 595 4201 atque
625 4126 704 4183 ob
734 4126 794 4181 id
818 4125 997 4181 etiam
1027 4123 1289 4189 criminis
1335 4123 1486 4180 inter
1519 4123 1870 4197 apocrypha

205 4222 256 4277 di
264 4216 613 4294 plomaillud
630 4214 1415 4287 amandavit,Hieronymum
1430 4228 1572 4270 vero
1586 4211 1868 4281 Rubenm,

208 4318 264 4367 et
292 4305 739 4368 Ferdinandum
772 4303 1075 4377 Ughellum
1100 4303 1348 4360 levitatis
1374 4300 1873 4374 insimulavit,qui

211 4400 649 4457 documentum
677 4392 978 4465 ejusmodi
1010 4392 1135 4449 suis
1180 4391 1541 4450 inseruerint
1588 4390 1870 4453 historiis.

1954 1807 2204 1880 speciem
2219 1848 2231 1872 .
2244 1823 2432 1885 quam
2451 1810 2737 1867 variatam
2753 1810 2964 1871 milites
2978 1811 3161 1871 fuisse
3176 1812 3607 1882 indubiumﬂt.

1956 1912 2094 1957 cum
2121 1895 2353 1953 duasin
2384 1912 2568 1954 unam
2600 1898 2939 1971 provincias
2967 1901 3162 1956 unitas
3182 1900 3608 1971 legamusmtm

1959 2001 2142 2051 unam
2166 1985 2218 2041 in
2250 1985 2401 2047 duas
2440 1986 2712 2053 divisam,
2740 1988 2920 2045 modo
2954 1988 3223 2054 alteram,
3260 2005 3398 2061 qua
3434 2006 3609 2053 suum

1960 2074 2274 2147 prasidem
2296 2073 2611 2141 habuerat,
2647 2074 2884 2141 alterius
2909 2077 3229 2149 provincia
3247 2076 3486 2149 prasidi
3510 2077 3613 2139 obv

1964 2163 2518 2245 temperasse,modo
2532 2163 2874 2237 aliis,iisque
2888 2165 3618 2237 frequentibnsmbuoxias

1960 2252 2145 2315 fuisse
2168 2251 2618 2315 variationibus.
2640 2254 2930 2322 Secundo,
2955 2271 3093 2319 cum
3116 2255 3375 2328 apostoli
3398 2271 3519 2321 non
3544 2270 3615 2315 ax

1962 2341 2255 2405 divisione
2277 2341 3093 2415 provinciarumimperii,sed
3116 2360 3185 2400 ex
3202 2344 3467 2415 gentium
3481 2359 3621 2403 con.-

1963 2430 2235 2489 versione
2262 2434 2315 2487 et
2346 2429 2737 2491 Ecclesiarum
2777 2431 3128 2490 fundatione
3149 2449 3357 2491 earum
3395 2432 3617 2493 hieran

1964 2518 2155 2581 chiam
2178 2518 2358 2574 metiti
2383 2518 2620 2583 fuerint,
2656 2525 2717 2577 ut
2736 2519 2856 2592 ipse
2874 2520 3227 2577 Bacchinius
3247 2520 3401 2579 mira
3431 2522 3619 2581 erudi-

1966 2605 2322 2667 tionefusius
2336 2607 2607 2681 probavit
2623 2607 2663 2678 (ι
2691 2616 2744 2664 et
2766 2625 2804 2665 ιι
2822 2616 2983 2679 part.
3016 2610 3123 2665 ubi
3144 2616 3365 2682 supra),
3388 2626 3619 2683 nosque

1964 2698 2023 2752 in
2057 2702 2086 2753 3
2110 2712 2241 2769 cap.
2266 2695 2522 2753 breviter
2545 2696 2895 2764 inuuemus;
2923 2698 3145 2755 idcirco
3177 2716 3293 2755 non
3326 2714 3397 2754 ex
3422 2697 3619 2755 limiti-

1965 2787 2099 2851 bus,
2129 2801 2250 2843 non
2277 2801 2346 2841 ex
2375 2784 2685 2853 gubernio,
2715 2802 2835 2841 non
2862 2803 2935 2841 ex
2964 2787 3253 2843 materiali
3278 2792 3463 2844 tractu
3488 2802 3616 2857 pro-

1963 2874 2316 2941 vinciarum,
2344 2873 2598 2945 ideoque
2630 2889 2751 2931 non
2800 2890 2873 2930 ex
2904 2891 3038 2945 una,
3074 2875 3165 2930 vel
3198 2876 3382 2933 altera
3426 2875 3618 2933 civilis

1966 2962 2292 3035 provincia
2324 2962 2572 3030 civitate,
2602 2962 2817 3019 deduci
2847 2968 3055 3036 potest,
3093 2963 3187 3025 vel
3239 2964 3417 3023 debet
3441 2964 3619 3032 illius,

1967 3052 2057 3108 vel
2072 3050 2313 3109 alterius
2326 3050 2597 3111 Ecclesia
2612 3050 3025 3115 subordinatio
3038 3053 3111 3109 ad
3130 3053 3396 3126 aliquam
3410 3057 3625 3111 metro.

1971 3141 2327 3215 politanam,
2360 3139 2692 3217 praesertim
2714 3142 2918 3213 primis
2945 3159 3078 3201 ara
3109 3147 3327 3201 nostra
3345 3142 3622 3215 periodis,

1969 3230 2185 3305 quibus
2199 3246 2319 3289 non
2342 3246 2552 3287 omnes
2567 3229 2831 3287 civitates
2845 3229 3053 3288 Christi
3065 3232 3201 3289 ﬁdei
3216 3232 3414 3291 statim
3426 3232 3626 3290 adha~

1972 3325 2191 3383 serunt.
2225 3335 2349 3376 non
2380 3334 2611 3385 omnes,
2651 3318 2788 3377 licet
2827 3320 2907 3377 ad
2954 3320 3257 3379 Christum
3299 3337 3626 3389 conversus,

1974 3410 2378 3482 episcopatum
2395 3406 2930 3476 obtinnerunbnon
2944 3407 3189 3479 integris
3198 3410 3473 3469 civilibus
3491 3424 3626 3482 pro-

1973 3497 2313 3565 vinciis,sed
2326 3496 2757 3569 multiplicibus
2785 3498 3090 3570 populisin
3112 3499 3449 3561 circuitund
3469 3499 3622 3557 Chri'

1975 3592 2133 3643 stum
2175 3585 2439 3656 lucratis,
2472 3586 2858 3658 Ecclesiisque
2886 3604 2925 3645 a
2955 3604 3015 3644 se
3061 3587 3323 3651 fundatis
3352 3586 3625 3661 apostoli.

1974 3680 2032 3732 et
2059 3674 2336 3747 discipuli
2360 3674 2726 3737 Christianas
2756 3676 3096 3749 provincias
3118 3677 3538 3741 metiebantur.

2045 3770 2133 3823 ‘20.
2168 3764 2383 3823 Verum
2406 3765 2485 3822 ad
2503 3765 2811 3822 hominem
2837 3767 3030 3839 magis
3042 3767 3630 3839 respondendumcst

1974 3855 2441 3927 interpretationi
2466 3859 2673 3915 contra
2703 3858 3071 3919 Ravennates
3097 3856 3291 3919 allata
3307 3856 3629 3915 verborum

1980 3947 2043 3999 D.
2068 3942 2396 4013 Ambrosii;
2435 3948 2490 3999 et
2515 3944 2710 4016 primo
2750 3943 3096 4011 dicendum,
3120 3944 3354 4001 nullum
3380 3946 3631 4002 omnino

1978 4031 2292 4101 indicium,
2325 4033 2489 4103 quod
2516 4038 2620 4089 aut
2643 4038 2892 4099 certum,
2916 4040 3019 4093 aut
3039 4032 3347 4105 probabile
3369 4032 3463 4097 sit,
3495 4036 3631 4088 Am-

1979 4119 2278 4179 brosianis
2308 4120 2503 4177 verbis
2534 4120 2799 4190 subesse,
2843 4121 3107 4192 episcopi
3139 4120 3451 4178 lmolensis
3480 4119 3637 4177 ordi-

1983 4209 2289 4269 nationem
2313 4224 2419 4264 seu
2447 4210 2960 4268 consecrationem
2982 4226 3018 4266 a
3049 4209 3635 4281 Mediolanensipen-

1982 4298 2345 4369 dere;neque
2358 4296 2517 4355 enim
2532 4297 2611 4361 ait
2624 4299 2682 4355 S.
2700 4297 2929 4363 doctor,
2949 4298 3135 4357 donec
3155 4314 3191 4354 Α
3208 4313 3283 4354 ιε
3300 4299 3637 4369 ordinetur,

1985 4389 2079 4446 vel
2120 4387 2408 4457 probetur
2435 4388 2729 4458 episcopus
2780 4387 2886 4445 sed
2919 4387 3269 4460 simpliciter
3320 4387 3639 4445 Ecclesium

216 4488 385 4557 Quod
424 4487 609 4558 igitur
640 4481 918 4556 Gregorio
944 4484 1155 4554 Magno
1187 4496 1425 4545 summo
1455 4479 1723 4554 pontiﬁci
1750 4494 1875 4537 non
1908 4482 1953 4545 D
1986 4477 2140 4535 illam
2154 4476 3034 4543 Vicohabentinocommendat,
3054 4478 3306 4535 donecei
3327 4478 3643 4534 ordinetur

212 4579 452 4634 licuisse
484 4579 656 4649 putat
684 4571 1034 4629 Muratorius
1066 4586 1206 4641 erga
1257 4570 1665 4637 Marinianum,
1695 4585 1875 4645 quem

212 4669 344 4740 ipse
360 4666 513 4729 inter
528 4663 790 4718 claustra
816 4659 1181 4723 monachum
1205 4659 1584 4727 instruxerat,
1604 4657 1877 4721 excolue-

214 4763 325 4819 rat,
349 4754 671 4822 dilexerat;
698 4750 929 4804 licuisse
954 4746 1217 4804 dicemus
1242 4747 1554 4807 Ambrosio
1579 4763 1717 4819 ergo
1736 4746 1881 4802 Con-

216 4845 573 4907 stantinum,
606 4841 666 4895 in
695 4854 878 4912 quem
919 4838 1103 4903 nulla,
1152 4854 1335 4910 quam
1359 4837 1643 4903 sciamus,
1676 4836 1731 4892 ei
1759 4840 1885 4893 erat

218 4931 595 5007 paternitatis
619 4931 787 4993 ratio,
824 4928 935 4989 nisi
960 4927 1105 4983 forte
1137 4925 1585 4998 Metropolitani,
1608 4926 1655 4981 si
1676 4925 1883 4987 adver-

214 5021 393 5077 sariis
417 5018 724 5075 credimus
748 5016 936 5087 (Joan.
962 5018 1133 5075 Diae.
1168 5012 1277 5070 Vit.
1294 5014 1348 5070 S.
1372 5015 1533 5085 Greg.
1556 5015 1737 5075 (£0.11;
1763 5018 1884 5083 0.7;

209 5112 293 5166 Β.
320 5110 500 5179 Greg.
532 5106 628 5162 lib.
657 5123 727 5161 1v.
767 5104 935 5181 epist.
963 5102 1057 5176 5)?
1090 5102 1198 5159 Ubi
1224 5118 1362 5160 vero
1387 5102 1643 5172 legimus
1672 5108 1890 5161 metro-

210 5199 559 5273 politanum
590 5191 1133 5266 comprovinciales
1162 5192 1482 5264 cpisCOpos
1508 5190 1613 5246 tilii
1642 5189 1888 5246 nomine

212 5286 563 5363 appellasse
578 5283 608 5337 ?
627 5281 743 5339 Sed
762 5280 878 5336 ista
892 5280 1362 5353 mittamus,qua
1379 5277 1460 5336 ad
1476 5294 1601 5335 rem
1620 5283 1889 5336 nostram

212 5379 470 5432 minime
493 5372 836 5429 conducere
861 5369 1152 5424 videntur.
1181 5368 1344 5424 Hisce
1364 5373 1557 5423 autem
1584 5384 1652 5424 ac
1689 5366 1891 5423 simili-

210 5468 340 5522 bus
367 5467 423 5520 iu
456 5467 515 5519 ί).
548 5458 822 5531 Gregorii
852 5456 1069 5513 litteras
1106 5456 1178 5513 cl.
1211 5457 1511 5513 Muratorii
1551 5456 1893 5529 objectioni-

213 5557 341 5612 bus
371 5553 514 5610 alibi
536 5568 571 5608 a
602 5548 788 5607 nobis
821 5546 982 5612 satis,
1010 5552 1070 5601 ut
1094 5553 1402 5618 putamus,
1445 5545 1668 5603 factum
1700 5549 1808 5601 est.

1988 4567 2445 4637 episcopus,qua
2459 4566 2872 4631 commendatio
2885 4580 2957 4622 ex
2966 4566 3254 4622 charitate
3267 4581 3501 4637 proman
3510 4581 3640 4636 ans,

1989 4655 2347 4726 cuicumque
2365 4653 2670 4727 episcopo,
2706 4660 2767 4711 ut
2787 4653 2983 4712 statim
3008 4653 3478 4725 observabimus,
3504 4671 3645 4711 con~

1993 4743 2234 4799 veniret.
2262 4742 2560 4808 Secundo,
2591 4743 2753 4815 quod
2782 4759 2920 4801 vero
2948 4749 3157 4802 attinet
3181 4746 3257 4799 ad
3289 4744 3644 4802 visitationis

1994 4830 2387 4903 tnunusquozl
2407 4830 2519 4886 sibi
2536 4832 2604 4885 iis
2620 4830 2813 4887 verbis
2828 4831 3129 4891 vindicare
3149 4832 3381 4889 videtur
3399 4832 3646 4887 Ambrm

1994 4920 2115 4976 sius
2131 4922 2186 4977 in
2205 4920 2460 4977 Ecclesia
2484 4919 2754 4979 lmolensi
2774 4937 2786 4975 :
2804 4924 3119 4991 Occupatus
3136 4923 3340 4978 diebus
3364 4922 3644 4989 ingruen-

1995 5010 2146 5067 tibus
2161 5008 2751 5080 Quadragesimztam
2761 5010 3053 5079 longsucn
3062 5023 3294 5079 possunt
3306 5017 3647 5077 accurrere;

1995 5098 2171 5155 facile
2187 5096 2709 5169 patebitAmbrosii
2724 5105 2994 5169 tempora
3009 5095 3434 5162 consideranti,
3453 5095 3647 5151 visita.-

1998 5184 2221 5240 tionem
2248 5184 2410 5240 illam
2444 5200 2566 5244 non
2599 5184 3043 5257 metropolitica
3069 5182 3518 5253 iurisdictionis,
3542 5183 3653 5241 sed

2000 5272 2339 5344 apostolica
2370 5273 2837 5345 pradicationis,
2870 5278 2926 5329 et
2951 5272 3266 5343 legationis
3306 5273 3568 5344 signum,
3597 5280 3655 5337 et

2000 5379 2153 5435 opus
2182 5364 2238 5418 in
2262 5379 2332 5418 co
2356 5362 2891 5419 fuisscdtlcminisse
2913 5363 3009 5417 hic
3030 5368 3229 5419 autem
3250 5370 3653 5437 oportet,qna

2001 5452 2075 5511 de
2108 5452 2644 5509 llwt'cseOSAI‘iauw
2663 5451 2932 5506 cladibus
2951 5468 3042 5524 sui
3064 5453 3225 5511 crius
3247 5452 3656 5522 leviterattigia-

2004 5556 2158 5611 mus,
2197 5540 2368 5594 Italia:
2399 5540 2577 5595 tidem
2612 5546 2975 5613 corruptam,
3010 5541 3384 5613 disciplinam
3416 5556 3655 5598 sursum
