4012 6184
408 213 517 271 103

1252 202 1325 263 IN
1370 204 1429 264 S.
1479 203 1771 264 PETRUM
1815 200 2348 263 CHRYSOLOGUM
2393 199 2950 262 PROLEGOMENA.

3702 204 3813 264 1οι

399 355 636 397 versum
689 336 1007 403 turbatam,
1057 331 1350 408 plurimas
1396 334 1685 391 Ecclesias
1737 332 2048 391 catholicis
2081 334 2131 393 A
2160 331 2392 388 lanensi
2425 332 2717 399 Ecclesia,
2764 331 3051 388 Auxentio
3084 329 3282 403 pulso,
3317 344 3431 385 non
3458 330 3813 399 consuleret,

398 427 692 501 episcopis
716 424 1021 499 spoliatas,
1038 422 1111 480 ab
1128 423 1285 496 lupis
1309 422 1536 478 Arianis
1555 421 1813 478 invasas.
1836 423 1934 476 Est
1948 418 2052 494 qui

397 516 617 583 credat,
649 514 921 571 Auxentii
964 511 1417 569 Mediolanensis
1471 512 1880 583 usurpatione,
1914 514 2054 565 tunc

398 604 661 678 primum
675 602 1041 676 provinciam
1060 598 1537 656 Ecclesiasticam
1558 598 2051 655 Mediolanensem

398 693 843 761 coaluisse,non
863 689 1067 763 paucis
1080 687 1255 745 Italia
1271 687 1741 761 circumquaque
1757 687 2054 760 episcopis

399 781 460 839 in
492 797 755 845 sensum,
789 779 925 834 etin
948 774 1345 834 conciliabula
1379 776 1633 832 haretici
1659 775 1813 832 illius
1844 791 2056 832 conve-

402 869 716 931 nientibus,
738 873 799 923 ut
816 866 1231 936 Augustorum
1245 865 1515 921 Auxentii
1528 870 1585 921 et
1603 864 1845 921 haresis
1866 864 2056 921 fauto-

402 974 537 1014 rum
566 957 741 1011 minis
773 972 835 1011 se
865 956 1174 1028 eriperent,
1207 954 1412 1011 exsilia
1437 959 1492 1011 et
1523 960 1741 1011 mortes
1767 954 2057 1010 evitarent

403 1046 696 1117 (Bacchiu.
717 1044 820 1101 ubi
833 1046 1048 1115 supra).
1071 1044 1235 1100 Hanc
1258 1044 1487 1100 misera
1506 1043 1680 1100 Italia
1702 1043 1911 1099 faciem
1932 1057 2055 1099 non

400 1134 609 1207 paucis
639 1136 814 1189 annis
844 1133 1294 1195 confirmarunt,
1329 1133 1509 1188 etiam
1558 1138 1691 1205 post
1734 1131 2054 1189 Constantii

402 1222 780 1295 imperatoris
795 1220 1181 1290 obitum,tum
1195 1220 1411 1277 Juliani
1425 1225 1721 1293 Apostata
1733 1219 2057 1276 infeliciora

398 1314 826 1382 tempora,tum
847 1310 1203 1367 Arianorum
1226 1308 1578 1381 prapollens
1608 1309 1898 1382 tyrannis,
1930 1313 2055 1364 tum

396 1398 641 1455 Iustina
668 1400 899 1455 Ariana
930 1398 1322 1471 imperatricis
1352 1397 1542 1466 favor,
1576 1399 1838 1456 Damaso
1867 1397 2053 1470 ponti-

396 1488 507 1544 ﬁce
539 1503 677 1544 cum
714 1487 980 1543 secunda
1019 1487 1093 1544 ab
1123 1503 1194 1543 eo
1223 1490 1426 1543 Roma
1466 1487 1763 1545 celebrata
1795 1485 2053 1560 synodo,

398 1577 796 1633 anathematis
825 1580 881 1633 et
900 1576 1293 1649 depositionis
1321 1575 1573 1633 fulmina
1599 1580 1806 1633 contra
1826 1578 2056 1632 Auxen-

400 1664 549 1721 tium
576 1664 988 1738 nequidquam
1014 1665 1402 1737 intorquente.

473 1753 559 1809 21.
587 1754 768 1810 Porro
800 1759 920 1825 post
938 1753 1237 1810 Auxentii
1255 1768 1446 1810 seram
1474 1759 1715 1810 mortem
1736 1753 2060 1809 Mediolani

401 1842 714 1899 Ambrosio
731 1845 1000 1912 episcopo
1013 1844 1327 1899 constituto
1345 1843 1534 1898 omnis
1547 1843 1629 1899 ad
1645 1843 1820 1911 ﬁdem
1835 1849 2059 1900 rectam

403 1930 586 1987 Italia
616 1931 993 1995 convertitur,
1031 1936 1095 1986 ut
1149 1935 1393 1986 testatur
1417 1931 1480 1985 D.
1534 1931 1929 2003 Hieronymus
1965 1932 2059 1999 (In

406 2019 626 2076 Chron.
651 2020 732 2076 ad
751 2034 851 2075 an.
877 2020 937 2073 tt
968 2019 1285 2088 Gratiani),
1306 2023 1363 2074 et
1386 2019 1461 2075 de
1483 2020 1803 2092 semetipso
1823 2018 2061 2077 Ambro-

403 2108 530 2164 sius
559 2107 832 2180 loquens:
846 2109 1289 2165 Dissensionum
1306 2110 1567 2165 omnium
1580 2110 1851 2179 procella
1872 2109 2059 2180 defer.

403 2197 526 2254 buit
546 2214 569 2255 .'
598 2198 793 2254 cancti
810 2196 1119 2253 saecularis
1151 2197 1441 2268 cupidatis
1481 2199 1745 2263 ardores,
1775 2204 2063 2269 astusque

399 2286 823 2359 omnes.quibus
839 2286 1031 2342 Italia
1038 2285 1277 2356 populus
1282 2286 1653 2356 perjudaica
1665 2272 1803 2342 olim
1823 2287 2061 2344 Arianae

398 2376 665 2448 proxima:
684 2373 928 2430 levitatis
954 2372 1206 2429 incendia
1221 2374 1778 2444 coquebatur,sereno
1784 2375 1909 2444 jam
1948 2377 2061 2444 spi-

400 2466 617 2521 ramine
641 2469 982 2534 temperatur
1004 2461 1279 2534 (Ambros.
1308 2463 1690 2520 Comment.in
1715 2463 1850 2518 Luc.
1877 2463 1976 2519 lib.
2000 2478 2060 2518 ιχ

399 2572 517 2627 cap.
543 2556 660 2624 20).
686 2555 831 2608 Nam
850 2566 986 2606 cum
1010 2550 1337 2622 episcopali
1360 2550 1545 2607 infula
1569 2551 1977 2622 apostolatum
2005 2557 2062 2608 et

403 2648 621 2699 sancta
644 2640 801 2696 sedis
831 2640 1189 2711 legationem
1213 2640 1538 2712 assumpsit
1555 2640 2061 2713 Ambrosius,per-

408 2746 724 2802 versasque
741 2729 1096 2784 circumiens
1118 2728 1452 2784 Italicarum
1492 2729 1935 2801 provinciarum
1960 2732 2061 2785 Ec-

406 2819 636 2890 clesias,
662 2817 1538 2891 pradicatione,disputatione,
1561 2818 2061 2885 doctrina,lahore

406 2908 782 2966 contentione
798 2906 963 2962 omni
984 2906 1343 2962 catholicam
1366 2906 1548 2963 fidem
1579 2907 1847 2973 restituit,
1876 2907 2063 2963 Eccle-

406 2998 523 3054 sias
546 2996 860 3070 reparavit,
884 2994 1131 3049 Arianos
1148 2994 1318 3066 lupos
1341 3011 1462 3066 qua
1484 2996 1671 3065 eiecit,
1690 3012 1813 3068 qua
1837 2995 1898 3051 in
1926 2995 2063 3064 legi-

407 3086 585 3142 timos
605 3089 875 3157 pastores
897 3082 1199 3151 convertit,
1216 3098 1337 3155 qua
1352 3098 1541 3138 novos
1556 3082 1878 3155 episcopos
1894 3098 2062 3139 cons-
2099 3117 2142 3175 Ο

405 3174 578 3231 tituit.
608 3176 688 3229 Ex
714 3187 837 3244 quo
859 3171 1082 3227 factum
1113 3169 1497 3241 conjecerunt
1520 3169 1705 3243 aliqui
1737 3171 2058 3244 utquaju-

402 3261 666 3319 risdictio
698 3258 1134 3332 metropolitica
1172 3258 1283 3314 sub
1313 3258 1589 3315 invasore
1618 3258 1908 3314 Auxentio
1933 3258 2062 3313 ille-

403 3352 606 3421 gitime
630 3349 967 3421 irrepserat,
1002 3347 1115 3403 sub
1141 3363 1279 3403 vero
1306 3346 1579 3419 apostolo
1610 3362 1679 3403 ac
1703 3334 1871 3420 patre
1892 3362 2058 3402 sanc-

401 3440 624 3497 tiﬁcata
645 3438 1099 3495 conﬁrmaretur
1116 3451 1298 3509 super
1312 3435 1595 3492 Ecclesias
1608 3435 1912 3491 variarum
1926 3450 2059 3507 pro-

400 3528 738 3583 vinciarum
764 3526 842 3582 ab
873 3541 944 3582 eo
976 3526 1053 3581 ad
1092 3525 1275 3583 ﬁdem
1307 3524 1629 3581 restitutas.
1664 3525 1765 3580 Cui
1796 3523 2061 3596 opinioni

404 3633 595 3689 neque
627 3630 1064 3688 repugnamus,
1092 3629 1290 3686 neque
1321 3613 1669 3669 annuimus.

476 3708 686 3761 22.Nos
701 3711 903 3760 autem
918 3702 1211 3758 Ambrosii
1226 3702 1622 3774 apostolatum
1636 3701 2060 3774 prosequimur,

407 3794 630 3867 illique,
652 3797 707 3849 et
726 3791 1069 3866 pontiﬁcia,
1096 3807 1219 3863 qua
1241 3791 1606 3861 fungebatur
1634 3790 2065 3861 legationi,non

406 3882 938 3954 metropoliticam,
960 3879 1233 3950 dignitati
1259 3885 1389 3935 acta
1400 3880 1451 3952 ej
1464 3896 1531 3935 us
1550 3880 1606 3935 in
1635 3879 1892 3935 Ecclesia
1914 3880 2064 3936 Imo-

405 3972 554 4029 lensi
581 3977 761 4044 atque
778 3969 1033 4034 etiam,si
1055 3970 1271 4041 placet,
1294 3970 1353 4023 in
1369 3968 1838 4025 Vicohabentina
1860 3967 2063 4025 tribui-

406 4058 921 4119 mus.Ambrosius
944 4073 1083 4114 vero
1100 4057 1158 4112 in
1180 4057 1389 4113 alienis
1414 4057 1751 4130 provinciis,
1782 4062 1836 4114 et
1859 4059 1910 4113 in
1929 4057 2064 4115 alie-

404 4151 499 4207 nis
522 4150 793 4206 Ecclesiis
822 4146 1285 4221 praedicationis,
1301 4146 1655 4204 visitationis
1672 4152 1728 4203 et
1745 4148 2065 4204 ordinatio-

408 4235 502 4289 nis
534 4248 786 4289 munera
820 4232 1176 4297 exercuisse,
1210 4232 1523 4288 mirabitur
1544 4248 1742 4297 nemo,
1762 4232 1865 4304 qui
1883 4232 2066 4288 eccle-

408 4320 714 4376 siasticam
736 4319 1047 4375 historiam
1068 4321 1355 4390 tantisper
1370 4320 1911 4375 calluerit.Centum
1934 4320 2063 4374 haec

405 4406 657 4463 historia
696 4407 1036 4476 suppeditat
1065 4405 1479 4476 episcoporum
1516 4405 1813 4477 exempla,
1842 4406 2063 4477 quibus

409 4493 856 4567 populorum,et
880 4492 1206 4547 Ecclesiaru
1217 4508 1274 4546 m
1292 4492 1471 4547 etiam
1485 4493 1738 4564 prepria
1750 4494 1930 4549 curia
1942 4509 2063 4550 non

411 4583 871 4640 commissarum
898 4597 1043 4638 cura
1064 4580 1179 4637 alte
1204 4582 1394 4638 inerat
1412 4582 1638 4650 animo,
1660 4598 1730 4639 ac
1751 4587 2067 4655 propterea

417 4673 541 4729 sive
564 4669 888 4744 apostolica
915 4670 1209 4741 legatione
1243 4669 1572 4741 fungentes,
1601 4670 1688 4726 vel
1716 4672 1833 4728 alio
1858 4673 2069 4746 quovis

414 4760 683 4833 legitimo
706 4758 871 4815 titulo
902 4759 1033 4815 illas
1055 4758 1670 4830 visitabant,synodos
1696 4759 1780 4815 ibi
1803 4759 2069 4819 celebra-

416 4848 904 4921 bant,episcopos
919 4846 1710 4914 ordinabant,vicinioribus,
1728 4864 1831 4904 seu
1849 4850 2070 4922 princi-

417 4940 741 5014 palioribus
757 4936 1415 5002 commendabant.0uis
1430 4942 1517 4993 est
1529 4942 1715 4993 autem
1729 4938 1832 5010 qui
1846 4940 2073 4996 nesciat

423 5029 654 5087 Eusebii
686 5026 1086 5096 Vercellensis,
1105 5026 1221 5083 Osii
1244 5024 1664 5094 Cordubensis,
1689 5026 2071 5085 Pictaviensis

419 5119 618 5173 Hilarii
646 5123 702 5174 et
734 5117 975 5174 Luciferi
1008 5113 1344 5181 Calaritani,
1376 5128 1485 5186 per
1512 5114 1811 5172 Orientem
1835 5115 2069 5186 itinera,

418 5204 675 5271 labores,
701 5206 997 5264 celebrata
1015 5204 1285 5271 concilia,
1314 5204 1628 5276 episcopos
1656 5209 2073 5265 consecratos?

420 5292 564 5357 Quis
611 5295 889 5364 Cypriani
921 5294 1205 5367 epistolas
1258 5307 1367 5365 pro
1419 5290 1744 5348 Galliarum
1779 5294 2069 5360 Ecclesiis,

419 5378 768 5435 Theodoreti
790 5397 895 5454 pro
913 5383 1202 5439 Africanis
1219 5381 1494 5452 ignorat?
1514 5381 1901 5438 Athanasium
1924 5383 2074 5453 legi-

421 5483 557 5524 mus
575 5469 831 5525 Damaso
847 5472 1111 5541 pontitici
1128 5471 1312 5528 veluti
1340 5485 1708 5539 succensere,
1733 5472 1837 5546 qui
1866 5473 2073 5531 Medio-

2160 420 2505 490 scripsimus
2538 422 2755 479 dilecto
2784 422 3042 477 Damaso
3069 421 3332 490 episcopo
3360 434 3585 490 magna
3617 420 3819 479 Romae

2161 517 2363 565 contra
2379 510 2743 566 Auxentium
2758 510 3082 566 invasorem
3097 507 3523 563 Mediolanensis
3537 507 3813 565 Ecclesia.

2238 637 2251 650 .
2330 638 2344 653 .
2416 640 2428 653 .
2460 596 3274 670 miramurque,curnondum
3288 595 3819 669 depositusejectus-

2161 701 2267 758 que
2285 687 2359 740 sit
2387 703 2452 741 ea:
2474 687 2721 744 Ecclesia
2744 687 2985 759 (Athan.
3019 687 3182 756 epist.
3217 685 3418 757 synod.
3466 685 3543 742 ad
3575 686 3819 760 Afric.).

2165 775 2449 849 Cyrillum
2471 792 2612 832 vero
2640 775 3129 844 Alexandrinum,
3161 774 3256 830 cui
3276 774 3546 830 damnati
3568 774 3819 832 Nestorii

2165 880 2351 920 causa
2381 863 2707 921 Orientales
2760 865 3089 929 universos,
3146 864 3468 936 ipsumque
3516 862 3819 934 juniorem

2165 952 2553 1009 Theodosium
2569 953 2832 1010 infensos
2849 950 3584 1017 reddiderat,nihilominus
3600 951 3820 1009 centies

2166 1048 2593 1114 protestantem
2620 1042 2921 1112 audimus,
2954 1040 3067 1097 sibi
3096 1041 3369 1098 omnium
3400 1040 3817 1107 Ecclesiarum,

2169 1146 2290 1187 non
2320 1147 2444 1186 sua
2472 1136 2721 1196 tantum,
2755 1146 2963 1186 curam
2993 1129 3341 1186 habendam
3370 1133 3824 1187 esse.llauserat

2168 1217 2261 1275 ille
2289 1219 2541 1276 fortasse
2565 1220 2758 1277 zelum
2782 1220 2962 1275 istum
2983 1219 3381 1292 apostolicum
3409 1234 3480 1275 ex
3493 1218 3819 1291 Cypriano,

2166 1308 2270 1381 qui
2291 1308 2369 1364 ad
2393 1308 2764 1381 Stephanum
2794 1311 3130 1365 Romanum
3171 1306 3515 1381 pontificem
3551 1306 3821 1363 scribens

2166 1397 2241 1453 de
2258 1396 2513 1453 Ecclesia
2527 1396 3065 1469 Arelatensi,quam
3081 1396 3398 1453 Martianus
3415 1412 3486 1451 ex
3505 1393 3825 1453 Novatiani

2168 1491 2329 1542 secta
2358 1487 2675 1559 episcopus
2700 1484 3022 1551 inﬁciebat,
3047 1500 3312 1541 asserere
3344 1500 3465 1541 non
3497 1484 3821 1551 dubitavit,

2169 1574 2277 1630 Cui
2302 1574 2387 1629 rei
2406 1582 2673 1631 nostrum
2716 1577 2795 1630 est
2816 1574 3129 1639 consulere,
3180 1579 3235 1630 et
3278 1574 3594 1641 subvenire,
3630 1572 3827 1644 frater

2164 1663 2520 1733 charissima,
2542 1664 2650 1736 qui
2685 1664 2948 1720 divinam
2984 1662 3351 1720 clementiam
3385 1664 3732 1733 cogitantes,
3767 1667 3825 1718 et

2089 1735 2134 1793 Β
2166 1735 2566 1824 gubernanda
2588 1753 2863 1810 Ecclesiae
2903 1752 3111 1808 libram
3142 1758 3423 1812 tenentes.
3455 1757 3568 1807 etc.
3604 1754 3826 1823 Nempe

2169 1858 2279 1899 sua
2303 1857 2546 1916 quoque
2577 1841 2861 1898 interesse
2888 1841 3104 1897 debere
3149 1840 3421 1897 Ecclesia
3465 1838 3825 1896 Arelatensis

2169 1931 2421 1998 bonum,
2467 1930 2574 1987 zeli
2603 1936 2658 1987 et
2687 1930 2991 1987 charitatis
3026 1945 3211 1986 causa
3234 1928 3547 2000 judicabat
3577 1928 3828 1985 sanctis-

2173 2019 2362 2076 simus
2388 2020 2657 2085 antistes,
2684 2018 2951 2092 pontifici
2977 2023 3177 2074 autem
3199 2018 3500 2091 Stephano
3519 2016 3578 2073 id
3596 2017 3828 2073 incum-

2169 2108 2332 2174 bere,
2373 2124 2670 2180 suprema
2699 2107 3139 2178 jurisdictionis
3171 2106 3231 2163 in
3258 2108 3599 2163 universam
3634 2104 3828 2162 Eccle-

2172 2198 2321 2254 siam
2354 2202 2647 2271 potestate
2679 2203 2735 2252 et
2764 2196 3132 2252 auctoritate.

2240 2284 2687 2359 23.Apostolum
2701 2284 3346 2357 igitur,etpontificium
3360 2284 3617 2357 legatum
3635 2299 3827 2354 agens

2171 2375 2547 2441 Ambrosius,
2580 2374 2731 2431 inter
2765 2379 2848 2430 tot
2873 2373 3191 2440 Ecclesias,
3219 2390 3373 2446 quas
3405 2372 3493 2430 vel
3517 2372 3597 2430 ad
3640 2372 3827 2429 ﬁdem

2170 2469 2567 2532 revocaverat,
2600 2463 2689 2518 vel
2716 2463 3011 2536 episcopis
3038 2462 3383 2529 donaverat,
3413 2462 3573 2519 hisce
3601 2461 3824 2518 beneﬁ-

2170 2552 2274 2608 ciis
2306 2552 2614 2608 cumulare
2657 2551 2826 2608 facile
2866 2552 3057 2624 potuit
3098 2552 3452 2608 lmolensem
3500 2565 3739 2624 quoque
3769 2555 3831 2605 et

2174 2640 2985 2706 Vicohabentinam,fortasse
3002 2641 3359 2698 Arianorum
3380 2640 3513 2697 labe
3544 2639 3709 2713 prius
3739 2639 3830 2694 in-

2174 2731 2377 2796 fectas,
2401 2729 2496 2786 vel
2510 2729 2905 2803 prapotentia
2926 2728 3221 2802 episcopis
3239 2728 3829 2802 spoliatas,quamvis

2173 2820 2252 2875 ad
2282 2836 2399 2875 sua
2423 2818 2662 2875 ditionis
2696 2819 2834 2890 jura
2857 2817 3102 2874 minime
3130 2822 3476 2890 spectarent.
3505 2817 3684 2873 Porro
3715 2815 3830 2870 du-

2172 2908 2330 2964 bium
2348 2923 2527 2964 omne
2540 2906 3105 2980 tollitquorumdam
3120 2906 3469 2979 scriptorum
3486 2903 3737 2962 assertio
3754 2903 3829 2960 de

2172 2996 2459 3052 Ambrosii
2481 2995 2788 3068 pontificis.
2803 2995 3115 3064 legatione,
3135 3009 3257 3067 qua
3280 2993 3523 3049 Damasi
3550 2998 3607 3049 et
3636 2992 3828 3048 Siricii

2174 3099 2553 3140 summorum
2576 3084 2929 3157 pontificum
2947 3084 3103 3140 vices
3128 3099 3357 3155 gerens,
3377 3098 3449 3138 ea
3472 3081 3679 3138 omnia
3692 3096 3833 3153 per-

2172 3189 2348 3243 agere
2369 3172 2521 3228 licite
2552 3178 2607 3228 et
2634 3173 2830 3229 valide
2858 3174 3047 3245 potuit
3075 3173 3135 3228 in
3165 3170 3328 3227 hisce
3373 3170 3664 3230 Ecclesiis.
3691 3187 3839 3243 qua

2172 3262 2535 3335 cateroquin
2559 3278 2679 3318 non
2700 3262 3095 3335 potuisset.De
3114 3262 3229 3318 hac
3244 3260 3537 3333 legatione
3557 3259 3833 3316 dubitare

2169 3350 2336 3409 haud
2356 3350 2507 3417 licet,
2536 3351 2583 3406 si
2609 3351 2878 3407 Ecclesia
2904 3351 3081 3408 etiam
3111 3351 3443 3423 primorum
3469 3348 3833 3407 saculorum

2171 3441 2575 3513 disciplinam,
2600 3439 2647 3495 si
2672 3456 2877 3496 sacros
2895 3456 3157 3497 canones
3176 3438 3565 3511 inspiciamus
3590 3436 3833 3511 :praci-

2172 3545 2290 3602 pue
2319 3545 2456 3585 vero
2477 3527 2537 3584 id
2554 3528 2826 3585 dubitare
2844 3545 2964 3585 non
2990 3528 3121 3585 licet
3146 3527 3490 3584 auctoribus
3514 3527 3650 3592 illis,
3677 3527 3833 3582 inter

2171 3633 2325 3691 quos
2358 3617 3159 3686 Bacchinius,'l‘homassinus
3186 3623 3242 3673 et
3264 3616 3492 3690 alii,qui
3518 3615 3749 3671 nullum
3766 3615 3832 3671 in

2176 3706 2344 3763 Italia
2373 3706 3345 3780 metropolitanumfuisse,prater
3370 3708 3706 3761 Romanum
3724 3719 3833 3759 an-

2174 3794 2435 3860 tistitem,
2466 3794 2870 3868 omnibusque
2887 3795 3053 3852 illum
3076 3794 3255 3867 hujus
3274 3793 3534 3863 regionis
3554 3791 3835 3849 Ecclesiis

2175 3883 2507 3956 prafuisse,
2523 3898 2645 3939 non
2660 3891 2969 3957 tamquam
2983 3884 3297 3957 primatem
3316 3880 3832 3946 solummodo,scd

2175 3973 2353 4028 etiam
2386 3977 2697 4045 tamquam
2716 3972 3136 4029 immediatum
3166 3972 3702 4045 archiepiscopum,
3723 3986 3835 4041 per

2176 4061 2289 4119 tria
2317 4062 2412 4118 vel
2436 4068 2694 4135 quatuor
2715 4062 2912 4134 priora
2942 4061 3163 4118 sacula
3186 4061 3490 4119 mordicus
3518 4064 3838 4116 senserunt

2175 4157 2230 4208 et
2245 4150 2605 4218 docuerunt;
2639 4151 2912 4206 omnium
2934 4152 3094 4208 enim
3122 4150 3578 4223 prudentiorum
3600 4147 3835 4205 critico-

2172 4255 2299 4296 rum
2327 4242 2531 4312 opinio
2549 4245 2655 4305 est,
2682 4240 2731 4295 si
2762 4241 3008 4313 quando
3031 4240 3122 4295 vel
3144 4239 3349 4295 aliena
3382 4237 3701 4310 provincia
3727 4237 3837 4309 Sy-

2174 4328 2336 4382 nodo
2358 4344 2611 4399 praesse
2634 4330 2985 4402 episcopum
3004 4328 3278 4402 aliquem,
3300 4328 3387 4383 vel
3406 4327 3614 4383 aliena
3639 4325 3834 4382 Eccle—

2174 4415 2276 4470 sia
2332 4430 2523 4471 novos
2575 4418 2888 4489 episcopos
2919 4417 3211 4485 ordinare,
3254 4422 3356 4473 aut
3383 4430 3834 4489 quemcumque

2174 4501 2353 4558 alium
2366 4502 2989 4572 jurisdictionisactum
3014 4506 3278 4562 emittere
3296 4505 3567 4575 legimus,
3586 4503 3837 4559 nonnisi

2175 4590 2481 4665 pontiﬁcia
2505 4593 2851 4649 auctoritate
2875 4594 2938 4651 id
2966 4595 3199 4661 factum,
3217 4594 3309 4651 vel
3331 4593 3656 4667 apostolica
3674 4591 3838 4663 lega-

2176 4680 2356 4747 tione,
2389 4696 2521 4738 esse
2552 4681 2938 4740 credendum.
2993 4686 3369 4757 Quapropter
3398 4698 3536 4740 cum
3584 4681 3835 4739 Paulino

2179 4769 2502 4826 Antiochia
2528 4771 2815 4843 episcopo
2843 4773 3311 4830 consecrationis
3354 4770 3836 4829 benedictionem

2178 4858 2511 4931 impertitus
2523 4859 2697 4916 fuerit
2711 4861 2934 4918 Lucifer
2949 4862 3337 4929 Calaritanus,
3355 4861 3525 4918 illum
3536 4858 3837 4930 legatione

2180 4950 2451 5004 Romana
2500 4949 2797 5005 munitum
2838 4951 3092 5007 asseruit
3145 4951 3510 5007 Christianus
3575 4948 3778 5019 Lupus
3821 4966 3835 5016 ;

2181 5050 2371 5109 eoque
2385 5036 2711 5093 ministerio
2728 5038 2989 5111 insigniti
3006 5040 3184 5097 etiam
3198 5040 3335 5097 cred
3344 5044 3523 5098 untur
3537 5037 3839 5097 Eusebius

2182 5124 2567 5181 Vercellensis
2599 5130 2655 5180 et
2684 5126 2938 5183 Hilarius
2966 5128 3374 5186 Pictaviensis.

2252 5215 2548 5269 24.Verum
2574 5214 2645 5269 de
2672 5215 2735 5269 ll.
2758 5215 3076 5273 Ambrosio
3098 5218 3317 5275 diserte
3339 5219 3399 5275 id
3420 5220 3631 5277 asserit
3659 5220 3841 5275 Fran-

2182 5300 2375 5355 ciscus
2398 5301 2733 5357 Ballarinus
2751 5318 2821 5358 ex
2835 5307 3078 5377 antiquo
3096 5308 3196 5362 Bre
3207 5308 3392 5363 viario
3410 5307 3838 5376 Patriarchico,

2182 5388 2344 5460 quod
2359 5390 2633 5445 Comensi
2651 5390 2917 5447 Ecclesiae
2937 5410 3121 5466 usque
3138 5397 3213 5451 ad
3231 5396 3548 5452 Clementis
3569 5396 3677 5451 VIII
3702 5402 3839 5451 tem-

2183 5492 2331 5550 pora
2352 5475 2413 5533 in
2436 5492 2546 5535 usu
2571 5478 2678 5535 fuit
2702 5491 2714 5531 :
2742 5481 3313 5542 BeatusAmbrosius
3331 5486 3689 5557 temporibus
3716 5486 3836 5541 Da-
