4012 6184
204 230 310 293 ωδ

463 231 605 297 JOS.
657 237 1005 298 AMADESH
1053 239 1521 304 DlSSER'l‘A'l‘lO
1566 244 1656 304 DE
1701 244 2106 307 METROPOLI
2151 250 2710 317 ECCLESIASTICA
2756 254 3343 325 IKAVENNATENSI.

3503 265 3610 330 106

198 367 344 421 masi
359 383 540 436 papas
555 373 610 424 et
650 365 961 424 Theodosii
984 370 1368 436 imperatoris
1397 370 1856 427 EcclesiamMe-
1889 375 1932 434 A
1965 374 2210 445 quidem
2243 379 2408 435 Petro
2434 382 2795 454 Chrysologo
2827 400 2962 442 eam
2991 388 3356 454 moderante,
3391 399 3453 448 ut
3486 411 3613 453 οω-

195 454 596 512 diolanensem
611 456 806 527 regeba
817 459 1180 529 t.apostolica
1192 460 1446 530 fungens
1462 461 1856 532 legatione,qui

197 552 244 600 et
275 546 616 602 vicinarum
645 548 950 617 regionum
965 548 1246 618 Liguria,
1278 548 1569 616 Emitiae,
1590 550 1849 616 Venetia,

199 634 684 706 Rhetiarumque,ct
696 636 913 706 Alpium
927 636 1234 692 Cottiarum
1249 637 1581 693 Christianis
1591 648 1848 711 privet-at,

197 738 300 792 quo
323 739 437 791 per
448 726 823 794 superiorum
843 732 1161 795 temporum
1184 727 1552 784 calamitates
1586 730 1850 799 episc0pis

197 811 463 867 destituti
491 813 924 874 fuerantldem
946 814 1287 870 Benedictus
1299 815 1676 884 Jovius,idem
1693 817 1849 873 Chri-

200 900 417 956 stianus
445 904 650 975 Lupus
671 919 865 974 nuper
894 903 1102 959 citatus
1133 903 1640 961 crediderunt.Cui
1660 922 1848 962 asser-

197 989 327 1046 tioni
352 991 467 1045 vim
483 991 726 1064 quidem
759 993 1089 1049 maximam
1104 993 1270 1049 addit
1291 1009 1384 1049 res
1419 993 1636 1066 Syrmii
1658 1000 1843 1064 gesta,

196 1085 358 1152 atque
391 1097 430 1135 a
457 1081 716 1137 Baronio
739 1081 815 1137 ad
832 1097 974 1137 ann.
1006 1080 1110 1138 330
1140 1082 1343 1151 relata,
1361 1083 1668 1156 multoque
1685 1084 1847 1156 prius

197 1185 231 1224 a
257 1167 500 1226 Paulino
530 1172 589 1226 in
605 1171 728 1226 Vita
744 1171 1357 1228 Ambrosii.Defuncto
1377 1172 1597 1246 Syrmii
1623 1175 1846 1246 episco-

198 1273 288 1330 po.
322 1265 451 1315 orta
477 1267 570 1315 est
601 1259 1401 1318 contentiointercatholicos
1415 1267 1471 1318 et
1495 1263 1739 1320 Arianos
1753 1280 1844 1320 su-

195 1364 291 1420 per
319 1365 481 1406 novo
517 1350 794 1420 eligendo
808 1351 1434 1422 pastore.Catholicum
1463 1352 1844 1418 illi,Arianum

193 1438 278 1494 isti
308 1439 618 1510 petebant.
652 1445 711 1496 et
738 1439 833 1496 his
860 1440 1102 1512 quidem
1118 1439 1845 1499 adhmrebatJustinahze-

195 1527 362 1583 rstica
390 1529 848 1600 imperatrix.Re
871 1529 946 1584 ad
963 1529 1344 1585 Ambrosium
1367 1530 1845 1596 delata,accurrit

1962 477 2069 518 nes
2099 465 2175 519 ad
2196 482 2380 522 unum
2408 473 2789 528 conveniunt.
2825 476 2932 540 Qui
2965 478 3020 530 S.
3050 476 3409 536 doctorcum
3430 483 3500 537 ad
3516 502 3611 540 su-

1963 567 2138 623 peros
2169 557 2463 614 evolasset
2491 575 2651 616 anno
2682 567 2805 630 451,
2829 568 2886 619 et
2913 580 3049 621 cum
3073 567 3424 641 episcopum
3453 573 3611 628 Vico-

1961 640 2356 700 habentinum
2382 647 2441 702 in
2465 650 2940 719 praecedentibus
2973 657 3034 709 D.
3069 659 3130 710 N.
3164 657 3214 711 J.
3241 640 3300 712 C.
3328 660 3610 716 Natalitiis

1960 740 2390 800 consecrasset,
2424 735 2613 793 immo
2665 754 2826 796 anno
2866 743 2988 808 446,
3053 749 3325 801 sanctum
3367 764 3609 820 quoque

1959 820 2288 890 Projectum
2321 823 2672 882 lmolensem
2704 828 3052 902 episcopum
3082 833 3178 902 (de
3195 834 3606 905 quibusrebus

1958 909 2242 966 omnibus
2271 911 2329 967 in
2357 913 2525 970 tertio
2556 915 2746 987 capite
2778 917 2969 974 fusius
2992 919 3307 994 dicemus),
3360 925 3606 980 evidens

1957 1001 2044 1051 est
2073 1013 2208 1052 eum
2237 1000 2360 1069 jam
2395 1004 2924 1075 metropolitanum
2956 1007 3366 1067 induisseante
3391 1013 3608 1083 synodi

1955 1085 2404 1144 Mediolanensis
2434 1091 2906 1150 celebrationem.
2939 1095 3046 1152 Ubi
3074 1096 3254 1167 igitur
3271 1101 3608 1172 amplitudo

1952 1173 2071 1241 illa,
2109 1191 2144 1230 a
2178 1176 2551 1236 Schelstratio
2572 1180 2817 1252 jactata,
2846 1199 2917 1239 ex
2962 1183 3318 1255 hujusmodi
3373 1190 3605 1260 synodo

1952 1268 2086 1319 ante
2140 1264 2436 1323 institutos
2487 1269 2924 1342 Aquileiensem
2985 1277 3041 1329 et
3086 1275 3605 1336 Ravennatensem

1954 1353 2359 1424 metropolitas
2381 1354 2408 1409 τ

2023 1445 2110 1495 26.
2139 1442 2474 1501 Fatendum
2503 1451 2592 1503 est
2619 1463 2762 1518 ergo
2788 1463 2863 1504 ne
2892 1466 2999 1521 per
3028 1452 3325 1524 synodum
3357 1454 3605 1527 quidem

1953 1531 2375 1599 Eusebianam,
2411 1540 2514 1590 aut
2545 1551 2645 1607 per
2697 1539 3014 1610 epistolam
3068 1541 3198 1612 ejus
3250 1544 3604 1614 synodicam

197 1619 243 1674 S.
285 1616 521 1676 doctor.
547 1624 602 1674 et
625 1616 1351 1692 catholicumepiscopum
1379 1620 1512 1692 eligi
1540 1622 1844 1688 cural,ele-
1875 1632 1921 1689 Β
1953 1625 2158 1676 contra
2183 1621 2514 1680 libertatem
2542 1627 3081 1685 Ravennatensium
3111 1631 3446 1704 quidquam
3471 1649 3605 1706 pro-

194 1711 344 1761 ctum
377 1709 700 1762 Anemium
722 1712 1048 1764 consecrat.
1085 1709 1377 1779 Syrmium
1418 1710 1603 1766 dubio
1635 1711 1842 1782 procul

198 1800 366 1867 caput
397 1800 526 1851 erat
559 1795 793 1868 Illyrici,
814 1802 992 1869 atque
1011 1796 1188 1854 etiam
1216 1798 1613 1855 ecclesiastica
1632 1804 1842 1856 metro-

193 1883 335 1954 polis
367 1903 380 1941 :
419 1882 604 1951 igitur
632 1883 864 1940 inillius
879 1885 1442 1942 Ecclesiamnullum
1465 1887 1565 1958 jus
1582 1889 1842 1960 acquisi-

196 1980 310 2028 tnm
341 1969 538 2030 fuerat
569 1970 868 2046 episc0pis
895 1974 1448 2031 Mediolanensibus.
1468 1979 1844 2048 Quapropter

194 2068 318 2117 acta
344 2063 653 2117 electionis
677 2067 732 2118 et
752 2063 1145 2119 ordinationis
1172 2064 1654 2120 Anemiinonnisi
1685 2064 1842 2135 lega-

195 2151 328 2206 tioni
348 2150 716 2222 apostolicae,
732 2152 902 2223 cujus
915 2151 1293 2208 facultatibus
1310 2152 1584 2209 utebatur
1596 2153 1844 2210 Ambro-

194 2239 332 2308 sius,
360 2239 612 2295 veniunt
642 2239 978 2297 tribuenda.
1013 2240 1501 2297 Concludendu'n
1535 2242 1711 2311 igitur
1769 2258 1841 2298 ex

191 2329 438 2402 epistola
471 2331 527 2386 S.
562 2327 827 2385 doctoris
860 2328 937 2385 ad
967 2329 1507 2386 Vicohabentinum
1538 2329 1689 2386 falso
1715 2331 1842 2387 erui

191 2416 500 2473 Imolensis
523 2417 792 2489 episcopi
819 2417 906 2472 vel
928 2417 1386 2482 ordinationem,
1417 2417 1508 2472 vel
1543 2419 1842 2491 approba-

188 2506 431 2572 tionem,
466 2506 720 2578 ejusque
753 2504 1043 2569 Ecclesies,
1074 2504 1338 2579 itemque
1359 2506 1841 2563 Vicohabentinte

194 2595 652 2666 subjectionem.
681 2610 872 2667 eoque
897 2595 1094 2650 minus
1115 2597 1603 2652 Ravennatensis.

253 2685 344 2741 '25.
377 2687 457 2740 De
475 2683 713 2740 tumido
736 2683 1093 2741 Schelstratii
1112 2685 1843 2758 argumento,qquedio-

192 2773 927 2844 lanensisjurisdictionem
952 2772 1317 2846 ampliﬁcare
1348 2781 1598 2830 conatur
1622 2791 1692 2830 ex
1707 2790 1844 2830 con-

193 2864 318 2919 cilio
348 2869 404 2918 et
436 2861 696 2933 epistola
726 2862 1014 2934 synodica
1045 2861 1277 2917 Eusebii
1310 2863 1380 2917 ad
1423 2863 1679 2918 Leonem
1729 2862 1846 2917 Ma-

193 2950 814 3024 gnum,paucaadhuc
827 2957 1144 3023 supersunt
1160 2951 1253 3006 hic
1279 2949 1622 3005 delibanda.
1639 2952 1846 3015 Quam-

192 3055 360 3115 quam
379 3042 476 3097 ubi
495 3040 810 3096 dixerimus
823 3039 1262 3096 Schelstratium
1275 3040 1390 3096 hoc
1402 3039 1844 3109 concilio,hisce

189 3133 389 3189 litteris
421 3129 689 3202 gloriari,
718 3135 782 3186 ut
809 3129 1085 3186 ostendat
1113 3146 1248 3203 quae
1280 3129 1453 3185 fuerit
1510 3130 1843 3202 amplitudo

190 3192 651 3278 Mediolanensis
676 3192 1019 3292 metropolis
1034 3192 1156 3275 ante
1181 3219 1460 3274 institutos
1481 3192 1846 3275 Raveimensis
1880 3192 1924 3251 δ

190 3317 236 3364 et
260 3314 302 3366 Α
317 3311 642 3381 quiteiensis
652 3309 907 3365 Ecclesiae
921 3311 1292 3380 metropolitas
1314 3307 1666 3378 ;gloriosum
1691 3307 1844 3363 istud

191 3403 608 3468 argumentum
638 3413 744 3469 per
773 3414 834 3453 se
859 3397 1060 3453 statim
1089 3403 1404 3454 evanescet
1432 3396 1702 3463 omnino,
1728 3400 1843 3451 tum

191 3487 328 3558 quia
356 3487 594 3559 synodo
620 3485 700 3540 illi
725 3487 824 3541 vix
845 3492 1084 3556 unus,et
1104 3486 1250 3542 forte
1281 3501 1354 3541 ne
1382 3485 1481 3541 vix
1510 3485 1756 3558 quidem
1774 3500 1846 3540 ex

192 3581 269 3632 tot
297 3575 700 3648 Aquileiensis
719 3574 1035 3646 provinciae
1063 3575 1362 3646 episcopis
1391 3574 1671 3639 interfuit,
1693 3573 1846 3629 adeo

191 3670 249 3722 ut
275 3682 351 3722 ex
379 3664 624 3720 illorum
645 3664 964 3735 praesentia
992 3662 1324 3735 nequiverit
1347 3663 1425 3718 ad
1460 3662 1846 3732 suffraganei-

193 3761 360 3811 tatem
388 3755 550 3810 illius
590 3753 911 3825 provinciae
941 3753 1424 3824 consequentiam
1464 3752 1739 3818 trahere;
1793 3755 1850 3807 et

192 3844 352 3915 quod
377 3842 717 3898 mirabilius
743 3847 844 3912 est,
876 3842 934 3896 id
963 3842 1204 3906 notavit,
1239 3846 1293 3897 et
1339 3841 1536 3896 fassus
1582 3845 1667 3896 est
1714 3840 1845 3896 loco

195 3932 373 3987 citato
401 3933 526 4002 ipse
549 3929 960 3985 Schelstratius
993 3930 1062 3985 iis
1084 3930 1279 3985 verbis
1313 3947 1325 3985 :
1351 3931 1574 4001 Hisque
1604 3929 1846 3984 Histria?

195 4027 246 4077 et
281 4021 537 4077 Venetiae
564 4019 879 4088 provincia
898 4018 1215 4074 dumtaxat
1255 4018 1448 4074 deesse
1475 4017 1846 4086 dignoscitur

197 4111 404 4183 quibus
421 4111 681 4181 exceptis
696 4109 756 4163 in
785 4108 1046 4180 reliquas
1067 4107 1262 4162 Italia:
1274 4106 1544 4175 regiones
1561 4105 1847 4160 Mediola-

196 4202 384 4257 nensi:
403 4201 711 4269 episcopus
724 4203 1019 4268 tamquam
1034 4195 1064 4249 Ι
1067 4196 1228 4251 talia,
1247 4192 1730 4264 metropolitanus
1742 4193 1846 4260 jus

201 4287 693 4345 obtinebat.Unde
706 4286 1090 4357 ergojactatae
1103 4281 1509 4355 amplitudinis
1530 4294 1846 4350 argumen-

202 4381 322 4433 tum
335 4375 803 4448 habetsynodus
823 4372 1162 4430 Eusebiana
1177 4377 1312 4428 ante
1326 4371 1658 4427 institutum
1673 4368 1848 4442 Aqui-

1953 1709 2077 1766 bari
2098 1727 2289 1783 posse.
2325 1714 2498 1779 Quod
2523 1715 2573 1770 si
2599 1731 2733 1772 eam
2767 1717 2844 1772 ab
2889 1719 3191 1792 episcopis
3241 1721 3596 1786 Placentino.

1954 1799 2321 1867 Brixilliensi,
2347 1808 2403 1858 et
2431 1804 2735 1873 Rhegiano
2766 1805 3152 1878 subscriptam
3171 1809 3309 1880 quis
3336 1811 3600 1881 objiciet,

1953 1893 2132 1958 atque
2155 1889 2289 1944 inde
2312 1899 2734 1959 argumentum
2764 1894 3070 1960 instauret,
3112 1897 3415 1954 [Emiliam
3468 1915 3602 1970 pro-

1954 1975 2232 2043 vinciam,
2254 1979 2426 2050 cujus
2448 1980 2712 2036 civitates
2733 1988 2901 2037 erant
2924 1982 3240 2054 Placentia,
3271 1983 3600 2052 Brixillum,

1953 2070 2009 2120 et
2041 2064 2352 2135 Rhegium,
2373 2068 2794 2125 Mediolanensi
2827 2072 3107 2144 epiSCOpO
3123 2073 3602 2148 paruisse,atque

1953 2153 2107 2210 adeo
2140 2157 2477 2212 Ravennam
2510 2158 2755 2215 Emilim
2797 2165 2998 2231 caput,
3058 2158 3269 2218 saltem
3310 2169 3446 2220 ante
3500 2180 3604 2221 ac-

1953 2248 2190 2314 ceptum
2223 2244 2464 2316 pallium
2504 2245 3032 2320 archiepiscopale,
3102 2250 3314 2307 eadem
3372 2252 3598 2323 subjec-

1954 2330 2126 2386 tionis
2159 2337 2300 2388 nota
2322 2333 2664 2402 laborasse;
2706 2336 3062 2408 multiplices
3086 2345 3408 2397 occurrunt
3435 2358 3601 2415 aeque

1953 2421 2156 2490 magni
2183 2421 2460 2493 ponderis
2490 2424 2928 2494 responsiones.

2024 2513 2112 2563 27.
2142 2511 2205 2564 Et
2229 2510 2424 2581 primo
2437 2511 2682 2583 quidem
2708 2511 3042 2569 dubitatum
3058 2519 3145 2570 est
3169 2529 3204 2572 a
3220 2516 3596 2588 quibusdam,

1952 2613 2028 2653 an
2052 2597 2317 2669 synodus
2349 2598 2478 2654 haec
2506 2599 2741 2656 Eusebii
2766 2601 3146 2672 provincialis
3168 2603 3360 2669 fuerit,
3383 2605 3604 2662 scilicet

1953 2686 2135 2741 solius
2167 2687 2480 2757 provinciae
2513 2687 2965 2743 Mediolanensis
2983 2691 3264 2760 synodus.
3290 2693 3601 2760 Baronius,

1955 2773 2253 2843 Ughellus,
2278 2773 2497 2845 aliique
2519 2773 2681 2830 illam
2708 2776 3134 2846 provincialem
3156 2777 3420 2834 arbitrati
3444 2786 3600 2847 sunt,

1952 2876 2285 2933 omnesque
2299 2860 2711 2931 suﬂ'raganeos
2723 2861 3038 2934 episcopos
3051 2863 3126 2918 ad
3141 2879 3272 2919 eam
3289 2867 3603 2923 convenis-

1954 2966 2039 3016 se,
2063 2948 2400 3022 litterasque
2428 2951 2747 3023 synodicas
2770 2951 3008 3022 proprio
3041 2952 3282 3008 nomine
3305 2953 3599 3026 signasse.

1952 3041 2154 3095 Exstat
2175 3038 3033 3110 quidem,aitBaronius.dehis
3047 3041 3603 3115 epistolasynodalis

1953 3129 2204 3184 omnium
2219 3129 2798 3197 comprovincialium
2810 3131 3210 3197 episcoporum
3228 3131 3604 3205 subscriptio-

1952 3217 2119 3273 nibus
2133 3218 3254 3287 consignata,NeganttamenTicinenses
3276 3223 3598 3292 scriptores,

1951 3307 2054 3378 qui
2068 3305 2322 3379 patriam
2345 3305 2660 3362 Ecclesiam
2676 3305 2916 3378 speciali
2942 3305 3226 3364 libertatis
3240 3309 3543 3380 privilegio
3561 3326 3600 3366 a

1952 3394 2160 3467 primis
2183 3410 2371 3466 usque
2396 3393 2626 3450 saeculis
2656 3394 2944 3451 donatam
2985 3395 3190 3452 volunt
3215 3415 3233 3468 ;
3266 3405 3508 3466 negant,
3535 3398 3598 3454 in

1953 3498 2160 3556 quam,
2177 3481 2514 3554 Crispinum
2538 3482 3600 3556 Papiensemepiscopum,cujussubo

1956 3571 2198 3642 scriptio
2227 3571 2439 3640 legitur
2466 3570 2543 3626 ad
2565 3571 2827 3641 epistolae
2857 3571 3104 3637 calcem,
3138 3573 3388 3629 concilio
3429 3574 3600 3630 inter-

1953 3659 2159 3726 fuisse,
2190 3665 2252 3714 ut
2281 3658 2732 3715 Mediolanensis
2763 3659 3235 3730 suti‘raganeum,
3262 3661 3602 3732 multasque

1953 3748 2217 3804 rationes
2241 3748 2299 3803 in
2332 3747 2598 3803 medium
2630 3746 2904 3812 aderunt,
2945 3763 3100 3819 quas
3129 3750 3343 3806 criticis
3383 3751 3602 3808 exami-

1955 3837 2190 3893 nandas
2205 3835 2778 3908 relinquimus.ldem
2807 3836 3387 3894 sentiuntComensis
3414 3840 3604 3896 Eccle‘

1954 3927 2057 3982 site
2086 3924 2351 3982 historici
2381 3929 2560 3996 atque
2591 3925 3028 3996 patriarchatus
3065 3927 3455 3998 Aquileiensis
3481 3945 3606 3985 am‘

1953 4013 2334 4086 pliticatores,
2357 4011 2580 4084 quibus
2603 4028 2959 4082 persuasum
2973 4012 3080 4068 fuit
3097 4015 3448 4069 Comensem
3484 4017 3603 4085 epi-

1955 4099 2477 4172 scopum,alterum
2492 4115 2564 4154 ex
2575 4097 2966 4171 prtesentibus
2981 4098 3330 4155 Eusebiante
3348 4100 3602 4172 synodo,

1954 4202 2292 4259 numquam
2324 4186 2841 4250 Mediolaneusem,
2858 4201 3095 4257 semper
3119 4201 3260 4242 vero
3273 4186 3608 4258 Aquileien-

1955 4292 2081 4333 sem
2112 4275 2173 4330 in
2203 4274 2714 4346 archiepiscopum
2744 4289 2917 4328 suum
2939 4274 3276 4345 agnovisse.
3306 4276 3612 4335 Accedunt

1955 4369 2440 4423 Ravennatenses
2455 4361 2527 4418 ad
2541 4362 2883 4432 negativam
2899 4363 3262 4431 sententiam,
3279 4371 3611 4425 asserentes

201 4467 480 4522 leiensem
507 4447 983 4534 metropolitam?
1006 4463 1154 4517 Tum
1183 4460 1361 4517 etiam
1391 4459 1537 4532 quia
1579 4458 1849 4530 synodus
1882 4447 1926 4505 D
1959 4453 2394 4522 Brixillieusem,
2424 4451 2813 4523 Rhegiensem
2833 4456 2888 4508 et
2918 4451 3325 4510 Placentinum
3387 4456 3612 4528 episco-

202 4557 401 4612 isthaac
419 4551 882 4610 Mediolanensis
904 4550 1109 4606 habita
1122 4549 1228 4605 fuit
1241 4549 1429 4605 medio
1443 4546 1850 4619 saeculoquin—

201 4651 274 4712 to,
301 4660 469 4702 anno
501 4642 722 4699 scilicet
751 4642 870 4710 451,
897 4645 960 4696 ut
984 4639 1046 4695 in
1076 4639 1344 4703 Baronio,
1386 4637 1571 4704 Binio,
1602 4635 1852 4707 aliisque

203 4732 598 4806 scriptoribus
614 4729 800 4786 videri
819 4725 1432 4801 potest.Aquileiensis
1449 4730 1645 4781 autem
1665 4723 1854 4779 Eccle-

203 4824 307 4888 sia,
335 4825 595 4878 testante
623 4820 752 4891 ipso
783 4814 1302 4881 Schelstratio,sub
1328 4814 1586 4870 Damaso
1602 4828 1765 4885 papa
1777 4812 1856 4869 ad

202 4909 710 4982 metropoliticam
739 4905 1080 4976 dignitatem
1110 4908 1313 4960 evecta
1332 4902 1591 4959 creditur
1615 4901 1715 4972 (de
1734 4917 1858 4974 qua

205 5001 488 5072 opinione
499 4997 789 5070 legendus
802 4993 1135 5051 Bernardus
1149 4990 1516 5064 Rubeus,qui
1528 4989 1831 5062 Aquileien
1841 5016 1858 5029 -

204 5091 278 5144 sis
301 5087 580 5144 Ecclesia
613 5085 766 5157 jura,
800 5081 1151 5139 doctissimo
1203 5080 1361 5136 edito
1408 5094 1610 5150 opere,
1667 5091 1860 5149 nuper

201 5178 509 5234 vindicare
526 5173 1094 5244 contendit),nempe
1109 5171 1226 5227 fere
1239 5169 1470 5236 integro
1491 5165 1710 5223 saeculo
1723 5171 1858 5221 ante

201 5267 568 5323 celebratam
600 5261 903 5335 synodum
931 5259 1348 5315 Eusebianam.
1392 5255 1859 5312 Ravennatensis

200 5372 338 5412 vero
367 5354 579 5427 viginti
610 5351 819 5407 saltem
845 5351 972 5421 jam
1001 5365 1191 5405 annos
1222 5347 1436 5404 eadem
1473 5343 1863 5417 praefulgebat

201 5443 628 5518 praerogativa,
652 5440 875 5497 scilicet
903 5437 982 5494 ab
1014 5453 1172 5494 anno
1198 5440 1320 5502 431,
1348 5438 1412 5491 ut
1435 5431 1858 5496 Tillemontius,

201 5540 255 5592 et
278 5535 432 5594 forte
465 5531 659 5591 multo
689 5533 849 5594 ante,
884 5530 949 5585 ut
968 5525 1467 5590 aliiarbitrautur,
1487 5520 1592 5578 sed
1618 5519 1864 5578 indubia

498 5642 747 5697 ΡΑτιιοι..
793 5635 916 5695 LII.

1957 4560 2069 4617 pos
2083 4542 2360 4610 Emiliaa,
2394 4540 2630 4613 synodo
2655 4540 3082 4596 Mediolanensi
3113 4541 3400 4600 interesse
3445 4544 3611 4601 nullo

1959 4631 2144 4688 modo
2167 4630 2450 4703 potuisse,
2466 4634 2533 4684 ut
2548 4627 2961 4700 suﬂ‘raganeos
2979 4644 2994 4696 ;
3011 4628 3099 4685 vel
3125 4631 3286 4688 enim
3300 4647 3338 4690 a
3362 4632 3614 4704 primoro

1961 4720 2073 4777 diis
2103 4718 2185 4776 rei
2215 4718 2563 4775 Christianas
2593 4717 2829 4775 {Emilia
2853 4719 3046 4775 omnis
3077 4722 3360 4794 episcopo
3386 4721 3616 4780 Raven‘

1963 4809 2087 4867 nati
2117 4808 2359 4866 addicta
2388 4808 2513 4874 fuit,
2538 4807 2632 4864 vel
2652 4809 2862 4881 quinto
2892 4813 3120 4866 tantum
3147 4811 3368 4868 saeculo
3414 4817 3619 4868 nostra

1965 4901 2092 4956 haec
2118 4897 2550 4970 metropolitica
2569 4896 2630 4952 in
2644 4896 2946 4956 Emiliam
2959 4898 3219 4968 dignitas
3231 4899 3619 4955 emersit.Evi-

1967 4987 2117 5044 dens
2142 4992 2230 5044 est
2252 5001 2590 5059 numquam
2616 4993 2731 5041 tres
2758 4986 2888 5042 illos
2900 4987 3380 5058 episcoposinter
3402 4984 3618 5042 Medio-

1969 5076 2242 5133 lanenses
2273 5075 2687 5146 suffraganeos
2701 5075 3002 5131 numerari
3019 5089 3213 5145 posse,
3236 5088 3373 5127 cum
3405 5073 3622 5130 abom~

1971 5167 2151 5222 nibus
2184 5165 2489 5237 utriusque
2520 5165 2824 5220 sententiae
2846 5161 3624 5231 deinitiishujusdignitatis

1975 5253 2316 5310 auctoribus
2337 5254 2567 5309 admitti
2596 5257 3064 5323 nequeatmeque
3082 5251 3154 5306 ad
3168 5251 3623 5322 mittatur,dimi-

1973 5343 2137 5400 diata
2165 5341 2658 5415 Emilia,aliquas
2680 5356 2750 5396 ex
2775 5340 2902 5411 ejus
2938 5339 3205 5396 Ecclesiis
3233 5339 3626 5399 Mediolanen-

1975 5430 2024 5486 si
2048 5430 2241 5498 datas,
2268 5431 2415 5487 alias
2447 5428 2791 5495 Ravennati,
2826 5433 3036 5486 contra
3074 5428 3626 5488 universalissimam

1967 5518 2248 5576 omnium
2267 5517 2649 5591 hypothesim
2661 5557 2674 5582 ,
2690 5516 2914 5574 scilicet
2930 5517 3327 5577 hirearchiam
3354 5519 3629 5577 ecclesia-

3315 5626 3346 5681 4
