4012 6184
376 327 488 411 io:

1219 327 1292 388 IN
1336 326 1394 386 S.
1442 317 1736 384 PETRUM
1779 307 2308 375 CHRYSOLOGUM
2352 290 2907 365 PROLEGOMENA.

175 42 184 48 α
1003 45 1006 48 .
1121 35 1124 38 ’
1579 43 1582 45 λ
1657 39 1692 46 ..ι
1745 41 1748 44 .
1777 41 1782 44 .
1829 41 1852 46 ν-

3664 282 3777 343 108

375 476 582 532 sticam
596 467 1094 540 ubiqueaptatam
1107 459 1286 516 fuisse
1301 453 1648 514 hierarchiee
1671 442 2017 517 civili,quod
2051 444 2098 510 Α
2131 438 2418 496 mandato
2441 432 2670 499 Leonis,
2702 433 2759 487 et
2788 425 3133 484 nuntiorum
3149 412 3613 495 apostolicorum
3642 430 3782 480 auc-

374 532 946 636 preasertimquarto
967 556 1024 607 et
1045 550 1254 621 quinto
1286 541 1504 600 saeculo
1533 541 1595 595 in
1652 532 2018 610 particulari-

375 627 489 708 bus
515 648 691 706 Italiaa
719 627 1040 718 provinciis
1065 637 1188 692 ﬁeri
1226 633 1474 704 coepisse
1506 627 1824 688 existimat,
1881 636 2019 677 cum

375 740 673 813 plerisque
699 709 910 790 c-riticis
936 727 1126 783 abbas
1158 719 1525 778 Bacchinius.
1558 716 1618 772 Si
1649 709 2025 785 igitur-nostri

379 802 459 885 illi
471 802 720 882 [Emilim
732 817 993 892 episcopi
1006 811 1296 885 synodum
1313 806 1694 864 Eusebianam
1708 802 2021 875 petierunt,

378 917 717 984 litterasque
738 908 816 964 ad
841 909 1100 962 Leonem
1126 903 1403 970 Magnum
1428 894 1877 963 consignarunt,
1904 903 2026 943 non

380 1006 513 1060 ideo
544 981 1071 1056 de—Mediolanensi
1092 987 1402 1062 provincia
1433 981 1711 1040 credendi
1738 983 1895 1044 sunt,
1930 992 2028 1032 ne-

382 1108 498 1164 que
528 1104 634 1161 per
658 1096 1032 1156 consequens
1058 1079 1157 1136 illa
1174 1076 1441 1150 synodus
1458 1070 1743 1130 habenda
1760 1074 1846 1124 est
1868 1081 2027 1122 mere

382 1176 776 1252 provincialis.

453 1273 540 1324 28.
574 1269 747 1334 Urget
783 1259 1046 1319 secundo
1062 1272 1183 1314 non
1215 1254 1361 1312 levis
1387 1251 1566 1309 etiam
1596 1247 1874 1321 ponderis
1901 1244 2027 1300 ani-

383 1353 806 1416 madversio.Si
836 1350 993 1406 enim
1017 1347 1290 1402 dicamus
1309 1342 1386 1398 ad
1411 1341 1567 1396 hanc
1586 1337 1885 1409 synodum
1915 1349 2032 1390 om-

385 1464 485 1504 nes
515 1442 868 1501 convenisse
898 1433 1311 1510 provinciales,
1341 1429 1533 1485 nullos
1563 1432 1760 1482 autem
1794 1423 2031 1480 alterius

385 1534 706 1610 provinciae
746 1525 1158 1585 Ecclesiasticae
1208 1523 1541 1593 episcopos,
1595 1512 2032 1572 admittendum

386 1599 726 1681 necessario
752 1618 860 1673 erit
890 1616 947 1670 in
975 1610 1279 1682 regiminis
1309 1603 1904 1663 ecclesiasticiordine
1932 1599 2035 1655 ab-

389 1711 640 1769 surdum
670 1722 791 1764 non
821 1704 1125 1773 exiguum,
1155 1700 1457 1755 truncatas
1480 1694 1696 1750 scilicet
1724 1707 1844 1748 non
1884 1705 2029 1761 pau-

389 1817 490 1857 cas
519 1798 698 1854 Italiae
730 1791 1092 1866 provincias,
1119 1786 1548 1855 confusamque
1580 1786 1643 1836 ut
1671 1796 1808 1836 cum
1852 1777 2036 1834 maxi-

391 1907 485 1946 me
516 1904 650 1960 quae
687 1880 1089 1956 pulcherrima
1117 1881 1240 1932 erat
1267 1877 1324 1930 in
1352 1873 1481 1964 aliis
1533 1869 1829 1964 Ecclesiae.
1860 1866 2037 1940 parti-
2070 1908 2114 1964 Β

389 1980 503 2034 bus
531 1956 925 2032 hierarchiam
950 1986 963 2036 ;
986 1965 1293 2040 provincia
1317 1963 1477 2017 enim
1507 1956 1909 2015 ecclesiastica
1930 1959 2036 2012 Me-

389 2064 756 2124 diolanensis
787 2061 1112 2133 primorum
1153 2053 1508 2110 saeculorum
1538 2048 1871 2119 composita
1921 2045 2036 2100 dici

390 2157 634 2211 deberet
663 2168 731 2208 ex
759 2149 948 2206 tribus
970 2143 1213 2202 [Emiliaa
1227 2139 1530 2213 episcopis,
1548 2134 1865 2192 exduobus
1892 2134 2038 2189 Rhe-

390 2241 579 2305 tite,ex
595 2236 838 2294 totidem
855 2231 1090 2302 Alpium
1106 2227 1521 2288 Cottiarum,ex
1536 2237 1650 2276 uno
1667 2219 2038 2274 Venetiarum

391 2332 604 2400 printer
632 2322 879 2393 Liguriae
899 2319 1217 2390 episcopos
1252 2331 1264 2369 :
1291 2312 1458 2385 quod
1475 2310 1638 2380 apud
1666 2309 1896 2364 criticos
1916 2323 2039 2364 om-

393 2397 498 2471 nes
523 2411 1027 2480 absurdissimum
1050 2409 1220 2473 esset,
1247 2404 1416 2473 juxta
1446 2415 1637 2470 nuper
1673 2397 1912 2454 allatam
1941 2412 2036 2452 eo-

392 2519 526 2559 rum
556 2502 630 2556 de
660 2496 994 2555 hierarchia
1022 2489 1422 2549 ecclesiastica
1458 2487 1821 2543 sententiam.

463 2596 551 2648 29.
583 2585 1024 2646 Advertendum
1057 2581 1221 2637 tertio
1251 2579 1329 2635 ad
1357 2578 1515 2634 hanc
1555 2576 1750 2649 ipsam
1805 2572 2036 2628 Eusebii

393 2681 696 2752 synodum
709 2675 926 2730 missos
940 2671 1118 2728 fuisse
1133 2685 1168 2725 a
1184 2672 1370 2724 Leone
1386 2669 1595 2736 Magno
1608 2663 1834 2733 legatos
1849 2661 2040 2718 Abun-

393 2750 667 2824 dantium
697 2771 752 2820 et
771 2766 1140 2820 Senatorem.
1177 2756 1280 2814 Cui
1311 2755 1556 2828 quidem
1587 2751 1921 2825 apostolicae
1963 2750 2040 2805 le-

393 2855 636 2927 gationi,
659 2856 960 2925 quatenus
983 2863 1122 2903 vera
1142 2840 1834 2910 fuerit,tribuicommode
1853 2843 2041 2910 potest

393 2943 746 3002 convocatio
773 2940 852 2996 ad
864 2937 1102 2994 Eusebii
1126 2939 1486 2991 conventum
1499 2931 1722 3003 aliquot
1739 2928 2041 3001 episcopo-

393 3049 526 3089 rum
559 3032 766 3088 alienae
791 3026 1128 3101 provinciae,
1152 3021 1672 3096 quemadmodum
1702 3034 1820 3074 non
1836 3019 2041 3089 paucis

394 3120 682 3191 exemplis
708 3115 949 3190 probari
968 3118 1181 3186 potest,
1215 3111 1274 3166 id
1297 3126 1405 3166 nec
1427 3125 1664 3176 novum,
1697 3123 1806 3162 nec
1845 3107 2040 3160 insue-

395 3216 520 3266 tum
555 3201 1251 3272 fuisse.Eustachiusipse
1271 3201 1375 3254 aS.
1398 3196 2041 3270 Ubaldo,propugnans

395 3305 600 3354 contra
613 3293 1074 3352 eLMuratorium
1088 3288 1358 3359 diploma
1388 3285 1615 3341 Atlonis
1635 3283 1897 3355 episcopi
1914 3285 2040 3338 Ver-

396 3385 685 3448 cellensis.
715 3384 933 3439 lectum
956 3381 1017 3436 in
1046 3377 1282 3450 synodo
1315 3373 1629 3431 Mediolani
1684 3372 1888 3430 habita
1931 3389 2035 3430 an.

2131 530 2360 583 toritate
2392 523 2545 579 fecit.

2205 620 2295 672 30.
2328 617 2527 686 Neque
2543 607 2716 665 nobis
2734 601 3112 670 stomachum
3127 601 3364 656 moveat
3379 592 3729 652 Eustachius
3746 607 3784 649 a

2134 705 2192 760 S.
2215 684 2443 760 Ubaldo
2460 699 2620 756 inani
2633 697 2731 756 illa
2743 693 3004 751 nominis
3017 689 3478 760 coepiscoporum
3496 684 3785 756 interpre-

2135 793 2378 858 tatione,
2401 804 2522 861 qua
2559 780 3024 854 subhujusmodi
3048 775 3445 849 appellatione
3475 769 3785 828 caderedi-

2136 882 2299 937 clitat
2321 879 2629 952 episcopos
2650 878 2884 930 tantum
2909 868 3340 938 suffraganeos,
3364 863 3620 934 ideoque
3642 874 3784 918 cum

2135 971 2196 1026 in
2222 949 2469 1026 laudata
2495 963 2786 1037 synodica
2812 957 3158 1030 coepiscopos
3180 953 3446 1032 appellat
3471 949 3783 1016 Eusebius,

2137 1075 2289 1133 quos
2305 1058 2386 1114 ibi
2404 1054 2777 1126 subscriptos
2793 1046 3204 1112 videmus,hos
3218 1045 3342 1116 ejus
3369 1040 3787 1110 suﬁraganeos

2139 1130 2317 1205 fuisse
2343 1162 2574 1204 omnes.
2591 1147 2740 1200 Nam
2766 1143 2826 1196 in
2841 1134 3316 1198 meridianaluce
3331 1131 3472 1190 talia
3484 1130 3789 1200 objectan-

2139 1245 2253 1295 tem
2280 1237 2552 1294 ciecutire
2567 1233 2950 1293 arbitramur,
2964 1225 3211 1300 quando
3233 1223 3410 1297 plena
3427 1218 3633 1278 omnia
3647 1221 3792 1282 sunt

2137 1333 2336 1384 vetera
2352 1327 2592 1382 Patrum
2608 1323 2999 1378 monumenta
3015 1316 3124 1372 isto
3138 1313 3460 1384 coepiscopz
3472 1307 3788 1370 vocabulo,

2139 1417 2382 1474 velcum
2413 1415 2487 1471 de
2515 1411 2754 1469 alterius
2783 1406 3128 1484 provinciae,
3150 1402 3245 1458 vel
3274 1418 3414 1458 cum
3443 1400 3516 1456 de
3547 1395 3788 1471 aequali,

2140 1507 2234 1564 vel
2264 1521 2400 1561 cum
2431 1505 2506 1560 de
2537 1499 2818 1566 inferiori,
2871 1500 2973 1553 aut
3027 1490 3313 1565 superiori
3374 1489 3650 1564 episcopo
3708 1486 3794 1543 lo-

2141 1599 2424 1669 quuntur.
2461 1590 2814 1649 Consulatur
2842 1601 2952 1658 pro
2978 1582 3260 1640 omnibus
3310 1582 3374 1635 D.
3427 1575 3789 1669 Cyprianus,

2141 1667 2244 1756 qui
2275 1681 2527 1754 epistola
2559 1681 2632 1736 ad
2662 1676 3032 1749 Stephanum
3069 1674 3405 1728 Romanum
3444 1667 3789 1732 antistitem,

2143 1753 2481 1829 Gallicanos
2507 1769 2722 1824 diserte
2749 1767 2919 1832 vocat
2969 1761 3329 1830 coepiscopos
3383 1763 3633 1819 nostros,
3684 1753 3795 1810 Ve-

2143 1863 2350 1918 rumin
2376 1876 2438 1916 re
2459 1858 2611 1915 adeo
2623 1850 2872 1912 evidenti
2890 1866 3068 1921 grave
3087 1855 3177 1905 est
3200 1847 3428 1903 diutius
3459 1843 3791 1900 immorari.

2147 1953 2338 2017 Quare
2368 1950 2788 2019 argumentum
2818 1940 3206 2003 absolvimus,
3263 1941 3319 1992 et
3367 1937 3510 2007 quia
3555 1933 3796 1988 Eusebii

2147 2038 2454 2096 concilium
2482 2033 2720 2109 probari
2747 2047 2858 2088 non
2889 2031 3084 2102 potest
3123 2024 3504 2099 provinciale,
3556 2022 3797 2080 conclu-

2146 2128 2415 2185 dendum
2443 2131 2531 2182 est
2558 2123 2780 2179 frustra
2816 2116 3133 2192 praesentia
3175 2115 3594 2188 episcoporum
3619 2111 3799 2186 ZEmi-

2146 2217 2257 2282 liae,
2289 2215 2517 2272 illorum
2549 2209 3094 2282 suffraganeitatem
3127 2203 3469 2274 conjectari.

2218 2311 2304 2362 31.
2339 2305 2622 2359 Caeterum
2649 2300 2770 2355 duo
2792 2297 2990 2353 adhuc
3021 2292 3459 2350 consideranda
3485 2306 3662 2363 super
3678 2289 3796 2346 hac

2147 2395 2275 2467 ipsa
2292 2391 2606 2466 praesentia
2618 2385 2792 2444 nobis
2810 2382 3406 2458 supersunt,alterum
3421 2377 3580 2453 quod
3595 2380 3795 2452 primis

2149 2482 2422 2539 Ecclesiae
2437 2479 2693 2543 saeculis,
2717 2481 2773 2533 et
2797 2476 3046 2532 fortasse
3073 2473 3252 2530 etiam
3267 2470 3496 2543 aliquot
3522 2470 3797 2542 posterio-

2147 2571 2312 2628 ribus
2338 2567 2655 2642 prassentia
2678 2566 2882 2621 istheec
2915 2563 3319 2635 episcoporum
3354 2559 3528 2618 alicui
3560 2558 3796 2632 synodo

2149 2665 2362 2716 certum
2379 2657 2652 2714 indicium
2671 2651 3059 2723 subjectionis
3074 2667 3192 2706 non
3210 2648 3605 2714 erat;alterum
3618 2647 3797 2720 ,quod

2149 2747 2380 2806 etiamsi
2412 2762 2546 2802 vere
2574 2750 2691 2800 tres
2714 2743 2794 2798 illi
2825 2740 3070 2796 AZmiliae
3089 2737 3357 2812 episcopi
3384 2743 3521 2793 tunc
3545 2735 3803 2792 fuissent

2151 2838 2400 2895 Eusebio
2430 2832 2814 2904 suffraganei,
2841 2847 2963 2887 non
2980 2830 3116 2898 ideo
3147 2833 3347 2902 posset
3368 2826 3525 2883 idem
3541 2826 3708 2898 argui
3724 2824 3802 2881 de

2151 2930 2494 2984 Ravennate
2527 2921 2787 2980 Ecclesia
2803 2926 2940 2976 ante
2967 2918 3321 2991 acquisitam
3335 2917 3683 2988 dignitatem
3709 2929 3803 2970 ar-

2153 3013 2673 3088 chiepiscopalem.
2706 3011 2967 3068 Primum
2997 3006 3161 3080 quod
3184 3011 3413 3078 spectat
3443 3004 3590 3074 satis
3617 3003 3802 3070 habe-

2153 3121 2289 3160 mus
2302 3103 2380 3160 ad
2394 3101 2644 3159 concilia
2661 3099 2872 3172 prioris
2886 3097 3035 3152 illius
3048 3100 3102 3152 et
3114 3093 3455 3167 posterioris
3470 3092 3648 3148 etiam
3669 3096 3806 3148 mta-

2154 3194 2225 3250 tis
2254 3192 2458 3249 oculos
2484 3194 2845 3254 convertere,
2863 3187 3010 3243 utde
3030 3183 3451 3258 propositionis
3473 3185 3692 3252 nostrae
3704 3197 3811 3250 ve-

2153 3282 2323 3342 ritate
2352 3281 2622 3338 certiores
2653 3279 2895 3344 ﬁamus.
2922 3279 2984 3332 ln
2998 3273 3246 3331 concilio
3273 3270 3595 3327 Arelatensi
3608 3270 3808 3344 primo

2158 3377 2362 3428 contra
2397 3362 3139 3432 Donatistas,Constantini
3162 3362 3367 3434 magni
3386 3375 3529 3432 cura
3546 3359 3807 3430 celebra—

396 3441 842 3542 Sliisubdlrico
859 3441 2048 3540 archiepiscopo,animadversioncmhu-
2076 3441 2119 3501 Ο
2157 3465 2236 3527 to,
2269 3463 2476 3517 notum
2510 3461 2617 3523 est,
2649 3461 2795 3529 quot
2823 3454 2902 3510 ab
2940 3452 3185 3508 diversis
3239 3451 3419 3518 totius
3471 3448 3806 3517 Occidentis

391 3563 659 3636 jusmodi
689 3559 866 3616 nobis
895 3554 1464 3628 suppeditavit;cum
1495 3551 1653 3606 enim
1683 3549 1831 3606 inter
1858 3550 2048 3621 suspi-

397 3653 587 3709 cionis
618 3655 970 3720 notas,quas
1002 3643 1346 3702 Muratorius
1373 3641 1434 3695 in
1461 3640 1574 3696 hoc
1607 3639 1876 3710 diploma
1903 3655 2048 3695 con-

399 3744 682 3812 gesserat,
716 3737 878 3792 illam
891 3734 1142 3790 dilueret
1158 3731 1232 3787 de
1245 3728 1565 3802 praesentia
1595 3727 1685 3782 isti
1701 3727 1934 3798 synodo
1949 3727 2049 3782 ali-

397 3835 541 3903 quot
568 3827 988 3900 episcoporum
1021 3822 1124 3894 qui
1153 3835 1272 3876 non
1310 3822 1477 3874 erant
1503 3817 1575 3872 de
1599 3816 1908 3887 provincia
1937 3818 2047 3872 Me-

400 3913 888 3982 diolanensi,heec
917 3911 1097 3966 habet
1120 3904 1499 3966 Eustachius:
1527 3907 1797 3975 Legatum
1821 3905 2050 3974 pontiﬁ-

401 4007 553 4064 cium
585 4005 856 4074 concilio,
887 4002 958 4058 de
977 4015 1088 4072 quo
1131 3998 1445 4069 loquimur,
1497 3994 1835 4064 przesedisse
1876 3995 2048 4050 velim

399 4092 797 4154 animadverti
814 4109 828 4157 ς
846 4090 1175 4160 intelligere
1188 4087 1316 4143 hinc
1329 4085 1479 4143 enim
1495 4087 1572 4141 est
1591 4083 1697 4138 sub
1718 4082 2048 4151 metropoli-

402 4184 528 4242 tani
524 4182 941 4254 jum’sdz‘ctione
951 4194 1062 4234 non
1076 4174 1500 4245 comprehensos
1513 4174 1803 4231 antistites
1820 4174 2050 4242 potuisse

400 4274 472 4331 ab
502 4273 694 4332 eodem
721 4271 965 4343 (legato)
983 4269 1062 4326 ad
1082 4267 1235 4324 illud
1260 4263 1590 4322 convocari.
1607 4261 2051 4326 Advertendum

401 4376 645 4434 quoque
659 4375 994 4423 censemus,
1026 4373 1160 4412 eam
1185 4356 1377 4426 ipsam
1391 4354 1470 4408 ob
1485 4351 2051 4415 causam,damnan-

403 4449 496 4506 (ιω
520 4446 741 4501 scilicet
767 4443 1148 4514 Eutychianee
1165 4442 1426 4504 haeresis,
1453 4446 1507 4494 et
1537 4439 1804 4509 epistolae
1851 4435 2051 4503 magni

404 4533 616 4592 Leonis
636 4532 714 4588 ad
728 4531 1072 4590 Flavianum
1090 4525 1682 4599 approbandae,alias
1700 4525 1756 4577 in
1774 4523 2054 4579 Occiden-

403 4630 459 4684 te
490 4623 757 4696 synodos
784 4622 1021 4676 coactas
1042 4616 1243 4680 fuisse,
1276 4621 1331 4672 et
1351 4613 1648 4686 praecipue
1680 4612 1739 4667 in
1769 4610 2054 4676 Galliis,in

405 4710 687 4784 Hispania
713 4713 771 4767 et
799 4708 861 4764 in
890 4706 1143 4778 Illyrico,
1163 4717 1492 4774 omnesque
1512 4703 1654 4758 istas
1671 4716 1792 4758 non
1822 4701 2053 4772 provin-

2155 3546 2478 3622 provinciis
2510 3545 2828 3602 adfuerunt
2865 3541 3147 3615 episcopi,
3189 3554 3343 3612 quos
3371 3543 3530 3595 certo
3593 3536 3806 3602 certius

2156 3637 2479 3695 Arelatensi
2502 3650 2623 3691 non
2649 3633 2866 3690 dixeris
2916 3631 3351 3702 suﬂ‘raganeos.
3400 3627 3521 3683 Sub
3578 3626 3810 3698 Liberiq

2157 3743 2319 3799 papa
2333 3725 2494 3782 aliud
2509 3725 2566 3779 in
2599 3723 2806 3780 eadem
2823 3720 3058 3777 civitate
3071 3719 3343 3775 habitum
3365 3715 3805 3788 estconcilium,

2156 3831 2265 3872 nec
2287 3821 2489 3872 tamen
2515 3827 2723 3868 omnes
2754 3810 2859 3883 qui
2885 3809 3020 3866 illuc
3070 3807 3482 3866 conﬂuxerant
3537 3804 3811 3878 Εοοιεεὶαξ

2158 3911 2448 3977 pastores,
2477 3907 2655 3973 atque
2686 3901 2837 3956 inter
2861 3915 2964 3956 eos
2992 3897 3272 3954 Paulinus
3301 3895 3691 3964 Trevirorum,
3713 3894 3814 3964 Sa-

2158 3994 2462 4051 turninum
2493 3990 2896 4062 Arelatensem
2940 3985 3466 4058 metropolitanum
3522 3982 3808 4054 habuere.

2163 4083 2393 4139 Scimus
2425 4080 2633 4138 Osium
2651 4071 3456 4142 Cordubensem,Eusebium
3486 4071 3811 4142 Vercellen-

2162 4188 2312 4238 sem,
2362 4168 2646 4226 Hilarium
2704 4165 3152 4240 Pictaviensem,
3211 4161 3578 4235 rEgyptiacis
3635 4167 3813 4240 atque

2163 4259 2558 4319 Orientalibus
2580 4256 2844 4314 conciliis
2874 4237 3125 4312 astitiss‘e
3141 4272 3158 4325 ς
3191 4252 3406 4308 ideone
3432 4250 3524 4307 vel
3564 4237 3815 4322 Alexan‘s

2162 4350 2337 4420 drini,
2370 4349 2464 4407 vel
2487 4346 2837 4406 Antiocheni
2866 4343 3132 4417 episcopi
3163 4339 3690 4414 comprovinciales
3709 4356 3815 4410 vo-

2163 4437 2740 4494 cabuntur?Tandem
2754 4434 3190 4506 Aquileiensem
3217 4431 3517 4504 synodum
3541 4429 3602 4486 in
3630 4445 3816 4488 causa

2162 4524 2405 4580 Palladii
2431 4525 2546 4582 sub
2575 4524 2882 4582 Valeriano
2907 4522 3189 4594 episcopo
3211 4523 3670 4592 composuerunt
3692 4522 3812 4574 tum

2163 4612 2308 4680 Itali,
2331 4618 2455 4668 tum
2472 4611 2750 4676 Africani,
2775 4616 2898 4666 tum
2929 4610 3213 4666 Gallicani
3237 4608 3545 4682 praesules,
3570 4607 3810 4681 penitus

2164 4700 2241 4758 ab
2272 4700 2628 4771 Aquileiensi
2650 4699 3061 4770 jurisdictione
3097 4699 3342 4769 exempti
3368 4713 3575 4754 :secus
3598 4695 3814 4752 Medio-

404 4801 601 4866 ciales,
633 4799 737 4856 sed
758 4796 1019 4871 plurium
1045 4793 1490 4868 provinciarum
1518 4789 2054 4862 nationales,aqui-
2091 4811 2133 4869 ο
2162 4789 2425 4847 lanensis
2446 4790 2571 4861 ipse
2601 4793 2803 4861 pastor
2832 4787 3196 4854 Ambrosius,
3225 4788 3330 4860 qui
3352 4793 3406 4842 et
3435 4787 3564 4858 ipse
3601 4785 3814 4846 intere-

403 4890 518 4948 bus
551 4887 773 4946 similes
792 4885 931 4942 huic
953 4889 1169 4940 nostrae
1203 4881 1548 4937 Eusebianee
1584 4879 1823 4936 fuerunt
1865 4878 1943 4934 ad
1991 4878 2051 4935 S.

405 4978 748 5054 pontiﬁcem
783 4973 1020 5046 scriptae
1049 4970 1312 5044 epistolae
1327 4969 1668 5043 synodales.
1697 4969 1890 5033 Quare
1906 4965 2055 5023 nihil

405 5067 702 5143 prohibet,
729 5066 905 5124 immo
935 5062 1084 5120 ratio
1115 5060 1342 5125 suadet,
1374 5058 1780 5116 Eusebianam
1810 5071 2053 5128 quoque

403 5174 527 5216 non
536 5151 1093 5230 provincialem,sed
1108 5148 1470 5206 nationalem
1486 5148 1611 5204 fore
1625 5145 2049 5218 appellandam,

404 5246 902 5318 opinandumque
916 5241 1225 5314 aliquotex
1249 5237 1378 5295 aliis
1400 5236 1580 5293 Italiae
1593 5235 1910 5308 provinciis
1936 5236 2056 5307 epi-

405 5349 620 5404 scopos
653 5333 732 5389 ad
761 5348 893 5389 eam
910 5335 1155 5388 vocatos
1186 5328 1364 5384 fuisse
1381 5326 1630 5382 fortasse
1658 5341 1693 5381 a
1714 5326 1924 5381 Leonis
1944 5327 2053 5381 Ma-

403 5422 505 5492 gni
533 5419 757 5489 legatis.
792 5422 858 5476 Et
885 5436 1092 5476 revera
1116 5417 1336 5476 Natalis
1367 5414 1704 5472 Alexander
1737 5414 1874 5470 huic
1924 5414 2048 5484 opi-

403 5509 569 5570 nioni
599 5509 916 5576 suffragari
946 5510 1196 5577 videtur,
1225 5524 1363 5564 cum
1399 5507 1478 5562 ait
1535 5508 1923 5560 convocatum
1978 5503 2050 5558 ab

405 5597 658 5659 Eusebio
686 5597 1012 5656 dioeceseos
1040 5596 1220 5656 ltaliaa
1232 5593 1795 5670 conventum,quod
1820 5598 1974 5654 certe
1995 5595 2052 5648 et

2162 4885 2274 4947 rat,
2311 4879 2616 4940 Valeriano
2639 4878 2914 4936 subditus
2939 4878 3088 4934 foret
3116 4876 3472 4933 censendus.

2235 4972 2323 5026 32.
2366 4971 2566 5041 Neque
2583 4967 2830 5039 objicias
2843 4983 2980 5024 cum
2995 4966 3243 5026 Baronio
3265 4966 3366 5037 (ad
3394 4981 3473 5024 an
3495 4965 3618 5038 381)
3637 4967 3813 5040 Aquis

2163 5057 2368 5114 leiensi
2397 5057 2645 5113 concilio
2685 5055 2997 5129 praefuisse
3024 5055 3433 5124 Ambrosium,
3452 5062 3508 5112 et
3534 5057 3814 5128 quamvis

2164 5147 2512 5204 Valerianus
2524 5147 2753 5217 primus
2775 5145 3023 5207 sederet,
3058 5144 3289 5215 primus
3305 5144 3724 5210 subscriberet,
3751 5144 3814 5200 id

2163 5236 2354 5294 aetatis
2376 5240 2432 5290 et
2458 5233 2850 5292 ordinationis
2880 5233 3288 5304 praerogativae
3314 5233 3814 5305 concessum,qui

2162 5324 2493 5394 primorum
2509 5322 2894 5379 conciliorum
2918 5336 3048 5376 mos
3067 5321 3273 5378 fuerat.
3300 5323 3448 5378 Nam
3464 5321 3570 5378 etsi
3591 5336 3816 5380 morem

2162 5409 2338 5468 istum
2363 5411 2530 5468 facile
2556 5410 2979 5474 concedamus,
3011 5410 3144 5467 licet
3172 5426 3294 5470 non
3334 5426 3570 5482 semper
3600 5416 3656 5467 et
3686 5410 3817 5468 ubi-

2161 5515 2276 5572 que
2305 5499 2692 5556 observatum
2726 5503 2960 5557 :tamen
2985 5499 3196 5558 eadem
3219 5498 3494 5572 facilitate
3518 5515 3817 5572 negamus

2159 5603 2391 5648 morem
2413 5589 2596 5652 istum
2625 5592 2925 5662 spectasse
2947 5588 3459 5662 metropolitanos.
3478 5590 3644 5663 apud
3658 5604 3817 5662 quos
