4012 6184
192 146 301 209 l09

451 141 593 207 JOS.
642 142 989 207 AMADESII
1035 147 1506 219 DISSERTATIO
1550 149 1644 217 DE
1688 148 2098 215 METBOPOLI
2141 149 2704 219 ECGLESIASTICA
2748 151 3331 217 RAVENNATENSI.

3495 163 3604 223 ΗΟ

187 280 401 354 synodi
423 277 926 348 habebantur,vel
946 280 1297 338 earumdem
1316 279 1624 354 praesides,
1641 294 1847 353 quem-
1880 282 1927 341 A
1969 280 2057 338 sia
2079 296 2247 339 num.
2274 282 2338 339 l9
2369 284 2426 336 et
2444 296 2612 355 seqq.
2639 281 3301 354 superiusfconjecimus
3320 305 3448 346 cum
3474 294 3609 349 Bac-

184 367 519 427 admodum
540 384 676 424 cum
690 368 882 427 Leone
900 369 1107 427 Allatio
1131 370 1307 427 sentit
1324 372 1521 432 Petrus
1538 369 1612 424 de
1634 370 1844 432 Marca,

185 456 529 521 ostendens,
564 456 756 513 citatis
787 458 1121 521 canonibus
1147 456 1487 531 Apostolico
1518 461 1607 526 35,
1647 456 1848 513 Antio-

186 548 374 605 cheno
405 550 439 603 9
466 550 522 603 et
572 548 928 604 Bracarense
972 550 1056 610 24,
1095 564 1143 604 sx
1188 547 1436 621 quando
1481 545 1541 609 in
1588 545 1851 607 conciliis

189 636 449 711 episcopi
480 634 739 695 confuso
768 636 977 699 ordine
1003 636 1276 697 sederent
1301 639 1359 693 et
1392 635 1849 700 subscriberent,

190 725 664 798 metropolitanis
682 730 881 787 tamen
909 725 968 782 in
987 741 1193 783 eorum
1216 725 1559 799 provinciis,
1583 729 1639 781 et
1654 723 1855 797 priesi-

189 815 359 872 dibus
377 814 799 880 conciliorum,
821 815 1077 887 priorem
1098 815 1381 873 sessionis
1398 819 1452 872 et
1472 812 1855 885 subscriptio-

189 903 274 960 nis
304 903 591 961 ordinem
623 909 926 963 servatum
956 920 1083 963 esse
1110 920 1123 959 :
1153 903 1235 963 ait
1278 903 1439 961 enim
1477 900 1855 963 Bracarensis

189 1006 375 1049 canon
395 1006 407 1045 :
427 990 791 1053 Conservam
816 992 1264 1061 metropolitani
1285 989 1545 1060 episcopi
1572 990 1851 1061 primatu,

189 1081 293 1138 uel
299 1082 386 1137 eri
397 1081 817 1151 episcoporum
828 1080 1153 1137 secundum
1167 1094 1289 1137 sua
1303 1078 1701 1139 ordinationis
1720 1084 1858 1134 tem-

188 1187 298 1241 pus
312 1169 464 1229 alius
478 1169 596 1229 alii
604 1167 845 1233 sedendi
855 1168 1076 1240 deferat
1094 1168 1392 1231 honorem.
1408 1166 1655 1229 Videant
1666 1168 1857 1223 autem

190 1257 685 1323 Mediolanenses,
710 1272 783 1314 ne
801 1257 943 1315 dum
964 1256 1349 1321 Ambrosium
1375 1255 1739 1331 Aquiteiensi
1764 1270 1859 1327 sy-

190 1346 346 1405 nodo
364 1346 682 1420 praeiuisse
698 1346 1068 1419 pertinaciter
1085 1344 1761 1418 contendunt,quamvis
1774 1359 1861 1399 se-

190 1435 425 1492 cundus
459 1452 498 1493 a
536 1433 852 1492 Valeriano
885 1440 941 1491 et
972 1435 1219 1503 sederet,
1252 1439 1308 1491 et
1336 1433 1771 1500 subscriberet;
1797 1432 1861 1488 in

191 1522 445 1587 dubium
471 1527 528 1579 et
555 1521 672 1595 ipsi
699 1522 1010 1590 inducant,
1043 1540 1181 1580 cum
1203 1522 1493 1581 Eusebius
1514 1521 1732 1595 synodi
1753 1523 1861 1585 Me-

1960 369 2178 436 chinio,
2208 370 2285 427 ad
2316 386 2569 427 examen
2618 386 2993 435 revocemus,
3032 389 3250 447 nempe
3297 382 3420 435 tum
3466 384 3609 453 quia

1960 458 2260 531 prioribus
2279 459 2510 515 steculis
2526 458 2791 528 regimen
2806 462 3244 532 provinciarum
3263 467 3609 525 ecclesiasti-

1962 563 2169 603 carum
2190 563 2310 604 non
2336 547 2591 620 potuerit
2615 547 2838 609 finibus
2867 548 3130 607 civilium
3161 555 3611 623 provinciarum

1963 652 2198 708 semper
2223 636 2655 701 circumscribi,
2679 635 2831 692 adeo
2858 642 2921 697 ut
2941 637 3156 694 limites
3184 658 3385 699 carum
3414 645 3614 702 civiles

1962 726 2141 782 iidem
2171 730 2365 782 essent
2388 742 2456 781 ac
2472 726 2690 781 limites
2708 725 3120 795 ecclesiastici;
3145 735 3266 786 tum
3296 734 3438 804 quia
3458 736 3616 794 Aria-

1964 830 2109 870 nnm
2141 815 2401 871 schisma
2434 814 2868 870 ecclesiasticos
2902 816 3082 875 Italiae
3122 820 3360 877 ordines
3392 828 3618 894 pertur-

1964 902 2195 961 baverit
2216 909 2271 960 et
2300 904 2562 961 civitates
2586 903 2697 959 illa:
2728 920 2765 960 a
2795 906 3151 967 Ravennatis
3182 909 3447 983 episcopi
3480 914 3618 969 sub-

1962 993 2216 1065 jectione
2247 993 2322 1049 ad
2341 991 2614 1048 Auxentii
2639 992 3093 1059 Mediolanensis
3120 998 3424 1069 sequelam
3448 1000 3618 1058 facile

1966 1080 2217 1137 deﬁcere
2248 1080 2547 1154 potuerint
2576 1080 2637 1137 in
2668 1096 2740 1137 ea
2769 1095 2971 1143 rerum
3010 1084 3284 1149 omnium
3314 1090 3621 1157 perturba-

1968 1170 2144 1238 tione,
2172 1186 2308 1243 quaa
2340 1168 2729 1242 postmodum
2763 1168 2841 1229 ab
2864 1169 3178 1227 Ambrosio
3202 1173 3261 1228 in
3288 1175 3625 1235 orthodoxa

1967 1258 2080 1314 ﬁde
2092 1258 2499 1329 redintegratas
2515 1256 2969 1315 benefactricem
2986 1260 3287 1318 Mediolani
3306 1262 3620 1321 Ecclesiam

1969 1346 2167 1404 adhuc
2198 1347 2312 1403 sub
2362 1346 2612 1403 Eusebio
2644 1351 2976 1418 prosecuta:
3031 1348 3165 1417 sint,
3197 1348 3331 1409 licet
3378 1353 3624 1425 proprio

1971 1436 2426 1508 metropolitano
2447 1436 2575 1508 jam
2593 1435 2876 1493 restitutae
2898 1452 2969 1494 ex
2984 1438 3278 1509 pontiﬁcis
3310 1441 3547 1501 decreto
3569 1447 3627 1500 et

1972 1525 2360 1599 imperatoria
2392 1525 2717 1585 sanctione.

192 1611 669 1676 diolanensis,de
687 1628 811 1686 qua
825 1612 1007 1669 modo
1021 1613 1501 1685 agimus,praeses
1520 1611 1710 1681 fuerit,
1730 1609 1864 1669 licet
1900 1648 1943 1706 Β
2044 1618 2131 1671 34.
2157 1614 2444 1687 Expensis
2468 1616 2751 1669 hactenus
2773 1614 3111 1675 criticorum
3126 1617 3626 1693 conjecturisquas

194 1701 351 1775 prior
384 1717 500 1757 sua
533 1700 977 1773 subscriptione
1007 1701 1323 1775 epistolam
1354 1702 1430 1757 ad
1468 1701 1729 1763 Leonem
1754 1701 1864 1765 Ma-

194 1806 375 1861 gnum
409 1789 861 1861 consignaverit
883 1807 895 1857 ;
918 1796 971 1848 et
984 1790 1158 1858 nobis
1171 1807 1341 1851 arma
1358 1792 1642 1865 praestent
1661 1792 1867 1844 contra

190 1880 480 1950 jactatam
497 1878 579 1935 ab
592 1879 677 1945 eis
690 1880 1097 1947 sessionemin
1122 1878 1381 1936 consiliis
1410 1875 1868 1947 Mediolanensis

197 1968 469 2024 antistitis
484 1983 673 2041 supra
685 1966 1439 2037 Ravennatemsemﬂuuad
1454 1966 1723 2041 exempla
1737 1980 1870 2021 con-

196 2057 470 2115 ciliorum
490 2062 637 2133 post
660 2073 793 2134 eam
817 2062 1050 2115 aetatem
1073 2055 1443 2129 habitorum,
1474 2055 1734 2119 sufﬁciat
1758 2069 1871 2127 pro

196 2146 483 2209 omnibus
529 2146 802 2223 synodus
840 2144 1162 2211 Ticinensis
1193 2144 1495 2203 celebrata
1528 2159 1627 2201 an.
1661 2142 1787 2209 8.76,
1817 2145 1873 2211 et

198 2253 327 2313 quas
345 2236 569 2305 deinde
589 2236 945 2305 conﬁrmata
961 2234 1069 2292 fuit
1082 2236 1156 2292 ab
1173 2234 1290 2295 alia
1304 2234 1533 2307 synodo
1547 2232 1707 2307 apud
1729 2235 1873 2297 Pon-

199 2312 467 2399 tigonem
502 2325 779 2403 ejusdem
812 2325 957 2382 anni
1002 2330 1168 2394 (tom.
1199 2325 1265 2385 ΧΙ
1297 2323 1514 2381 Concil.
1550 2338 1689 2401 pag.
1722 2321 1868 2391 279).

200 2415 277 2481 llli
292 2420 503 2481 autem
517 2415 809 2493 Ticiuensi
823 2414 1057 2491 synodo
1071 2408 1875 2489 subscripseruntintermul-

201 2510 285 2561 tos
316 2503 473 2561 alios
491 2503 1248 2572 Mutinensis,Placentinus
1272 2507 1328 2561 et
1351 2501 1725 2565 Florentinus
1748 2498 1874 2571 epi-

202 2593 388 2668 scopi,
427 2594 537 2667 qui
568 2593 892 2650 certissime
915 2609 985 2649 eo
1008 2596 1274 2669 tempore
1300 2607 1420 2648 non
1445 2594 1612 2648 erant
1636 2588 1875 2663 provin-

201 2686 300 2740 ciae
318 2681 1197 2739 Mediolanensis.Prteterimus
1212 2681 1477 2757 superius
1490 2680 1877 2736 memoratam

202 2770 375 2830 Olrici
412 2770 719 2846 synodum
742 2786 841 2828 an.
864 2774 985 2843 945,
1007 2770 1111 2827 ubi
1137 2770 1290 2826 Boso
1312 2768 1711 2831 Placentinus,
1735 2764 1878 2835 Sigi-

200 2862 387 2918 fridus
404 2860 778 2925 Parmensis,
794 2859 969 2917 Wido
981 2859 1339 2925 Mutinensis,
1367 2862 1423 2915 et
1435 2857 1532 2914 alii
1547 2855 1879 2913 alienarum

205 2951 637 3023 provinciarum
655 2942 1876 3043 episcOpiinterfueruntetsubscripsertmt.
1914 2983 1958 3043 Ο

204 3040 586 3097 Ρτεειετὶωιιε
605 3038 855 3095 alteram
877 3038 1199 3111 synodum,
1219 3052 1406 3110 quam
1426 3031 1605 3091 Ticini
1626 3030 1858 3088 celebra

206 3129 280 3185 vit
295 3131 502 3203 Anspe
514 3131 643 3183 rtus
666 3126 1153 3205 archiepiscopus
1170 3122 1622 3191 Mediolanensis
1640 3135 1737 3178 an.
1755 3124 1818 3176 87
1827 3123 1878 3184 6,

208 3219 324 3290 ubi,
349 3214 525 3275 nullo
556 3215 914 3291 praesidente
940 3231 1047 3273 nec
1068 3218 1362 3289 praesente
1380 3209 1709 3287 apostolico
1732 3224 1881 3266 nun-

209 3307 655 3376 tio,adfuerunt
674 3305 1038 3371 Mutinensis,
1053 3304 1566 3374 Comensis,atque
1583 3299 1879 3364 Aretinus,

212 3397 544 3453 certissime
564 3411 688 3457 non
708 3394 958 3467 subjecti
974 3391 1435 3467 metropolitano
1455 3388 1722 3460 Liguriae.
1743 3386 1881 3447 Tici-

214 3502 465 3559 nensem
496 3483 727 3567 pariter
753 3484 1004 3551 alteram
1033 3498 1157 3549 non
1188 3479 1553 3547 adducimus
1584 3493 1683 3537 an.
1714 3479 1820 3549 966
1848 3490 1885 3532 a

216 3575 529 3650 Walperto
543 3573 996 3647 archiepiscopo
1011 3577 1609 3643 convocatam,quam
1625 3579 1886 3639 praesen-

215 3665 293 3721 tia
320 3672 377 3721 et
407 3662 857 3736 subscriptione
880 3678 992 3718 sua
1008 3660 1323 3727 ﬁrmarunt
1343 3656 1609 3730 episcOpi
1634 3658 1879 3718 Parmae,

218 3754 544 3819 Placentiae
560 3750 976 3819 etNovicomii.
1002 3748 1156 3809 Satis
1176 3748 1335 3806 enim
1356 3760 1650 3819 superque
1671 3760 1745 3801 ex
1769 3742 1886 3799 dic-

220 3844 288 3907 tis
311 3841 663 3909 innotescit,
691 3839 1160 3913 subscriptiones
1178 3842 1233 3894 et
1260 3834 1641 3909 prmsentiam
1664 3832 1884 3904 episco-

221 3949 432 4006 porum
447 3932 628 3989 alicui
642 3931 871 4005 synodo
884 3944 1006 3997 non
1024 3942 1256 4000 semper
1269 3939 1516 3997 arguere
1529 3938 1737 3981 eorum
1754 3919 1887 3977 sub-

220 4021 569 4097 iectionem.
591 4018 983 4085 Solummodo
1001 4033 1109 4091 pro
1124 4014 1407 4074 coronide
1428 4013 1599 4070 istius
1619 4009 1888 4068 animad-

227 4112 522 4178 versionis
539 4110 765 4175 addere
784 4106 1040 4174 liceat,in
1055 4122 1220 4173 more
1237 4104 1417 4165 tuisse
1440 4103 1595 4174 apud
1618 4099 1889 4170 antiquos

230 4201 570 4273 primorum
582 4197 934 4267 seculorum
948 4195 1430 4268 archiepiscopos
1444 4206 1548 4247 seu
1562 4185 1893 4259 metropoli-

1974 1720 2045 1761 ex
2070 1703 2378 1773 regiminis
2402 1702 2587 1759 Italici
2610 1702 2823 1771 forma,
2849 1720 2921 1765 ex
2941 1705 3244 1769 Athanasii
3262 1708 3629 1765 etAmbrosii

1976 1792 2242 1866 epistolis
2274 1796 2455 1863 atque
2482 1807 2554 1848 ex
2585 1792 2875 1863 synodica
2904 1794 3144 1851 Eusebii
3173 1796 3630 1857 Mediolanensis

1977 1882 2448 1945 derivarunt,eas
2462 1881 2520 1935 in
2537 1895 2799 1952 prtesens
2819 1882 3248 1939 examinandas
3264 1885 3631 1942 assumimus

1977 1985 2128 2042 quas
2157 1968 2268 2023 illis
2316 1967 2660 2040 suppeditat
2688 1974 3113 2037 argumentum
3144 1973 3507 2042 negativum.
3552 1975 3632 2029 De

1978 2056 2140 2115 nullo
2154 2056 2778 2128 alio,inquiunt,ltalize
2797 2058 3252 2130 metropolitano
3280 2062 3635 2119 mentionem

1980 2145 2207 2203 faciunt
2235 2150 2435 2201 vetera
2460 2149 2872 2212 monumenta,
2903 2146 3019 2205 nisi
3050 2148 3125 2204 de
3154 2150 3425 2211 Romano
3452 2166 3522 2208 ac
3560 2151 3636 2207 de

1981 2232 2399 2290 Mediolanensi
2420 2232 2480 2289 in
2502 2231 2707 2303 primis
2730 2248 2864 2289 teras
2879 2233 3227 2293 Christianae
3246 2238 3598 2311 temporibus
3620 2255 3635 2305 ;

1982 2322 2252 2380 Ecclesiae
2274 2320 2454 2392 igitur
2473 2336 2684 2384 omnes
2706 2321 2888 2378 Italiae
2910 2338 3120 2381 eorum
3146 2325 3405 2387 alterutri
3422 2327 3642 2385 fuerint

1983 2411 2260 2486 subjectae
2286 2427 2530 2469 necesse
2550 2416 2656 2469 est.
2682 2413 3002 2472 Notissima
3025 2419 3225 2477 autem
3254 2422 3341 2475 est
3367 2417 3641 2475 suburbi-

1984 2503 2276 2561 cariarum
2309 2500 2753 2574 provinciarum
2782 2507 3121 2574 pervetUSta
3145 2505 3486 2577 descriptio,
3508 2522 3640 2579 quae

1986 2594 2254 2647 Romano
2293 2589 2578 2662 pontiﬁci,
2622 2593 2687 2644 ut
2729 2591 3210 2662 metropolitano,
3243 2594 3553 2663 parebant,
3587 2600 3645 2651 et

1984 2695 2245 2751 quarum
2292 2677 2612 2749 episcopos
2665 2678 3071 2735 consecrabat.
3116 2682 3231 2737 Has
3263 2681 3412 2738 inter
3448 2696 3641 2753 neque

1986 2766 2297 2831 Emiliam,
2324 2780 2520 2836 neque
2554 2764 2927 2831 Flaminiam,
2951 2781 3147 2838 neque
3172 2768 3444 2825 Venetias
3468 2767 3645 2825 habet

1989 2853 2193 2910 notula
2218 2853 2317 2910 illa
2339 2851 2877 2909 suburbicariarum
2901 2855 3364 2926 provinciarum:
3394 2871 3645 2929 quapro-

1989 2948 2118 3016 pter
2174 2958 2311 2999 cum
2377 2957 2572 3014 neque
2628 2941 2983 3014 Aquileiam,
3038 2959 3235 3016 neque
3300 2951 3647 3002 Ravennam

1990 3030 2187 3088 adhuc
2217 3029 2395 3086 fuisse
2425 3029 2784 3103 metropoles
2817 3046 2922 3103 per
2960 3048 3032 3091 ea
3080 3037 3352 3107 tempora
3378 3033 3645 3092 invenia-

1992 3137 2146 3187 mus,
2171 3119 2563 3176 numerandis
2590 3119 2859 3192 profecto
2900 3125 3034 3178 sunt
3060 3122 3211 3179 inter
3238 3123 3641 3182 Mediolanen-

1992 3209 2072 3265 sis
2103 3208 2656 3281 archiepiscopatus
2688 3209 3121 3280 suﬂraganeas.

2064 3302 2150 3354 35.
2185 3300 2399 3354 Contra
2428 3297 2774 3368 hujusmodi
2818 3299 3168 3369 negativum
3198 3305 3639 3372 argumentum,

1992 3402 2112 3459 quo
2125 3402 2334 3442 omnes
2349 3388 2558 3459 praeter
2573 3388 2909 3449 Romanam
2922 3392 2977 3444 et
2996 3388 3645 3454 Mediolanensem,alias

1995 3474 2352 3549 metropoles
2366 3491 2435 3532 ex
2445 3475 2491 3529 cl
2502 3475 2763 3533 uduntur
2774 3476 2978 3548 primis
2993 3478 3259 3535 Ecclesiae
3273 3477 3646 3543 saaculis,dis—

1995 3564 2315 3621 serendum
2346 3564 2453 3620 erit
2483 3564 2752 3623 consulto
2785 3566 2847 3623 in
2880 3582 3012 3639 cap.
3047 3571 3099 3624 3.
3132 3568 3363 3625 Interea
3391 3567 3647 3623 breviter

1992 3653 2432 3727 respondemus
2456 3669 2592 3709 cum
2609 3655 3105 3721 Bacchinio,idem
3120 3657 3459 3728 negativum
3476 3671 3649 3727 argu-

1995 3749 2262 3800 mentum
2277 3743 2597 3814 retorqueri
2612 3758 2786 3813 posse
2799 3748 3006 3802 contra
3018 3746 3649 3815 Mediolanenses,cum

1997 3848 2185 3905 neque
2206 3832 2281 3887 de
2303 3830 2733 3903 metropolitica
2758 3848 2967 3889 eorum
2980 3833 3392 3904 jurisdictione
3408 3835 3651 3905 innega—

1996 3920 2112 3976 bile
2134 3920 2379 3992 aliquod
2406 3920 2834 3977 documentum
2859 3922 3163 3993 proferant
3180 3923 3281 3979 illa
3302 3925 3431 3994 ipsa
3452 3923 3652 3993 priora

1998 4008 2823 4080 tempora.Metropolitanum
2840 4010 2901 4065 in
2927 4011 3111 4067 Italia
3128 4009 3650 4066 anteAmbrosium

1998 4098 2201 4152 nullus
2224 4098 2396 4153 certis
2410 4102 2634 4153 asserat
2662 4096 3049 4161 documentis,
3074 4098 3155 4155 ait
3183 4097 3546 4163 Bacchinius,
3568 4099 3651 4153 at-

2001 4202 2117 4258 que
2151 4183 2327 4241 allata
2354 4184 2415 4240 in
2442 4184 2705 4240 medium
2732 4184 3067 4256 antiquiora
3094 4199 3229 4258 quae
3256 4200 3365 4257 pro
3386 4184 3654 4241 Mediola«

236 4272 426 4353 tanos,
457 4287 677 4355 alienae
702 4285 880 4347 etiam
913 4284 1233 4359 provincia
1264 4280 1584 4354 episcopos
1608 4276 1669 4332 in
1694 4273 1893 4332 causis
1927 4343 1967 4359 ἢ
2002 4273 2175 4330 nensi
2201 4273 2514 4344 metropoli
2540 4272 2732 4329 facere
2748 4272 3048 4341 videntur,
3078 4275 3283 4332 omnia
3304 4274 3653 4347 gravissime

625 4352 703 4445 ad
718 4343 992 4447 proprias
1010 4343 1277 4446 synodos
1297 4343 1531 4436 vocare,
1555 4372 1705 4424 utex
1722 4378 1895 4421 cano-
1927 4343 1970 4401 Ῑ)
2005 4362 2323 4431 distringit,
2348 4343 2620 4433 explicat,
2653 4362 2857 4433 rejicit.
2893 4362 3221 4421 Praesertim
3252 4343 3389 4421 vero
3414 4364 3476 4420 in
3516 4379 3656 4437 apo-

237 4469 411 4526 nibus
442 4463 833 4533 Antiochenis
858 4468 1035 4536 atque
1064 4477 1138 4518 ex
1166 4460 1324 4519 notis
1350 4461 1585 4516 Zonaras
1617 4458 1672 4512 et
1702 4452 1897 4517 Balsa-

239 4557 432 4623 monis
463 4554 714 4625 conjicit
749 4552 822 4610 cl.
852 4548 1071 4624 Joseph
1100 4552 1277 4607 Motta
1320 4548 1382 4605 in
1412 4560 1590 4603 aurea
1620 4543 1899 4600 disserta-

237 4647 391 4717 tione
417 4645 495 4711 de
515 4646 656 4717 lure
689 4639 1118 4715 Metropolitico
1148 4653 1317 4695 num.
1352 4640 1448 4693 H2
1480 4640 1535 4691 et
1561 4647 1727 4704 seqq.

304 4740 393 4805 33.
408 4734 682 4805 Alterum
695 4731 862 4806 quod
876 4729 1049 4789 nobis
1060 4724 1593 4800 eratpropositnm,
1612 4724 1900 4795 postremo

239 4824 366 4882 loco
394 4820 1009 4881 animadvertendum
1034 4818 1179 4874 illud
1200 4820 1306 4882 est,
1325 4813 1513 4887 quod,
1537 4812 1672 4868 licet
1692 4807 1905 4868 Medio-

243 4914 589 4981 Isnensibus
608 4911 1080 4975 concederemus
1097 4905 1512 4975 suﬁ‘raganeos
1533 4917 1636 4958 eos
1657 4897 1903 4955 rEmilias

246 5004 561 5079 episcopos
591 5017 750 5076 quos
771 5000 833 5065 in
862 4992 1675 5068 Eusebiisynodicascriptos
1694 4986 1907 5079 reperi:

248 5074 397 5164 titus,
414 5074 809 5151 uallatamen
823 5088 961 5159 inde
982 5087 1369 5160 promanaret
1384 5075 1816 5151 consequentia
1829 5074 1909 5132 ad

248 5183 653 5255 probandum,
672 5183 795 5247 tam
808 5178 1008 5251 ipsam
1028 5173 1529 5243 /Emiliam,quam
1542 5164 1903 5230 Flaminiam,

248 5278 298 5331 et
325 5289 462 5331 cum
487 5271 576 5341 eis
593 5271 1001 5335 Ravennatem
1023 5263 1231 5321 urbem
1253 5264 1390 5318 ante
1413 5255 1749 5317 Eusebiana
1766 5259 1910 5311 tem-

250 5374 389 5434 pora
402 5358 877 5434 metropolitano
895 5352 1144 5424 Liguriae
1157 5346 1550 5411 obedientiam
1563 5342 1911 5434 praestitisse

252 5431 295 5525 it
320 5468 457 5529 suae
472 5451 553 5527 se.
585 5431 733 5529 Este
760 5440 1124 5527 mediaest
1152 5445 1210 5509 et
1229 5433 1705 5503 Vicohabeutina
1722 5431 1912 5503 Ββοιθ-

2006 4451 2370 4524 crypharum
2384 4467 2462 4506 nu
2473 4465 2700 4507 merum
2714 4452 3043 4509 amandare
3056 4469 3178 4510 non
3196 4453 3658 4520 dubitat,narra-

2008 4539 2302 4597 tiunculas
2328 4539 2627 4611 quasdam
2656 4539 2731 4595 de
2762 4542 2817 4596 S.
2855 4542 3134 4598 Barnaba
3162 4542 3454 4615 apostolo,
3478 4558 3661 4615 quem

2009 4628 2463 4685 Mediolanensis
2482 4627 2752 4684 Ecclesiae
2773 4628 3170 4687 institutorem
3193 4633 3661 4704 primum,atque

2010 4718 2188 4775 Italiae
2236 4716 2762 4789 metropolitanum
2815 4717 3126 4789 efﬁngunt.
3184 4723 3300 4777 Nos
3358 4726 3558 4777 autem
3600 4724 3663 4775 in

2011 4823 2143 4865 eam
2158 4806 2549 4880 quaestionem
2563 4821 2803 4863 sensum
2823 4815 3088 4864 nostrum
3103 4824 3221 4864 non
3246 4808 3659 4873 immiscemus,

2010 4911 2207 4969 neque
2237 4895 2730 4968 praestantissime
2754 4896 3164 4952 Ambrosianae
3195 4896 3465 4951 Ecclesiie
3503 4895 3661 4964 jura,

2012 4986 2512 5059 przeerninentias,
2541 4990 2895 5041 ornamenta
2936 4986 3295 5051 invidemus,
3334 4983 3666 5055 prassertim

2016 5079 2337 5148 postquam
2368 5072 2439 5129 cl.
2471 5074 2685 5145 Ioseph
2714 5073 3004 5130 Antonius
3037 5070 3249 5127 Saxius
3284 5070 3667 5129 traditionem

2014 5162 2215 5236 patris:
2243 5163 2511 5218 Ecclesiae
2542 5163 2615 5218 de
2646 5161 2909 5217 adventu
2940 5159 3337 5216 Mediolanum
3367 5160 3425 5215 S.
3456 5164 3670 5220 Barna-

2016 5253 2105 5307 ινθ
2130 5251 2545 5307 eruditissimis
2568 5250 2842 5307 vindictis
2859 5248 3188 5307 illustravit.
3209 5253 3672 5309 Ravennatensis

2021 5356 2182 5412 aeque
2196 5340 2461 5403 illustris,
2476 5355 2638 5410 mque
2652 5337 2891 5394 celebris
2906 5336 3175 5394 Ecclesiae
3196 5339 3519 5398 libertatem
3546 5358 3675 5415 pro-

2021 5442 2362 5500 pugnamus
2377 5426 2786 5486 tantummodo
2811 5444 2825 5494 ;
2843 5427 3057 5485 etsatis
3070 5444 3175 5501 pro
3186 5445 3369 5499 nunc,
3386 5446 3675 5505 superque
