4012 6184
360 224 465 290 tit

1208 210 1279 285 iN
1325 227 1385 287 s.
1432 222 1723 285 pureum
1767 217 2295 280 CHRYSOLOGUM
2341 210 2899 279 PROLEGOMENA.

3648 216 3761 273 112

357 356 910 423 habemus,nullum
938 354 1319 429 profecto,vel
1347 354 1665 410 minimum
1693 353 2003 409 documen-
2034 352 2075 410 A
2112 348 2693 406 conciliarisessione
2712 345 3142 403 Ravennatensi
3160 345 3613 417 archiepiscopo
3631 361 3770 403 con-

357 454 482 502 tum
513 445 1185 517 antiquummositivum,
1209 450 1263 500 et
1288 442 1683 508 inultm-abite,
1708 442 1901 514 utipsi
1920 442 2002 497 fa-

360 541 571 603 tentur,
586 536 772 590 immo
792 533 1025 590 nullum
1036 533 1246 589 veteris
1260 532 1560 605 scriptoris
1575 531 1867 588 testimoni
1879 547 1999 595 um,

356 624 584 680 nullum
605 621 914 695 probabile
937 621 1246 689 indicium,
1266 625 1330 677 ut
1349 622 1475 692 jam
1489 620 1881 685 ostendimus,
1898 623 2005 677 Mc-

320 742 326 748 σ
355 711 808 769 diolanensibus
822 725 1154 784 superesse,
1178 709 1396 782 quibus
1407 711 1481 767 de
1493 710 1759 782 subjecta
1772 710 1882 766 sibi
1899 713 2004 766 Ra-

356 805 612 857 vennate
644 799 909 856 Ecclesia
938 799 1027 854 vel
1058 798 1377 855 minimum
1412 800 1750 870 glorientur.

423 893 513 947 36.
547 890 921 961 Quapropter
962 888 1292 945 omittimus
1336 889 1412 945 ad
1463 891 1739 945 trutinam
1769 906 1999 957 vocare,

353 996 489 1053 quas
510 979 583 1035 de
609 977 1054 1034 consecratione
1080 976 1416 1050 aliquorum
1436 977 1679 1033 Emilire
1695 977 2004 1050 episcopo-

352 1085 510 1136 rum,
541 1083 611 1123 ac
641 1066 716 1122 de
740 1065 1044 1122 nonnullis
1065 1065 1196 1121 aliis
1215 1066 1643 1137 jurisdictionis
1670 1064 1898 1122 actibus
1925 1064 2002 1122 illi

353 1157 958 1227 magnificant,neque
975 1154 1438 1211 examinandum
1457 1154 2006 1227 censemus,quibus

352 1245 692 1302 auctoribus
719 1242 934 1309 ﬁdunt,
963 1242 1272 1315 quomodo
1300 1248 1536 1300 vetusta
1564 1243 1793 1316 aliquot
1824 1243 2007 1301 verba

353 1336 810 1406 interpretantur
839 1331 1104 1402 ;longius
1116 1331 1276 1388 enim
1296 1348 1363 1389 ac
1379 1348 1888 1405 proposueramus
1906 1349 2009 1390 no-

351 1429 471 1481 stra
496 1439 553 1496 pl
570 1421 940 1479 otraheretur
966 1420 1176 1479 oratio.
1209 1423 1402 1477 Unum
1428 1426 1540 1487 est,
1568 1422 1624 1478 in
1653 1438 1774 1495 quo
1797 1422 2009 1479 insisti-

356 1529 511 1579 mus,
547 1511 779 1568 nullum
809 1509 1058 1567 omnino
1078 1510 1173 1567 vel
1194 1510 1613 1567 tenuissimum
1640 1512 2008 1583 probationis

350 1618 538 1674 genus
569 1605 775 1658 contra
797 1602 1198 1655 Ravennatem
1225 1600 1573 1673 episcopum
1602 1617 1712 1672 pro
1738 1601 2008 1659 Mediola—

351 1708 535 1749 nense
561 1689 835 1747 militare.
869 1689 910 1742 E
936 1687 1235 1744 contrario
1266 1693 1467 1745 autem
1499 1689 1726 1762 aliquot
1755 1692 2007 1762 positiva

349 1786 570 1838 nostrie
595 1776 990 1851 exemptionis
1019 1776 1097 1833 ab
1126 1777 1364 1847 jactatae
1395 1776 1692 1835 servitutis
1717 1780 1863 1849 jugo
1892 1796 2005 1836 nos

346 1870 549 1943 utique
580 1868 841 1941 proferre
871 1865 1446 1938 possemusindicia,
1470 1867 1621 1923 inter
1649 1884 1786 1940 quia
1804 1870 2007 1941 princi-

348 1974 534 2030 puum
564 1955 711 2012 illud
726 1958 1285 2021 esset,Ravennates
1314 1954 1613 2013 antistites
1633 1957 1710 2013 ab
1740 1960 2005 2015 Romano

343 2045 625 2119 pontifice
638 2045 972 2103 consecrari
986 2046 1395 2111 consuevisse,
1427 2061 1580 2118 quos
1602 2047 2004 2120 metropolita-

346 2134 402 2192 ni
419 2135 885 2192 Mediolanenses
898 2133 1063 2205 passi
1084 2150 1205 2190 non
1223 2132 1495 2200 essent,si
1505 2135 1607 2206 jus
1624 2138 2006 2210 metropoliti-

344 2241 472 2279 cum
489 2239 667 2296 supra
676 2225 1071 2279 Ravennatem
1088 2222 1399 2279 Ecclesiam
1413 2221 1821 2289 obtinuissent,
1830 2226 1853 2297 j
1867 2230 2004 2283 uxta

345 2311 820 2384 antiquissimam
834 2314 889 2366 et
903 2311 1308 2367 inconcussam
1328 2311 1602 2368 Ecclesiae
1616 2312 1998 2383 disciplinam.

342 2400 408 2456 Id
437 2399 697 2474 probant
718 2401 775 2457 S.
811 2399 1007 2456 Severi
1038 2402 1189 2471 acta,
1222 2400 1324 2472 qui
1346 2404 1484 2456 ante
1504 2399 1905 2468 Ambrosium;
1938 2402 2000 2458 id

342 2493 478 2547 acta
494 2491 551 2547 S.
577 2487 725 2545 Petri
738 2487 1217 2561 Chrysologi,qui
1231 2502 1418 2545 annos
1430 2487 1549 2544 fere
1561 2488 2001 2562 quinquaginta

341 2583 481 2651 post
508 2575 916 2643 Ambrosium,
934 2577 1265 2633 aRomanis
1278 2576 1664 2650 pontificibus
1677 2582 1999 2637 consecrati

339 2665 578 2723 fuerunt
623 2684 636 2719 :
674 2665 823 2722 Petri
850 2664 1218 2736 Chrysologi,
1251 2665 1521 2738 inquam,
1549 2667 1882 2723 dummodo
1908 2670 1997 2725 in-

334 2759 545 2827 cmptae
575 2753 650 2811 ab
669 2755 724 2812 S.
750 2754 867 2810 hoc
895 2753 1178 2826 episcopo
1210 2752 1517 2824 dignitatis
1548 2757 1998 2829 metropoliticm

336 2845 647 2909 sententia,
667 2843 803 2900 licet
822 2842 1337 2908 communissima,
1371 2844 1554 2899 errori
1576 2859 1697 2901 non
1722 2846 1795 2901 sit
1817 2847 1998 2903 obno-

337 2933 456 2999 xia,
504 2932 579 2988 de
630 2947 752 3005 qua
798 2930 1066 2987 inferius.
1099 2931 1363 2988 Alterum
1410 2934 1800 3004 exemptionis
1831 2936 1997 2992 istius

336 3026 556 3079 nostrae
601 3021 933 3093 positivum
979 3019 1268 3075 indicium
1308 3020 1592 3076 exhibent
1620 3023 1999 3095 subscriptio-

2041 1739 2083 1794 Β

2111 438 2369 495 firmavit
2398 437 2669 495 Clemens
2698 436 2759 501 ll,
2790 434 3036 491 absente
3059 432 3437 505 imperatore,
3469 433 3769 491 sinistram

2112 542 2249 584 vero
2278 527 2378 583 illo
2410 530 2726 599 praesente,
2751 523 3053 596 vetuitque
3075 521 3495 579 Mediolanensi
3517 526 3573 578 et
3598 524 3771 595 Aqui-

2110 616 2335 681 leiensi,
2368 631 2442 672 ne
2469 615 2527 671 in
2560 617 2865 686 posterum
2893 627 3073 683 super
3094 611 3447 682 hujusmodi
3473 626 3771 683 praeroga-

2112 706 2235 763 tiva
2263 704 2655 777 quaestionem
2689 704 3015 758 moverent.
3044 699 3356 755 Clementis
3385 699 3655 772 diploma
3684 717 3771 758 re-

2114 793 2245 851 tulit
2276 791 2557 863 Ughellus
2585 792 2645 847 in
2676 788 3146 861 archiepiscopis
3199 789 3765 856 Ravennatensibus,

2114 882 2215 938 ubi
2246 882 2319 937 de
2352 880 2660 937 Humfrido
2691 877 3145 950 archiepiscopo
3173 877 3359 935 verba
3384 877 3544 935 facit.

2186 974 2265 1027 Ea
2278 985 2371 1027 res
2386 967 2913 1027 Mediolanensium
2933 965 3167 1023 animos
3188 966 3338 1024 adeo
3350 967 3691 1039 stimulavit,
3709 972 3773 1025 ut

2116 1059 2333 1117 fabulae
2349 1058 2612 1115 nomina:
2635 1056 2934 1131 synodi,et
2953 1055 3266 1112 Clementis
3285 1056 3600 1128 judicium,
3617 1057 3771 1115 falsi-

2115 1149 2252 1205 tatis
2278 1163 2421 1204 vero
2448 1151 2590 1204 nota
2610 1147 2739 1217 ejus
2765 1145 3064 1218 pontiﬁcis
3087 1144 3309 1202 litteras
3329 1147 3771 1204 commaculare

2115 1252 2239 1293 non
2260 1235 2679 1292 dubitaverint.
2699 1233 3202 1290 Puricelliusinter
3216 1234 3399 1290 hosce
3420 1234 3773 1293 obtrectato-

2116 1341 2209 1382 res
2237 1324 2457 1382 eminet
2484 1325 2543 1380 in
2569 1325 2697 1380 Vita
2724 1339 2910 1396 quam
2935 1322 3253 1396 descripsit
3275 1324 3566 1380 Laurentii
3591 1325 3770 1383 Littze.

2120 1416 2303 1487 Hujus
2329 1419 2528 1471 autem
2581 1418 2819 1470 secutus
2865 1416 2951 1469 est
2978 1411 3227 1483 vestigia
3253 1412 3604 1470 Eustachius
3632 1430 3668 1470 a
3712 1416 3769 1472 S.

2122 1504 2351 1561 Ubaldo
2370 1504 2546 1575 (Sect.
2568 1507 2622 1571 4,
2645 1519 2696 1561 c.
2733 1508 2896 1568 11,η.
2921 1505 3067 1571 389),
3090 1517 3268 1575 quem
3300 1501 3378 1558 ab
3399 1503 3565 1559 initio
3581 1519 3772 1577 usque

2118 1592 2607 1649 memoravimus.
2635 1591 2805 1658 Quod
2819 1590 3569 1663 spectataquuileienses,
3591 1592 3774 1649 hiMe-

2117 1680 2556 1738 diolanensium
2575 1684 3065 1752 argumentorum
3078 1678 3299 1735 viribus
3311 1679 3518 1736 conﬁsi
3527 1680 3659 1749 ,illis
3676 1696 3775 1737 ac-

2115 1771 2466 1843 quieverunt
2481 1768 2751 1834 omnino,
2766 1784 2957 1840 neque
2969 1768 3212 1824 ulterius
3227 1769 3619 1841 quaestionem
3636 1785 3773 1842 pro-

2115 1858 2516 1931 secuti,prout
2538 1855 2725 1913 videri
2751 1861 2948 1929 potest
2971 1857 3132 1929 apud
3164 1858 3229 1914 P.
3262 1857 3629 1915 Bernardum
3658 1860 3773 1915 Ru-

2116 1946 2299 2003 beum
2332 1947 2498 2017 (Cap.
2550 1946 2661 2018 56),
2693 1945 2838 2002 nihil
2868 1961 2976 2018 pro
3008 1960 3252 2001 suorum
3290 1946 3770 2019 patriarcharum

2114 2035 2559 2108 praeeminentia
2574 2035 2934 2091 vindicanda
2947 2039 3084 2090 sunt
3096 2034 3291 2090 conati
3302 2034 3770 2108 .Retulitquidem

2112 2124 2186 2180 cl.
2205 2124 2558 2182 Muratorius
2578 2124 2767 2194 (Tom.
2804 2124 2894 2189 VI,
2915 2123 3013 2180 ad.
3033 2137 3171 2179 ann.
3198 2124 3353 2196 1047)
3374 2123 3579 2182 nescio
3595 2126 3771 2198 cujus

2111 2214 2402 2271 Dominici
2430 2212 2781 2286 patriarchae
2810 2212 3237 2278 testimonium,
3272 2212 3584 2271 scribentis
3609 2229 3671 2271 se
3707 2213 3771 2271 in

2110 2302 2488 2375 possessione
2517 2318 2647 2358 esse
2674 2301 2753 2358 ad
2770 2301 3075 2358 dexteram
3098 2317 3275 2374 papae
3300 2302 3567 2371 sedendi,
3595 2308 3771 2377 atque

2109 2389 2267 2447 idem
2284 2391 2495 2464 repetit
2518 2390 2579 2446 in
2600 2390 2786 2446 relata
2810 2389 3222 2446 dissertatione
3234 2389 3309 2446 de
3322 2390 3457 2463 jure
3474 2396 3772 2467 metropo-

2109 2478 2268 2537 litico
2285 2479 2571 2536 laudatus
2590 2480 2766 2535 Motta
2782 2494 2843 2535 n.
2866 2482 2954 2535 31.
2972 2478 3193 2535 Verum
3206 2484 3595 2555 praeterquam
3607 2481 3770 2555 quod

2107 2568 2443 2625 neverbum
2462 2568 2705 2641 quidem
2719 2566 2828 2624 iste
2842 2568 3184 2624 Dominicus
3200 2569 3416 2637 fecerit,
3438 2586 3514 2627 an
3537 2587 3607 2627 ea
3620 2587 3769 2645 prae-

2106 2658 2377 2729 rogativa
2402 2658 2689 2730 potiretur
2704 2657 2763 2713 in
2782 2671 3074 2712 concursu
3090 2657 3557 2715 Ravennatensis
3578 2661 3771 2717 archi-

2106 2746 2371 2819 episcopi
2398 2763 2410 2813 ;
2438 2745 2603 2802 nulla
2620 2746 2886 2812 omnino,
2920 2745 2977 2801 ni
2999 2745 3188 2813 fallor,
3217 2747 3292 2803 de
3315 2746 3431 2805 isto
3457 2749 3769 2806 Dominico

2109 2835 2333 2891 mentio
2356 2835 2518 2907 apud
2533 2834 3028 2908 Rubeum,neque
3053 2833 3422 2892 inveniturin
3448 2837 3568 2893 ullo
3584 2854 3654 2893 ex
3667 2855 3771 2895 ca-

2109 2923 2319 2993 talogis
2333 2922 2796 2995 Aquileiensium
2809 2922 3282 2995 patriarcharum
3300 2924 3377 2981 ad
3392 2925 3617 2982 calcem
3632 2928 3682 2999 ej
3694 2943 3767 2982 us

2104 3012 2297 3083 operis
2308 3012 2633 3067 recensitis.
2654 3010 2845 3078 Quare
2863 3010 3383 3067 Mediolanensium
3397 3015 3766 3085 scriptorum,

337 3125 464 3175 nes,
498 3109 573 3165 de
601 3108 824 3181 quibus
855 3109 915 3163 in
948 3107 1219 3180 sequenti
1250 3123 1383 3179 cap.
1405 3112 1438 3162 2
1469 3108 1859 3167 conciliorum
1892 3116 1998 3168 Ro-
2028 3095 2071 3152 C
2105 3099 2568 3172 qualiscumque
2597 3098 2964 3156 auctoritatis
2986 3099 3023 3155 ii
3057 3099 3190 3165 sint,
3214 3100 3474 3157 rationes
3506 3119 3577 3158 ac
3605 3105 3770 3160 testi-

335 3199 500 3255 mani
530 3215 569 3264 ι,
603 3197 715 3254 sub
738 3197 891 3254 Julio
921 3198 963 3261 Ι,
997 3199 1054 3253 et
1075 3195 1466 3263 Sardicencis,
1488 3197 1638 3251 inter
1661 3214 1813 3270 quas
1834 3201 1997 3271 prior

336 3287 586 3345 omnino
618 3285 878 3343 occurrit
907 3285 1270 3357 subscriptio
1318 3284 1582 3356 episcopi
1641 3290 1995 3345 Ravennatis

340 3380 479 3433 ante
505 3374 1001 3431 Mediolanensem
1023 3390 1036 3429 :
1058 3374 1216 3444 quod
1238 3388 1612 3445 nequaquam
1626 3375 1757 3443 ﬁeri
1777 3380 1997 3445 potuis-

335 3469 440 3529 set,
492 3463 539 3519 si
590 3461 1059 3519 Ravennatensis
1105 3468 1246 3517 tunc
1292 3462 1710 3532 su/fraganeus
1743 3467 1998 3537 episcopi

343 3550 806 3607 Mediolanensis
822 3550 1036 3617 fuisset
1057 3565 1069 3603 :
1095 3548 1606 3620 quemadmodum
1626 3560 1999 3621 argumenta-

337 3644 433 3695 tur
459 3636 876 3695 Schelstratius
897 3652 965 3691 ex
981 3635 1424 3709 subscriptione
1452 3638 1742 3696 Valeriani
1774 3646 1909 3698 ante
1929 3643 1993 3697 D.

336 3724 719 3782 Ambrosium
756 3725 817 3780 in
846 3730 1216 3796 praenarrata
1266 3725 1501 3797 synodo
1530 3728 1890 3800 Aquileiensi
1919 3731 1998 3786 ad

339 3812 770 3869 vindicandam
788 3828 978 3886 perea
992 3818 1263 3885 tempora
1283 3813 1464 3885 hujus
1480 3815 1749 3873 Ecclesiae
1770 3817 1998 3874 liberta-

337 3905 459 3957 tem
488 3899 566 3956 ab
585 3899 737 3972 jugo
767 3900 1225 3959 Mediolanense.
1250 3901 1524 3975 (Schelst.
1551 3908 1693 3962 tom.
1725 3908 1768 3961 ll
1801 3907 1992 3980 Antiq.

337 3987 490 4045 Eccl.
525 3989 759 4047 Dissert.
796 3993 846 4055 4,
881 4006 1018 4063 cap.
1052 3994 1103 4056 5,
1135 4005 1195 4045 n.
1224 3995 1256 4047 8
1286 3995 1342 4048 et
1373 3993 1570 4065 seqq.)

1008 4088 1230 4145 CAPUT
1269 4088 1336 4144 ll.

339 4184 423 4239 De
455 4184 668 4259 litteris
700 4184 1112 4259 Clementis}!
1146 4188 1394 4244 Romani
1415 4189 1707 4259 pontiﬁcis
1731 4192 1999 4259 praeemi—

408 4257 669 4331 nentium
707 4257 772 4310 in
822 4257 1087 4314 conciliis
1134 4257 1478 4315 Ravenna—ti
1519 4257 1787 4331 episcopo
1822 4277 2001 4331 super

409 4325 903 4381 Mediolanensem
933 4331 1245 4383 asserentis
1262 4368 1275 4381 .

2106 3188 2330 3256 monia,
2359 3204 2496 3243 cum
2526 3203 2854 3260 nusquam,
2887 3186 3052 3261 quod
3090 3203 3201 3258 ego
3232 3188 3442 3256 sciam,
3478 3206 3514 3247 a
3540 3193 3773 3249 Raven-

2105 3276 2344 3334 natibus
2366 3293 2664 3351 perpensa
2686 3277 3172 3342 fuerint,forsitan
3198 3294 3307 3350 pro
3337 3295 3547 3337 eorum
3564 3281 3769 3340 levita-

2106 3369 2195 3433 te;
2224 3365 2284 3421 id
2298 3364 2770 3421 mihiconsilium
2788 3364 2848 3420 in
2875 3366 3146 3421 animum
3166 3367 3344 3440 venit,
3380 3372 3444 3426 ut
3462 3369 3522 3424 in
3546 3386 3767 3443 synop-

2107 3454 2219 3509 sim
2248 3453 2491 3510 redacta
2518 3454 2616 3510 hic
2647 3457 2996 3527 repeterem,
3027 3460 3508 3530 excuteremque.

2106 3544 2130 3604 ς
2161 3541 2199 3591 Ι.
2237 3541 2357 3603 Quae
2383 3543 2564 3592 faciunt
2601 3552 2771 3593 contra
2800 3543 3055 3593 veritatem
3086 3543 3366 3608 diplomatis
3395 3546 3658 3598 Clementis
3693 3548 3763 3600 ll.

2176 3626 2263 3679 37.
2297 3623 2478 3679 Aiunt
2528 3623 2707 3695 igitur
2755 3623 3102 3681 Puricellius
3133 3630 3190 3681 et
3236 3627 3586 3685 Eustachius
3632 3645 3668 3686 a
3702 3632 3762 3686 S.

2108 3707 2357 3776 Ubaldo,
2375 3710 2774 3768 Clementinas
2796 3712 3021 3770 litteras
3040 3712 3117 3769 ab
3140 3713 3344 3786 aliquo
3360 3716 3683 3789 impostore
3699 3719 3764 3774 in

2108 3798 2361 3867 gratiam
2386 3800 2745 3856 Ravennatis
2759 3801 3195 3875 archiepiscopi
3211 3804 3617 3872 concinnatas,
3633 3822 3765 3878 qua:

2107 3885 2343 3950 deinde,
2378 3886 2530 3943 sicut
2556 3890 2853 3944 Ravennte
2884 3890 2943 3945 in
2960 3890 3016 3945 S.
3045 3891 3245 3948 Vitalis
3274 3891 3655 3959 bibliotheca,
3678 3895 3769 3951 sic

2109 3973 2284 4029 ctiam
2314 3976 2514 4031 Romae
2542 3976 2602 4031 in
2627 3976 2869 4033 archivo
2892 3978 3199 4049 Vaticano,
3230 3981 3391 4037 unde
3415 3980 3546 4039 illas
3568 3982 3770 4040 hausit

2111 4062 2410 4133 Ughellus,
2445 4065 2765 4121 reconditae
2796 4067 3032 4123 fuerint.
3066 4067 3358 4126 Baronius
3385 4071 3619 4127 nullum
3639 4087 3770 4128 ver-

2111 4150 2253 4207 bum
2282 4151 2466 4209 habet
2488 4169 2610 4225 quo
2635 4170 2697 4209 se
2718 4170 2821 4211 eas
2841 4155 3098 4227 probare
3115 4157 3394 4229 insinuet,
3412 4159 3636 4215 nullum
3658 4175 3769 4232 pa-

2107 4238 2249 4295 riter
2272 4240 2452 4298 habet
2481 4242 2743 4299 Norisius
2775 4243 2877 4300 ubi
2907 4244 3137 4301 illarum
3169 4247 3455 4304 meminit.
3484 4248 3767 4320 Hierony-

2110 4342 2245 4382 mus
2276 4329 2514 4385 Rubeus
2556 4334 2991 4390 Ravennatium
3025 4333 3364 4403 historicus,
3396 4338 3503 4409 qui
3532 4338 3766 4410 primus

413 4412 543 4466 Non
561 4410 842 4479 exiguum
861 4415 1257 4482 propugnatus
1282 4412 1573 4468 libertatis
1605 4416 1891 4471 indicium
1912 4422 2000 4473 cst
2033 4422 2073 4477 Ι)
2107 4414 2324 4471 harum
2356 4415 2681 4474 litterarum
2712 4424 2979 4478 tenorem
3011 4426 3294 4492 narravit,
3327 4431 3536 4483 auctor
3580 4431 3671 4483 est
3698 4428 3761 4484 in

337 4496 734 4571 praerogativa
746 4496 1029 4554 sessionis
1042 4513 1219 4568 quam
1241 4497 1299 4553 in
1317 4499 1586 4555 conciliis
1601 4504 1996 4574 superMedio-

335 4587 650 4644 lanensem
671 4588 728 4639 et
741 4584 1180 4657 Aquileiensem
1196 4587 1525 4645 Ravennati
1541 4590 1997 4666 archiepiscopo

338 4672 711 4731 conﬁrmavit
743 4672 1011 4730 Clemens
1030 4675 1364 4731 llsummus
1394 4677 1654 4748 pontifex
1683 4680 1741 4736 in
1764 4684 1995 4754 synodo

337 4764 539 4817 Romae
554 4758 757 4816 habita
770 4777 863 4816 an.
892 4762 1361 4827 '1407,universai
1370 4780 1481 4836 psa
1493 4768 1727 4837 synodo
1748 4770 1995 4842 antiquo

340 4848 773 4905 Ravennatium
788 4848 805 4918 j
818 4847 904 4904 uri
920 4848 1463 4921 suﬁ‘raganteﬁam
1484 4852 1534 4908 si
1548 4856 1793 4926 quando
1806 4858 1996 4915 Eccle-

337 4936 426 4993 sia
444 4940 650 4993 nostra
663 4935 1095 4993 Mediolanense
1109 4938 1130 5009 j
1142 4954 1325 5008 ugum
1340 4940 1794 5009 subiisset,illud
1811 4946 1868 5000 in
1888 4946 1995 5001 fer-

334 5040 476 5081 vore
501 5026 872 5097 quaestionis,
922 5026 1111 5094 toties,
1166 5031 1230 5082 ut
1273 5027 1456 5095 aiunt,
1484 5030 1687 5088 Romae
1735 5033 1993 5090 excitatae

334 5113 513 5185 pleno
539 5129 640 5169 ore
664 5114 996 5184 jactassent
1024 5115 1457 5188 archiepiscopi
1503 5119 1989 5194 Mediolanenses,

333 5199 499 5272 quod
513 5215 847 5273 numquam
863 5202 982 5259 Deo
996 5204 1230 5261 favente
1257 5203 1479 5261 factum
1505 5206 1781 5278 legimus,
1797 5228 1993 5283 neque

335 5284 645 5355 pontifices
674 5291 894 5345 summi
928 5291 1313 5349 celeberrimo
1339 5294 1633 5351 Ambrosii
1665 5301 1992 5356 successori

334 5372 623 5430 antistites
638 5381 872 5434 nostros
886 5381 1349 5453 praeposuissent,
1374 5383 1468 5453 qui
1482 5382 1579 5439 tali
1609 5385 1989 5459 subjectionis

332 5460 504 5532 signo
530 5464 716 5521 notati
756 5464 1027 5525 fuissent.
1062 5468 1373 5529 Dexteram
1427 5487 1569 5545 ergo
1600 5474 1898 5547 pontiﬁcis
1928 5478 1990 5534 in

2107 4501 2459 4574 hujusmodi
2484 4505 2916 4578 diplomatibus
2952 4518 3285 4585 suspectus,
3318 4530 3456 4570 cum
3491 4515 3571 4572 ad
3612 4531 3759 4573 ann.

2106 4594 2209 4648 426
2240 4591 2406 4650 aliud
2435 4610 2544 4667 pro
2574 4598 2904 4655 Ravennati
2952 4603 3235 4676 episeopo
3276 4604 3625 4677 produxerit
3650 4607 3764 4663 Va-

2105 4679 2411 4739 lentiniani
2436 4684 2505 4739 Ill
2535 4685 2930 4759 imperatoris,
2956 4696 3163 4749 contra
3191 4695 3355 4766 quod
3371 4694 3550 4752 veluti
3573 4695 3763 4753 unde-

2106 4783 2346 4843 quaque
2361 4774 2736 4845 suppositum
2755 4776 3109 4837 debacchati
3126 4788 3264 4838 sunt
3281 4788 3415 4856 post
3437 4786 3760 4842 Baronium

2104 4872 2258 4929 pene
2284 4874 2495 4917 omnes
2535 4864 2876 4936 scriptores.

2174 4950 2263 5003 38.
2291 4947 2465 5006 Plura
2490 4958 2691 5009 autem
2718 4953 3096 5014 Clementinae
3126 4960 3596 5019 conﬁrmationis
3610 4964 3765 5021 veri-

2104 5039 2284 5093 tatem
2314 5036 2649 5109 inﬁrmant;
2678 5047 2735 5100 et
2761 5044 2957 5115 primo
2996 5060 3124 5104 esse
3155 5047 3318 5106 illam
3349 5051 3764 5110 incredibilem

2103 5123 2474 5184 demonstrat
2499 5132 2863 5188 contrarium
2890 5133 3221 5205 decretum,
3244 5154 3471 5211 paucos
3491 5144 3628 5196 ante
3650 5143 3765 5199 Ro-

2104 5228 2348 5271 manam
2368 5216 2681 5275 Clementis
2713 5221 2756 5275 lI
2781 5223 3082 5293 synodum
3108 5224 3168 5281 in
3186 5228 3488 5284 consimili
3506 5228 3766 5287 concilio

2102 5308 2467 5362 emanatum.
2493 5307 2556 5362 In
2570 5310 2952 5368 coronatione
2964 5313 3123 5369 enim
3138 5315 3393 5373 Conradi
3409 5318 3601 5383 Salici,
3626 5334 3763 5390 quae

2101 5404 2200 5445 an.
2238 5396 2371 5449 1027
2398 5410 2436 5452 a
2461 5398 2687 5455 Joanne
2716 5400 2822 5456 ΧΙΧ
2862 5416 3022 5476 papa
3050 5402 3352 5462 celebrata
3380 5406 3489 5464 fuit
3520 5409 3581 5465 in
3607 5409 3763 5466 Vati-

2101 5482 2619 5549 cano,lleribertus
2633 5489 2932 5548 Ravennae
2945 5491 3434 5569 archiepiscopus
3444 5497 3759 5555 dexteram
