4012 6184
402 314 507 375 127

1235 310 1305 370 ΙΝ
1351 311 1410 371 S.
1460 309 1751 370 PETRUM
1798 304 2329 369 CHRYSOLOCUM
2377 309 2928 369 PROLEGOMENA.

3702 316 3802 373 128

397 449 518 501 tam
533 440 838 515 perspicua
850 438 1134 511 Arnulphi
1147 440 1497 510 assertione,
1527 439 1578 510 ej
1591 454 1657 494 us
1669 437 2048 510 synchronus
2080 438 2129 497 A
2159 450 2220 492 se
2235 453 2479 511 quaeque
2488 440 2721 510 famam
2744 453 2941 494 rerum.
2959 443 3255 509 gestarum
3283 437 3804 512 honorumque,fal-

396 535 605 589 auctor
634 528 1029 601 Landulphus
1058 527 1277 593 senior,
1303 532 1365 585 ut
1386 543 1568 601 supra
1599 523 2051 590 notavimus,lo-

393 636 586 695 quens
598 624 655 676 et
671 618 918 691 quidem
938 616 1164 689 prolixa
1182 617 1523 674 narratione
1558 616 1633 673 de
1663 614 1875 673 eodem
1898 612 2050 670 Heri-

2162 527 2318 583 lente
2343 528 2649 585 mendacio
2682 527 2869 585 trahit
2910 527 3061 598 (Liv.
3098 525 3199 582 lib.
3231 536 3365 596 vui).

2231 619 2317 671 64.
2348 618 2543 689 Usque
2572 616 2770 673 adhuc
2800 616 3117 672 Clementis
3147 616 3190 669 ll
3219 613 3447 672 bullam
3486 633 3523 673 a
3552 616 3802 677 falsitate

391 712 558 767 berto
587 706 1200 771 Mediolanensi,nihil
1220 706 1403 763 habet
1421 706 1495 763 de
1523 705 1947 769 controversia,
1975 701 2048 758 de
2159 704 2494 761 immunem
2519 705 3064 763 demonstravimus
3094 720 3279 777 quam
3326 703 3407 760 illi
3447 704 3801 766 afﬁnxerant

392 798 669 869 tumultu,
700 797 775 854 de
801 795 1058 869 synodo,
1110 795 1182 854 de
1217 795 1528 861 sententia,
1557 795 1631 851 de
1661 808 1869 867 pugna
1898 792 2050 849 inter
2157 792 2480 852 Puricellus
2509 799 2568 851 et
2594 798 2653 851 P.
2686 793 3033 852 Eustachius
3067 809 3135 849 ex
3179 794 3525 852 auctoritate
3560 796 3802 869 scripto-

390 886 739 955 nationales,
774 884 853 941 ab
885 884 1197 958 Arnulpho
1221 884 1450 952 relatis;
1505 900 1710 940 verum
1744 898 1815 940 ea
1842 880 2048 939 omnia
2154 899 2290 939 rum
2321 882 2874 951 Mediolanensium,
2897 887 3074 956 atque
3100 900 3167 939 ex
3192 882 3618 956 posterioribus
3631 902 3800 958 syno-

388 977 665 1033 transfert
685 976 763 1033 ad
794 978 1061 1046 tempora
1084 973 1347 1030 Widonis
1378 972 1834 1031 Mediolanensis
1857 969 2046 1028 archi-

386 1066 653 1139 episcopi
677 1064 915 1135 triginta
927 1062 1255 1135 etamplius
1275 1067 1413 1135 post
1431 1062 1802 1119 Heribertum
1828 1076 2040 1118 annos:

384 1170 522 1211 cum
545 1154 604 1210 in
628 1152 879 1209 concilio
906 1151 1129 1209 Nicolai
1163 1155 1205 1207 ll
1240 1155 1447 1225 (quem
1478 1152 1845 1225 Stephanum
1880 1149 2042 1221 dicit)

384 1242 709 1299 Widonem
730 1257 864 1298 cum
883 1244 1224 1296 Ravennate
1238 1239 1626 1297 altercantem
1641 1244 1698 1297 et
1720 1237 2044 1314 praavalen-

383 1337 498 1388 tem
532 1330 780 1396 inducit,
816 1330 1128 1397 utriusque
1160 1330 1430 1401 praesulis
1457 1329 1683 1386 aulicos
1707 1333 1765 1387 et
1794 1328 2042 1385 comites

381 1419 532 1476 inter
578 1435 638 1474 se
669 1418 997 1475 commissa
1047 1433 1253 1490 pugna
1308 1418 1593 1484 rixantes,
1653 1416 2040 1488 devictosque

382 1510 772 1575 Ravennates,
805 1523 875 1563 eo
904 1523 1141 1579 prorsus
1176 1507 1377 1571 modo,
1411 1524 1533 1580 quo
1574 1506 1922 1578 Arnulphus
1960 1504 2040 1562 ad

382 1612 522 1654 ann.
564 1601 691 1653 t027
719 1597 780 1653 in
819 1597 1199 1653 coronatione
1231 1596 1487 1653 Conradi
1512 1597 1791 1655 retulerat
1817 1614 1830 1665 ;
1860 1595 1946 1652 ita
1977 1597 2039 1651 ut

384 1686 583 1744 mirari
645 1701 825 1757 cogar
879 1686 939 1742 in
986 1686 1226 1742 duobus
1263 1686 1535 1756 ejusdem
1564 1685 1778 1751 aetatis,
1807 1684 2032 1758 patriae,

383 1778 555 1831 sectas
587 1778 710 1831 tam
740 1790 1049 1832 enormem
1082 1774 1641 1832 contradictionem.

453 1892 539 1943 6'2.
567 1889 805 1945 Accedit
832 1889 1036 1946 tertius
1061 1888 1447 1962 Landulphus
1468 1888 1691 1961 junior,
1716 1888 1876 1961 apud
1916 1888 2033 1945 edi-

380 1981 539 2034 tores
562 1982 620 2033 et
639 1977 1026 2034 illustratores
1046 1994 1187 2035 suos
1216 1978 1335 2035 ﬁde
1348 1978 1583 2049 dignior
1600 1993 1724 2052 prae
1742 1977 1873 2034 aliis
1888 1977 2035 2034 duo-

378 2066 510 2121 bus.
534 2069 587 2120 ls
603 2081 743 2123 vero
765 2082 903 2122 cum
922 2065 1183 2124 Olricum
1204 2066 1705 2123 Mediolanensem
1720 2068 1779 2123 in
1802 2066 2032 2139 synodo

379 2155 645 2212 Laterani
657 2156 920 2228 propriaj
931 2172 1037 2213 ura
1049 2154 1443 2213 defendentem
1456 2160 1665 2213 contra
1677 2157 1715 2213 G
1726 2154 2030 2213 ualterium

377 2246 781 2301 Ravennatem
822 2244 1127 2312 describit,
1174 2248 1330 2301 tacet
1368 2249 1424 2301 et
1462 2246 1588 2317 ipse
1626 2244 1927 2302 famosum
1959 2246 2032 2317 (si

378 2331 530 2387 ﬁdes
562 2331 897 2405 Arnulpho)
923 2331 1156 2389 concilii
1187 2332 1300 2389 sub
1324 2333 1557 2389 Joanne
1584 2335 1696 2390 XIX
1722 2333 1910 2390 habiti
1933 2333 2033 2389 de-

375 2428 621 2488 cretum,
644 2419 707 2477 in
736 2436 857 2493 quo
888 2436 1130 2477 summa
1154 2421 1236 2477 rei
1259 2421 1471 2479 fuisset
1494 2437 1605 2494 pro
1628 2421 1819 2479 Olrico
1844 2439 1858 2491 ;
1882 2426 2034 2479 tacet

383 2509 700 2565 Widonem
720 2510 969 2566 Henrico
988 2510 1310 2567 Ravennati
1326 2511 1739 2568 antehabitum
1761 2512 1821 2567 in
1838 2511 2032 2568 conci-

372 2598 452 2655 lio
477 2597 761 2671 Stephani
793 2599 861 2654 IX
900 2598 975 2669 (si
1016 2598 1370 2673 Landulpho
1425 2600 1646 2657 seniori
1685 2600 2028 2673 credimus),

375 2687 691 2760 solumque
717 2688 993 2761 exempla
1022 2688 1338 2746 Grosulani
1356 2693 1412 2747 et
1434 2689 1681 2747 Jordani
1707 2689 1930 2747 indicat
1953 2690 2033 2747 ad

373 2793 499 2834 rem
529 2793 652 2834 non
673 2778 983 2836 facientia:
1008 2796 1269 2853 quorum
1291 2779 1704 2854 exemplorum
1721 2782 2033 2853 ratione,et

372 2867 578 2924 multis
591 2868 879 2941 aliis,quae
892 2875 1030 2926 tunc
1056 2871 1121 2926 in
1135 2875 1328 2928 mente
1344 2886 1455 2926 non
1472 2869 1859 2939 habebantur,
1878 2871 2028 2927 dom.

377 2955 613 3013 Olricus
644 2958 1099 3015 Mediolanemis
1128 2959 1613 3029 archiepiscopus
1637 2960 1831 3016 locum
1853 2960 2028 3016 illum

374 3044 633 3101 obtinere
659 3061 778 3102 non
809 3046 1130 3113 dubitavit;
1156 3052 1295 3102 sunt
1326 3047 1512 3103 verba
1538 3046 1904 3120 Landulphi;
1927 3048 2029 3119 qui

378 3137 580 3188 tamen
604 3134 818 3189 fatetur
840 3135 1100 3191 Olricum
1126 3136 1183 3190 in
1203 3135 1400 3207 prima
1417 3135 1680 3192 sessione
1703 3138 2030 3208 expetitum
2064 3161 2107 3221 ρ

369 3220 569 3277 locum
600 3237 721 3277 non
752 3221 1098 3279 obtinuisse.
1148 3227 1373 3279 Interea
1420 3223 1556 3296 quis
1607 3238 1729 3279 non
1762 3225 2026 3293 miretur,

370 3309 627 3366 Olricum
642 3326 763 3368 non
776 3310 1084 3368 dubitasse
1098 3312 1294 3368 locum
1310 3311 1576 3368 obtinere
1595 3313 1819 3369 ratione
1834 3329 2030 3371 exem-

366 3398 626 3471 plorum,
659 3405 712 3455 et
734 3398 935 3456 multis
964 3399 1093 3455 aliis
1109 3416 1227 3473 que
1245 3405 1386 3457 tunc
1403 3401 1463 3456 in
1490 3407 1686 3457 mente
1703 3416 1825 3458 non
1844 3402 2027 3460 habe-

365 3488 626 3544 bantur?
673 3491 891 3545 Novum
924 3504 1068 3545 sane
1115 3504 1304 3559 genus
1352 3489 1721 3562 probationis
1755 3490 1768 3546 l
1804 3492 1860 3549 Si
1886 3497 2027 3548 tunc

367 3585 587 3641 multas
622 3585 771 3641 alias
806 3585 1067 3642 rationes
1108 3591 1211 3643 aut
1239 3586 1517 3660 exempla
1546 3587 1608 3643 in
1658 3593 1857 3646 mente
1904 3604 2027 3647 non

366 3674 623 3730 habebat
648 3674 896 3742 Olricus,
932 3676 1239 3748 quomodo
1270 3677 1349 3733 ab
1379 3677 1462 3733 eis
1490 3677 1800 3736 victoriam
1827 3694 2026 3735 causa;

367 3762 686 3832 sperabat?
720 3763 834 3820 Sed
860 3763 1041 3821 tricas
1067 3764 1209 3822 istas
1235 3770 1686 3839 praetereamus.

441 3883 525 3934 63.
543 3878 885 3950 Alterigitur
907 3880 1073 3937 alteri
1092 3896 1162 3937 ex
1183 3882 1400 3938 nostris
1427 3883 1773 3940 auctoribus
1795 3888 2027 3942 contra-

366 3966 526 4033 dicit,
558 3967 703 4024 alter
718 3968 882 4025 alteri
901 3968 1083 4026 ﬁdein
1113 3970 1380 4044 derogat,
1406 3971 1555 4029 alter
1578 3972 1821 4029 alterius
1843 3974 2024 4031 histo-

364 4057 482 4112 rias
512 4058 570 4112 in
588 4056 843 4114 dubium
872 4063 929 4114 et
956 4058 1087 4115 falsi
1114 4059 1524 4132 suspicionem
1544 4064 2024 4120 revocat.0mnes

366 4151 565 4202 tamen
582 4148 639 4203 in
654 4163 723 4204 eo
738 4147 1084 4205 mirabiliter
1096 4149 1645 4224 conveniunt,quod
1659 4150 2026 4223 impossibile

364 4240 453 4289 est
474 4236 757 4306 Puricelli,
788 4237 847 4293 P.
872 4238 1187 4304 Eustachii,
1218 4244 1275 4295 et
1305 4244 1603 4312 quotquot
1636 4240 1710 4296 de
1750 4240 2027 4299 Mediola—

365 4322 532 4378 nensi
562 4323 820 4379 Ecclesia
845 4326 1224 4397 scripserunt,
1261 4328 1467 4383 oculos
1499 4327 1798 4399 effugisse,
1823 4345 2026 4401 nempe

366 4425 552 4481 neque
586 4409 984 4481 Arnulphum,
1017 4427 1209 4484 neque
1234 4413 1656 4485 Landulphum
1679 4420 2019 4487 utrumque,

2065 1810 2112 1870 B

2154 971 2263 1029 dis.
2299 974 2505 1045 Operae
2535 989 2696 1030 nunc
2718 974 2969 1046 pretium
2995 976 3082 1030 est
3107 971 3186 1029 ad
3211 972 3517 1045 superiora
3535 980 3800 1048 tempora

2153 1061 2368 1133 pedem
2396 1062 2611 1119 referre
2633 1068 2807 1135 atque
2838 1062 2912 1119 de
2942 1062 3013 1119 iis
3044 1060 3309 1118 conciliis
3340 1078 3678 1120 sermonem
3702 1064 3799 1123 ha-

2149 1148 2291 1206 bere
2306 1166 2444 1224 quia
2464 1151 2780 1208 Clementis
2804 1150 3073 1223 ejusdem
3094 1155 3327 1207 {etatem
3351 1157 3795 1224 praecesserunt,

2150 1242 2207 1295 et
2233 1238 2295 1296 in
2333 1238 2555 1313 quibus
2605 1239 3093 1298 Mediolanensem
3138 1239 3300 1297 aiunt
3330 1242 3656 1300 Ravennati
3685 1242 3799 1316 epi-

2149 1343 2333 1401 scopo
2359 1330 2739 1402 praepositum
2766 1329 2824 1387 in
2847 1329 3112 1387 sessione
3136 1334 3193 1387 et
3221 1329 3678 1402 subscriptione.
3705 1333 3800 1389 Ve-

2147 1432 2282 1474 rum
2302 1418 2647 1489 Symmachi
2666 1435 2843 1492 papae
2866 1418 3134 1491 synodos
3154 1418 3231 1475 ad
3254 1418 3531 1475 ultimum
3548 1435 3799 1478 examen

2146 1510 2541 1575 reservantes,
2558 1507 2751 1579 gradu
2766 1508 3107 1580 retrogrado
3120 1524 3155 1565 a
3168 1510 3437 1565 Romana
3451 1509 3795 1576 exordimur,

2147 1610 2324 1667 quam
2344 1596 2696 1668 praesidente
2711 1597 2941 1654 Joanne
2957 1598 3042 1653 XII
3061 1596 3326 1654 habitam
3345 1597 3527 1654 fuisse
3548 1601 3800 1656 ann.963

2145 1699 2348 1742 coram
2380 1686 2641 1742 Othonel
2682 1685 3062 1759 imperatore,
3091 1689 3271 1759 atque
3300 1686 3359 1742 in
3392 1703 3463 1743 ea
3484 1686 3709 1744 sedisse
3746 1694 3801 1746 et

2144 1772 2564 1848 subscripsisse
2578 1775 2940 1845 Walpertum
2955 1775 3075 1834 Med
3086 1775 3443 1833 iolanensem
3460 1792 3533 1832 an
3543 1781 3593 1833 te
3607 1776 3799 1834 archi-

2143 1863 2495 1937 episcopum
2518 1867 2922 1922 Ravennatem
2946 1865 3107 1921 aiunt
3127 1881 3163 1922 a
3183 1865 3543 1937 Luitprando
3564 1866 3796 1923 etBinio

2140 1969 2272 2011 esse
2284 1956 2961 2021 narratum.Quamnam
2975 1970 3114 2011 vero
3131 1954 3795 2028 synodumiimpiunme

2137 2042 2284 2100 illud
2300 2043 2754 2101 conciliabulum
2778 2043 3084 2101 catholicis
3100 2043 3385 2101 omnibus
3396 2050 3788 2112 exsecratum,

2137 2131 2303 2206 quod
2324 2136 2661 2205 praepotens
2673 2134 2995 2206 Augustus,
3024 2149 3145 2190 non
3162 2132 3539 2206 praesidente,
3563 2133 3667 2191 sed
3688 2134 3792 2192 ab-

2140 2226 2301 2278 sente
2329 2223 2560 2279 Joanne
2588 2226 2677 2279 Xll
2722 2223 2935 2294 coegit,
2978 2223 3144 2296 quod
3176 2223 3530 2294 sacrilegam
3571 2230 3795 2282 senten-

2139 2309 2285 2368 tiam
2314 2326 2531 2367 ausum
2559 2310 2669 2368 fuit
2687 2312 2748 2367 in
2774 2311 3107 2382 legitimum
3129 2310 3472 2383 pontiﬁcem
3494 2328 3793 2383 evomere,

2137 2398 2359 2472 illoque
2384 2398 2671 2455 violenter
2692 2399 2983 2472 deposito,
3014 2401 3270 2457 Leonem
3300 2400 3426 2456 VIII
3450 2401 3794 2475 antipapam

2140 2502 2342 2543 creare
2357 2493 2385 2543 ?
2411 2488 2607 2545 Istane
2628 2488 2688 2544 in
2708 2488 2945 2560 synodo
2963 2489 3274 2561 prmoessit
3300 2489 3750 2547 Mediolanensis
3771 2490 3799 2547 ξ’

2143 2578 2382 2633 Factum
2396 2576 3063 2643 sit,noninvidemus.ln
3078 2577 3463 2635 tumultuario
3476 2584 3795 2649 conventu,

2141 2665 2246 2722 ubi
2297 2670 2433 2723 ante
2487 2666 2848 2740 Walpertum
2878 2669 3219 2725 nominatur
3249 2667 3585 2741 patriarcha
3614 2670 3800 2744 Aqui-

2140 2754 2391 2822 leiensis,
2413 2754 2602 2813 immo
2628 2756 2974 2830 Rodulphus
2988 2756 3275 2814 diaconus
3293 2757 3424 2830 ejus
3443 2764 3803 2831 procurator

2140 2845 2261 2916 (cui
2281 2844 2500 2902 idcirco
2514 2845 2560 2901 si
2575 2845 3112 2904 Mediolanensium
3124 2846 3393 2919 opinioni
3407 2848 3681 2905 standum
3697 2849 3794 2914 sit,

2137 2935 2601 3008 praerogativam
2619 2936 2776 2993 sedis
2797 2936 3177 2994 tribuendam
3199 2937 3336 3010 quis
3358 2953 3480 2995 non
3493 2938 3796 3009 dixerit?),

2139 3023 2242 3079 ubi
2267 3039 2390 3080 non
2418 3025 2696 3081 intererat
2720 3025 2998 3097 pontifex,
3037 3026 3140 3082 sed
3168 3032 3418 3101 praeerat
3440 3026 3794 3100 imperator,

2138 3111 2394 3185 ideoque
2423 3113 2589 3170 locus
2612 3129 2735 3170 non
2767 3121 2892 3173 erat
2931 3116 3247 3188 quaestioni
3287 3116 3513 3173 cuinam
3551 3116 3801 3173 dextera

2140 3216 2313 3274 papae
2327 3206 2428 3258 aut
2450 3202 2688 3259 sinistra
2699 3202 3040 3275 deberetur;
3058 3204 3117 3261 in
3133 3204 3231 3277 huj
3245 3205 3499 3270 usmodi,
3516 3207 3771 3278 inquam
3784 3251 3799 3276 ,

2139 3296 2431 3347 conventu
2458 3291 2923 3363 praecedentiam
2953 3294 3265 3366 quaeritent
3290 3293 3608 3351 Puricellus
3638 3300 3699 3351 et
3732 3296 3797 3350 P.

2140 3379 2486 3437 Eustachius
2505 3398 2523 3452 ;
2578 3396 2689 3437 nos
2720 3381 2780 3437 id
2811 3397 3001 3452 genus
3030 3381 3276 3439 honoris
3309 3398 3430 3439 non
3483 3399 3799 3440 curamus.

2138 3470 2425 3526 Caeterum
2457 3486 2536 3526 an
2566 3486 2884 3544 perperam
2910 3471 3007 3528 hic
3039 3471 3289 3529 citentur
3316 3472 3714 3545 Luitprandus
3742 3478 3802 3531 et

2138 3558 2361 3628 Binius,
2394 3559 2743 3617 consulatur
2771 3560 2921 3633 quid
2944 3561 3055 3618 iste
3086 3562 3147 3617 in
3190 3561 3348 3618 notis
3400 3561 3480 3618 ad
3508 3562 3623 3619 hoc
3650 3577 3803 3619 con-

2135 3646 2505 3715 ciliabulum,
2534 3654 2661 3705 tum
2709 3649 2773 3705 in
2802 3650 2958 3707 notis
2988 3651 3067 3707 ad
3114 3650 3368 3708 alterum
3400 3651 3672 3722 ejusdem
3710 3651 3802 3708 fa-

2134 3736 2279 3793 rinae
2310 3737 2796 3794 conventiculum
2845 3745 3054 3796 contra
3106 3739 3493 3797 Benedictum
3545 3741 3797 3796 VRom.

2138 3826 2342 3881 Pontif.
2397 3830 2758 3897 protestatur
2804 3832 3013 3885 contra
3049 3829 3441 3901 impostorem
3489 3827 3801 3901 putidissi-

2134 3930 2324 3981 mum,
2358 3914 2463 3986 qui
2495 3914 2608 3971 sub
2634 3915 2984 3988 Luitprandi
3012 3918 3250 3974 nomine
3287 3922 3629 3974 commenta
3656 3916 3799 3973 haec

2133 4003 2195 4059 in
2220 4002 2374 4059 illius
2426 4003 2735 4060 historiam
2780 4005 3031 4063 intrusit.
3083 4009 3235 4078 Ergo
3291 4007 3439 4080 quid
3490 4007 3551 4062 in
3600 4005 3799 4077 legiti-

2135 4108 2237 4149 ma
2256 4092 2490 4166 synodo
2516 4093 2628 4150 sub
2654 4093 2962 4164 Agathone
2986 4110 3086 4159 an,
3119 4100 3222 4152 680
3244 4101 3445 4152 actum
3487 4096 3561 4152 sit
3589 4096 3800 4168 potius

2135 4181 2464 4250 videamus,
2488 4182 2742 4239 nimium
2756 4184 2915 4240 enim
2941 4199 3051 4241 nos
3073 4190 3238 4256 urget
3258 4185 3578 4241 auctoritas
3596 4185 3800 4241 cardi-

2135 4272 2286 4328 nalis
2311 4273 2524 4329 Norisii
2553 4273 2824 4330 ordinem
2857 4273 3247 4346 approbantis
3278 4274 3798 4347 subscriptionum

2134 4360 2314 4429 hujus
2346 4361 2574 4432 synodi,
2614 4362 2833 4418 scilicet
2873 4364 3161 4419 Mansueti
3190 4362 3641 4421 Mediolanensis
3669 4365 3797 4435 pri-

2134 4440 2302 4503 mum
2328 4452 2452 4503 tum
2483 4448 2836 4519 patriarchae
2857 4450 3265 4523 Aquileiensis,
3299 4451 3470 4508 tertio
3495 4450 3798 4509 Theodori

459 4499 467 4508 .
522 4497 531 4507 .
958 4498 969 4509 .
1297 4501 1307 4510 .
2134 4497 2302 4503 ____
2331 4497 2452 4503 ---
2485 4497 2834 4519 rw---“—
2857 4497 2901 4505 --
2957 4497 3265 4517 _..---..-.-,
3302 4497 3468 4508 --.ην
3504 4497 3797 4509 -..υνηνη

365 4497 1431 4614 ggffﬁetnlllfnlion3:933:32???
1444 4505 1764 4614 “€1,121:le
1780 4503 2026 4614 ξξίῗΓῩ-ίξ·
2058 4509 2102 4567 D
2134 4535 2516 4592 Ravennatis.
2535 4536 2758 4592 Tertius
2775 4497 3062 4607 igiturhic
3078 4539 3187 4596 erit
3209 4539 3603 4614 praerogativa
3624 4539 3797 4595 sedis

367 4586 618 4655 tionum,
642 4587 999 4642 Ravennatis
1012 4587 1284 4644 Ecclesiae
1299 4588 1753 4660 subjectionem,
1786 4607 1855 4648 ac
1878 4608 2024 4665 prae-

364 4674 559 4730 stitam
574 4679 831 4747 quatuor
847 4675 1145 4747 prioribus
1167 4693 1297 4732 uerae
1317 4683 1534 4733 nostra;
1561 4679 1794 4736 saeculis
1813 4682 2024 4740 Medio-

366 4763 602 4819 lanensi
617 4763 939 4836 suppositae
956 4765 1347 4837 metropolitae
1365 4766 1767 4825 obedientiam
1776 4770 2020 4841 jactare,

368 4857 470 4910 aut
495 4852 705 4909 saltem
730 4854 998 4909 innuere.
1039 4853 1190 4911 illud
1216 4855 1519 4912 enimvero
1556 4857 1907 4926 maximum,
1939 4861 2023 4917 in-

366 4941 1125 5015 eluctabile,justissimum
1147 4945 1514 5017 exoptattein
1538 4946 1791 5018 synodis
1807 4964 2023 5020 praece-

364 5031 573 5087 dentia:
600 5030 805 5088 fuisset
835 5036 1258 5103 argumentum
1290 5037 1347 5090 et
1381 5033 1863 5103 fundamentum,
1899 5053 2020 5094 non

365 5120 515 5190 regis
547 5119 876 5177 coronandi
899 5136 968 5176 ac
999 5122 1403 5193 praesentandi
1423 5122 1578 5193 jura,
1613 5138 1733 5179 non
1762 5128 2022 5182 anteces-

368 5222 572 5261 sorum
604 5208 1185 5282 archiepiscoporum
1230 5209 1637 5283 inopportuna
1664 5214 1940 5287 exempla
1965 5219 2020 5272 et

365 5292 613 5359 inutilia,
640 5296 791 5361 Quid
818 5296 895 5353 ad
915 5298 1043 5354 haec
1074 5299 1540 5357 Mediolanenses
1560 5300 1587 5355 ?
1612 5300 1916 5372 Ejusmodi
1937 5307 2020 5360 ta-

364 5398 501 5439 men
530 5385 902 5454 probationis
927 5393 1107 5461 atque
1128 5389 1611 5461 ampliﬁcationis
1643 5402 1865 5462 genere
1896 5407 2017 5450 non

361 5471 722 5542 estprofecto
735 5476 1370 5546 curnosoffendamur;
1395 5478 1625 5535 scimus
1641 5479 1791 5535 enim
1805 5496 1919 5553 quo
1941 5480 2017 5537 ci—

367 5561 524 5617 vium
546 5561 781 5617 animos
800 5562 998 5640 rapiat
1018 5566 1225 5640 patria:
1248 5566 1523 5635 charitas,
1551 5567 1692 5625 dum
1707 5568 1919 5628 civitas
1936 5570 2019 5626 ad

2134 4640 2171 4680 a
2200 4623 2636 4681 Mediolanense
2666 4625 3139 4701 archiepiscopo.

2204 4718 2290 4769 65.
2314 4718 2484 4770 Anno
2514 4717 2636 4783 680,
2668 4714 2761 4770 vel
2791 4716 2915 4780 679,
2956 4722 3019 4772 ut
3047 4719 3328 4789 opinatur
3364 4717 3600 4789 Pagius,
3648 4719 3808 4775 scri-

2131 4808 2324 4875 pserat
2340 4804 2764 4860 Constantinus
2781 4807 3120 4876 Pogonatus
3134 4808 3461 4862 Graecorum
3475 4806 3802 4878 imperator

2130 4891 2209 4947 ad
2221 4892 2590 4961 Agathonem
2605 4895 2938 4950 Romanum
2953 4894 3296 4967 pontiﬁcem
3313 4895 3381 4951 de
3395 4896 3802 4953 convocanda

2131 4980 2395 5051 generali
2416 4981 2649 5053 synodo
2671 4989 2879 5039 contra
2896 4983 3324 5041 Monothelitas.
3350 4987 3540 5057 Super
3570 5001 3640 5040 co
3681 5000 3804 5042 ne—

2129 5070 2289 5139 gotio
2306 5069 2721 5143 episcoporum
2734 5072 3050 5128 concilium
3076 5075 3275 5128 Romae
3298 5074 3527 5143 Agatho
3560 5088 3799 5131 convo-

2129 5162 2301 5225 cavit,
2330 5159 2627 5233 jussitque
2655 5160 2966 5217 Mediolani
2997 5160 3265 5229 alterum,
3313 5162 3455 5218 item
3496 5162 3557 5218 in
3585 5162 3804 5219 Galliis

2129 5249 2376 5323 aliisque
2402 5250 2464 5306 in
2490 5251 2833 5322 regionibus
2860 5252 3135 5317 adunari,
3171 5258 3233 5309 ut
3257 5253 3491 5309 nomine
3504 5253 3802 5311 omnium

2129 5337 2460 5395 Occidentis
2490 5340 2910 5412 episcoporum
2938 5340 3229 5397 solemnis
3257 5342 3425 5399 ﬁeret
3446 5342 3804 5413 legatorum

2128 5426 2336 5483 missio
2358 5426 2430 5483 ad
2471 5426 3183 5503 Constantiuopolitanum
3210 5431 3502 5501 generale.
3538 5433 3619 5486 Ex
3650 5430 3804 5490 Gal-

2125 5515 2324 5573 licana
2352 5516 2546 5589 igitur,
2580 5519 3046 5592 septentrionali,
3079 5519 3497 5577 Mediolanensi
3526 5520 3805 5594 synodis

2126 5604 2298 5682 legati
2321 5607 2574 5665 Romam
2585 5606 2663 5664 ad
2679 5607 3006 5683 Agathonis
3033 5612 3623 5688 supramemoratum
3640 5624 3805 5670 con-
