4012 6184
217 208 327 267 129

485 212 625 269 JOS.
677 210 1023 268 AMADESII
1071 207 1536 272 [)lSSElt'l‘ATlO
1583 215 1670 271 DE
1717 202 2122 270 METROPOLI
2166 212 2730 279 ECCLESIASTIGA
2779 220 3362 285 RAVENNATENSI.

3525 232 3634 292 130

211 341 417 395 cilium
445 342 872 404 convenerunt,
907 344 1086 412 atque
1111 342 1260 397 inter
1287 357 1411 406 eos,
1446 347 1511 399 ut
1541 342 1730 414 placet
1765 343 1871 398 Pa-
1902 345 1950 402 A
1978 342 2912 412 interfuerant,subscribendam.
2931 356 3132 426 Neque
3161 355 3252 426 sit,
3273 372 3500 428 qumso,
3528 365 3634 434 qui

211 430 327 500 gio,
382 431 722 484 Mansuetus
764 427 1220 486 Mediolanensis
1251 435 1307 486 et
1345 432 1695 488 Anastasius
1723 432 1869 488 Tici-

213 521 416 573 nensis
450 534 562 589 pro
593 517 1050 573 Mediolanensis
1081 520 1400 591 provincias
1431 521 1748 594 episcopis.
1778 523 1870 578 Af-

210 607 390 663 fuisse
419 607 601 662 etiam
644 605 1019 662 Theodorum
1071 610 1504 666 Ravennatium
1553 611 1866 683 praesulem

210 701 436 751 certum
457 701 546 751 est
579 712 591 749 :
622 695 671 750 is
702 700 903 751 autem
930 696 1201 753 nondum
1229 697 1488 756 schisma
1518 701 1866 770 ejuraverat,

207 800 327 857 quo
385 784 705 853 sexaginta
731 788 868 840 ante
904 800 1095 840 annos
1145 789 1459 844 Ravennae
1486 788 1745 845 Ecclesia
1793 789 1870 845 ab

209 873 544 946 apostolica
560 873 702 929 sede
715 872 1336 939 defecerat,incentore
1350 879 1548 934 Mauro
1562 877 1872 950 archiepis-

208 979 358 1035 copo
383 981 395 1022 :
418 964 524 1019 sed
547 963 729 1034 hujus
753 961 966 1034 synodi
984 965 1316 1030 occasione,
1332 966 1640 1023 Theodoro
1654 967 1727 1023 ad
1744 967 1871 1023 uni-

207 1059 384 1109 tatem
417 1052 728 1114 redeunte,
768 1052 1031 1108 schisma
1060 1053 1205 1109 illud
1243 1055 1587 1112 restinctum
1619 1059 1725 1114 est.

277 1148 362 1197 66.
385 1142 780 1212 Hujusautem
797 1141 1123 1211 Agathonis
1143 1143 1553 1201 conciliinulla
1575 1161 1726 1217 pene
1739 1149 1871 1202 acta

208 1231 652 1304 superfuerunt,
681 1229 796 1285 nisi
824 1230 952 1286 duae
983 1230 1270 1303 epistolae,
1304 1249 1457 1304 quas
1480 1232 1660 1290 lectas
1686 1233 1868 1292 fuisse

207 1325 578 1393 compertum
610 1325 699 1375 est
726 1320 784 1375 in
813 1319 1042 1376 actione
1072 1321 1266 1392 quarti
1293 1322 1527 1378 concilii
1554 1324 1864 1392 generalis,

207 1411 374 1465 altera
389 1408 991 1480 videlicetAgathonis
1003 1409 1072 1464 ad
1089 1410 1516 1466 Constantinum
1531 1416 1840 1485 Augustum
1853 1454 1865 1478 ,

205 1498 381 1554 altera
409 1497 706 1568 synodica
731 1496 811 1552 ab
826 1497 1124 1570 episcopis
1148 1499 1481 1556 Occidentis
1508 1501 1863 1575 subscripta.

207 1591 581 1659 Quapropter
609 1602 834 1642 vanum
860 1589 947 1642 est
977 1588 1226 1644 scrutari
1256 1589 1503 1660 quinam
1520 1591 1682 1662 prior
1703 1592 1867 1648 sede-

1977 449 2074 489 me
2106 435 2446 493 temeritatis
2473 440 2832 499 condemnet
2853 441 2914 498 in
2936 441 3051 499 hac
3075 445 3416 516 suspicione
3446 452 3634 523 expli-

1977 523 2193 579 canda.
2226 526 2355 582 Scio
2375 528 2620 599 quidem
2642 531 2913 586 omnium
2944 533 3003 588 in
3030 549 3130 589 ore
3153 549 3305 600 esse,
3329 539 3632 608 synodum

1975 612 2303 700 Agathonis
2325 619 2426 671 225
2444 617 2712 674 Patribus
2733 627 3138 687 constasse,ac
3157 624 3400 682 totidem
3415 628 3631 700 episto-

1974 699 2096 756 lam
2127 702 2481 773 synodicam
2509 707 2897 778 consignasse
2928 712 3125 782 :quod
3158 714 3333 769 etiam
3366 699 3633 773 exiEddii

1979 791 2319 848 narratione
2331 793 2391 849 in
2406 793 2531 851 Vita
2545 795 2603 849 S.
2619 796 2932 868 Wilpbridi
2948 799 3336 857 Eboracensis
3347 806 3628 878 episcopi,

1978 879 2313 951 quiistimet
2339 883 2567 955 synodo
2596 884 2945 959 subscripsit
2970 888 3213 945 nomine
3238 892 3632 951 Ecclesiarum

1979 969 3133 1042 septentrionalium,videturluculenter
3156 979 3634 1037 conﬁrmari.Ast

1977 1053 2025 1109 si
2079 1055 2243 1126 quod
2293 1062 2496 1113 narrat
2549 1058 2767 1128 Pagius
2797 1060 3103 1131 probabile
3145 1067 3247 1130 est,
3284 1081 3355 1120 ex
3382 1067 3634 1122 concilio

1976 1157 2194 1216 nempe
2217 1144 2635 1202 Mediolanensi
2657 1147 2810 1204 duos
2835 1153 3064 1205 tantum
3081 1152 3154 1206 ad
3180 1154 3514 1210 Romanum
3535 1155 3633 1211 de-

1973 1232 2397 1302 legatosfuisse
2420 1236 2754 1309 episcopos,
2771 1253 2988 1311 nempe
3016 1242 3384 1298 Mansuetum
3407 1243 3633 1300 archie-

1974 1321 2290 1394 piscopum
2304 1330 2481 1396 atque
2497 1327 2875 1382 Anastasium
2897 1327 3266 1386 Ticinensem
3290 1331 3629 1398 antistitem,

1975 1426 2156 1482 cogar
2167 1412 2442 1470 dubitare
2459 1429 2607 1470 num
2632 1421 2903 1472 auctores
2916 1417 3021 1489 qui
3039 1417 3112 1474 de
3124 1434 3376 1476 numero
3393 1423 3630 1477 Patrum

1974 1501 2208 1573 synodo
2221 1502 2546 1572 Agathonis
2566 1505 2951 1576 praesentium
2975 1507 3502 1579 scripserunt,eum
3523 1526 3631 1567 nu-

1972 1604 2205 1645 merum
2220 1593 2474 1647 mutuati
2489 1593 2704 1650 fuerint
2720 1595 3126 1652 tantummodo
3141 1596 3631 1672 asubscriptioni-

205 1678 267 1733 rit
290 1681 432 1748 post
461 1691 715 1748 papam,
743 1675 990 1748 quinam
1008 1676 1240 1732 actibus
1270 1678 1689 1736 conciliaribus
1704 1681 1866 1754 prior
1898 1707 1941 1764 Β
1971 1677 2082 1734 bus
2096 1680 2398 1749 synodicae
2414 1681 2570 1737 illius
2597 1683 3195 1756 epistolie,quaelecta
3211 1687 3630 1760 atqueinserta

204 1781 421 1822 nomen
438 1765 1084 1822 dederit.Somniarunt
1097 1765 1561 1823 Mediolanenses
1574 1770 1861 1840 profecto,

204 1858 574 1912 lansuetum
589 1854 900 1910 Theodoro
916 1855 1314 1926 praecessisse.
1333 1859 1772 1916 Tantummodo
1787 1877 1859 1916 ex

204 1944 771 2018 subscriptionibus,
799 1959 951 2016 quas
979 1944 1164 1999 modo
1189 1943 1444 2015 legimus
1469 1947 1735 2019 epistola:
1767 1965 1862 2021 sy-

203 2035 432 2091 nodica:
483 2035 814 2106 appositas,
851 2039 1275 2103 argumentum
1307 2035 1719 2106 praecedentia;
1749 2038 1860 2094 sibi

200 2125 505 2194 efﬁngunt,
524 2121 1128 2194 etquamvisquiestio
1141 2123 1299 2178 sitde
1330 2124 1601 2181 sessione
1622 2125 1699 2182 ad
1721 2127 1861 2183 dex-

201 2219 373 2268 teram
410 2227 607 2284 papse,
647 2216 846 2266 tamen
878 2211 938 2266 in
965 2210 1503 2283 subscriptionibus
1536 2215 1715 2271 etiam
1743 2217 1858 2272 suf-

197 2302 447 2372 fragium
482 2299 854 2370 mendicant,
884 2315 992 2355 nec
1023 2299 1449 2366 meminerunt,
1484 2319 1719 2374 parum,
1754 2312 1857 2361 aut

194 2391 328 2446 nihil
362 2388 879 2460 subscriptionum
903 2389 1094 2445 ordini
1114 2406 1248 2446 esse
1273 2391 1857 2465 lidendum,prontet

193 2478 667 2551 ipsipraadicant,
692 2483 748 2533 et
769 2493 880 2533 nos
911 2478 1155 2533 inferius
1188 2484 1539 2550 repetemus.
1571 2481 1853 2555 Quisquis

197 2575 391 2625 autem
427 2585 533 2623 eas
566 2569 640 2623 de
673 2567 894 2639 quibus
923 2568 983 2622 in
1013 2583 1298 2639 praesens,
1342 2570 1653 2641 superficie
1683 2576 1852 2627 tenus

192 2660 836 2729 percurret,auctorum
857 2654 1104 2711 istorum
1127 2655 1428 2712 levitatem
1446 2657 1718 2715 facillime
1732 2660 1855 2729 dig-

193 2751 390 2802 noscet
418 2765 432 2807 :
467 2745 674 2800 nullus
700 2743 858 2799 enim
883 2742 1032 2799 inter
1061 2744 1374 2816 episcopos
1401 2746 1550 2802 ordo
1582 2751 1854 2804 servatus

193 2842 286 2890 est.
305 2838 446 2891 Post
463 2832 844 2906 Agathonem
860 2847 1001 2900 ergo
1028 2831 1368 2903 pontiﬁcem
1389 2850 1509 2889 non
1531 2835 1856 2890 subscribit

193 2926 532 2979 Mansuetus
566 2919 1146 2984 Mediolanensis,sed
1165 2921 1434 2993 plerique
1465 2922 1711 2994 Apuliae,
1744 2925 1851 2979 Ca-

191 3014 407 3079 labriae,
439 3011 780 3067 Brutiorum
805 3009 1072 3081 episcopi
1097 3027 1110 3076 ;
1143 3009 1282 3065 inde
1304 3011 1846 3082 sequunturSiculi,

193 3107 489 3174 praeeunte
516 3103 902 3172 Syracusano
924 3114 1126 3154 eorum
1151 3099 1850 3171 metropolitano.Succe-

193 3191 522 3261 duntlegati
538 3189 1051 3260 Galliarum,quos
1066 3187 1283 3260 excipit
1295 3190 1631 3244 Mansuetus
1647 3191 1853 3247 Medio-

193 3281 293 3337 lani
308 3280 538 3354 praesul
557 3295 696 3335 cum
717 3277 1107 3347 suifrageneis
1121 3277 1378 3347 suis,sed
1395 3278 1594 3335 nescio
1613 3294 1690 3335 an
1708 3279 1850 3336 istos

193 3387 424 3444 quoque
438 3366 1290 3438 intersecentaliquotalterius
1305 3368 1852 3440 provincieeepisco-

193 3460 260 3530 pi.
306 3461 452 3515 Post
480 3458 614 3514 illos
663 3472 804 3513 vero
846 3456 1144 3526 Lucensis,
1199 3457 1466 3521 Pisanus,
1519 3461 1697 3530 atque
1727 3473 1850 3514 non

195 3551 354 3620 pauci
386 3565 462 3605 ex
492 3547 747 3603 Thuscia
771 3562 783 3612 ;
803 3544 1019 3601 deinde
1051 3545 1262 3600 iterum
1291 3544 1689 3604 suburbicarii
1710 3549 1849 3603 Tus-

193 3639 459 3702 culanus,
493 3636 868 3706 Anagninus,
897 3634 1217 3701 Alatrinus,
1252 3639 1306 3690 et
1327 3634 1445 3698 alii,
1471 3635 1695 3707 quibus
1721 3652 1850 3692 suc-

194 3728 334 3783 cedit
362 3725 612 3797 Agatho
635 3723 1029 3797 Aquileiensis
1050 3739 1189 3778 cum
1214 3723 1337 3777 suis
1362 3740 1373 3778 :
1403 3723 1542 3780 hinc
1564 3727 1848 3798 Pentapo-

192 3814 369 3880 litani,
405 3815 799 3871 Pisauriensis
829 3811 1122 3875 videlicet,
1162 3812 1591 3881 Anconitanus,
1630 3814 1848 3870 caeteri-

194 3921 292 3975 que
313 3922 324 3960 :
347 3911 476 3961 tum
497 3904 841 3971 Perusinus,
857 3916 1026 3974 aquo
1042 3900 1264 3957 reditur
1277 3900 1354 3956 ad
1373 3901 1673 3974 episcopos
1686 3903 1849 3958 Etru-

191 3994 303 4050 riae.
326 3995 577 4050 Ultimus
597 3991 1224 4048 omniumTheodorus
1238 3989 1727 4063 archiepiscopus
1741 3993 1848 4049 Ra-

192 4100 431 4149 vennas,
466 4089 520 4138 et
549 4080 914 4151 suffraganei
937 4079 1434 4152 subscripserunt.

257 4178 340 4229 67.
373 4172 633 4239 Quando
662 4170 844 4241 igitur
868 4169 1336 4227 Mediolanenses
1364 4185 1438 4225 ex
1468 4168 1676 4224 ordine
1711 4169 1848 4224 sub-

197 4262 580 4335 scriptionum
610 4260 884 4316 ordinem
920 4258 1338 4330 praecedentia:
1365 4273 1615 4328 arguere
1645 4257 1845 4325 velint,

201 4351 298 4404 sibi
323 4351 440 4422 ipsi
463 4348 869 4405 contradicere
889 4351 1196 4416 cogentur,
1221 4347 1323 4420 qui
1348 4345 1693 4402 immediate
1716 4349 1850 4418 post

1971 1768 2079 1824 fuit
2103 1769 2333 1824 actibus
2356 1771 2593 1827 concilii
2617 1774 2991 1838 (ecuinenici,
3017 1789 3133 1830 non
3153 1780 3353 1832 autem
3382 1793 3452 1833 ex
3474 1782 3630 1835 certa

1971 1861 2241 1914 actorum
2267 1860 2592 1929 Agathonis
2613 1862 2827 1932 synodi
2843 1862 3072 1919 notitia.
3098 1865 3410 1929 Quomodo
3429 1871 3625 1922 autem

1971 1946 2082 2001 sibi
2104 1952 2383 2003 constant
2401 1948 2692 2019 delegatio
2706 1951 2782 2007 ad
2801 1951 3102 2024 synodum
3122 1955 3453 2010 Romanam
3477 1953 3628 2011 duo-

1968 2052 2103 2092 rum
2130 2038 2552 2093 tantummodo
2570 2039 2992 2111 episcoporum
3007 2040 3330 2112 provinciae
3353 2042 3626 2100 Mediola-

1968 2123 2616 2196 nensis,etsubscriptio
2629 2127 2902 2184 omnium
2917 2128 3170 2199 ejusdem
3185 2130 3501 2202 provinciae
3515 2131 3630 2201 epi-

1968 2228 2282 2284 scoporum
2295 2213 2572 2271 ‘IMinime
2588 2215 2698 2270 sibi
2714 2218 3116 2284 constant,nisi
3130 2219 3503 2286 dicamus,vel
3517 2222 3630 2294 epi-

1969 2304 2305 2375 scopos,qui
2320 2304 2543 2374 synodo
2561 2305 3212 2373 interfuerunt,aliorum
3229 2309 3626 2382 episcoporum

1966 2407 2192 2447 suorum
2209 2392 2440 2448 nomina
2455 2393 2858 2465 adjecisse,vel
2872 2401 3002 2468 post
3017 2396 3332 2454 absolutam
3349 2400 3624 2471 synodum

1964 2479 2259 2550 epistolam
2275 2497 2376 2552 per
2387 2481 2652 2538 diversas
2665 2483 2844 2540 Italiae
2861 2485 3193 2556 provincias
3208 2487 3618 2554 circumlatam,

1964 2569 2119 2625 utab
2141 2569 2424 2625 omnibus
2446 2571 2625 2626 etiam
2651 2573 2755 2643 qui
2781 2573 3096 2630 abfuerant
3127 2575 3619 2632 subscriberetur.

2035 2660 2118 2714 68.
2147 2658 2311 2713 Hanc
2327 2663 2593 2715 nostram
2616 2661 3015 2731 suSpicionem
3047 2665 3622 2735 augetcpportunis-

1963 2746 2108 2800 sime
2127 2746 2261 2817 ipsa
2278 2745 2785 2818 subscriptionum
2801 2749 3091 2815 confusio,
3122 2755 3185 2806 ut
3202 2752 3403 2822 quieto
3417 2752 3619 2809 animo

1961 2835 2366 2890 consideranti
2398 2834 2565 2890 facile
2596 2837 2841 2907 patebit.
2871 2841 2986 2893 Nec
3019 2853 3380 2903 novum,nec
3403 2841 3620 2894 miran-

1961 2923 2107 2978 dum
2139 2922 2199 2978 id
2221 2923 2451 2979 accidet
2479 2926 2832 2980 memoranti
2860 2942 2996 2999 quae
3017 2926 3394 2983 Mabillonius
3410 2928 3485 2984 de
3505 2928 3618 2984 hoc

1959 3011 2206 3068 inducto
2241 3011 2660 3068 subscribendi
2689 3029 2852 3070 more
2875 3015 3090 3071 asserit
3115 3031 3187 3070 ac
3216 3015 3622 3088 probatargu-

1959 3103 2175 3157 mentis
2202 3106 2378 3174 atque
2401 3102 2689 3174 exemplis
2719 3119 2840 3159 non
2856 3104 3343 3177 paucis,quaehic
3357 3111 3622 3178 repetere

1958 3191 2137 3247 nimis
2173 3191 2423 3260 longum
2441 3195 2611 3246 esset.
2646 3192 2882 3263 Optime
2914 3193 2992 3249 ad
3022 3209 3147 3249 rem
3180 3210 3352 3251 suam
3383 3195 3454 3250 iis
3477 3211 3622 3251 usus

1959 3286 2049 3338 est
2079 3279 2514 3338 eruditissimus
2535 3280 2757 3354 Joseph
2786 3283 3143 3355 Garampius
3163 3284 3223 3340 in
3242 3300 3473 3357 nupera
3502 3285 3623 3341 dis-

1959 3371 2274 3427 sertatione
2308 3370 2375 3424 de
2401 3371 2652 3426 Nummo
2683 3378 2962 3442 argenteo
2983 3374 3285 3431 Benedicti
3305 3374 3478 3430 IIIP.
3511 3375 3617 3439 Μ.,

1958 3463 2020 3516 ut
2034 3458 2660 3532 probaretLotharium
2675 3462 3009 3529 Augustum
3025 3462 3269 3518 minime
3283 3461 3618 3517 interfuisse

1960 3547 2197 3620 synodo
2224 3549 2426 3603 Romae
2447 3547 2745 3604 celebrato
2772 3565 2870 3605 an.
2905 3551 3028 3615 853,
3047 3549 3180 3606 licet
3206 3555 3339 3607 acta
3360 3550 3620 3622 synoda-

1957 3637 2036 3694 lia
2054 3636 2410 3707 consignata
2429 3641 2630 3693 essent
2656 3641 2784 3708 ejus
2801 3638 3238 3711 subscriptione
3257 3644 3393 3712 post
3412 3641 3618 3696 Leonis

1958 3742 2132 3799 papae
2159 3741 2402 3783 nomen.
2431 3727 2513 3781 Ex
2551 3726 2661 3783 ista
2692 3742 2836 3783 vero
2865 3727 2997 3799 ipsa
3028 3729 3367 3802 suspicione
3410 3737 3619 3786 nostra

1959 3815 2100 3871 oriri
2131 3814 2316 3871 altera
2353 3819 2568 3887 potest,
2604 3815 2824 3873 scilicet
2861 3815 2953 3872 vel
2983 3816 3362 3874 Theodorum
3395 3821 3620 3876 Raven-

1958 3908 2159 3960 natem
2191 3920 2329 3959 cum
2360 3904 2483 3959 suis
2521 3919 2639 3960 non
2669 3905 2888 3960 adiisse
2919 3906 3247 3976 Agathonis
3276 3906 3617 3980 concilium,

1958 3993 2228 4063 quamvis
2252 3993 2608 4063 synodicam
2628 3993 2740 4048 sibi
2762 3997 2970 4065 postea
2988 3994 3234 4050 allatam
3255 3995 3581 4064 signaverit
3599 4014 3617 4065 ;

1957 4079 2049 4135 vel
2079 4078 2130 4133 si
2159 4079 2502 4147 interfuerit,
2537 4097 2668 4138 eam
2702 4082 3131 4154 subscripsisse
3162 4087 3300 4154 post
3334 4097 3510 4136 suum
3541 4080 3620 4137 ab

1961 4167 2114 4224 Urbe
2140 4167 2472 4224 discessum
2497 4187 2509 4236 ;
2537 4169 2654 4224 nisi
2680 4169 2875 4225 dicere
2887 4168 3141 4225 velimus
3165 4169 3332 4242 quod
3348 4168 3530 4224 dilata
3544 4168 3619 4224 ad

1959 4255 2193 4313 concilii
2223 4256 2407 4313 ﬁnem
2431 4257 2559 4326 ejus
2593 4273 2730 4313 cum
2758 4257 3089 4330 apostolica
3112 4258 3253 4314 sede
3283 4257 3621 4314 reconcilia-

1959 4346 2138 4417 tione,
2175 4346 2420 4402 ultimus
2451 4345 2533 4401 illi
2552 4345 2720 4402 locus
2751 4347 2807 4402 in
2839 4345 3146 4420 synodicae
3176 4347 3620 4420 subscriptione

199 4454 409 4510 papam
423 4437 670 4494 antistiti
689 4452 799 4493 suo
813 4435 1073 4509 priorem
1086 4435 1285 4492 locum
1300 4440 1637 4507 aucupant;
1659 4449 1849 4491 cesse-
1884 4425 1928 4483 D
1959 4435 2319 4492 remanserit.
2341 4437 2663 4508 Utcumque
2677 4452 2768 4491 res
2783 4435 3129 4503 t'uerit,adeo
3146 4436 3455 4494 concilium
3471 4437 3618 4507 Aga-

196 4534 320 4584 runt
347 4528 512 4584 enim
543 4529 604 4582 in
636 4525 960 4595 Agathonis
992 4525 1244 4597 synodo,
1264 4525 1437 4596 juxta
1469 4523 1682 4579 seriem
1711 4523 1850 4580 sub-

198 4618 599 4689 scriptionum,
630 4629 754 4670 non
777 4614 974 4670 solum
994 4613 1292 4686 episcopis
1314 4612 1763 4682 suburbicariis,
1785 4615 1851 4669 ut

201 4710 400 4763 vocant
417 4704 648 4778 quosin
677 4703 805 4759 aliis
827 4703 1089 4760 conciliis
1115 4703 1237 4760 fere
1258 4701 1541 4759 omnibus
1565 4705 1702 4775 post
1722 4717 1849 4758 ma-

193 4796 379 4864 jorum
407 4793 650 4850 sedium
681 4793 967 4865 praesules
991 4792 1257 4864 signatos
1277 4791 1613 4856 cernimus;
1637 4806 1851 4847 verum

197 4887 572 4956 Syracusano
599 4883 779 4939 etiam
808 4881 1258 4954 archiepiscopo
1286 4881 1531 4952 ejusque
1561 4879 1852 4951 suffraga-

193 4976 324 5040 neis,
343 4977 539 5031 immo
559 4972 775 5042 legatis
792 4986 1032 5043 quoque
1055 4970 1377 5028 Gallorum.
1399 4973 1468 5025 At
1490 4969 1647 5026 enim
1669 4984 1848 5025 nemo

195 5079 343 5120 sanie
356 5063 581 5120 mentis
595 5067 716 5118 tam
731 5059 994 5117 confusae
1009 5059 1510 5132 subscriptionum
1525 5056 1696 5113 seriei
1707 5073 1848 5129 prte-

189 5153 592 5209 cedentiarum
615 5151 888 5206 ordinem
912 5148 1422 5206 accommodabit.
1454 5150 1575 5216 Ego
1600 5144 1846 5218 quidem

188 5239 844 5315 suspicor,synodicam
863 5238 1334 5296 Occidentalium
1351 5234 1665 5309 epistolam
1677 5239 1800 5298 ,aut
1813 5250 1848 5291 a

185 5333 574 5402 praesentibus
587 5328 890 5403 episcopis
904 5329 1083 5385 etiam
1096 5327 1342 5384 nomine
1355 5323 1685 5382 absentium
1706 5323 1848 5380 sub-

188 5423 462 5495 scriptam
477 5421 692 5488 fuisse,
705 5423 812 5476 aut
828 5419 947 5474 veri
957 5433 1117 5483 us,ex
1125 5433 1193 5474 ac
1203 5421 1258 5474 ta
1271 5415 1506 5488 synodo
1517 5429 1642 5486 ,per
1653 5412 1846 5469 diver-

188 5524 274 5566 sas
297 5511 474 5570 Italia:
496 5508 850 5584 provincias
870 5507 1144 5574 missam,
1168 5506 1248 5564 ab
1260 5503 1580 5578 episcopis,
1603 5502 1707 5576 qui
1723 5517 1847 5560 non

1959 4525 2157 4581 thonis
2189 4523 2477 4581 Puricello
2504 4527 2561 4580 et
2577 4525 2637 4580 Ρ.
2667 4525 2986 4581 Eustachio
3009 4540 3130 4582 non
3154 4525 3536 4596 sutfragatur,
3555 4531 3620 4581 ut

1956 4615 2158 4687 potius
2175 4622 2388 4669 noceat
2405 4613 2802 4684 magnitudini
2819 4618 2999 4685 atque
3012 4614 3395 4687 amplitudini
3412 4614 3618 4672 Medio-

1957 4702 2299 4759 lanensium
2329 4702 2882 4774 praerogativarum,
2931 4703 3154 4775 quibus
3195 4719 3381 4776 supra
3407 4719 3619 4761 omnes

1957 4792 2208 4849 omnino
2221 4790 2401 4846 ltaliie
2415 4790 2752 4863 episcopos,
2768 4791 2957 4848 immo
2972 4808 3158 4865 supra
3182 4809 3394 4850 omnes
3407 4797 3592 4849 metro
3604 4823 3618 4831 -

1957 4881 2254 4953 politanos
2266 4879 2577 4953 proprium
2592 4880 2845 4937 efferunt
2872 4880 3417 4953 antistitem.Atque
3439 4896 3509 4936 ex
3521 4880 3616 4936 his

1956 4975 2207 5043 apparet
2235 4968 2381 5042 quid
2405 4968 2804 5042 judicandum
2833 4969 2907 5025 de
2938 4970 3277 5026 testimonio
3301 4966 3513 5024 Norisii
3539 4965 3618 5022 ab

1957 5058 2028 5114 iis
2061 5057 2408 5116 auctoribus
2440 5058 2635 5123 citati;
2668 5074 2791 5115 non
2829 5059 2987 5114 enim
3019 5058 3255 5113 videtur
3295 5055 3618 5112 attendisse

1957 5148 2462 5204 eminentissimus
2479 5147 2690 5205 doctor
2703 5147 2777 5203 ad
2797 5146 3211 5203 confusionem
3233 5142 3620 5218 subscriptio-

1956 5253 2102 5293 num
2118 5236 2387 5310 epistolaa
2406 5236 2732 5310 synodicae,
2754 5249 2950 5305 neque
2973 5236 3046 5290 ad
3068 5235 3518 5305 Syracusanum
3534 5250 3623 5291 ar-

1958 5325 2407 5397 chiepiscopum
2426 5332 2562 5381 ante
2585 5331 2699 5380 tres
2722 5323 2876 5379 alios
2895 5323 3221 5393 signatum,
3246 5328 3302 5379 et
3327 5323 3621 5395 praecipue

1957 5416 2094 5470 ante
2108 5413 2596 5469 Mediolanensem
2615 5427 2626 5465 :
2644 5426 2814 5482 quam
2829 5409 3231 5468 inordinatam
3244 5411 3621 5484 subscriptio-

1957 5517 2105 5558 num
2151 5500 2366 5558 seriem
2395 5501 2550 5556 certe
2597 5513 2720 5555 non
2757 5498 3076 5572 probasset
3111 5500 3220 5566 vir,
3254 5498 3622 5572 ceteroquin
