4012 6184
365 191 469 265 l3l

1218 175 1286 250 in
1334 188 1730 258 S.PETRUM
1777 180 2313 256 CHRYSOLOGUM
2361 163 2924 243 PROLEGOMENA.

3658 176 3771 241 132

358 332 522 391 omni
545 327 943 389 eruditionum
969 320 1678 396 generelaudatissimus.
1705 316 2006 386 Quidvero
2040 316 2089 393 Α
2119 312 2298 384 igitur
2333 312 2383 376 si
2417 311 2782 388 prioritatem
2815 308 3247 378 alloquentium
3288 308 3350 366 in
3381 310 3642 370 conciliis
3691 313 3775 368 ad

357 423 551 495 aptius
582 419 654 476 ad
689 417 990 486 objectum
1023 412 1176 470 istud
1223 427 1403 482 super
1432 407 1721 470 Theodori
1755 404 2011 463 subscri-

360 512 558 582 ptione
581 507 816 580 penitus
843 501 1230 562 evertenduui
1263 498 1586 568 excogitari
1605 500 2009 576 potest,quam

361 581 671 672 ipsiusmet
699 594 882 668 patris
915 589 1210 652 Eustachii
1245 605 1278 644 a
1311 590 1370 642 ὃ.
1416 587 1642 650 Ubaldo
1673 581 2005 656 responsio-

360 705 519 754 nem,
554 687 887 755 eademque
913 680 1096 738 verba
1114 680 1211 736 hic
1230 677 1472 734 tandem
1493 682 1746 734 attexere
1767 675 1792 729 ‘2
1810 673 2010 728 Protu-

363 774 902 838 lerateruditusisle
930 767 1399 838 Augustinianus
1422 764 1783 830 excalceatus
1806 764 2014 826 contra

361 867 724 922 Ticiuensem
755 857 1075 915 Ecclesium
1101 856 1176 914 ab
1196 852 1783 922 Mediolanensejngo
1806 865 1866 908 se
1892 849 2013 914 vin-

361 955 681 1016 dicantem,
718 950 986 1020 diploma
1010 945 1322 1018 quoddam
1353 943 1611 1002 Anselmi
1649 943 1714 996 ιγ
1743 938 2014 1006 Mediola—

359 1043 564 1101 nensis
596 1037 1050 1110 archiepiscopi,
1078 1036 1375 1104 signatum
1395 1037 1606 1104 praeter
1631 1029 1776 1087 alios
1802 1028 1878 1086 ab
1897 1027 2016 1099 epi-

363 1149 548 1204 scopo
581 1128 856 1201 Papiensi
874 1123 1395 1183 Guilelmo.l)ehoc
1409 1127 1607 1182 autem
1633 1124 2014 1180 monumento

360 1221 647 1278 dubitavit
669 1214 1117 1278 cl.Muratorius,
1134 1207 2012 1284 atqueillialiquotsuspicionis

362 1310 578 1378 indicia
608 1306 897 1380 appinxit,
915 1305 1210 1374 interquee
1226 1300 1727 1372 subscriptionem
1750 1296 2016 1370 episcopi

363 1399 663 1469 Papiensis
683 1410 802 1456 non
817 1393 1010 1452 solum
1032 1397 1167 1463 post
1192 1389 1340 1446 alios
1361 1386 1813 1461 episcopos,sed
1834 1385 2016 1444 etiam

361 1491 494 1559 post
510 1486 751 1555 longam
772 1482 1258 1555 presbyterorum
1279 1485 1454 1550 atque
1469 1477 1762 1534 abbatum
1779 1476 2014 1534 seriem.

365 1576 520 1632 Istud
547 1589 687 1643 ergo
707 1571 1066 1644 suspicionis
1088 1570 1373 1629 indicium
1395 1568 1508 1624 hac
1527 1567 1917 1639 responsione
1939 1563 2016 1628 ad

2121 401 2825 477 stabiliendamipsorum
2857 399 3312 474 preecellentiam
3341 399 3725 458 consulamus
3756 405 3770 460 t

2123 496 2176 549 S.
2210 493 2602 561 Hieronymus
2623 491 2873 564 loquens
2895 490 2967 548 de
2989 489 3126 562 ﬁdei
3149 489 3515 562 professione
3537 491 3616 545 PP
3638 507 3774 548 con-

2120 583 2234 639 cilii
2265 581 2671 647 Ariminensis,
2692 580 2823 650 subj
2836 580 2998 650 ungit
3017 580 3337 646 (Dialadv.
3363 580 3586 651 Lucif.)
3608 581 3776 642 :Alia

2120 673 2209 728 die
2241 672 2299 726 in
2322 671 2722 742 ecclesia,quae
2737 675 2817 726 est
2840 669 3000 738 apud
3014 669 3376 734 Ariminum,
3401 677 3452 724 et
3472 671 3776 739 episcopo-

2123 777 2253 817 rum
2273 761 2531 827 simul,et
2554 760 2844 821 laicorum
2869 759 3054 814 turbis
3067 758 3777 822 concuz'rentibus,Muso-

2122 850 2254 906 nius
2287 849 2591 920 episcopus
2615 847 2941 917 provinciae
2987 847 3362 916 Byzantina,
3395 848 3492 902 cui
3531 855 3777 919 propter

2123 945 2350 997 aztatem
2377 938 2583 1008 primae
2604 937 2677 1004 ab
2695 936 2965 992 omnibus
2987 934 3428 1004 deferebantur,
3444 937 3527 990 ita
3550 937 3777 1002 loculus

2125 1033 2344 1093 est,etc.
2369 1026 2559 1084 Eritne
2590 1041 2731 1096 ergo
2751 1024 3040 1086 dicendus
3064 1025 3365 1088 Musonius
3397 1026 3503 1084 istc
3532 1026 3778 1098 majoris

2125 1118 2554 1193 praerogativae,
2588 1120 2642 1174 et
2689 1115 2844 1174 sedis
2894 1114 3349 1174 honorabilioris
3392 1131 3513 1190 pra:
3549 1117 3778 1175 caeteris

2125 1207 2419 1282 episcopis
2432 1206 2662 1268 concilii
2681 1203 3064 1267 Ariminensis
3084 1205 3110 1262 ‘l
3133 1205 3302 1272 Quod
3316 1220 3451 1261 vero
3469 1205 3540 1262 ad
3566 1207 3779 1264 sessio-

2123 1315 2262 1363 nem
2289 1312 2473 1370 quam
2508 1297 2566 1354 in
2604 1294 2866 1352 conciliis
2899 1293 3242 1366 Symmachi
3270 1296 3578 1354 Laurentio
3597 1296 3780 1360 subli-

2125 1387 2375 1455 miorem
2407 1384 2772 1444 confidenter
2791 1383 3076 1447 tribuunt,
3110 1397 3257 1456 pace
3285 1383 3634 1456 scriptorum
3665 1389 3778 1442 Me.

2126 1475 2728 1544 diolanensium,eam
2743 1472 2872 1546 pari
2887 1471 3779 1544 conﬁdentianegamus,donec

2125 1565 2298 1626 certis
2323 1563 2654 1626 rationibus
2676 1566 2776 1622 aut
2800 1562 3225 1626 monumentis,
3245 1577 3366 1618 non
3390 1566 3586 1620 autem
3611 1565 3779 1630 nuda

362 1681 486 1722 rem
517 1668 786 1724 nostram
819 1659 1132 1732 aptissima
1168 1658 1391 1720 diluere
1423 1657 1640 1725 satagit
1670 1655 2016 1718 Eustachius
2046 1680 2091 1738 Β
2126 1651 3409 1730 subscriptione,cuinihilﬁderepossumus,
3438 1652 3612 1712 nobis
3627 1655 3782 1710 veri-

365 1758 567 1810 noster
596 1773 606 1810 :
637 1773 663 1803 «
688 1755 820 1808 Post
849 1748 996 1806 alios
1015 1747 1306 1812 inferioris
1329 1745 1657 1816 dignitatis,
1682 1742 2018 1806 scilicetab-

363 1842 533 1900 bates
562 1845 618 1898 et
647 1838 1048 1912 presbyteros,
1071 1839 1320 1908 apparet
1344 1840 1496 1894 certe
1523 1833 1871 1905 subscriptio
1891 1832 2019 1905 cpi-

368 1928 893 2002 scopi'l‘icinensis.
922 1928 1230 1995 Congruus
1253 1924 1335 1981 illi
1358 1923 1432 1981 ad
1452 1923 1510 1984 id
1531 1923 1655 1978 sine
1681 1921 1862 1986 dubio
1885 1925 2020 1994 post

364 2017 878 2090 archiepiscopum
905 2015 1094 2071 locus.
1119 2013 1232 2068 Sed
1247 2012 1392 2084 quid
1408 2009 2020 2084 sialiquarationabili

365 2124 546 2167 causa
566 2122 684 2164 non
701 2107 780 2168 ita
799 2107 1179 2162 observatum
1204 2104 1230 2160 il
1252 2101 1590 2173 Aliquando
1605 2099 1866 2172 episcopi
1889 2098 2021 2158 loco

364 2196 513 2254 alias
547 2196 660 2254 sibi
692 2211 811 2252 non
843 2193 1042 2255 debito
1077 2192 1135 2248 in
1170 2189 1440 2250 conciliis
1467 2189 1887 2260 subscripsere,
1921 2193 2023 2254 aut

364 2284 506 2358 quia
555 2281 969 2339 subscribendi
1000 2285 1269 2350 tempore
1313 2278 1444 2334 aliis
1474 2277 1716 2347 detenti,
1747 2281 1851 2334 aut
1877 2278 2022 2349 quia

369 2373 628 2446 partium
660 2370 808 2426 ordo
837 2373 1124 2431 servatus,
1158 2366 1237 2422 ita
1263 2371 1324 2422 ut
1347 2366 1504 2421 facta
1535 2365 1699 2436 prius
1724 2364 1995 2436 subscrip

371 2463 528 2518 tione
559 2458 748 2516 abhis
773 2457 877 2529 qui
895 2472 966 2512 ex
993 2471 1116 2514 una
1139 2459 1303 2527 parte
1331 2453 1635 2517 sedebant,
1657 2453 2018 2526 subscripse-

366 2551 483 2608 rint
503 2548 738 2613 deinde,
781 2545 889 2603 etsi
935 2544 1260 2616 digniores,
1301 2543 1404 2616 qui
1435 2559 1506 2599 ex
1533 2543 1755 2609 altera;
1800 2543 1872 2600 de
1900 2558 2021 2616 quo

368 2654 534 2697 more
557 2637 771 2696 Hallier
797 2635 872 2698 de
899 2633 1118 2694 Eccles.
1143 2633 1357 2694 Hierar.
1387 2632 1488 2690 lib.
1521 2648 1598 2700 iv,
1631 2636 1770 2690 sect.
1799 2635 1853 2699 4,
1885 2647 2018 2704 cap.

367 2734 418 2796 2,
469 2732 577 2786 art.
624 2730 676 2792 4,
721 2728 867 2795 ἓῖὸ,
912 2727 970 2781 et
1001 2722 1298 2782 Cantelius
1343 2722 1483 2780 Hist.
1527 2720 1839 2793 metropol.
1873 2721 2012 2778 urb.

371 2823 514 2875 tom.
545 2816 584 2883 Ι,
618 2818 768 2887 part.
812 2832 846 2880 ι,
891 2813 1122 2870 dissert.
1161 2817 1212 2878 6,
1247 2827 1379 2884 cap.
1430 2813 1483 2875 2,
1529 2815 1630 2866 aut
1659 2810 1835 2867 etiam
1881 2809 2023 2883 quia

365 2903 726 2978 quandoque
753 2900 1155 2967 tumultuarie,
1184 2899 1348 2956 nullo
1372 2899 1592 2958 scilicet
1617 2904 1848 2956 servato
1871 2898 2023 2955 ordi~

364 3009 461 3058 ne,
495 2992 599 3048 sed
631 2990 708 3047 ad
735 2990 1027 3061 cujusque
1071 2986 1597 3054 commoditatem;
1639 2988 1734 3044 Vel
1778 2987 2020 3046 tandem

364 3080 508 3153 quia
537 3078 710 3136 sicuti
741 3093 862 3134 non
893 3077 1228 3134 necessaria
1257 3076 1318 3131 in
1348 3092 1418 3134 eo
1450 3092 1593 3132 casu
1639 3075 2017 3147 Subscriptio,
2051 3075 2094 3114 ‘4

369 3168 454 3224 sic
484 3182 593 3224 nec
625 3169 884 3226 attentus
915 3163 1420 3222 subscribentium
1452 3163 1693 3226 ordo....
1726 3166 1853 3228 Non
1879 3179 2020 3235 ergo

366 3254 512 3315 tanti
525 3253 844 3313 Ticinensis
862 3258 1024 3316 extra
1041 3253 1312 3312 ordinem
1329 3249 1688 3324 subscriptio
1710 3252 2017 3322 momenti,

365 3351 428 3405 ut
455 3362 592 3403 cum
620 3342 990 3404 rationabilis
1012 3358 1140 3400 esse
1163 3342 1440 3415 potuerit,
1471 3343 1580 3407 etsi
1600 3343 1868 3417 quinque
1886 3346 2023 3416 post

367 3437 587 3496 saecula
604 3451 791 3494 causa
812 3433 1064 3506 praecisa
1076 3437 1330 3505 nequeat
1351 3432 1670 3502 assignari,
1704 3437 1760 3494 et
1778 3433 2021 3505 insuper

369 3525 643 3598 exemplo
673 3539 796 3581 non
835 3522 1106 3591 caruerit,
1151 3521 1420 3585 falsitatis
1463 3521 1802 3594 suspicione
1828 3522 2024 3588 valeat

368 3617 482 3672 hoc
507 3615 938 3672 documentum
970 3611 1341 3668 obnubilare.
1387 3632 1411 3663 ››

441 3707 529 3760 69.
559 3705 838 3774 Superest
864 3700 1042 3772 igitur
1071 3705 1134 3765 ut
1164 3700 1238 3758 de
1261 3699 1606 3772 Symmachi
1630 3716 1804 3774 papae
1825 3700 2020 3762 conci-

364 3791 479 3858 liis,
503 3791 605 3850 ubi
625 3789 1007 3849 Laurentium
1025 3789 1331 3853 Mediolani
1355 3795 1491 3852 ante
1512 3793 1810 3848 Ravennae
1832 3791 2022 3856 archi-

365 3881 712 3955 episcopum
736 3879 972 3936 Petrum
997 3877 1431 3952 subscripsisse
1447 3885 1712 3952 apparet,
1736 3879 1920 3938 verba
1941 3879 2024 3940 fa-

366 3971 617 4028 ciamus.
646 3971 782 4029 Tres
811 3967 1225 4041 preecedentite
1257 3968 1557 4040 gradusin
1582 3969 1745 4027 hisce
1775 3970 2021 4043 synodis

362 4059 754 4133 metropolitae
782 4074 890 4116 suo
919 4057 1246 4131 acquisitos
1269 4063 1464 4120 mente
1490 4064 1892 4132 conceperant
1915 4062 2021 4122 Me-

359 4146 761 4215 diolanenses,
788 4147 1185 4214 allocutionis,
1209 4148 1518 4215 sessionis,
1539 4148 2017 4223 subscriptionis.

363 4239 608 4296 Addunt
633 4237 899 4310 synodos
924 4238 1087 4310 ipsas
1115 4237 1545 4296 Theodoricum
1576 4254 1800 4310 regem,
1833 4241 2021 4296 Enno-

361 4325 529 4382 dium
555 4325 1344 4395 diaconum,aliosque,cum
1367 4330 1686 4398 utrumque
1702 4327 2021 4399 praesulem

2079 1743 2082 1748 ’
2126 1751 2215 1804 tas
2237 1743 2532 1800 elucescat
2555 1757 2568 1810 ;
2589 1741 2728 1813 quid
2747 1742 2902 1802 enim
2924 1739 3296 1806 habemusin
3317 1741 3617 1814 synodicis
3640 1743 3780 1800 acti-

2128 1835 2239 1900 bus
2270 1833 2432 1908 quod
2465 1830 2744 1896 sessionis
2773 1830 2953 1902 hujus
2996 1831 3452 1904 praerogativam,
3481 1847 3556 1890 ne
3584 1831 3778 1896 latum

2128 1923 2371 1997 quidem
2406 1937 2671 1992 unguem
2716 1919 3023 1992 indigitct?
3069 1920 3293 1978 Litteris
3331 1927 3530 1978 autem
3562 1925 3776 1978 nostra:

2131 2011 2444 2076 Clementis
2471 2013 2514 2066 ll
2546 2010 2782 2066 Petrum
2807 2011 3202 2067 Ravennatem
3225 2009 3538 2072 Laurentio
3569 2010 3775 2078 Medico

2129 2101 2358 2162 lanensi
2381 2102 2441 2162 in
2474 2098 3069 2172 subscriptione,non
3093 2102 3292 2164 autem
3310 2098 3370 2154 in
3393 2100 3655 2162 sessione
3674 2115 3778 2173 po-

2131 2192 2340 2254 tiorem
2373 2189 2572 2250 locum
2599 2189 2960 2250 concessisse
2987 2194 3479 2248 commemorant.

2201 2282 2288 2336 7t.
2322 2278 2586 2335 Tandem
2631 2278 2794 2350 quod
2841 2277 3337 2350 subscriptionem
3379 2283 3622 2352 spectat,
3657 2295 3782 2346 non

2132 2374 2253 2427 tam
2272 2367 2444 2426 facile
2457 2382 2590 2424 eam
2618 2367 3215 2433 admitteremus,nisi
3242 2368 3617 2432 Clementinee
3640 2368 3785 2440 litte-

2129 2474 2210 2515 rae
2237 2473 2377 2514 mox
2408 2456 2599 2512 allatas
2631 2453 2705 2512 de
2727 2470 2798 2511 ea
2822 2455 3006 2512 ﬁdem
3027 2457 3305 2514 facerent.
3336 2459 3604 2530 Legimus
3620 2459 3781 2516 enim

2130 2549 2190 2604 in
2216 2548 2374 2604 notis
2397 2545 2476 2602 ad
2503 2544 2751 2609 alteram
2781 2560 2852 2602 ex
2870 2545 2983 2602 illis
3006 2547 3268 2618 synodis,
3289 2563 3421 2604 eam
3440 2564 3657 2621 nempe
3677 2565 3780 2606 an.

2130 2638 2228 2694 501
2258 2635 2640 2700 celebratam,
2667 2634 2968 2691 Baluzium
2991 2651 3226 2692 asseren
3236 2640 3350 2692 tem
3375 2652 3384 2690 :
3407 2635 3664 2695 Multum
3677 2654 3783 2694 aus

2133 2733 2244 2784 tem
2265 2725 2508 2784 diversa
2535 2724 3144 2793 suntsubscriptiones
3161 2726 3235 2781 ab
3256 2724 3422 2782 editis
3443 2729 3502 2782 in
3526 2724 3782 2798 antiquis

2132 2815 2589 2887 exemplaribus,
2615 2821 2668 2871 et
2690 2815 2919 2872 diverso
2938 2815 3144 2872 ordine
3161 2817 3369 2884 posiae
3386 2823 3523 2873 sunt
3545 2818 3600 2874 in
3627 2817 3780 2874 codi-

2131 2924 2184 2963 ce
2206 2923 2499 2966 canonum
2515 2905 2792 2968 Ecclesia:
2818 2904 3199 2962 Rozzzanaz.Ad
3219 2904 3466 2961 alteram
3485 2922 3783 2978 vero,quee

2131 2995 2429 3054 Palmaris
2445 3011 2480 3052 a
2497 2993 2864 3064 quibusdam
2889 2998 3148 3060 vocatur,
3174 2995 3379 3066 repetit
3401 3011 3533 3052 eam
3558 2994 3782 3052 Baluzii

2131 3084 2198 3139 de
2215 3082 2716 3154 subscriptionum
2733 3080 2936 3140 ordine
2951 3081 3528 3142 animadversionem
3544 3083 3781 3155 Pagius.

2129 3171 2169 3228 Il
2191 3171 2398 3232 ultima
2420 3176 2618 3230 autem
2651 3171 3102 3228 observavimus
3118 3171 3276 3228 hanc
3299 3173 3780 3236 annotationem:

2130 3261 2264 3320 Sunt
2281 3262 2482 3319 eadem
2502 3261 2954 3330 subscriptiones
2972 3277 3027 3318 in
3052 3264 3452 3333 manuscripto
3465 3264 3661 3322 codice
3672 3264 3784 3328 Pa-

2130 3351 2379 3418 risiensi,
2403 3352 2505 3409 sed
2525 3366 2643 3408 non
2662 3351 2854 3408 eodem
2877 3351 3102 3410 ordine.
3123 3352 3313 3408 Immo
3331 3352 3563 3410 dubitat
3582 3351 3785 3420 Binius

2129 3440 2239 3499 has
2265 3440 2509 3498 easdem
2544 3440 3008 3512 subscriptiones
3051 3456 3172 3498 non
3203 3442 3493 3513 pertinere
3523 3442 3602 3498 ad
3624 3443 3784 3500 hanc

2131 3529 2452 3604 synodum.
2475 3530 2555 3586 En
2583 3530 2710 3600 ejus
2739 3529 2921 3586 verba
2949 3544 2961 3584 :
2986 3530 3055 3586 In
3080 3531 3511 3599 subscriptione
3527 3529 3784 3601 plurimi

2132 3619 2450 3677 Orientales
2465 3620 2960 3690 nominantur,qui
2972 3620 3218 3676 concilio
3233 3620 3784 3680 Chalcedonensian.

2134 3714 2188 3766 te
2222 3725 2394 3767 annos
2418 3709 2818 3780 quinquaginta
2844 3709 2990 3764 duos
3026 3710 3441 3780 interfuerunt,
3465 3717 3517 3768 et
3540 3726 3784 3784 quorum

2129 3805 2246 3870 post
2260 3799 2450 3855 decem
2465 3813 2644 3854 annos
2658 3813 2693 3854 a
2709 3804 2962 3869 tempore
2972 3797 3113 3855 dicti
3125 3796 3354 3855 concilii
3379 3800 3549 3857 nulla
3571 3800 3786 3858 mentio

2128 3890 2448 3958 reperitur.
2465 3886 2618 3944 Unde
2629 3887 3061 3960 probabilejesse
3072 3891 3502 3961 apparet,quod
3517 3890 3785 3946 hxcsub-

2128 3977 2372 4047 scriptio
2386 3992 2499 4033 non
2514 3977 2588 4032 sit
2599 3977 2996 4040 Romanw,sed
3007 3976 3250 4035 alterius
3263 3979 3572 4048 cujusdam
3591 3979 3786 4051 synodi

2131 4067 2301 4137 longe
2313 4071 2453 4123 ante
2476 4066 2868 4134 haactempora
2891 4065 3413 4133 celebratceQuare
3428 4069 3788 4132 nesciremus

2128 4156 2393 4229 profecto
2406 4170 2689 4228 quaenam
2704 4154 2853 4214 ratio
2871 4155 3022 4211 foret
3041 4156 3321 4216 habenda
3335 4156 3628 4228 ejusmodi
3646 4156 3789 4220 sub-

2131 4246 2544 4317 scriptionum.
2563 4244 2841 4302 Dubietas
2857 4251 3053 4300 autem
3077 4244 3277 4302 istheec
3298 4253 3550 4315 urgeret,
3567 4243 3785 4317 magis,

2130 4336 2176 4391 si
2198 4334 2562 4400 attendenda
2589 4339 2740 4390 esset
2768 4334 3041 4406 incriptio
3065 4333 3282 4405 synodi
3312 4334 3611 4402 Palmaris,
3643 4337 3789 4395 resi-

362 4411 696 4478 nominant,
753 4411 1254 4470 Mediolanensem
1315 4411 1643 4470 Ravennati
1703 4413 2017 4485 praeferre;

2130 4425 2303 4480 dente
2325 4437 2451 4479 ven.
2477 4422 2602 4478 viro
2619 4437 2783 4490 papa
2800 4401 3177 4494 Synimaclio,
3202 4440 3313 4480 una
3333 4440 3465 4484 cum
3495 4401 3618 4484 ven.
3640 4426 3786 4484 viris

367 4499 732 4564 Gratianum,
753 4515 823 4556 ex
847 4514 918 4555 eo
943 4498 1108 4571 quod
1129 4499 1289 4570 prior
1305 4499 1760 4560 Mediolanensis
1789 4501 2021 4564 locutus

368 4588 443 4644 sit
471 4590 529 4646 et
552 4586 995 4660 subscripserit,
1027 4601 1291 4652 asserere
1321 4588 1450 4659 ejus
1491 4587 1653 4650 sedis
1680 4592 2019 4662 praerogati-

367 4692 524 4736 vam.
565 4676 809 4747 Singula
833 4675 1086 4736 breviter
1114 4676 1520 4746 discutiamus.

442 4769 531 4824 το.
557 4765 708 4832 Quia
732 4780 874 4836 ergo
895 4766 954 4824 in
983 4766 1326 4839 Symmachi
1353 4763 1619 4840 conciliis
1636 4772 1773 4829 ante
1795 4772 2020 4832 Raveno

367 4861 559 4916 uatem
574 4852 1970 4930 loquiturMediolanensis,digniorestcensendus
1993 4864 2020 4920 τ

369 4948 550 5006 Unica
581 4944 998 5005 tantummodo
1029 4945 1154 5004 vice
1179 4944 1720 5020 locutumlegimus
1742 4950 1802 5007 in
1818 4951 2021 5022 hujus-

365 5036 529 5094 modi
577 5035 793 5110 synodi
819 5035 1218 5100 Laurentium,
1250 5036 1471 5095 scilicet
1496 5038 1558 5094 in
1597 5039 1785 5105 tertia,
1831 5055 2017 5113 quam

362 5125 578 5198 Pagius
591 5128 920 5185 Palmarem
938 5125 1121 5184 fuisse
1146 5125 1387 5198 probat;
1410 5126 1493 5185 ibi
1514 5131 1714 5186 autem
1729 5144 1853 5186 non
1875 5132 2018 5190 Lau-

359 5214 715 5280 rentius,sed
738 5216 969 5286 primus
995 5215 1178 5273 verba
1194 5215 1687 5275 facitCresconius
1709 5220 2017 5290 episcopus

367 5303 707 5360 Tudertinae
719 5304 1079 5371 Ecclesix,al
1088 5310 1170 5364 ter
1190 5306 1488 5364 Maximus
1505 5308 1802 5380 episcOpus
1821 5309 2017 5369 Blera-

361 5407 450 5446 naa
462 5390 756 5462 Ecclesiae,
790 5395 991 5450 tertius
1016 5395 1350 5467 Stephanus
1379 5397 1678 5468 episcopus
1706 5399 2016 5458 Venusina:

359 5479 662 5552 Ecclesia),
670 5484 913 5553 quartus
927 5497 1058 5541 vero
1069 5485 1432 5544 Laurentius
1445 5487 2015 5547 Mediolanensisﬂaa

2130 4510 2466 4580 Laurentio,
2501 4509 2782 4576 Maximo,
2825 4510 3016 4578 Petro,
3051 4513 3390 4577 Laurentio,
3418 4513 3783 4581 zEmiliano,

2131 4604 2239 4657 etc.
2256 4599 2398 4664 Quis
2416 4598 2576 4655 enim
2597 4614 2667 4654 ex
2686 4598 2922 4656 duobus
2943 4600 3068 4658 istis
3096 4602 3420 4664 Laurentiis
3449 4601 3786 4664 credendus

2131 4687 2672 4760 estuediolanensis
2694 4689 2721 4746 (ἰ
2736 4690 2946 4761 Ecquis
2964 4690 3347 4748 Maximusille
3363 4690 3739 4750 intermedius
3754 4691 3785 4748 7

2130 4783 2278 4838 Num
2294 4777 2582 4835 Maximus
2607 4777 2923 4850 episcopus
2940 4780 3226 4838 Bleranus
3243 4785 3307 4838 ut
3328 4781 3384 4836 in
3405 4780 3788 4854 subscriptio.

2129 4868 2306 4925 nibus
2321 4868 2350 4924 ‘2‘
2368 4869 2514 4923 Num
2536 4866 2904 4941 Marcellinus
2927 4869 3317 4941 Aquileiensis
3341 4874 3367 4926 ?
3388 4869 3500 4926 Sed
3523 4871 3629 4928 iste
3651 4874 3789 4928 acta

2129 4957 2499 5029 synodorum
2521 4955 2730 5013 nullibi
2753 4956 3093 5020 subscribit,
3111 4957 3245 5014 licet
3272 4957 3550 5014 secundae
3572 4957 3786 5016 saltem

2128 5044 2712 5120 synodointerfuisse
2726 5051 2954 5104 certum
2982 5046 3054 5103 sit
3081 5063 3152 5104 ex
3172 5047 3418 5119 epistola
3437 5048 3789 5108 Theodorici

2125 5137 2300 5207 regis,
2331 5141 2386 5194 et
2415 5152 2480 5194 ex
2511 5140 2808 5207 prmeepto
2834 5141 3092 5202 senatus,
3121 5137 3430 5209 ipsiusque
3446 5137 3786 5204 Marcellini,

2127 5225 2230 5282 ubi
2264 5225 2448 5282 solius
2473 5223 2867 5296 Aquileiensis
2885 5225 3080 5296 primo
3103 5225 3237 5286 loco
3259 5242 3480 5302 nomen
3507 5225 3791 5299 exprimi-

2126 5318 2236 5376 tur,
2257 5312 2404 5370 nihil
2431 5313 2639 5370 habita
2654 5313 3264 5382 Mediolanenseﬂum
3282 5316 3482 5389 igitur,
3509 5316 3784 5388 inquam.

2124 5401 2402 5460 habenda
2420 5407 2577 5460 esset
2590 5403 2738 5466 ratio
2756 5403 2829 5459 de
2837 5403 3072 5474 iactatis
3091 5404 3659 5478 subscriptionibus,
3677 5419 3790 5478 per

2124 5505 2278 5564 quas
2291 5492 2754 5567 praecedentiam
2771 5493 3224 5558 Mediolanansis
3241 5496 3380 5558 totis
3398 5494 3625 5574 viribus
3647 5508 3789 5566 pur
