4012 6184
339 210 439 266 135

1190 190 1257 251 IN
1303 194 1361 251 S.
1412 189 1700 250 PE'I‘RUM
1747 180 2277 247 CHRYSOLOGUM
2327 185 2885 248 PROLEGOMENA.

3631 184 3734 243 136

333 337 425 393 chi
450 335 610 408 prior
641 327 889 386 concilio
919 322 1264 398 praesederit
1308 320 1676 390 Laurentius,
1711 321 1873 393 prior
1901 319 1982 375 al-
2013 317 2060 375 A
2090 310 3234 390 libentissimerelinquimus,qua3hujus
3249 309 3508 372 auctoris
3526 314 3740 372 abom-

330 427 558 482 locutus
576 418 836 490 sit,prior
857 410 1554 485 subscripserit.Quando
1568 415 1766 466 autem
1792 409 1852 466 in
1871 411 1982 465 ista

333 510 564 584 synodo
596 507 688 563 vel
717 506 891 576 regis,
925 503 1018 560 vel
1044 517 1217 575 papa:
1250 498 1556 566 mandato,
1589 502 1981 555 Ravennatem

332 596 785 658 Mediolanensis
805 591 1129 666 prmoessit;
1155 589 1287 663 quid
1305 588 1664 646 Ravennatis
1682 588 1979 654 intererat,

336 689 384 743 si
398 687 527 744 aliis
551 683 790 759 synodis
821 680 1219 738 subscriberet
1249 677 1567 742 secundus,
1591 675 1812 748 quibus
1844 692 1981 732 cum

335 782 615 852 praeesset
645 789 909 830 summus
934 772 1063 843 ipse
1083 767 1366 843 pontifex,
1425 767 1483 822 in
1526 765 1983 838 praerogativam

336 884 452 926 non
481 863 879 922 inducebatur
906 860 1070 934 prior
1097 861 1201 915 aut
1236 855 1533 930 posterior
1576 853 1935 928 subscriptio
1956 854 1985 909 ?

403 957 634 1013 74.11am
650 951 996 1010 addideram
1019 950 1078 1004 in
1105 947 1355 1018 gratiam
1379 945 1702 1019 suppositas
1716 943 1984 1002 Clemen-

334 1046 440 1104 tini
463 1043 805 1118 diplomatis
834 1037 1350 1095 falsitatis.Verum
1381 1035 1560 1105 igitur
1585 1034 1729 1090 illud
1760 1035 1850 1101 sit,
1875 1049 1985 1090 nec

332 1136 657 1209 ne,potiora
679 1128 1192 1205 prterogativarum
1210 1125 1340 1196 jura
1355 1125 1565 1181 frustra
1578 1123 1683 1178 sibi
1699 1127 1987 1194 aucupant

331 1224 797 1284 Mediolanenses
811 1218 884 1275 ab
895 1217 1061 1274 hisce
1076 1214 1536 1287 Symmachianis
1551 1213 1986 1284 subscriptioni-

328 1316 461 1370 bus.
489 1311 768 1370 Gratiano
793 1312 985 1366 autem
1010 1322 1078 1362 ex
1095 1304 1208 1361 illis
1237 1308 1639 1374 argumentum
1660 1302 1983 1358 instituenti

329 1419 433 1476 pro
447 1397 869 1473 archiepiscopi
885 1393 1336 1453 Mediolanensis
1356 1392 1715 1457 excellentia,
1745 1392 1985 1460 aliisque

329 1490 614 1548 omnibus
645 1485 1077 1544 recentioribus
1099 1482 1176 1538 ab
1203 1481 1518 1538 Eustachio
1547 1479 1986 1546 citatis,nullius

331 1579 550 1650 negotii
583 1582 671 1634 est
689 1574 1059 1648 respondere,
1082 1571 1210 1628 illos
1228 1587 1445 1642 nempe
1459 1569 1774 1642 antiquum
1795 1571 1990 1626 conci-

331 1669 544 1726 liorum
562 1682 790 1724 morem
809 1663 888 1721 ad
919 1664 1009 1719 sui
1038 1659 1313 1734 temporis
1343 1659 1654 1716 inductam
1677 1664 1992 1714 consuetu-

335 1757 537 1815 dinem
565 1770 874 1828 perperam
906 1752 1117 1808 metiri.
1152 1749 1380 1807 Nullam
1407 1748 1737 1820 antiquitus
1761 1749 1991 1804 sedium

337 1851 627 1921 praarogat
639 1846 871 1900 ivarum
883 1841 1154 1898 habitam
1169 1838 1349 1895 fuisse
1361 1838 1645 1895 rationem
1661 1837 1721 1893 in
1734 1837 1995 1894 subscri-

337 1935 644 2011 ptionibus
665 1930 1044 1990 conciliorum
1063 1928 1336 2001 probant,
1358 1943 1495 1999 quae
1524 1925 1992 1985 Mediolanenses

335 2026 512 2083 nobis
532 2023 806 2096 superius
822 2023 1079 2090 ingenue
1093 2015 1633 2090 suppeditarunt,et
1651 2032 1786 2087 quae
1820 2032 1995 2090 super

335 2109 1014 2186 hujusmodidisciplina
1027 2107 1268 2180 plurimi
1289 2109 1562 2161 auctores
1578 2105 1994 2174 docuerunt,et

334 2203 662 2276 praesertim
680 2215 815 2272 quin
839 2199 900 2253 in
927 2194 1275 2268 Symmachi
1295 2193 1563 2249 conciliis
1581 2193 1995 2250 animadverti«

336 2308 489 2349 mus.
523 2288 711 2361 Cmpit
739 2285 987 2360 quidem
1012 2281 1440 2339 recentioribus
1473 2281 1707 2337 saeculis
1742 2282 1993 2353 pristina

334 2377 648 2450 disciplina
664 2369 1381 2442 defervescere,oblitique
1395 2372 1532 2426 sunt
1557 2369 1823 2426 Ecclesiae
1844 2387 1993 2444 pree-

335 2468 488 2525 sules
519 2465 728 2523 Christi
757 2460 993 2518 Domini
1021 2465 1406 2531 praeceptum,
1438 2457 1553 2525 Qui
1592 2460 1790 2529 major
1817 2464 1900 2517 est
1927 2462 1993 2516 in

336 2558 486 2616 vobis
496 2558 602 2627 ﬁat
621 2556 771 2610 sicut
789 2551 1171 2620 minor,etqui
1188 2563 1498 2618 praecessor
1518 2553 1600 2604 est
1623 2549 1774 2604 sicut
1812 2551 1994 2622 mini-

336 2649 554 2703 strator
583 2644 741 2715 (Luc.
771 2638 1421 2708 xxii,26),assumentes
1454 2653 1483 2690 e
1513 2641 1717 2692 contra
1740 2636 1994 2710 discipu-

339 2735 524 2789 lorum
543 2745 663 2786 non
683 2728 880 2784 adhuc
903 2725 1394 2780 contirmatorum
1413 2723 1994 2793 intirmitatem.0uis

341 2838 541 2881 eorum
566 2819 870 2876 videretur
894 2829 1012 2872 esse
1042 2828 1238 2883 major
1286 2811 1478 2882 (Ibid,
1544 2813 1874 2869 ambitione
1912 2813 1998 2870 in-

343 2913 560 2968 duente
578 2921 898 2980 personam
925 2902 1292 2959 necessitatis
1303 2901 1322 2970 j
1334 2901 1527 2956 urium
1542 2901 1796 2974 propriae
1811 2902 1996 2960 Eccle-

2091 405 2270 461 nibus
2299 407 2641 478 rejiciuntur
2661 423 2674 472 ;
2691 423 2884 480 neque
2906 405 3393 477 obstupescimus
3410 403 3482 460 cl.
3506 409 3740 460 caetero-

2091 497 2236 569 quin
2268 497 2640 554 decretorum
2675 497 3049 553 collectorem
3079 511 3201 551 non
3231 494 3573 551 meminisse
3621 494 3740 551 Cleo

2094 586 2339 643 mentini
2369 587 2728 659 diplomatis.
2760 602 2898 642 cum
2929 589 3014 641 tot
3043 584 3158 641 alia
3185 584 3436 640 fortasse
3494 585 3738 655 majoris

2093 675 2383 732 momenti
2409 682 2464 731 et
2492 674 2796 745 indaginis
2815 674 2906 731 vel
2935 674 3202 743 tacuerit,
3230 672 3612 740 velomiserit,
3646 673 3743 729 vel

2091 767 2470 837 ignoraverit,
2503 765 2590 821 vel
2626 767 2782 822 male
2811 763 3172 821 intellexerit.

2163 861 2250 912 76.
2274 855 2445 921 Quod
2462 871 2603 911 vero
2617 854 2694 910 ad
2712 853 3053 926 Symmachi
3072 852 3338 926 synodos
3351 853 3742 925 attinet,quod

2091 945 2488 1002 Theodoricus
2517 960 2641 1010 rex,
2666 943 2826 1017 quod
2860 943 3181 1010 Ennodius,
3215 946 3269 1000 et
3291 947 3530 1000 centum
3558 942 3745 1006 alii,si

2094 1036 2306 1107 placet,
2335 1051 2470 1091 cum
2506 1037 2825 1106 utrumque
2857 1032 3382 1104 metropolitanum
3411 1033 3742 1101 nominant,

2095 1125 2594 1182 Mcdiolanensem
2627 1125 3021 1196 praemittunt;
3069 1121 3390 1178 ridiculum
3441 1123 3747 1178 enimvero

2095 1220 2186 1272 est
2220 1215 2277 1270 id
2301 1219 2640 1271 convertere
2670 1214 2729 1269 in
2762 1217 3179 1284 argumentum
3206 1212 3578 1283 majoritatis.
3601 1211 3750 1268 Scri-

2092 1306 2179 1362 bit
2208 1305 2386 1361 divus
2410 1304 2625 1360 Paulus
2655 1308 2712 1359 et
2742 1303 3005 1368 Galatas,
3029 1302 3171 1358 Cum
3193 1303 3594 1372 cognovissent
3617 1318 3751 1372 gra-

2096 1395 2240 1452 tiam
2259 1409 2385 1466 qua
2401 1394 2542 1450 data
2561 1398 2642 1450 est
2669 1391 2814 1448 mihi
2835 1391 3092 1448 Jacobus
3109 1398 3162 1446 et
3188 1390 3409 1460 Cephas
3443 1391 3661 1460 (Galat.
3687 1406 3748 1454 ιι,

2095 1487 2174 1557 9);
2196 1483 2606 1556 apostolorum
2622 1480 2950 1553 principem
2971 1479 3222 1551 Cepham
3244 1479 3457 1535 Paulus
3483 1495 3624 1548 ergo
3645 1478 3754 1534 mi-

2097 1590 2295 1631 norem
2311 1572 2589 1629 credidit?
2610 1569 2970 1627 Athanasius
3003 1568 3352 1642 synodicam
3383 1567 3752 1625 Sardicensis

2025 1679 2070 1738 Β
2101 1662 2337 1722 concilii
2359 1661 2668 1734 epistolam
2694 1659 2964 1723 laudans,
2981 1666 3159 1730 atque
3174 1657 3486 1729 episcopos
3498 1658 3754 1730 quieam

2101 1753 2587 1825 subscripserunt
2615 1749 3094 1813 enumerans,ait
3121 1747 3458 1820 (Apolog.2)
3493 1764 3507 1803 :
3534 1748 3754 1804 Eorum

2102 1851 2298 1902 autem
2318 1841 2417 1915 qui
2442 1841 2504 1896 in
2526 1840 2750 1910 synodo
2771 1839 3260 1906 subscripserunt,
3294 1843 3756 1908 caeterorumque

2104 1935 2365 1992 aliorum
2384 1931 2498 1986 ista
2520 1935 2659 1985 sunt
2671 1929 2938 1994 nomina,
2972 1926 3142 1984 Osius
3153 1926 3227 1983 ab
3241 1926 3525 1995 Hispania
3535 1925 3753 1990 ,Julius

2104 2018 2942 2090 RomasperArchidamum,et
2958 2016 3356 2072 Philoxenum
3377 2015 3756 2084 prosbyteros

2105 2127 2232 2166 suos
2261 2110 2614 2178 Protogenes
2645 2105 2926 2170 Sardicaa,
2961 2108 3068 2160 etc.
3104 2105 3225 2159 Erit
3253 2119 3393 2174 ergo
3423 2103 3615 2158 Julius
3647 2104 3760 2160 Ro-

2105 2215 2316 2255 manus
2335 2195 2595 2268 pontifex
2636 2193 2775 2250 Osio
2795 2193 3151 2249 Cordubensi
3169 2190 3644 2264 postponendus?
3663 2195 3759 2248 VtB

2105 2291 2306 2344 autem
2329 2282 2779 2357 praeeminentiae
2797 2281 3315 2337 Mediolanensium
3338 2297 3519 2353 supra
3538 2281 3764 2337 Vercel-

2105 2377 2316 2443 lenses,
2340 2374 2387 2429 si
2419 2371 2606 2445 ipsius
2631 2369 2940 2426 Athanasii
2967 2370 3308 2427 auctoritate
3334 2370 3674 2436 abutamur,
3701 2371 3764 2427 in

2106 2463 2355 2538 epistola
2377 2463 2454 2518 ad
2487 2459 2793 2518 Solitarios
2819 2459 3068 2515 dicentis
3101 2474 3115 2514 :
3143 2460 3473 2516 Clarissima:
3489 2469 3613 2517 sunt
3639 2477 3764 2516 cono

2106 2552 2353 2627 fessionis
2381 2551 2501 2606 viri
2521 2547 2794 2619 religiosi,
2817 2551 2866 2603 et
2897 2547 3131 2618 episcopi
3161 2548 3292 2603 boni
3325 2549 3602 2606 Paulinus
3635 2551 3766 2605 Tre-

2108 2645 2370 2705 virorum,
2403 2639 2624 2708 Lucifer
2652 2639 2934 2709 episoopus
2964 2637 3265 2704 Sardiuiw,
3301 2638 3573 2697 Eusebius
3636 2639 3768 2695 Ver-

2109 2733 2276 2800 cellis,
2305 2727 2601 2800 Dionysius
2625 2727 2943 2783 Mediolani.
2979 2727 3124 2783 ltem
3163 2727 3308 2800 quia
3358 2727 3768 2785 Constantinm

2109 2819 2440 2893 politanum
2474 2816 2800 2873 concilium
2820 2815 2927 2871 vin
2941 2815 3332 2874 damnatione
3346 2817 3524 2874 trium
3540 2818 3771 2889 capita-

2108 2905 3017 2977 lorum,condemnamus,inquit,
3039 2913 3092 2962 et
3123 2907 3768 2964 anathematizamus...

344 3000 444 3056 sise
473 2996 847 3054 tuendorum.
875 2992 963 3046 Ad
982 2992 1137 3047 hanc
1166 2989 1425 3061 respexit
1453 2991 1791 3056 Gratianus,
1816 2991 1998 3048 illius-
2032 3029 2077 3086 C
2109 3014 2240 3072 qua:
2253 2997 2433 3065 impie
2452 2995 2850 3051 Theodoretus
2868 2996 3216 3063 conscripsit
3242 3001 3450 3051 contra
3463 3003 3682 3052 rectam
3704 2994 3772 3067 ﬂ-

343 3103 460 3160 que
487 3090 807 3141 sectatores
839 3083 1224 3152 respexerunt
1253 3078 1314 3133 in
1346 3078 1537 3135 allatis
1569 3079 1830 3146 casibus,
1872 3097 1998 3138 non

343 3180 542 3232 autem
575 3173 651 3229 ad
673 3170 1007 3243 primorum
1040 3167 1394 3223 saeculorum
1426 3167 1884 3240 simplicitatem.

412 3269 499 3320 75.
529 3262 616 3318 0b
655 3260 894 3316 citatam
920 3262 1111 3313 tamen
1135 3256 1398 3312 Gratiani
1429 3258 1841 3315 auctoritatem
1882 3259 1997 3315 Eu—

342 3352 606 3410 stachius
622 3367 657 3407 a
669 3346 950 3406 S.Ubaldo
965 3343 1352 3402 subirascitur
1367 3344 1537 3401 Felici
1555 3349 1807 3404 Antonio
1823 3351 1999 3405 Guar-

339 3440 547 3509 nierio,
583 3437 856 3496 tribuenti
875 3435 1232 3492 anteriorem
1256 3433 1708 3491 Mediolanensis
1734 3437 1998 3493 subscri-

343 3532 565 3587 tionem
594 3529 654 3583 in
678 3525 942 3583 conciliis
970 3523 1317 3596 Symmachi
1339 3538 1460 3579 non
1482 3525 1891 3597 praecellentia;
1913 3526 2002 3582 di-

341 3617 601 3690 gnitatis,
618 3617 718 3672 sed
735 3613 1119 3671 anterioritati
1134 3611 1526 3668 ordinationis
1540 3614 1599 3669 in
1614 3615 1957 3688 episcopum
1979 3633 1996 3684 ;

343 3724 480 3766 cum
507 3705 653 3762 enim
684 3720 753 3760 ea
775 3701 1099 3759 Guarnierii
1128 3702 1278 3758 ratio
1310 3702 1571 3774 apprime
1601 3703 2004 3760 Mediolanenv

346 3796 502 3852 sium
513 3792 844 3850 rationibus
857 3791 1201 3862 quadraret,
1217 3790 1434 3860 quibus
1449 3796 1654 3848 contra
1671 3791 2004 3864 Aquileien-

350 3900 446 3941 ses
476 3882 699 3957 proprii
734 3880 1010 3938 antistitis
1039 3880 1546 3952 prmeminentiam
1569 3880 1876 3939 defendere
1899 3898 2006 3938 co-r

349 3977 586 4036 nantur,
611 3976 790 4043 atque
806 3969 975 4025 etiam
1000 3984 1266 4025 consona
1292 3973 1443 4024 esset
1459 3970 1760 4026 saniorum
1776 3970 2007 4027 critico-

347 4078 472 4119 rum
487 4057 951 4126 sententite;ideo
964 4057 1435 4128 Augustinianus
1449 4060 2006 4117 nosterGuarnierio

350 4151 693 4209 Gratianum
729 4148 981 4221 opponit
1009 4146 1325 4213 dicentem,
1360 4163 1430 4203 ex
1487 4163 1607 4220 quo
1656 4151 2006 4205 Laurentius

351 4239 700 4310 subscripsit
719 4240 857 4293 ante
880 4239 1114 4292 Petrum
1142 4238 1572 4303 Ravennatem,
1600 4237 1766 4293 Sedis
1792 4254 2007 4310 praero-

350 4330 611 4399 gativam
638 4333 777 4383 ante
807 4342 936 4383 eum
965 4325 1174 4382 habere
1200 4341 1213 4391 ;
1240 4340 1310 4380 ac
1333 4330 1498 4381 notat
1524 4327 1867 4382 Gratianum
1887 4341 2009 4382 non.

349 4416 542 4473 dicere
560 4414 801 4471 Ordinis
825 4414 1297 4484 praerogativam,
1316 4412 1420 4468 sed
1438 4413 1606 4468 Sedis
1631 4428 1781 4482 ;non
1811 4414 2010 4471 dicere

352 4505 641 4570 habuisse,
675 4503 782 4560 sed
797 4502 1028 4567 habere,
1054 4500 1274 4556 scilicet
1298 4501 1442 4556 dum
1466 4501 1778 4558 Gratianus
1797 4502 2012 4559 scribe-

350 4599 438 4652 ret
469 4611 481 4650 :
515 4592 682 4668 quod
711 4608 830 4649 non
858 4591 1120 4654 dixisset,
1150 4590 1200 4646 si
1222 4589 1580 4647 authenticaa
1608 4590 1858 4648 fuissent
1886 4592 2012 4650 Cle-

354 4684 568 4740 mentis
600 4685 645 4738 ll
670 4682 913 4748 litterae;
961 4679 1043 4736 illi
1076 4678 1236 4736 enim
1267 4679 1686 4736 innotuissent.
1722 4683 1844 4754 Ego
1867 4697 2010 4739 vero

355 4771 750 4833 credideram,
781 4768 1121 4841 opinionem
1145 4766 1310 4823 illam
1334 4767 1683 4835 Guarnierii,
1715 4785 1838 4827 non
1868 4773 2010 4827 Gra«

357 4861 500 4918 tiani
530 4858 897 4922 auctoritate,
927 4871 1050 4928 qua
1084 4871 1205 4912 non
1244 4855 1392 4913 adeo
1420 4863 1695 4914 movetur
1725 4863 1870 4915 aetas
1898 4875 2012 4916 no-

357 4955 462 5017 trs,
497 4950 600 5007 sed
615 4944 954 5005 fortioribus
972 4945 1342 5015 argumentis
1368 4945 1773 5003 enervandam
1802 4947 2006 5020 fuisse,

359 5044 462 5096 aut
484 5036 878 5112 qumrendum
897 5051 975 5092 an
998 5035 1160 5107 prior
1182 5034 1355 5091 Petro
1372 5035 1785 5109 episcOpatum
1799 5037 2013 5094 adierit

361 5127 726 5194 Laurentius,
755 5139 941 5182 necne
963 5141 975 5190 ;
1009 5139 1154 5180 nam
1169 5122 1216 5178 si
1241 5121 1386 5179 forte
1407 5123 1562 5195 prior
1586 5124 1645 5180 in
1664 5125 2009 5198 episcopatu

358 5217 689 5280 Ravennas,
716 5216 771 5270 id
786 5218 1185 5286 argumentum
1201 5212 1452 5268 omnium
1481 5211 1849 5284 potissimum
1869 5214 2016 5271 fuis-

359 5306 447 5358 set
475 5306 683 5360 contra
711 5303 1449 5359 Guarnierium.Caeterum
1481 5300 1596 5357 nisi
1620 5302 1884 5359 Gratiani
1913 5319 2015 5360 as-

354 5389 531 5447 sertio
552 5390 797 5447 ﬁrmiori
828 5390 1047 5448 nitatur
1076 5391 1472 5449 fundamento
1503 5404 1688 5464 quam
1745 5391 2018 5450 subscric

354 5478 659 5553 ptionibus
672 5479 1172 5551 Symmachianis,
1189 5495 1322 5539 eam
1336 5478 1844 5539 interinnumeras
1863 5481 2017 5540 alias

2109 3089 2317 3151 dem,et
2331 3091 2533 3141 contra
2551 3084 2850 3138 duodecim
2876 3083 3142 3150 capitula
3169 3084 3224 3137 S.
3260 3083 3549 3153 Cyrilli,et
3567 3091 3773 3140 contra

2111 3176 2463 3248 Ephesinam
2485 3171 2737 3242 primam
2765 3171 3072 3240 synodum,
3102 3178 3233 3235 etc.,
3264 3173 3460 3228 minor
3478 3171 3771 3230 habenda

2109 3266 2220 3324 erit
2250 3263 2453 3319 isthmc
2479 3259 2772 3330 generalis
2803 3259 3103 3330 Ephesina
3127 3259 3397 3333 synodus
3427 3266 3633 3317 sancto
3659 3262 3776 3334 Cy-

2112 3354 2245 3412 sillo
2275 3353 2522 3423 ejusque
2553 3347 2826 3420 capitulis
2849 3349 3039 3413 ?Quia
3063 3351 3119 3406 S.
3152 3351 3538 3420 Augustinus,
3559 3351 3775 3422 cuipo-

2111 3445 2226 3501 tior
2243 3441 2558 3498 aucioritas
2571 3454 2755 3509 quam
2778 3437 3144 3496 Theodorico
3165 3438 3474 3496 tribuenda
3493 3445 3770 3506 est,tunc,

2113 3531 2216 3596 ait,
2241 3535 2472 3598 accepto
2497 3526 2787 3582 volumine
2810 3527 3070 3595 ejusdem
3088 3526 3338 3597 [concilii
3363 3527 3775 3600 (Pseudo-Sar-

2114 3618 2650 3688 dicensis),statuta
2680 3615 3194 3684 considerans,leqi
3219 3617 3614 3674 Athanasium
3639 3619 3776 3675 Ale-

2113 3709 2817 3775 xandrinumepiscopum
2832 3705 3216 3771 catholicum,
3247 3713 3300 3762 et
3325 3707 3542 3763 Iulium
3573 3708 3776 3764 Eccle-

2115 3800 2219 3856 siae
2240 3801 2507 3852 Romanae
2527 3794 2861 3864 episcopum
2895 3794 3282 3851 nihilominus
3307 3796 3645 3851 catholicum
3666 3796 3776 3851 illo

2119 3885 2367 3945 concilio
2397 3882 2728 3938 Sardicensi
2751 3882 2939 3952 fuisse
2970 3883 3329 3952 improbatos
3355 3885 3632 3954 (August.
3665 3884 3772 3939 lib.

2119 3992 2177 4031 1v
2205 3980 2354 4031 cont.
2389 3973 2674 4037 Crescon.,
2709 3971 2871 4042 epist.
2902 3973 2969 4025 44
3009 3977 3064 4026 et
3102 3972 3268 4040 163);
3312 3987 3453 4041 ergo
3504 3971 3778 4027 censebi-

2121 4080 2278 4135 mus,
2330 4060 2727 4133 Augustinum
2785 4066 3146 4132 anteponere
3198 4060 3455 4116 voluisse
3507 4060 3780 4132 pontifici

2123 4152 2387 4210 maximo
2417 4149 2580 4209 Julio
2614 4149 3003 4205 Athanasium
3028 4149 3086 4204 in
3137 4149 3294 4205 sedis
3334 4147 3782 4222 praerogativa?

2194 4249 2282 4298 77.
2309 4243 2523 4296 Verum
2557 4239 2702 4311 quid
2732 4238 2905 4312 plura
2919 4239 2946 4293 ‘?
2967 4242 3030 4295 ln
3061 4238 3311 4296 concilio
3340 4238 3611 4296 Romano
3664 4237 3782 4293 sub

2123 4329 2271 4385 Julio
2291 4329 2334 4390 Ι,
2369 4341 2571 4383 nonne
2605 4329 2915 4382 Ravennas
2947 4327 3264 4399 episcopus
3309 4330 3448 4382 ante
3500 4324 3784 4382 Mediola-

2047 4395 2096 4455 D
2124 4429 2371 4475 nensem
2401 4415 2791 4471 nominatur?
2821 4417 3025 4470 Nonne
3057 4415 3118 4469 in
3149 4395 3396 4470 concilio
3447 4414 3784 4472 Sardicensi

2127 4513 2213 4564 ter
2242 4505 2454 4561 eodem
2478 4503 2686 4560 ordine
2713 4503 3084 4575 subscriptos
3113 4503 3366 4574 legimus
3400 4504 3607 4560 ambos
3634 4504 3783 4559 istos

2127 4593 2415 4654 antistites
2436 4592 2464 4648 ?
2487 4596 2545 4647 et
2573 4596 2788 4664 praeter
2808 4596 3064 4656 centum,
3080 4597 3292 4665 praeter
3307 4591 3463 4648 mille
3484 4596 3781 4661 auctores,

2128 4684 2351 4758 quibus
2374 4685 2776 4738 Ravennatem
2803 4679 3124 4737 libuitante
3147 4681 3630 4738 Mediolanensem
3657 4679 3786 4737 lau-

2130 4773 2293 4836 dare,
2323 4786 2522 4827 nonne
2548 4769 2824 4840 Sigonius
2848 4770 3178 4844 ipse,quem
3198 4769 3548 4827 Eustachius
3565 4770 3624 4826 in
3639 4785 3786 4826 suas

2130 4866 2331 4936 partes
2362 4860 2590 4916 trahere
2610 4863 2880 4925 conatur,
2901 4859 3048 4915 inter
3076 4859 3362 4915 Ecclesias
3383 4859 3562 4915 Italiae
3575 4858 3789 4931 princi-

2135 4966 2238 5024 pes
2264 4947 2680 5006 Mediolanensi
2707 4952 2990 5020 quartum
3015 4947 3386 5005 solummodo
3409 4948 3609 5004 locum
3642 4946 3792 5003 assi-

2127 5044 2292 5113 gnat,
2332 5037 2783 5110 Ravennatique
2812 5039 3159 5110 postponit?
3189 5041 3306 5094 Nos
3335 5053 3476 5094 vero
3493 5035 3793 5108 ejusmodi

2123 5129 2466 5188 rationibus
2480 5144 2600 5184 non
2617 5127 2768 5184 adeo
2781 5128 3043 5194 fidimus,
3061 5133 3125 5184 ut
3150 5127 3576 5199 praerogativas
3600 5124 3794 5181 Eccle-

2127 5220 2239 5276 siae
2267 5223 2485 5276 nostris
2510 5218 2646 5274 inde
2673 5217 2938 5273 derivare
2983 5233 3283 5273 curemus.
3335 5215 3565 5271 Sufﬁcit
3615 5213 3796 5271 nobis

2128 5307 2414 5381 exempla
2437 5305 2726 5378 exemplis
2748 5322 3076 5380 opponere,
3109 5306 3228 5364 alia
3261 5304 3412 5362 falsa
3456 5303 3791 5366 ostendere.

2133 5395 2258 5454 alia
2277 5396 2357 5452 ad
2385 5399 2610 5453 rectam
2638 5395 3179 5468 rationem,mores,
3197 5392 3582 5465 disciplinam
3607 5390 3794 5463 expli-

2135 5501 2296 5548 care,
2330 5488 2396 5542 ut
2412 5483 2714 5543 levitatem
2748 5488 3240 5556 argumentorum
3271 5482 3496 5555 quibus
3523 5479 3796 5541 Mediola-
