3978 6184
348 277 454 336 163

1166 269 1231 326 lN
1279 270 1337 328 S.
1391 267 1677 326 PETRUM
1723 261 2252 325 CHRYSOLOGUM
2298 260 2862 322 PROLEGOMENA.

3654 263 3758 324 l6l

342 422 409 462 ea
440 405 640 474 jioputz'
682 399 1020 472 frequentia
1073 397 1471 466 conveniebat,
1508 396 1666 468 quod
1695 393 1999 464 singulari
2031 395 2074 452 Α
2108 394 3208 467 geret,episcOposordinaret,eumque
3235 394 3539 449 doctorem
3558 411 3755 459 suum,

341 494 593 564 quodam
610 494 752 560 jure
786 490 990 545 civitas
1021 503 1056 543 (ι
1099 488 1347 542 matrice
1376 485 1744 556 pendebant;
1774 483 1862 537 vel
1895 498 1992 536 se-

343 597 602 653 quamur
632 580 882 635 aliorum
916 577 1321 643 assertionem,
1353 575 1458 647 qui
1498 589 1612 629 non
1656 578 1886 629 tantum
1920 571 1996 625 ad

345 671 544 734 urbes,
574 668 758 725 civilis
786 666 1100 739 provinciae
1128 665 1324 736 capita
1346 664 1676 734 respexisse
1693 661 1996 733 apostolos

347 761 720 823 arbitrantur,
755 757 854 811 sed
888 757 1066 810 etiam
1097 755 1173 809 ad
1219 753 1589 824 insigniores,
1625 751 1993 813 celebriores,

348 851 548 911 armis,
599 847 935 919 Opibusque
992 843 1373 916 potentiores,
1432 842 1564 911 situ,
1615 840 1994 903 commercio,

347 943 681 992 exterarum
710 936 1016 990 nationum
1046 932 1378 1002 frequentia
1409 931 1482 986 ad
1511 927 1998 1004 propugnantlam

346 1027 526 1080 fidem
582 1024 880 1096 aptiores;
944 1023 1029 1076 vel
1067 1021 1305 1076 tandem
1342 1020 1410 1074 iis
1456 1020 1870 1073 adhaereamus
1903 1018 1997 1086 qui

345 1115 594 1170 ethnicus
625 1113 966 1168 hierarchiee
1028 1111 1280 1165 formam
1317 1125 1436 1180 prae
1471 1108 1660 1163 oculis
1717 1106 2001 1162 habuisse

345 1203 646 1274 apostolos
673 1202 919 1256 credunt
942 1201 998 1254 in
1017 1199 1347 1254 Christiana
1367 1194 1997 1260 stabilienda,scilicet,

347 1298 408 1346 ut
436 1293 510 1345 ibi
541 1291 799 1346 minores
831 1291 1146 1360 episcopos
1172 1287 1548 1351 collocarent,
1593 1284 1696 1340 ubi
1729 1284 2002 1338 ﬂamines

349 1397 488 1434 suos
515 1378 848 1433 idololatria
883 1377 1158 1438 habebat,
1204 1377 1302 1430 ubi
1348 1391 1485 1430 vero
1533 1373 2000 1440 archiﬂamines,

349 1469 425 1523 ibi
459 1469 714 1537 majores
742 1468 1074 1538 episcOpos,
1105 1480 1319 1536 nempe
1352 1463 1841 1534 metropolitanos
1866 1476 2003 1516 con-

350 1558 648 1612 stituerent
679 1576 690 1614 :
722 1556 1084 1615 alterutram,
1116 1555 1383 1625 inquam,
1417 1569 1485 1607 ex
1519 1553 1679 1606 hisce
1711 1549 2005 1622 opinioni-

351 1647 455 1702 bus
488 1646 655 1720 sequi
689 1645 960 1710 velimus,
990 1646 1286 1698 Ravennas
1315 1657 1640 1710 congruere
1671 1639 2004 1695 certissime

349 1736 719 1790 inveniemus
750 1735 1107 1802 exigentiam
1141 1732 1334 1787 infulae
1361 1730 1848 1802 metropolitanie.

421 1826 540 1878 197.
572 1829 614 1878 Α
640 1828 910 1878 Romanae
933 1823 1269 1893 reipublicm
1293 1819 1668 1892 temporibus
1691 1817 2003 1917 Cisalpinae
2039 1862 2082 1917 Β

347 1913 537 1968 Gallia:
571 1911 906 1982 metropolis
946 1911 1281 1965 habebatur
1322 1913 1625 1964 Ravenna.
1682 1907 1767 1962 lbi
1828 1904 2004 1960 Gaius

347 2003 564 2065 Caesar,
600 2001 660 2055 in
688 2001 951 2055 hibernis
981 1999 1242 2054 exercitu
1269 1997 1612 2060 distributo,
1639 1994 2001 2065 morabatur,

347 2093 796 2159 conventusque
829 2088 1190 2152 celebrabat,
1213 2087 1310 2159 jus
1341 2085 1543 2140 dicens
1571 2085 1748 2140 Gallis
1779 2085 2007 2138 univer-

350 2179 451 2234 sis.
484 2178 568 2233 lbi
627 2183 946 2245 Augustus,
999 2177 1078 2231 ibi
1109 2177 1371 2231 Tiberius
1405 2176 1504 2228 diu
1549 2175 1818 2229 habitare
1868 2187 2007 2228 cou-

350 2271 683 2324 sueveraut.
743 2268 807 2320 ln
841 2265 1119 2321 undecim
1159 2263 1494 2336 provincias
1537 2279 1672 2318 cum
1708 2266 2006 2331 Augustus

352 2357 693 2411 universam
726 2354 953 2409 Italiam
1011 2353 1346 2424 partiretur,
1381 2353 1594 2406 harum
1629 2355 1835 2405 octava
1884 2353 2009 2404 erat

352 2445 581 2501 .l'lmilia
595 2445 651 2499 in
668 2443 839 2498 binas
856 2442 1195 2514 provincias
1212 2441 1806 2512 subdivisa,quarum
1825 2438 2007 2493 altera

354 2551 388 2590 a
418 2533 709 2590 Placentia
741 2532 814 2587 ad
844 2531 1192 2594 Bononiam,
1229 2529 1413 2585 altera
1436 2545 1470 2584 a
1493 2527 1761 2584 Bononia
1789 2527 1862 2582 ad
1889 2526 2005 2581 Ari-

355 2625 583 2679 minum
600 2638 787 2694 usque
803 2620 1264 2693 protendebatur
1279 2638 1291 2682 ;
1308 2620 1619 2690 utriusque
1634 2622 1822 2673 tamen
1839 2618 2010 2688 caput

355 2716 632 2769 Ravenna
660 2712 787 2775 fuit,
817 2710 916 2765 ubi
943 2709 1259 2784 provinciae
1287 2707 1620 2780 prietor,ubi
1643 2705 2005 2778 capitolium,

353 2807 620 2867 senatus,
653 2800 935 2872 patricius
966 2800 1115 2856 ordo
1162 2797 1517 2861 habebatur,
1551 2797 1652 2869 qui
1685 2796 1822 2852 solis
1854 2795 2010 2867 prin-

350 2890 734 2963 cipalioribus
763 2891 913 2945 inter
944 2890 1305 2960 metropoles
1358 2887 1752 2942 tribuebatur.
1787 2888 2011 2939 Raven-

348 2980 580 3035 natium
613 2995 752 3034 vero
782 2980 852 3033 iis
878 2977 1246 3049 temporibus
1275 2993 1367 3032 res
1393 2975 1844 3031 ﬂorentissimas
1876 2974 2010 3044 quis

349 3069 579 3138 ignoret
603 3068 631 3122 ‘l’
675 3071 860 3137 Aptus
891 3065 1252 3120 commercio
1285 3063 1435 3118 situs
1475 3064 1656 3117 maris
1686 3062 2003 3125 vicinitate,

345 3155 776 3226 amplissimus,
809 3154 979 3225 isque
1031 3152 1357 3208 tutissimus
1392 3157 1617 3221 portus.
1653 3150 1864 3205 classis
1900 3151 2008 3203 Ro-

2109 487 2356 552 patrem,
2387 482 2598 536 ducem
2635 483 2902 538 conversi
2934 484 3158 555 populi,
3182 499 3470 556 novaque
3490 484 3760 540 Ecclesiae

2108 572 2487 641 respicerent,
2521 588 2589 627 ac
2633 575 3096 628 venerarentur?
3133 573 3300 638 Quod
3345 588 3486 643 ergo
3545 579 3624 629 tot
3676 575 3758 628 in-

2111 658 2379 728 signibus
2413 663 2659 732 Europte
2693 661 3123 733 metrOpolibus
3177 663 3457 717 dicuntur
3505 663 3761 734 apostoli

2110 747 2402 812 tribuisse,
2436 755 2498 804 ut
2528 765 2627 804 eas
2651 750 2870 806 scilicet
2929 751 3455 806 ecclesiasticarum
3517 751 3761 823 provin-

2109 836 2335 892 ciarum
2352 838 2546 909 capita
2560 840 3001 905 constituerent,
3019 840 3529 911 quemadmodum
3549 841 3760 896 factum

2109 925 2361 993 legimus
2390 943 2493 998 per
2507 928 2878 1000 Hispaniam,
2912 929 3181 994 Galliam,
3207 929 3526 1001 lllyricum,
3549 931 3767 1001 proba-

2111 1014 2398 1070 bilissime
2426 1017 2787 1072 censendum
2816 1022 2904 1073 est
2933 1018 3210 1073 tribuisse
3239 1019 3414 1073 etiam
3445 1021 3760 1089 Ravennae,

2110 1104 2498 1160 nobilissima:
2569 1106 2745 1162 ltalize
2791 1107 3121 1179 metropoli,
3189 1108 3360 1178 juxta
3415 1107 3766 1163 universalis

2111 1193 2457 1250 hierarcbiaa
2487 1195 2776 1265 regulam.
2805 1201 2858 1251 et
2889 1198 3160 1268 inspecta
3212 1202 3386 1252 tantae
3443 1197 3605 1252 urbis
3669 1214 3766 1253 ex-

2113 1283 2402 1340 cellentia.

2173 1393 2195 1454 g
2228 1391 2308 1439 IV.
2341 1391 2663 1454 Exponuntur
2713 1391 2923 1465 objecta.
2949 1400 3115 1442 contra
3168 1392 3328 1442 Ilubvi
3387 1393 3703 1458 aliorumque

2795 1469 3091 1518 opinionem.

2185 1553 2304 1606 129.
2331 1552 2542 1624 Aliqua
2571 1569 2640 1608 ex
2667 1553 2736 1607 iis
2762 1569 2895 1625 quas
2919 1558 3125 1608 contra
3176 1554 3600 1626 Hieronymum
3654 1557 3694 1609 R
3709 1571 3770 1610 u-

2115 1641 2293 1697 beum
2325 1641 2373 1711 ej
2386 1658 2570 1713 usque
2585 1642 2844 1698 asseclas
2862 1642 3054 1698 facere
3069 1643 3364 1707 videntur,
3393 1645 3664 1715 superius
3681 1661 3773 1699 res

2113 1730 2380 1795 tulimus,
2405 1736 2460 1786 et
2475 1732 2903 1786 Ravennatium
2919 1731 3116 1786 verbis
3135 1732 3497 1788 confutavim
3509 1749 3594 1800 us,
3618 1749 3771 1804 qua-

2112 1807 2192 1873 lia
2213 1823 2368 1882 sunt,
2403 1823 2456 1874 et
2485 1825 2892 1874 commentum
2952 1820 3303 1876 vicariatum
3352 1821 3551 1888 Italiae,
3607 1827 3773 1877 duo-

2114 1921 2369 1977 rumque
2384 1906 3121 1976 metropolitanorum,aliis
3135 1908 3610 1980 quibuscumque
3623 1909 3773 1980 reje-

2116 1993 2258 2060 etis;
2289 2000 2344 2050 et
2372 1995 2552 2049 verba
2579 1995 2840 2050 homiliae
2863 2001 2954 2050 t75
2987 1996 3102 2050 divi
3135 1997 3484 2068 Chrysologi
3503 1997 3772 2069 primum

2119 2085 2556 2154 metropoliticre
2582 2084 3007 2154 jurisdictionis
3029 2087 3370 2141 exercitium
3389 2087 3773 2142 sanctissimo

2116 2172 2253 2226 huic
2272 2171 2508 2242 praesuli
2522 2188 2591 2226 ex
2615 2172 3094 2228 adversariorum
3112 2175 3585 2246 interpretatione
3604 2192 3776 2231 asse-

2115 2261 2323 2316 rentia.
2357 2263 2569 2315 Verum
2597 2260 2712 2316 alia
2736 2266 2874 2316 sunt
2896 2277 3018 2318 non
3075 2263 3322 2318 minoris
3352 2264 3597 2320 fortasse
3623 2280 3776 2336 pon-

2116 2348 2446 2419 deris,quaa
2470 2349 2652 2404 Rubei
2671 2349 2953 2420 placitum
2975 2351 3248 2408 videntur
3260 2354 3776 2410 enervare.Primo

2117 2438 2276 2492 enim
2305 2437 2380 2493 ad
2414 2437 2927 2495 illudelevandum
2944 2456 3092 2512 pene
3107 2458 3318 2496 omnes
3351 2444 3777 2514 conspirarunt

2118 2527 2592 2596 magniuominis
2615 2532 2903 2594 auctores,
2921 2529 2978 2584 in
2993 2530 3396 2586 ecclesiastica
3418 2532 3664 2588 historia
3678 2549 3775 2600 pe-

2116 2615 2398 2686 ritissimi,
2424 2632 2645 2688 eosque
2667 2615 2985 2672 universus
3019 2619 3137 2674 fere
3169 2620 3775 2686 criticorum,histori-

2118 2721 2343 2775 corum,
2363 2705 2888 2777 geographicorum
2905 2711 3090 2762 ccetus
3111 2715 3198 2764 est
3225 2715 3458 2765 secutus
3489 2727 3652 2782 :qum
3677 2727 3774 2766 res

2118 2811 2325 2851 eorum
2341 2795 2606 2867 opinioni
2629 2796 2750 2851 vim
2773 2798 3100 2853 maximam
3118 2798 3335 2854 addere
3361 2801 3528 2857 solet.
3543 2803 3618 2856 Ea
3633 2818 3774 2857 vero

2119 2891 2224 2950 est,
2255 2891 2456 2940 natam
2486 2885 2704 2940 saeculo
2727 2889 3182 2958 tantumquinto
3212 2889 3448 2945 ineunte
3478 2893 3774 2946 Ravennae

2122 2975 2499 3046 metropolim
2529 2975 2729 3042 fuisse,
2753 2978 3090 3031 autJoanne
3116 2979 3462 3052 Angelopte,
3491 2981 3776 3037 autPetro

2120 3063 2481 3134 Chrysologo
2507 3079 2642 3119 eam
2680 3065 2999 3120 Ecclesiam
3041 3067 3430 3136 gubernante.
3466 3070 3529 3124 Hi
3563 3078 3772 3126 autem

2118 3155 2388 3207 auctores
2419 3152 2847 3224 scriptoresque
2874 3169 3084 3209 omnes
3114 3160 3325 3226 praeter
3354 3156 3603 3228 positiva
3633 3174 3774 3230 quae

342 3259 536 3299 mante
557 3243 755 3310 statio,
786 3242 860 3297 ad
885 3241 1116 3312 imperii
1140 3240 1335 3296 littora
1357 3239 1736 3294 defendenda
1761 3243 2003 3310 paratas,
2039 3216 2081 3273 Ο
2118 3216 3766 3314 οοῐιειοωθιιᾶι-υυιἂτέυῐηθυῐαευρθτίιιειῐίθηιοτδίξιίᾶιο

344 3331 798 3388 celeberrimum
829 3329 1088 3402 denique
1111 3329 1272 3384 orbis
1301 3329 1642 3402 emporium
1671 3327 1882 3382 exteris
1903 3343 2007 3383 na-

344 3422 606 3480 tionibus
631 3420 1094 3492 frequentatum,
1129 3418 1348 3474 divitiis
1403 3423 1577 3489 atque
1633 3418 1814 3473 armis
1856 3433 2006 3488 prie-

347 3513 629 3571 omnibus
659 3515 868 3582 potens
901 3514 1082 3581 atque
1130 3507 1422 3563 excellens
1462 3525 1475 3572 ;
1510 3508 1590 3563 ita
1649 3512 1714 3562 ut
1741 3506 2004 3562 secunda

349 3607 484 3675 post
509 3601 845 3655 Romanam
873 3599 1014 3653 urbs
1047 3597 1468 3670 appellaretur,
1503 3602 1644 3653 tunc
1667 3612 1804 3651 cum
1837 3594 2003 3666 Apol-

349 3691 578 3753 linaris,
617 3689 765 3744 Petri
797 3688 1146 3759 discipulus,
1188 3687 1387 3759 prima
1440 3687 1502 3742 in
1550 3702 1618 3742 ea
1646 3687 1785 3757 jecit
1818 3688 2004 3741 Evan-

350 3779 762 3851 geliisemina,
804 3784 981 3849 prout
1037 3776 1314 3833 Martinus
1368 3776 1641 3842 Polonus,
1703 3791 1738 3830 a
1799 3774 2002 3830 Rubeo

348 3870 578 3932 citatus,
636 3866 945 3922 confessus
999 3866 1209 3921 fuerat.
1243 3866 1495 3920 Demum
1551 3864 1755 3920 sedem
1810 3862 1892 3919 ibi
1932 3879 2001 3919 ac

347 3957 684 4030 pestilentia
710 3955 1055 4011 cathedram
1084 3953 1365 4010 tenebant
1385 3969 1505 4009 non
1533 3952 1791 4009 minores
1814 3952 2002 4008 ﬂami-

345 4064 450 4104 nes
482 4052 584 4103 aut
613 4045 1072 4115 archiﬂamines,
1109 4044 1214 4100 sed
1254 4043 1599 4116 pontiﬁcum
1627 4043 2001 4098 ethnicorum

344 4137 680 4207 collegium,
729 4135 889 4208 quod
937 4134 1444 4207 prmeminentiam
1487 4132 1673 4197 urbis,
1707 4131 1887 4188 veluti
1919 4131 2000 4187 al-

345 4227 524 4284 terius
555 4228 771 4289 Romae,
807 4240 928 4280 non
959 4225 1212 4280 obscure
1245 4223 1643 4279 demonstrat.

413 4319 536 4372 128.
571 4315 748 4384 igitur
787 4313 834 4367 si
865 4314 1167 4384 apostolos
1220 4312 1548 4384 neglexisse
1578 4311 1638 4365 in
1682 4309 1847 4365 Italia
1879 4309 2003 4365 uni-

345 4403 591 4459 versalis
623 4401 963 4456 hierarchiie
990 4400 1257 4469 regulam
1293 4415 1410 4454 non
1432 4403 1516 4452 est
1547 4398 2004 4461 dicendum,aut

348 4492 556 4549 saltem
572 4489 617 4544 si
632 4489 797 4544 nulla
825 4488 975 4542 ratio
993 4488 1250 4558 positiva
1271 4485 1595 4556 probabilis
1615 4484 1791 4540 nobis
1811 4501 2005 4557 super-

2116 3334 2299 3384 terum
2341 3328 2650 3384 achilleum
2667 3331 2971 3386 enimvero
2997 3337 3053 3388 et
3074 3333 3475 3404 insuperabile
3493 3335 3570 3389 ad
3585 3351 3771 3390 unum

2117 3433 2315 3474 omnes
2337 3419 2560 3488 jactare
2592 3433 2712 3472 non
2743 3418 3028 3474 desinunt
3049 3433 3060 3485 ;
3085 3428 3138 3474 et
3158 3421 3290 3490 jure
3317 3422 3773 3494 quidem,silen-

2115 3507 2262 3562 tium
2285 3505 2552 3562 videlicet
2573 3508 2972 3578 antiquorum,
2997 3507 3397 3565 deﬁcientiam
3413 3526 3768 3567 monumen-

2115 3601 2310 3652 torum
2336 3611 2406 3650 ex
2421 3596 2641 3667 quibus
2655 3611 2842 3650 unum
2858 3596 3068 3653 saltem
3081 3597 3174 3652 vel
3188 3599 3437 3654 alterum
3453 3600 3512 3654 in
3536 3603 3768 3655 Raven-

2115 3691 2248 3740 nate
2281 3684 2536 3740 Ecclesia
2573 3684 2860 3740 indicium
2901 3691 3142 3742 eruatur
3193 3689 3459 3743 exercitas
3508 3693 3772 3761 quatuor

2114 3774 2384 3830 Ecclesiae
2416 3774 2620 3845 primis
2649 3774 2876 3829 saeculis
2920 3777 3361 3848 metropoliticte
3404 3779 3767 3848 jurisdictio-

2113 3864 2222 3918 nis.
2257 3866 2433 3918 Porro
2459 3863 2627 3917 sicuti
2660 3866 3028 3919 Ravennates
3069 3865 3400 3921 libertatem
3460 3867 3768 3923 vindicant

2114 3951 2370 4023 propriae
2401 3949 2670 4006 Ecclesiae
2704 3953 2781 4007 ab
2833 3953 2980 4023 jugo
3032 3954 3583 4018 Mediolanensium,
3643 3973 3766 4012 ma-

2111 4041 2270 4096 xime
2298 4040 2441 4111 quia
2466 4038 2664 4094 nullus
2687 4042 2936 4096 omnino
2963 4057 3072 4112 pro
3095 4041 3186 4095 his
3207 4042 3423 4097 adduci
3448 4051 3637 4114 potest
3670 4047 3769 4102 vel

2113 4129 2398 4185 minimus
2417 4135 2584 4184 actus
2610 4129 2878 4200 ejusdem
2905 4130 3330 4198 jurisdictionis
3360 4133 3414 4185 in
3453 4135 3772 4189 Ravenna-

2113 4226 2230 4276 tem
2248 4219 2559 4275 Ecclesiam
2583 4219 3082 4285 absolutus,nulla
3095 4219 3507 4291 episcoporum
3530 4221 3768 4278 ordinao

2112 4309 2192 4364 tio
2231 4309 2324 4364 vel
2389 4309 2766 4380 approbatio,
2791 4309 2948 4364 nulla
2969 4308 3259 4380 synodus,
3293 4309 3546 4366 visitatio
3579 4312 3765 4380 nulla,

2112 4397 2378 4469 epistola,
2414 4397 2736 4461 decretum,
2765 4413 2980 4466 canon,
3005 4397 3305 4470 scriptoris
3327 4400 3577 4470 alicujus
3609 4403 3771 4458 testi«

2113 4487 2384 4542 monium
2419 4506 2430 4544 :
2461 4486 2591 4559 pari
2623 4488 2798 4555 igitur
2841 4487 2989 4556 lege,
3022 4487 3070 4541 si
3103 4487 3335 4543 nullum
3370 4505 3442 4543 ex
3472 4490 3770 4547 similibus

349 4586 436 4654 est
486 4579 677 4635 taliter
730 4575 1077 4654 arbitrandi,
1135 4575 1282 4649 quid
1331 4573 1799 4639 convenientius,
1859 4574 2004 4648 quid
2039 4573 2083 4630 D
2113 4575 2346 4632 actibus
2379 4581 2515 4632 ante
2546 4576 2936 4647 Angeloptem
2967 4580 3068 4631 aut
3115 4576 3551 4650 Chrysologum
3607 4595 3773 4651 pere-

350 4672 515 4724 rectae
563 4665 773 4722 rationi
807 4664 1002 4734 magis
1027 4655 1385 4726 conSonum,
1420 4661 1566 4734 quid
1597 4657 2004 4719 ecclesiasticae

352 4754 668 4812 universali
709 4752 1033 4824 disciplinae
1054 4758 1109 4807 et
1135 4751 1582 4823 pertica-larium
1610 4751 2006 4826 Ecclesiarum

347 4845 688 4904 necessitati
702 4843 1082 4902 commodius
1099 4842 1332 4913 conjici,
1367 4844 1554 4898 immo
1583 4843 1764 4899 asseri
1791 4848 2000 4917 potest,

345 4935 693 5009 hujusmodi
725 4933 954 5002 urbem,
989 4932 1309 5005 provincia
1348 4932 1776 4989 ﬂorentissima)
1803 4938 2005 4988 metro-

347 5025 551 5100 polim,
579 5022 1232 5082 Italicarumcivitatum
1258 5020 2004 5093 potentissimam,ethnicae

348 5113 784 5188 superstitionis
814 5115 1013 5184 caput,
1057 5126 1163 5182 per
1209 5125 1396 5183 quam
1440 5113 1526 5165 tot
1564 5109 1911 5167 nationibus
1941 5109 2004 5165 in

347 5208 471 5258 eam
493 5201 932 5260 conﬂuentibus
957 5198 1141 5255 ﬁdem
1159 5197 1648 5255 communicandi
1667 5198 1864 5273 aditus
1881 5214 2006 5254 am-

348 5290 653 5361 plissimus
681 5289 1061 5361 aperiebatur
1081 5306 1098 5362 ;
1119 5287 1496 5358 hujusmodi,
1513 5287 2004 5358 inquam,urbem

349 5379 426 5435 ab
454 5378 735 5449 apostolis
763 5377 1005 5434 electam
1038 5375 1347 5440 fuisse,ubi
1375 5375 1546 5430 sedes
1577 5375 1841 5447 episcopi
1862 5391 2004 5432 con-

351 5465 815 5537 stitueretur.qui
840 5466 919 5522 ad
947 5465 1436 5535 circumjacentes
1459 5463 1631 5519 urbes
1660 5469 1717 5519 et
1746 5464 2003 5536 populos

350 5554 736 5627 Evangelium
765 5553 1106 5612 transfeth
1147 5561 1221 5611 ao
1248 5553 1543 5610 dilataret.
1575 5552 1872 5610 Ecclesiae
1898 5553 2007 5610 eri-

2115 4665 2288 4734 gisse,
2319 4664 2550 4720 nullum
2571 4679 2643 4720 ex
2669 4663 2960 4719 similibus
2989 4663 3341 4721 testimoniis
3375 4667 3653 4722 habuisse
3681 4667 3771 4722 in-

2113 4755 2431 4810 veniuntur
2455 4757 2826 4809 Ravennates
2858 4754 3140 4825 episcopi,
3158 4754 3480 4811 dicendum
3508 4756 3772 4828 profecto

2115 4843 2224 4900 erit
2251 4843 2593 4914 opinionem
2643 4858 2777 4914 quae
2834 4844 2989 4899 hanc
3042 4843 3392 4911 dignitatem
3443 4862 3631 4918 usque
3690 4847 3774 4902 ab

2117 4932 2523 5004 apostolorum
2547 4948 2675 4987 aevo
2707 4932 2934 4987 derivat
2965 4933 3107 4987 nihil
3134 4931 3424 4988 ﬁrmitatis
3459 4934 3693 4990 habere.

2185 5024 2305 5077 130.
2333 5024 2532 5076 Petrus
2559 5021 2680 5092 ipse
2707 5021 3109 5092 Chrysologus
3136 5037 3211 5075 ne
3230 5022 3471 5077 verbum
3493 5024 3771 5095 quidem,

2113 5116 2198 5168 tot
2223 5110 2394 5166 editis
2419 5110 2780 5166 doctissimis
2813 5109 3086 5175 homiliis,
3129 5109 3203 5164 de
3234 5111 3346 5166 hac
3387 5111 3675 5180 dignitate
3709 5113 3773 5169 in

2115 5200 2236 5256 suis
2265 5199 2739 5255 antecessoribus
2768 5199 3065 5253 eminente
3089 5197 3244 5253 fatus
3275 5203 3384 5262 est,
3417 5216 3609 5272 neque
3634 5217 3774 5258 cum

2114 5289 2188 5345 de
2213 5289 2409 5361 primo
2435 5289 2868 5346 Ravennatium
2894 5288 3182 5362 episcopo
3201 5289 3528 5360 Apollinari
3557 5307 3775 5347 sermo-

2115 5391 2253 5433 nem
2269 5377 2535 5435 haberet.
2552 5381 2682 5450 ipse
2707 5376 3006 5446 Agnellus,
3023 5376 3546 5451 nonicreteroquin
3567 5378 3772 5435 saeculi

2113 5466 2279 5521 rudis
2289 5466 2628 5530 historicus,
2645 5483 2718 5523 ne
2733 5466 3035 5538 syllabam
3049 5465 3293 5539 quidem
3308 5483 3488 5543 super
3507 5467 3568 5523 id
3581 5483 3776 5538 genus

2114 5555 2526 5626 prierogativaa
2546 5555 3050 5623 mussitavit,licet
3070 5554 3516 5628 ampliﬁcanda:
3545 5557 3778 5615 Raven-
