3978 6184
370 239 476 294 167

1221 219 1290 279 l.\'
1337 223 1397 280 ὃ.
1446 217 1735 279 ΡΕῚἪΗΜ
1781 215 2316 277 Cl-IRYSOLOGUM
2361 214 2916 276 PROLEGOMENA.

3677 222 3784 281 168

363 360 719 425 civitatibus,
755 355 859 413 ubi
890 354 1113 410 minora
1143 351 1448 424 synedria,
1511 350 1770 405 minores
1825 347 2011 403 Eccle-
2047 355 2094 412 Α
2127 347 2281 402 ciam
2305 364 2406 403 seu
2439 348 2758 412 civitatem,
2794 347 2940 403 utihi
2967 346 3272 419 propriam
3299 347 3406 403 sibi
3429 349 3776 417 Ecclesiam,

363 449 612 514 sia,ubi
645 446 879 517 majora
926 440 1224 514 synedria,
1278 439 1535 510 majores
1567 436 1838 494 Ecclesia
1886 435 2015 492 fun-

360 542 514 597 data
534 542 692 603 sunt;
722 540 778 591 et
808 531 976 588 sicuti
1006 531 1064 585 in
1099 528 1349 597 singulis
1374 525 2013 598 Hebraorumprovin-

361 629 466 685 ciis
499 623 781 691 Samaria,
823 619 1084 683 Galilaa,
1114 616 1324 672 Judaa
1370 617 1604 673 minora
1651 632 1687 673 a
1729 628 2014 686 supremo

364 717 533 774 unius
547 714 831 786 cujusque
846 707 1160 780 provincia
1177 706 1456 778 synedrio
1470 701 2016 777 pendebant,omnia

362 807 441 864 ab
473 799 1033 873 Hierosolymitano,
1063 796 1145 851 ita
1174 795 1397 851 factum
1428 800 1515 851 est
1557 800 1620 849 ut
1667 793 2015 848 Christiana

363 892 642 950 Ecclesia
658 890 920 946 minores
935 902 970 942 a
988 886 1215 957 majore
1229 886 1660 956 cujuscumque
1674 881 2014 956 provincia,

363 998 574 1040 omnes
604 985 808 1036 autem
840 976 917 1032 ab
945 973 1484 1046 Hierosolymitana
1505 971 1918 1045 penderent.ln
1932 985 2019 1024 se-

366 1071 568 1129 cunda
579 1085 720 1126 vero
733 1065 981 1140 periodo
1002 1069 1284 1120 exeuntes
1311 1062 1622 1119 abJudaa
1642 1060 2018 1130 ﬁnibusapo-

364 1160 518 1226 stoli,
550 1175 653 1216 eas
697 1156 969 1226 regiones
1017 1152 1439 1209 circumierunt
1467 1152 1526 1206 in
1592 1149 1812 1224 quibus
1853 1148 2020 1204 mixti

369 1255 534 1306 erant
563 1245 882 1318 gentilibus
915 1241 1224 1306 chrai,et
1249 1256 1594 1313 synagogas
1625 1255 1730 1310 per
1751 1237 2018 1307 singulas

370 1339 649 1402 civitates,
678 1333 1016 1406 synedrium
1041 1337 1238 1387 autem
1261 1329 1569 1386 habebant
1611 1345 1716 1401 per
1754 1326 2020 1397 singulas

368 1427 849 1500 provincias,seu
881 1437 984 1493 per
1014 1420 1316 1492 quosdam
1346 1419 1602 1489 regionis
1621 1415 2022 1482 tractus.Quia

367 1531 508 1572 vero
539 1512 820 1570 ineffabili
853 1509 950 1566 Dei
994 1509 1365 1582 providentia
1391 1514 1636 1564 cautum
1669 1512 1792 1562 erat
1849 1509 1912 1560 ut
1941 1505 2021 1561 ad

367 1605 634 1674 gentium
653 1600 1110 1658 conversionem
1144 1600 1464 1670 Synagoga
1486 1598 1616 1669 ipsa
1633 1598 1788 1652 viam
1803 1595 2022 1651 faceret

365 1699 421 1749 et
450 1692 638 1749 Judai
669 1690 880 1747 Christi
904 1687 1299 1760 discipulosin
1326 1684 1926 1780 gentiliumnotitiam
1949 1698 2020 1740 ac
2051 1723 2092 1780 Β

366 1782 827 1840 familiaritatem
849 1779 1285 1843 inducerent,ut
1310 1793 1381 1833 eo
1412 1773 1670 1832 naturali
1693 1772 1893 1830 medio
1924 1790 2019 1829 su-

362 1870 806 1944 pernaturalem
825 1869 1008 1924 ﬁdem
1026 1865 1562 1936 cognoscerent,ad
1588 1881 1774 1938 quam
1798 1863 1900 1919 Dei
1915 1863 2018 1919 mi-

362 1959 682 2016 sericordia
713 1956 1249 2022 vocabantur,hinc
1272 1961 1363 2011 est
1391 1953 1556 2026 quod
1581 1970 1684 2026 per
1703 1951 1762 2009 id
1781 1957 2018 2024 tempus

362 2054 444 2104 tot
465 2047 523 2103 in
557 2046 716 2113 Asia,
747 2045 962 2109 Africa,
1025 2047 1260 2116 Europa
1318 2042 1634 2106 Ecclesias,
1689 2057 1760 2098 ex
1803 2041 2018 2097 Judaie

363 2145 416 2193 et
448 2135 766 2208 gentilibus
795 2134 1194 2204 coadunatas,
1216 2131 1534 2189 didicimus
1564 2128 1872 2203 apostolos
1889 2131 2018 2187 fun-

362 2225 558 2287 dasse,
590 2224 790 2296 ibique
819 2222 1180 2278 Christianas
1211 2219 1570 2292 metropoles
1615 2217 2012 2283 constituisse,

365 2313 466 2370 ubi
499 2312 945 2386 provinciarum
969 2310 1265 2383 synedria,
1295 2309 1674 2381 Epheslnam,
1710 2308 2016 2364 Sardicen-

365 2418 512 2467 sem,
537 2407 738 2474 atque,
770 2406 833 2456 ut
853 2399 1000 2456 alias
1063 2404 1318 2464 taceam,
1357 2397 1791 2454 Antiochenam
1816 2400 1873 2453 et
1891 2395 2017 2452 Ale-

361 2490 737 2546 xandrinam.

441 2581 558 2635 136.
590 2578 804 2634 Ultima
822 2583 1020 2633 autem
1052 2576 1335 2649 periodus
1362 2575 1706 2648 apostolica
1735 2575 2016 2648 pradica-

366 2667 636 2732 tionis,ex
669 2665 1001 2722 doctissimi
1032 2664 1325 2721 Bacchinii
1357 2663 1820 2734 conjecturis,ad
1835 2664 2015 2720 ﬁdem

364 2756 636 2828 perduxit
651 2755 942 2811 Ecclesias
959 2753 1402 2825 gentium,inter
1414 2770 1568 2826 quas
1587 2769 1696 2809 nec
1711 2753 1896 2825 syned
1908 2753 2011 2818 ria,

365 2863 471 2902 nec
502 2845 651 2902 forte
683 2860 1028 2918 synagogas
1049 2842 1351 2899 habebant
1383 2841 1862 2898 Judai.Primam
1885 2858 2015 2898 om-

362 2933 530 2990 nium
562 2934 836 2990 fundavit
854 2934 1058 2988 Petrus
1083 2931 1490 3004 apostolorum
1511 2932 1782 3004 princeps
1794 2930 2018 2986 Roma-

363 3039 524 3088 nam,
558 3023 618 3077 in
649 3038 719 3077 ea
751 3022 972 3077 scilicet
1009 3021 1154 3076 urbe
1171 3021 1348 3075 totius
1368 3019 1532 3075 orbis
1565 3019 2015 3092 metropoli,cui

2124 435 2450 510 pradicato
2478 435 2816 508 Evangelio,
2855 435 3258 502 efformarent,
3314 438 3780 512 cathedramque

2126 525 2520 592 collocarent;
2556 526 2646 582 vel
2677 525 2754 581 ad
2785 524 3012 581 nullam
3051 525 3346 596 designati
3400 527 3780 585 individuam

2127 615 2495 687 provinciam
2523 631 2625 670 seu
2657 615 2973 680 civitatem,
3009 614 3113 671 sed
3148 620 3211 671 ut
3241 616 3600 690 ubicumque
3650 635 3781 675 sors

2127 703 2445 776 autpotius
2471 704 2675 760 divina
2707 701 3085 762 Providentia
3141 704 3253 760 illis
3310 707 3468 762 viam
3525 707 3781 778 aperiret

2125 791 2263 848 ﬁdei
2307 791 2758 858 disseminandi,
2788 791 2870 849 ibi
2895 792 3304 860 consisterent,
3327 795 3558 867 sibique
3585 795 3778 851 Eccle-

2128 880 2280 936 siam
2316 897 2387 936 ex
2416 897 2706 938 converso
2723 886 2950 954 populo
2979 887 3424 954 componerent.
3447 884 3651 956 Itaque
3695 883 3782 941 al-

2127 975 2347 1026 terutro
2368 969 2550 1026 modo
2578 970 2851 1042 discipuli
2878 970 2971 1026 isti
3011 975 3068 1027 et
3128 970 3389 1044 episcopi
3443 973 3520 1028 ad
3569 980 3778 1044 gentes

2128 1058 2315 1125 missi,
2349 1075 2485 1115 cum
2512 1059 2639 1129 jam
2697 1058 3016 1114 Ecclesiam
3071 1058 3335 1132 aliquam
3383 1061 3669 1133 praclara
3714 1061 3780 1117 in

2129 1147 2275 1204 urbe
2309 1148 2679 1214 fundassent,
2711 1147 2852 1204 hinc
2880 1148 3142 1204 ﬁnitimis
3173 1148 3500 1206 civitatibus
3558 1168 3627 1206 ac
3665 1166 3780 1224 po-

2131 1236 2284 1308 pulis
2315 1235 2608 1293 Christum
2629 1237 3094 1303 annuntiabant,
3144 1255 3333 1294 novas
3379 1239 3665 1296 Ecclesias
3715 1241 3780 1296 in

2130 1326 2375 1382 circuitu
2398 1327 2858 1393 sanctiﬁcantes,
2886 1327 3092 1399 eisque
3140 1327 3317 1384 etiam
3378 1328 3698 1396 interdum,
3729 1330 3785 1387 si

2131 1415 2404 1488 expedire
2425 1415 2744 1485 videretur,
2776 1416 3090 1488 episcopos
3118 1423 3560 1474 consecrantes.

2209 1509 2323 1562 138.
2345 1507 2419 1560 Ex
2438 1505 2551 1562 hac
2572 1509 2772 1561 autem
2787 1505 3232 1576 sapientissima
3257 1507 3616 1576 evangelica
3636 1525 3786 1580 pra-

2131 1594 2444 1650 dicationis
2461 1592 2790 1650 aconomia
2801 1609 2922 1649 non
2938 1595 3121 1650 solum
3139 1594 3482 1666 intelligitur
3495 1598 3786 1668 quomodo

2130 1683 2384 1756 apostoli
2411 1684 2469 1739 in
2487 1682 2736 1740 ethnicis
2765 1683 3109 1754 regionibus
3131 1689 3215 1741 tot
3248 1685 3538 1742 Ecclesias
3566 1687 3786 1744 funda-

2133 1772 2340 1837 verint,
2376 1771 2853 1844 totepiscopatus
2873 1773 3176 1839 erexerint,
3212 1790 3419 1830 verum
3453 1775 3631 1832 etiam
3660 1792 3790 1848 qua

2131 1862 2356 1918 ratione
2388 1861 2590 1934 prima
2608 1860 2879 1916 omnium
2905 1861 3240 1918 constituta
3269 1863 3484 1919 fuerint
3509 1864 3789 1922 ecclesia-

2132 1951 2292 2006 stica
2319 1950 2696 2023 metropoles.
2724 1949 2823 2007 Illa
2849 1949 3006 2006 enim
3026 1950 3233 2007 civitas
3256 1951 3413 2008 hanc
3445 1953 3785 2024 dignitatem

2132 2038 2584 2110 adipiscebatur,
2614 2037 2717 2094 ubi
2747 2039 3153 2111 apostolorum
3181 2038 3543 2112 discipuliad
3578 2042 3788 2114 pradi-

2131 2127 2394 2184 candum
2423 2128 2582 2183 missi
2615 2127 2962 2183 cathedram
2991 2127 3331 2195 ﬁrmabant,
3366 2145 3438 2186 ex
3476 2147 3596 2203 qua
3646 2147 3789 2188 cum

2130 2215 2412 2273 ﬁnitimas
2441 2217 2610 2272 etiam
2625 2222 2830 2289 gentes
2847 2222 3020 2290 atque
3037 2217 3207 2274 urbes
3237 2218 3510 2276 docendo
3533 2219 3789 2277 circum-

2130 2305 2300 2371 irent,
2335 2308 2746 2378 conversisque
2775 2305 3152 2377 evangelicas
3193 2307 3353 2378 leges
3384 2306 3787 2381 imponerent,

2131 2394 2420 2450 Ecclesias
2432 2395 2816 2451 eflormarent
2830 2394 3063 2468 illisque
3077 2396 3391 2468 episcopos
3408 2397 3617 2455 darent
3639 2415 3652 2463 ;
3672 2415 3795 2454 ca-

2131 2487 2345 2555 perunt
2371 2484 2638 2539 conversi
2653 2483 2857 2556 populi
2872 2484 3002 2540 illos
3017 2484 3349 2558 discipulos
3371 2491 3426 2542 et
3453 2485 3670 2544 missos
3691 2501 3794 2544 ve-

2128 2570 2238 2628 luti
2255 2579 2451 2644 patres
2468 2577 2524 2629 et
2543 2573 2816 2629 doctores
2835 2574 3285 2647 superioresque
3304 2574 3364 2631 in
3380 2575 3792 2648 spiritualibus

2129 2661 2380 2732 negotiis
2397 2662 2684 2733 respicere
2701 2666 2757 2718 et
2787 2663 3072 2730 venerari,
3092 2679 3418 2736 eorumque
3445 2665 3787 2737 cathedras,

2130 2749 2289 2806 unde
2311 2750 2506 2822 primo
2532 2749 2642 2807 illis
2671 2750 3081 2808 derivaverant
3119 2752 3255 2808 ﬁdei
3312 2751 3672 2822 rudimenta,
3732 2761 3792 2812 et

2129 2840 2403 2912 proprias
2428 2840 2714 2896 Ecclesias
2742 2837 3136 2914 propriosque
3157 2842 3533 2914 episcopatus
3549 2843 3790 2900 initium

2128 2926 2419 2984 habuisse
2458 2929 2814 2997 fatebantur,
2872 2934 3181 3002 tamquam
3240 2937 3493 2988 matrem
3539 2932 3786 3006 habere,

2129 3017 2208 3072 ab
2234 3033 2304 3072 ea
2332 3017 2703 3083 traditiones,
2732 3017 2809 3075 ab
2839 3035 2909 3075 ea
2938 3016 2998 3074 in
3020 3019 3218 3076 dubiis
3247 3020 3582 3088 consilium,
3607 3021 3685 3078 ab
3717 3039 3793 3080 ea

362 3127 499 3166 cum
531 3125 700 3180 aque
725 3108 1080 3165 subderetur
1117 3107 1395 3164 Hebraus
1447 3125 1516 3164 ac
1585 3107 1840 3177 gentilis,
1874 3124 2016 3165 con-
2051 3083 2096 3142 Ο
2127 3105 2480 3178 disciplina,
2512 3109 2754 3174 rituum,
2791 3125 3025 3165 morum
3067 3109 3328 3181 regulas,
3361 3111 3792 3184 episcoporum

363 3214 580 3268 gruum
609 3197 1240 3254 eratibiEcclesiarum
1260 3197 1589 3253 maximam
1609 3198 1755 3268 erigi
1785 3212 1855 3254 ac
1883 3197 2017 3252 fun-

361 3287 512 3352 dari,
541 3303 678 3360 qua
707 3303 780 3343 ex
811 3291 1062 3358 utroque
1095 3286 1313 3358 populo
1344 3285 1677 3342 coalescere
1708 3287 2014 3358 componi-

368 3390 488 3448 que
509 3373 883 3430 debebat.Ab
904 3373 1018 3429 hac
1037 3373 1212 3443 igitur
1227 3374 1495 3447 principe
1531 3375 1810 3443 Ecclesia,
1832 3390 2016 3447 quam

366 3467 565 3520 Petrus
597 3469 655 3520 et
674 3463 890 3520 Paulus
921 3462 1299 3519 adiﬁcarunt
1329 3464 1694 3536 proprioque
1726 3463 2018 3532 sanguine

362 3551 916 3615 stabilierunt,missi
929 3557 1066 3606 sunt
1078 3567 1566 3623 quaquaversum
1579 3554 1682 3624 qui
1697 3551 2017 3623 gentilibus

363 3641 658 3697 Christum
681 3641 1018 3696 nuntiarent
1037 3639 1463 3696 etChristianas
1479 3639 1702 3712 ubique
1727 3639 2017 3696 Ecclesias

363 3729 880 3786 coadunarent.Ex
896 3729 1010 3784 hoc
1024 3727 1184 3784 fonte
1197 3729 1256 3784 in
1273 3727 2018 3799 ltaliam,Galliam,Hispa-

365 3815 547 3882 niam,
576 3815 2020 3890 lllyricum,Africam,ﬁdei,baptismatis,tradilio-

364 3919 503 3961 num
517 3903 691 3960 rivuli
710 3903 957 3960 feliciter
969 3905 1494 3974 derivarunt;adeo
1509 3911 1570 3961 ut
1578 3906 1709 3976 jure
1721 3904 2020 3976 scripserit

363 3993 443 4052 ad
475 3993 858 4066 Eugubinum
876 3994 1688 4067 episcopumlnnoceutiust:
1716 3995 1938 4064 Legam
1968 4009 2019 4049 si

364 4085 427 4141 in
460 4086 532 4140 iis
562 4084 878 4154 provinciis
897 4085 1053 4140 alius
1083 4086 1481 4156 apostolorum
1494 4084 1791 4140 invenitur
1810 4087 1910 4139 aut
1942 4083 2021 4139 le-

363 4173 523 4245 gitur
534 4173 976 4246 docuisse;quod
991 4175 1037 4228 si
1052 4189 1168 4229 non
1190 4174 1547 4245 legant,quia
1566 4187 1853 4244 nusquam
1868 4174 2021 4228 inve-

365 4261 786 4330 nitw°,oportet
807 4278 895 4319 eos
923 4263 1032 4319 hoc
1053 4264 1218 4332 sequi
1243 4263 1392 4334 quod
1431 4263 1699 4319 Romana
1749 4261 2020 4318 Ecclesia

369 4350 688 4419 custodil,a
716 4366 836 4420 qua
850 4365 941 4405 eos
954 4349 1323 4419 principium
1348 4351 1638 4418 accepisse
1651 4367 1757 4404 non
1771 4350 2018 4405 dubium

2130 3211 2381 3252 suorum
2413 3193 2504 3252 vel
2555 3198 3064 3254 consecrationem
3124 3194 3217 3255 vel
3285 3199 3792 3272 approbationem

2131 3285 2412 3351 mutuari,
2447 3286 2776 3357 prasertim
2826 3282 3113 3358 apostolis
3158 3283 3464 3360 defunctis,
3525 3305 3792 3361 quorum

2131 3371 2606 3445 prudentissima
2625 3373 3295 3448 institutioniacceptam
3326 3375 3585 3434 referunt
3613 3378 3795 3436 istam

2131 3460 2514 3519 ecclesiastici
2535 3463 2846 3533 regiminis
2881 3464 3168 3535 politiam.

2211 3551 2331 3609 139.
2365 3551 2425 3606 Id
2459 3568 2597 3608 vero
2630 3552 2956 3624 probabile,
2983 3554 3169 3610 immo
3190 3571 3433 3627 prorsus
3459 3555 3796 3629 innegabile

2132 3639 2448 3707 videbitur,
2482 3641 2988 3698 sianimadvertas
3003 3643 3180 3714 primo
3201 3645 3512 3717 apostolos
3545 3661 3678 3702 eam
3706 3663 3798 3704 re-

2133 3728 2373 3799 giminis
2403 3729 2660 3786 formam
2690 3730 2803 3785 sibi
2829 3733 3227 3803 proposuisse,
3260 3750 3397 3806 qua
3419 3741 3475 3791 et
3504 3741 3798 3809 perpetua

2133 3818 2282 3874 foret
2313 3823 2368 3874 et
2397 3819 2592 3890 aptior
2618 3819 2697 3875 ad
2725 3835 2936 3875 omnes
2968 3821 3219 3894 populos
3245 3822 3469 3896 ubique
3501 3829 3794 3882 terrarum

2133 3906 2562 3963 coadunandos
2587 3908 2645 3963 in
2664 3925 2848 3964 unum
2872 3925 3090 3982 corpus
3108 3917 3287 3984 atque
3313 3913 3372 3967 in
3399 3930 3588 3970 unum
3615 3915 3792 3986 ovile,

2133 4002 2190 4052 et
2219 3995 2447 4053 facilius
2466 3996 2755 4068 regendos
2781 4002 2838 4052 et
2862 3997 3244 4056 instruendos
3270 4019 3284 4066 ς
3312 4004 3579 4059 secundo
3607 4022 3708 4077 per
3729 4022 3794 4062 se

2133 4086 2294 4159 ipsos
2307 4101 2645 4159 paucosque
2660 4102 2857 4143 eorum
2872 4087 3182 4161 discipulos
3197 4093 3416 4145 tantum
3432 4107 3581 4165 opus
3597 4093 3796 4150 absol-

2132 4191 2266 4230 vere
2292 4175 2662 4231 nonlicuisse
2687 4179 3056 4242 ;erantenim
3074 4178 3325 4251 paucula
3354 4178 3455 4235 illa
3480 4195 3669 4250 grana
3685 4198 3798 4254 per

2135 4261 2540 4321 vastissimum
2555 4265 2816 4321 universi
2833 4282 3106 4340 campum
3122 4265 3798 4341 disseminanda,pauci-

2133 4368 2245 4424 que
2272 4352 2353 4408 illi
2386 4354 2447 4408 in
2470 4354 2658 4410 multa
2690 4356 2991 4425 Evangelii
3024 4373 3207 4412 messe
3233 4358 3791 4433 operarii.0uapro-

367 4444 467 4493 est.
501 4437 642 4492 Hinc
673 4437 778 4508 qui
801 4435 1114 4491 emersisse
1147 4435 1349 4491 volunt
1393 4437 1529 4506 jura
1572 4436 1818 4492 Romani
1841 4436 2022 4508 patri-
2054 4430 2103 4489 D
2133 4446 2262 4512 pter
2284 4455 2521 4497 necesse
2539 4442 2884 4516 fuitaliquot
2904 4444 3136 4500 fundari
3160 4446 3434 4516 perorbis
3449 4430 3795 4520 provincias

368 4524 650 4581 archatus
688 4524 750 4579 in
775 4539 1020 4579 omnem
1052 4522 1574 4588 Occidentem,non
1603 4523 1782 4594 longe
1811 4541 1849 4581 a
1878 4523 2023 4580 veri-

367 4618 484 4670 tate
517 4612 798 4669 aberrare
824 4609 1210 4669 arbitramur.

445 4701 749 4760 t37.Porro
765 4699 1367 4758 animadvertendum
1387 4700 1485 4758 hic
1505 4701 1666 4758 venit
1680 4703 1739 4758 in
1763 4719 1886 4777 quo
1910 4703 2020 4761 dif-

366 4789 590 4848 ferrent
626 4789 776 4846 inter
805 4804 869 4846 se
895 4787 1279 4846 fundationes
1305 4789 1705 4846 Ecclesiarum
1736 4791 1946 4862 prima
1961 4798 2020 4850 et

369 4879 648 4937 secunda
672 4878 926 4952 periodi,
957 4884 1012 4936 et
1058 4877 1439 4935 fundationes
1489 4879 1884 4937 Ecclesiarum
1909 4887 2018 4938 ter-

369 4969 461 5027 tia
487 4990 498 5030 :
529 4981 674 5026 nam
704 4968 906 5041 quoad
927 4968 1179 5039 primas,
1210 4982 1334 5023 non
1360 4973 1538 5024 antea
1559 4967 1618 5023 in
1636 4968 1750 5025 illis
1776 4969 2017 5027 ordina-

368 5059 588 5115 bantur
618 5056 886 5130 episcopi
907 5072 1095 5128 quam
1119 5054 1392 5111 Ecclesia
1426 5055 1572 5128 ipsa
1621 5056 1716 5113 vel
1758 5073 1829 5115 ex
1878 5059 2018 5116 solis

371 5145 653 5215 Hebrais,
690 5145 778 5203 vel
809 5161 882 5202 ex
909 5143 1166 5201 Hebraeis
1202 5143 1369 5200 simul
1412 5149 1470 5200 et
1516 5145 1838 5215 gentilibus
1887 5147 2016 5219 jam

370 5248 699 5300 conversa,
729 5240 788 5290 et
815 5235 1014 5307 aliquo
1027 5231 1211 5290 modo
1241 5232 1512 5290 formata
1533 5233 2018 5302 fuissent.Quoad

372 5319 590 5376 alteras
612 5334 771 5385 vero,
813 5327 1141 5395 antequam
1189 5327 1692 5394 converterentur,
1723 5329 1825 5381 aut
1853 5324 2018 5382 nullo

370 5407 556 5463 modo
599 5408 1457 5476 formarentur,ordinabantur
1475 5412 2018 5486 episcopi,etmitte-

370 5495 711 5564 bantur,vel
732 5496 1024 5567 designati
1051 5498 1127 5556 ad
1156 5498 1416 5573 aliquam
1433 5501 1751 5573 specialem
1782 5504 2022 5576 provin-

2135 4527 2322 4600 princl
2331 4544 2435 4601 pes
2452 4530 2760 4596 Ecclesias,
2775 4538 2953 4603 atque
2967 4533 3026 4588 in
3049 4532 3120 4588 iis
3132 4539 3236 4588 aut
3268 4537 3676 4606 apostolorum
3693 4547 3800 4595 aut

2132 4617 2578 4689 disclpulorum,
2608 4621 3042 4677 velutitotidem
3069 4623 3800 4695 metropolitarumcatheo

2132 4707 2292 4773 dras,
2322 4705 2581 4782 ﬁdeique
2605 4725 2674 4765 ac
2703 4711 3029 4768 traditionis
3060 4711 3393 4785 depositum
3426 4715 3736 4785 collocare,
3763 4733 3802 4776 a

2132 4795 2350 4870 quibus
2363 4796 2727 4869 principibus
2743 4799 3012 4856 Ecclesiis
3027 4817 3131 4872 per
3145 4803 3650 4874 pradicationem,
3665 4824 3797 4879 pro-

2132 4901 2336 4957 gressu
2365 4887 2670 4958 temporis,
2691 4889 2822 4944 alia
2838 4888 3107 4947 Ecclesia
3135 4898 3191 4946 et
3220 4897 3602 4950 nascerentur
3633 4902 3688 4950 et
3707 4912 3800 4953 re-

2134 4980 2432 5045 gerentur.
2466 4976 2565 5032 Ha
2578 4981 2780 5033 autem
2810 4978 3262 5051 principaliores
3281 4981 3548 5039 Ecclesia
3563 4983 3640 5040 ab
3652 5001 3800 5057 apo-

2133 5063 2300 5121 stolis
2334 5063 2423 5122 vel
2442 5066 2521 5122 ab
2546 5067 2958 5138 apostolorum
2999 5066 3302 5140 discipulis
3343 5079 3568 5138 erecta,
3620 5089 3798 5146 apos-

2133 5151 2331 5209 tolica
2361 5157 2754 5225 vocabantur,
2785 5169 3042 5228 quarum
3076 5155 3531 5227 pulcherrimam
3558 5161 3804 5220 distinc-

2135 5240 2365 5297 tionem
2397 5241 2748 5298 Bacchinius
2783 5242 2962 5300 refert
2983 5258 3055 5300 ex
3083 5244 3457 5305 Tertulliano.

2217 5331 2334 5384 140.
2356 5330 2618 5402 Ingenue
2639 5345 2777 5404 ergo
2811 5331 3069 5398 fatemur,
3103 5331 3261 5390 hanc
3299 5335 3371 5390 cl.
3431 5335 3805 5398 Cassinensis

2130 5417 2487 5489 opinionem
2503 5419 2572 5476 de
2589 5420 3124 5479 ecclesiasticarum
3137 5425 3546 5497 metmpoleon
3571 5427 3807 5500 origine

2128 5504 2318 5562 'nobis
2349 5521 2472 5579 pra
2503 5509 2732 5568 cateris
2763 5510 3040 5569 arridere.
3076 5511 3221 5571 Eam
3256 5514 3625 5585 gravissimis
3661 5517 3806 5576 viris
