3966 6186
322 284 429 371 lii
1175 270 1248 358 in
1291 293 1349 357 s.
1399 288 1691 356 paruum
1734 276 2265 353 CHRYSOLOGUM
2308 278 2865 351 PROLEGOMENA.
3617 276 3734 347 l7!

316 437 624 509 multaque
639 433 943 507 perierunt
968 440 1092 486 non
1121 427 1315 483 solum
1344 422 1823 497 Chrysologi,sed
1855 436 1955 477 an-
1994 423 2038 480 A
2071 421 2128 474 et
2157 418 2616 509 concessionem
2648 416 2806 491 pallii
2832 412 3475 509 archiepiscopalisain
3505 404 3732 509 quibus

316 496 679 582 tecessorum
712 522 1030 593 ejus,quos
1057 532 1178 572 non
1200 496 1596 587 paucaeaque
1616 511 1962 583 gravissima
2070 506 2333 578 profecto
2359 522 2481 563 non
2515 504 2789 563 videmus
2812 496 2950 579 quid
2981 504 3279 593 novitatis,
3308 502 3453 593 quid
3477 502 3733 593 monstri

317 614 628 686 scripsisse
645 584 1558 677 traduntantiquioreshistorici,
1588 601 1679 657 vel
1696 599 1959 656 barbaro
2068 595 2349 686 horreant
2365 595 2668 686 clarissimi
2685 595 3045 686 viri.Nonne
3060 584 3731 686 saculumilludmonne

315 720 450 758 rum
477 699 831 767 incursibus,
888 696 981 750 vel
1039 692 1395 748 Ravennatis
1423 691 1692 746 Ecclesiae
1742 691 1959 744 nostra:

315 790 537 847 archivi
564 786 999 845 etbibliothecm
1014 781 1319 851 incendiis,
1344 780 1436 835 vel
1458 778 1835 852 sequentium
1855 791 1961 830 sae-

315 878 587 933 culorum
617 874 910 929 inlitteras
926 868 1086 934 odio,
1109 873 1166 925 et
1183 867 1507 940 prresulum
1530 865 1957 937 antiquiorum,

314 965 641 1038 praesertim
663 958 1182 1017 schismaticorum
1212 955 1301 1011 vel
1331 954 1566 1027 ignavia
1596 954 1689 1009 vel
1715 951 1957 1007 malitia.

313 1057 457 1109 'l‘um
483 1053 626 1124 quia
645 1051 706 1106 in
733 1045 993 1105 homiliis
1024 1043 1719 1117 Chrysologiquaaunicre
1738 1049 1963 1110 tempo-

313 1139 740 1210 ruminjuriam
760 1140 1137 1209 superarunt,
1161 1139 1371 1205 praeter
1397 1132 1671 1203 epistolas
1702 1132 1777 1185 ad
1794 1131 1961 1200 Euty-

314 1230 545 1285 chetem
570 1226 1028 1283 basresiarcbam
1051 1227 1230 1294 atque
1252 1222 1329 1278 ad
1348 1222 1444 1276 PP.
1467 1217 1962 1276 Chalcedonensis

313 1317 543 1390 synodi,
576 1317 741 1371 locus
770 1329 892 1369 non
924 1320 1248 1383 eratneque
1279 1309 1521 1365 occasio
1551 1309 1625 1363 de
1651 1307 1763 1362 hoc
1790 1320 1964 1376 argue

313 1411 515 1463 mento
542 1404 906 1460 mentionem
937 1400 1213 1457 faciendi.
1251 1398 1402 1453 Tum
1458 1398 1595 1469 quia
1625 1395 1752 1451 silet
1785 1394 1962 1450 etiam

315 1495 718 1567 Chrysologus
730 1492 1041 1548 Ecclesiam
1058 1493 1438 1547 Ravennatem
1454 1488 1562 1543 hac
1575 1484 1965 1559 prierogativa

307 1587 437 1656 jam
479 1584 828 1653 insignitam
867 1586 1193 1653 antequam
1228 1578 1358 1649 ipse
1389 1577 1518 1649 ejus
1558 1573 1966 1645 gubernacula

308 1674 435 1745 jam
455 1671 834 1743 suscepisset,
853 1670 1014 1742 quod
1043 1673 1241 1725 tamen
1266 1680 1385 1721 non
1405 1668 1599 1737 potest
1629 1662 1888 1735 amplius
1905 1662 1966 1745 in

2070 684 2206 755 ipsa
2219 684 2605 742 Valentiniani
2626 692 2888 758 tempora
2901 681 3241 755 hujusmodi
3256 681 3532 752 exemplis
3546 687 3735 738 scate-

2068 773 2260 829 bant?
2292 774 2620 839 Primusne,
2640 788 2717 829 an
2746 773 2910 829 solus
2939 773 3318 829 Valentianus
3348 771 3407 827 in
3442 764 3734 829 Ecclesia-

2074 861 2219 918 stica
2235 862 2374 933 jura
2405 860 2997 918 manumimmiserat
3014 860 3203 931 ?Quis
3228 859 3733 931 thniciaejuris-

2073 949 2393 1006 dictionem
2408 950 2688 1007 diviserat
2708 950 2860 1006 inter
2877 948 3117 1022 Tyrium
3138 953 3193 1004 et
3217 948 3572 1004 Beritensem
3605 946 3734 1022 epi-

2075 1041 2331 1111 scopos?
2355 1040 2496 1108 Quis
2525 1040 2848 1112 primatum
2877 1037 3408 1109 Hierosolymitano
3439 1036 3733 1094 tribuerat

2074 1144 2252 1199 super
2278 1129 2582 1193 Arabiam,
2600 1128 2982 1194 Phceniciam,
3007 1126 3378 1183 Palmstinam
3400 1124 3429 1180 ?
3460 1126 3601 1190 Quis
3632 1126 3733 1182 Ni-

2075 1232 2285 1283 cmam,
2317 1217 2451 1289 quis
2480 1214 2917 1272 Chalcedonam
2947 1212 3025 1271 ad
3048 1213 3394 1286 metropolis
3419 1214 3732 1285 fastigium

2078 1300 2542 1361 sublimaverat?
2584 1308 2789 1362 Nonne
2834 1306 3225 1379 imperatores
3252 1301 3533 1359 illiusmet
3563 1303 3676 1359 aevi
3705 1305 3735 1359 τ

2078 1396 2205 1458 Quo
2223 1410 2415 1450 canon
2430 1392 2811 1451 duodecimus
2828 1390 3323 1449 Chalcedonensis
3336 1384 3549 1465 synodi
3566 1409 3737 1466 spec-

2077 1481 2242 1539 tabat
2260 1481 2614 1539 terribiliiila
2639 1480 3027 1555 depositionis
3058 1479 3112 1536 in
3140 1481 3454 1555 episcopos
3481 1478 3738 1537 commi-

2078 1570 2342 1636 natione,
2359 1571 2467 1626 nisi
2491 1570 2567 1626 ab
2592 1571 2873 1643 Augustis
2892 1566 3176 1642 ejusmodi
3194 1586 3486 1626 novarum
3517 1574 3735 1628 metro-

2080 1659 2292 1733 poleon
2332 1662 2650 1716 erectiones
2697 1658 3013 1733 impetrare
3049 1658 3451 1715 cessaverint?
3486 1662 3564 1715 Ex
3614 1659 3735 1716 hoc

313 1741 561 1819 dubium
592 1741 1041 1817 revocarilltem
1070 1771 1258 1811 unum
1286 1754 1375 1811 vel
1401 1754 1649 1810 alterum
1674 1741 1971 1807 memorat
2003 1785 2047 1841 Β
2080 1764 2222 1820 ergo
2252 1748 2442 1821 capite
2482 1764 2591 1805 nec
2622 1765 2867 1817 novum,
2915 1764 3023 1804 nec
3051 1753 3499 1805 monstruosum
3526 1746 3733 1806 fuisset

315 1854 374 1910 S.
397 1852 605 1907 doctor
627 1847 1065 1919 metropoliticte
1076 1840 1509 1915 jurisdictionis
1522 1845 1718 1897 actum
1744 1856 1777 1895 a
1796 1855 1855 1893 se
1874 1836 1964 1908 gc’

314 1946 493 2004 stum,
526 1936 1006 1994 consecrationes
1038 1947 1255 2004 nempe
1279 1931 1524 2002 Projecti
1550 1928 1879 1990 lmolensis,
1912 1930 1964 1984 et

312 2028 628 2085 Marcellini
653 2022 1096 2081 Vicohabentini
1119 2022 1381 2094 episcopi
1408 2036 1421 2085 ;
1442 2032 1660 2091 ergone
1683 2018 1893 2073 decem
1911 2020 1966 2073 et

310 2122 446 2173 octo
473 2130 768 2173 annorum
788 2110 1096 2168 intervallo
1118 2108 1297 2165 nullis
1316 2106 1444 2163 aliis
1470 2106 1702 2163 actibus
1731 2107 1961 2161 tantam

310 2206 660 2273 dignitatem
690 2202 1082 2257 illustraverat
1117 2200 1146 2253 ?

386 2290 795 2361 t46.Agnellus
824 2285 1409 2361 vero,schismaticus
1441 2282 1753 2354 homo,qui
1776 2283 1962 2353 impe-

308 2382 608 2438 ratoribus
654 2378 834 2433 nimis
878 2377 1040 2447 justo
1092 2374 1152 2429 in
1190 2372 1598 2428 ecclesiasticis
1642 2371 1822 2426 rebus
1878 2369 1963 2425 in-

307 2468 605 2540 dulgebat,
638 2467 859 2540 quique
894 2468 1202 2520 Romanae;
1229 2459 1612 2531 subjectionis
1631 2458 1957 2531 impatiens,

309 2556 732 2614 Ravennatium
747 2549 1266 2623 anacepbaleosim
1281 2548 1445 2619 impie
1458 2546 1763 2619 aliquoties
1780 2544 1959 2602 tuitus

307 2652 397 2703 est
426 2642 815 2718 probabiliter
839 2656 905 2697 ex
928 2638 1220 2695 industria
1241 2652 1374 2693 eam
1394 2636 1743 2707 dignitatem
1764 2635 1824 2691 in
1845 2635 1961 2692 Αηο

309 2734 559 2806 geloptis
576 2728 1056 2788 antecessoribus
1072 2727 1353 2792 tacuit,ne
1371 2726 1450 2781 ab
1467 2722 1797 2797 apostolica
1819 2722 1957 2781 sede

307 2824 637 2880 derivatam
660 2826 970 2890 cogeretur
992 2817 1180 2873 fateri.
1211 2817 1351 2881 Qum
1381 2814 1458 2871 ab
1490 2812 1736 2883 Agnello
1775 2815 1848 2869 de
1871 2826 1960 2869 ar-

308 2912 702 2985 chiepiscopis
720 2908 935 2964 nostris
955 2905 1244 2978 praeterita
1259 2904 1771 2975 fuerunt,qua~qde
1793 2901 1961 2959 inno-

310 3008 543 3057 tuerunt
577 2999 837 3060 aliunde,
863 2994 1304 3067 propemodum
1326 2990 1559 3047 inﬁnita
1589 2996 1728 3047 suat
1757 2992 1958 3064 (atque

307 3090 458 3144 inter
484 3086 830 3149 ea,miriﬂca
860 3083 1131 3139 undecim
1165 3082 1228 3135 D.
1260 3080 1617 3151 Apollinaris
1652 3092 1956 3136 successo-

2081 1838 2471 1895 Valentiniani
2503 1836 2792 1911 diploma,
2821 1850 3015 1911 neque
3042 1838 3289 1895 omnino
3321 1836 3735 1894 condemnan-

2077 1927 2189 1983 dus
2228 1927 2525 1997 Agnellus,
2575 1928 2748 2000 quasi
2788 1942 3008 1983 novam
3045 1928 3474 1983 Ravennatium
3522 1931 3734 1984 metro-

2078 2016 2259 2089 polim
2292 2017 2558 2088 Augusto
2584 2016 2664 2071 illi
2690 2016 3063 2088 imputasset.

2154 2108 2267 2161 148.
2298 2104 2466 2171 Quod
2493 2120 2629 2161 vero
2654 2104 2732 2160 ad
2753 2104 3119 2161 collationem
3150 2100 3332 2178 pallii,
3362 2094 3458 2160 hic
3484 2121 3730 2179 quoque

2073 2191 2223 2262 fugit
2262 2192 2611 2249 clarissimos
2650 2194 2804 2249 viros
2843 2192 3109 2266 prudens
3153 2193 3417 2268 antiquae
3452 2194 3727 2250 Ecclesiae

2072 2281 2427 2336 oeconomia.
2448 2280 2639 2337 Fuerit
2660 2282 2817 2335 enim
2833 2296 3019 2337 necne
3039 2280 3281 2354 pallium
3304 2282 3457 2337 istud
3476 2282 3731 2355 impera.

2072 2370 2287 2425 torium
2305 2369 2972 2442 insigne,Augustorum
3003 2384 3215 2426 munus
3238 2371 3312 2427 ad
3337 2370 3729 2429 indicandum

2070 2462 2125 2514 et
2139 2458 2533 2514 decorandum
2555 2457 2750 2529 regale
2768 2458 3181 2533 episcoporum
3196 2461 3728 2527 sacerdotium,aut

2067 2545 2403 2603 indumenti
2427 2562 2613 2617 genus
2632 2563 2791 2604 mere
2810 2544 3278 2605 ecclesiasticum
3298 2542 3372 2606 ad
3390 2542 3731 2622 significan-

2067 2634 2209 2691 dam
2235 2635 2294 2691 in
2314 2630 2786 2709 metropolitanis
2808 2638 3237 2711 plenitudinem
3261 2640 3729 2712 potestatis,pro-

2068 2724 2163 2781 cui
2188 2724 2376 2781 dubio
2403 2732 2508 2794 est,
2534 2718 2760 2798 aliquot
2787 2732 2919 2799 post
2946 2738 3234 2797 magnum
3268 2727 3728 2785 Constantinum

2068 2812 2318 2881 saeculis,
2353 2822 2729 2887 exspectasse
2744 2817 3055 2888 pontifices
3087 2833 3360 2873 summos
3386 2822 3487 2874 aut
3519 2833 3725 2890 preces

2068 2905 2171 2958 aut
2199 2904 3010 2977 consensumimperatorum
3043 2906 3099 2961 et
3128 2921 3358 2975 regum,
3396 2911 3726 2979 antequam

2067 2990 2228 3063 pallii
2248 3002 2412 3046 usum
2437 2992 2892 3064 metropolitanis
2910 2988 3493 3066 indulgerent.Cujus
3520 2994 3727 3052 verita-

2068 3079 2330 3135 tistestes
2367 3079 2820 3135 luculentissimi
2856 3085 2989 3135 sunt
3015 3084 3097 3136 tot
3126 3076 3391 3152 epistolae
3425 3085 3727 3141 Romano-

308 3189 441 3230 rum
464 3144 573 3246 per
593 3173 888 3229 visibilem
911 3169 1257 3226 columbam
1291 3144 1825 3241 e-lectio,prrecipua
1846 3171 1952 3242 est;
1994 3144 2038 3203 Ο
2064 3182 2199 3223 rum
2241 3165 2609 3238 pontificum,
2651 3172 2707 3223 et
2746 3167 3077 3240 prmsertim
3111 3144 3371 3238 Gregorii
3402 3162 3610 3239 Magni
3641 3172 3729 3229 ad

307 3279 448 3319 cum
479 3262 635 3317 enim
668 3262 738 3315 de
760 3250 1955 3328 singullisAgnellusscriberet,inet‘fabilis

308 3351 562 3423 prodigii
586 3351 921 3411 immemor,
939 3345 1273 3403 autinscius
1294 3345 1807 3417 videbatur,cujus
1827 3351 1955 3403 tane

308 3440 443 3497 dem
466 3438 783 3511 splendida
808 3437 1027 3493 indicia
1041 3436 1203 3491 dedit
1217 3435 1274 3490 in
1292 3441 1497 3491 sancto
1525 3434 1741 3491 Severo
1756 3452 1953 3492 eorum

309 3527 633 3601 postremo)
674 3545 687 3593 ;
738 3526 1034 3581 mirumne
1065 3525 1242 3594 igitur
1293 3522 1403 3579 erit
1434 3524 1480 3579 si
1528 3538 1662 3596 qute
1694 3534 1955 3581 errorem

308 3634 487 3674 suum
510 3612 1083 3678 damnavissent,ille
1101 3628 1219 3669 non
1250 3611 1486 3668 retulit?
1504 3612 1649 3667 Cum
1666 3617 1863 3668 autem
1877 3613 1955 3669 ad

308 3705 609 3761 sedandos
630 3703 964 3774 aliquorum
982 3701 1290 3768 tumultus,
1309 3700 1382 3756 de
1404 3700 1624 3774 quibus
1650 3701 1957 3774 Chrysolo-

308 3808 420 3862 gus
450 3792 644 3847 allatis
671 3790 866 3846 verbis
896 3788 1104 3845 homil.
1151 3790 1251 3845 175
1291 3789 1736 3844 Valentinianus
1760 3790 1827 3844 ΙΙΙ
1851 3789 1957 3845 im-

306 3886 546 3953 perator
561 3880 809 3936 Romani
828 3878 1125 3951 pontificis
1139 3877 1374 3933 decreta
1386 3878 1683 3948 augustali
1702 3880 1957 3934 sanctio-

305 3986 380 4027 ne
409 3971 797 4037 roboraverit,
830 3984 953 4043 qua
986 3973 1209 4024 sartam
1249 3972 1465 4024 tectam
1520 3968 1954 4025 Ravennatium

302 4060 929 4135 episcopidignitatem
951 4074 1122 4115 suam
1139 4060 1845 4125 servarent,occasionem
1862 4070 1957 4117 ve-

304 4149 622 4208 risimiliter
649 4152 894 4223 arripuit
919 4147 1202 4219 Agnellus
1230 4148 1634 4206 Valentiniano
1657 4147 1954 4206 tribuendi

306 4240 575 4311 ejusdem
589 4239 892 4309 dignitatis
904 4239 1175 4310 sacrique
1194 4237 1355 4309 pallii
1380 4237 1956 4311 collationem,qutea

306 4327 431 4381 sola
454 4326 781 4396 apostolica
803 4325 943 4380 sede
971 4326 1219 4380 concedi
1252 4331 1526 4395 poterant
1550 4341 1563 4380 :
1596 4326 1641 4378 si
1660 4330 1858 4379 tamen
1885 4342 1955 4381 ea

305 4412 410 4468 fuit
435 4412 663 4483 Agnelli
694 4411 1075 4481 mens,idque
1100 4411 1454 4481 sonantejus
1474 4411 1684 4476 verba;
1709 4410 1955 4479 probari

2067 3254 2385 3312 Caesarium
2421 3255 2840 3312 Arelatensem.
2884 3255 2962 3312 De
2992 3256 3106 3313 hoc
3136 3262 3330 3313 autem
3363 3266 3726 3329 argumento

2065 3342 2291 3401 consuli
2325 3348 2514 3418 potest
2543 3345 2921 3401 doctissimus
2957 3345 3518 3420 Thomassinus,qui
3543 3349 3724 3406 istam

2067 3432 2341 3490 Ecclesiae
2368 3434 2861 3490 consuetudinem
2881 3434 3072 3491 fusius
3098 3435 3367 3508 explicat,
3389 3426 3723 3508 prtesertim

2066 3523 2138 3578 iis
2177 3523 2375 3579 verbis
2409 3539 2420 3577 :
2460 3522 2869 3579 Indubitatum
2917 3528 3018 3589 est,
3048 3525 3273 3596 aliquot
3319 3526 3523 3583 saltem
3552 3542 3723 3583 saecu-

2070 3613 2165 3677 lis,
2184 3627 2299 3667 non
2326 3611 2448 3669 sine
2470 3612 2779 3668 voluntate
2821 3612 3193 3682 imperatoris
3224 3614 3287 3668 in
3334 3614 3562 3670 Oriente
3585 3617 3726 3684 pal-

2069 3700 2389 3770 lium,sicut
2420 3700 2479 3756 in
2495 3700 2799 3757 Occidente
2812 3717 3141 3758 concessum
3156 3702 3346 3772 fuisse
3368 3721 3385 3774 ;
3408 3720 3539 3761 cum
3566 3705 3722 3761 enim

2066 3790 2398 3845 vestimenti
2426 3788 2491 3843 id
2515 3805 2693 3859 genus
2724 3789 2893 3845 initio
2926 3792 3145 3861 regium
3175 3791 3598 3865 fuisset,eoque
3623 3810 3723 3849 vo-

2066 3874 2312 3934 inissent
2346 3876 2742 3946 imperatores,
2763 3894 2884 3949 qum
2914 3881 3133 3935 eximia
3164 3896 3351 3936 eorum
3371 3884 3565 3937 eratet
3595 3883 3722 3938 sin-

2066 3965 2298 4037 gularis
2309 3966 2733 4037 pietas,regale
2755 3966 2987 4023 Christi
3004 3968 3278 4025 decorare
3298 3969 3720 4041 sacerdotium;

2066 4056 2222 4112 hanc
2248 4055 2500 4112 vicissim
2518 4055 2643 4113 illis
2672 4056 3021 4128 peraliquot
3054 4057 3270 4114 saecula
3299 4060 3567 4128 pietatem
3584 4076 3723 4131 gra-

2064 4144 2478 4217 titudinemque
2522 4144 2790 4215 rependit
2823 4144 3112 4212 Ecclesia,
3157 4152 3218 4202 ut
3260 4148 3365 4204 illo
3394 4154 3607 4218 praeter
3635 4164 3725 4206 e0<

2063 4250 2199 4290 rum
2238 4236 2625 4291 assensionem
2647 4232 2981 4291 indueretur
3017 4250 3210 4292 nemo.

2135 4320 2255 4377 149.
2292 4324 2434 4387 Quae
2469 4322 2645 4391 igitur
2682 4322 2742 4377 in
2769 4322 3163 4379 Valentiniani
3201 4323 3442 4380 Caesaris
3476 4341 3724 4383 conces«

2063 4409 2227 4463 sione
2250 4409 2502 4476 novitas,
2529 4411 2695 4482 quod
2725 4416 3087 4483 portentum,
3120 4413 3367 4486 quando
3391 4415 3564 4484 juxta
3595 4414 3722 4471 illo-

306 4499 463 4555 enim
481 4498 731 4554 fortasse
754 4512 825 4554 ex
847 4496 1195 4567 Agnelliana
1215 4496 1771 4563 relatione,minime
1793 4488 1952 4569 pcte-
1985 4496 2024 4557 L
2062 4512 2193 4553 rum
2215 4498 2566 4553 saeculorum
2584 4501 2983 4557 oeconomiam
3001 4506 3120 4558 tam
3135 4502 3446 4559 commode
3470 4502 3723 4577 intelligi

302 4587 544 4644 ritillum
558 4586 1008 4642 indicassetunc
1022 4586 1272 4656 primum
1291 4586 1529 4641 omnino
1544 4592 1796 4642 creatam
1811 4585 1950 4644 fuis-

303 4692 365 4733 se
376 4680 594 4732 nostras
607 4672 1431 4746 metrOpolisdignitatem,sed
1445 4673 1951 4746 potiusindicasse

302 4770 444 4823 tunc
471 4765 734 4837 primum
763 4762 1275 4834 circumscriptam
1297 4761 1478 4818 fuisse
1533 4762 1704 4819 certis
1735 4763 1953 4823 finibus

300 4851 762 4913 ecclesiasticam
794 4850 1045 4909 Emilias
1074 4866 1143 4907 ac
1165 4850 1464 4908 Flaminia:
1486 4852 1876 4925 provinciam.

375 4949 493 5002 M7.
508 4944 795 5001 Caeterum
818 4954 1152 5012 numquam
1167 4940 1308 4997 satis
1328 4941 1521 4997 mirati
1541 4958 1747 4997 sumus
1764 4958 1950 5015 quare

297 5039 383 5092 tot
404 5032 829 5106 sapientissimi
844 5028 1237 5100 viri,antiqure
1252 5030 1583 5102 disciplinae
1596 5031 1947 5103 peritissimi,

298 5128 504 5180 contra
519 5120 871 5193 hujusmodi
888 5122 1179 5176 assertum
1197 5119 1427 5188 Agnelli
1450 5120 1721 5189 nostri,et
1744 5129 1951 5180 contra

299 5211 707 5282 Hieronymum
721 5210 977 5267 Rubeum
991 5208 1489 5280 adeoimpotenter
1500 5208 1943 5278 debacchentur,

298 5304 355 5355 et
372 5298 759 5354 Valentiniani
775 5299 1044 5371 diploma
1061 5313 1096 5354 a
1110 5298 1316 5355 Rubeo
1337 5298 1586 5355 relatum
1609 5299 1948 5357 dirisomni-

295 5388 413 5443 bus
447 5393 721 5443 voveant.
755 5391 880 5443 Duo
910 5388 1069 5443 enim
1100 5388 1399 5459 praecipue
1429 5387 1489 5442 in
1538 5403 1609 5443 eo
1636 5393 1861 5453 notant,
1892 5392 1949 5444 et

295 5476 591 5532 damnant
611 5475 844 5547 absque
864 5476 982 5532 ulla
993 5477 1946 5549 benignainterpretatione.nem-

294 5581 363 5641 pe
375 5563 786 5621 Valentiniano
796 5564 973 5621 tribui
989 5565 1329 5636 metropolis
1342 5570 1559 5622 nostrae
1575 5553 1941 5631 creationem,

2060 4589 2291 4658 poterat
2327 4598 2430 4659 pro
2470 4600 2786 4652 consensu,
2829 4588 2906 4645 ab
2955 4591 3223 4659 Augusto
3255 4591 3354 4647 illo
3385 4591 3446 4648 in
3476 4594 3724 4651 erectio-

2060 4690 2198 4730 nem
2244 4682 2460 4731 nostrae
2502 4677 2843 4749 metropolis
2896 4680 3174 4750 praestito,
3213 4687 3391 4753 atque
3442 4680 3501 4737 in
3535 4698 3723 4741 usum

2061 4760 2280 4837 pallii?
2322 4767 2631 4821 Decretum
2664 4765 2929 4839 aliquod,
2960 4784 3066 4824 seu
3099 4770 3573 4837 concessionem,
3610 4788 3723 4829 seu

2060 4858 2279 4911 nostrae
2308 4854 2574 4911 Ecclesiae
2589 4854 3030 4929 privilegiorum
3053 4857 3575 4916 confirmationem
3596 4861 3725 4919 edi-

2060 4942 2215 4998 disse
2248 4941 2721 4999 Valentinianum
2757 4945 2824 5000 ill
2859 4945 3107 5002 indicari
3135 4946 3363 5003 videtur
3395 4964 3501 5020 per
3531 4951 3721 5007 musi-

2058 5046 2193 5088 vum
2224 5046 2376 5105 opus
2408 5034 2464 5089 S.
2498 5033 2850 5103 Apollinaris
2882 5033 2943 5090 in
2971 5033 3190 5104 Classe,
3223 5036 3281 5092 in
3311 5053 3433 5109 quo
3464 5039 3724 5108 Augusti

2058 5122 2213 5177 illius
2241 5122 2442 5191 imago
2474 5122 2754 5177 volumen
2788 5122 3061 5179 manibus
3090 5128 3267 5191 tenet,
3304 5127 3720 5200 scriptumque

2057 5210 2132 5266 ibi
2162 5210 2443 5282 legimus:
2468 5210 2789 5281 Priviteqia
2806 5210 3157 5269 Ravennatis
3194 5215 3481 5273 Ecclesia.
3500 5218 3718 5274 Verum

2056 5298 2130 5354 de
2156 5298 2284 5354 istis
2316 5299 2413 5354 alii
2464 5298 2734 5355 viderint.
2762 5300 3021 5373 Reliquae
3072 5308 3274 5359 autem
3305 5302 3579 5361 falsitatis
3612 5321 3723 5363 no-

2056 5392 2149 5453 tes,
2175 5404 2329 5459 quas
2362 5388 2654 5445 curiosius
2688 5394 2961 5446 auctores
2996 5390 3223 5448 laudati
3267 5395 3513 5451 scrutati
3552 5401 3719 5463 sunt,

2054 5492 2123 5532 ac
2155 5490 2217 5531 se
2270 5476 2567 5534 invenisse
2606 5478 2773 5534 aiunt
2814 5480 2871 5534 in
2912 5479 3301 5537 Valentiniani
3350 5482 3585 5552 litteris,
3636 5500 3721 5541 eas

2055 5562 2315 5635 profecto
2336 5581 2457 5623 non
2490 5568 2622 5623 sunt
2663 5565 2742 5623 ob
2780 5582 2933 5640 quas
2962 5569 3021 5624 in
3054 5569 3211 5625 istud
3246 5570 3517 5644 diploma
3560 5571 3719 5631 adeo
