3978 6184
181 238 299 307 173

449 246 590 310 Jos.
639 248 989 312 AMADESII
1032 238 1501 314 DIsSER't'A‘rIo
1547 242 1637 313 DE
1681 242 2086 316 METROPOLI
2131 248 2696 319 ECCLESIASTICA
2740 250 3322 327 RAVENNATENSI.

3486 242 3595 331 iit

175 375 567 467 obstrepant;
596 395 855 467 quarum
887 381 1069 439 altera
1115 398 1245 440 esse
1286 387 1481 457 potest
1504 382 1706 441 titulus
1732 398 1831 440 ar-
1862 388 1910 445 A
1940 385 2019 441 ab
2036 385 2221 443 civilis
2243 388 2625 459 magistratus
2654 392 3016 463 praestantia,
3044 409 3163 449 non
3184 396 3261 451 ab
3280 412 3488 467 regum
3510 416 3597 456 re-

178 464 551 537 chiepiscopi,
597 458 816 526 saeculo
847 470 1057 543 quinto
1102 480 1137 529 a
1187 470 1527 530 Ravennate
1576 470 1831 529 antistite

176 554 451 611 nondum
501 562 844 630 usurpatus,
904 558 1087 617 altera
1135 568 1274 617 vero
1318 556 1522 619 titulus
1560 564 1827 633 majoris,

174 648 353 716 quem
420 643 531 700 sibi
584 642 792 704 tribuit
844 644 1309 706 Valentinianus.
1364 650 1612 708 Voculas
1652 649 1831 707 hasce

176 731 460 802 Agnellus
483 746 608 790 non
641 736 881 809 scripSit
904 753 918 803 ;
942 736 1304 811 irrepserunt
1329 744 1530 796 autem
1552 739 1833 813 probabi-

173 821 299 877 liter
322 822 384 878 in
417 822 765 896 diplomatis
800 826 1184 900 exemplaria,
1218 827 1681 885 amanuensium
1713 826 1829 884 cul-

174 910 391 983 paﬂos
412 916 615 968 autem
634 912 1177 972 arbitramurveras
1196 916 1416 974 litteras
1428 916 1829 975 Valentiniani

173 998 426 1073 (aliquas
472 1002 634 1058 enim
685 1002 763 1059 ab
809 1003 1075 1074 Augusto
1128 1005 1258 1079 ipso
1288 1005 1462 1063 datas
1514 1007 1695 1063 fuisse
1726 1006 1831 1063 du-

172 1087 355 1145 bitare
372 1106 500 1147 non
515 1091 721 1148 sinunt
736 1092 917 1149 verba
931 1094 1191 1151 homiliee
1216 1095 1276 1149 17
1282 1100 1311 1150 5
1330 1096 1449 1152 divi
1477 1094 1827 1168 Chrysologi

172 1179 664 1251 superadducta),
695 1170 788 1237 vel
820 1182 1041 1239 archivi
1086 1180 1609 1258 archiepiscopalis
1632 1184 1830 1241 incen-

169 1263 285 1329 dio,
322 1269 415 1326 Vel
453 1266 969 1349 schismaticorum
1014 1271 1241 1329 malitia
1284 1278 1695 1348 consumptas,
1736 1272 1827 1331 vel

168 1354 224 1410 in
255 1355 495 1427 Gecrgii
522 1352 957 1432 archiepiscopi
978 1359 1319 1433 captivitate
1337 1362 1700 1436 deperditas,
1721 1364 1827 1437 qui

169 1440 445 1500 Ecclesia:
468 1451 687 1503 nosti-ee
715 1449 1066 1518 augustiora
1091 1457 1505 1516 monumenta,
1530 1452 1608 1509 ad
1637 1458 1828 1509 osten-

167 1532 434 1589 dendam
469 1535 598 1607 ejus
615 1536 1098 1610 amplitudinem,
1124 1538 1184 1594 in
1211 1539 1592 1597 Germaniam
1622 1545 1827 1614 aspor‘

168 1626 413 1687 taverat,
450 1623 613 1679 scioli
637 1618 891 1697 alicujus
917 1640 1096 1699 opera
1117 1632 1173 1683 et
1196 1629 1434 1699 ingenio
1455 1628 1641 1685 fuisse
1659 1646 1828 1686 reno-

1940 473 2211 543 sidentia,
2228 494 2432 534 verum
2453 478 2529 535 ab
2546 478 2911 537 institutione
2930 483 3260 554 apostolica
3276 485 3595 545 formatam

1940 562 2123 620 fuisse
2140 566 2408 622 Ecclesiae
2421 567 2836 625 hierarchiam.
2856 572 3137 628 Acacium
3153 590 3291 630 vero
3305 575 3594 647 exemplis

1940 654 2561 728 urgetepiscoporum,
2581 656 2827 730 quilicet
2848 658 3256 732 imperialibus
3276 668 3597 735 praeessent

1940 740 2288 808 civitatibus,
2307 760 2369 799 se
2387 749 2585 800 tamen
2599 745 2749 801 infra
2764 748 3473 820 anticpiosjurisdictionis
3490 756 3597 809 ter-

1938 827 2135 885 minos
2165 832 2620 893 continuerunt:
2652 834 2917 899 Risimus,
2948 837 3159 909 inquit,
3186 841 3346 909 quod
3373 856 3592 909 praero-

1936 920 2065 988 gati
2070 934 2199 975 vam
2218 920 2414 976 volunt
2427 922 2640 978 Acacio
2653 939 2773 979 com
2776 927 2989 994 parari
2995 927 3151 997 ,quia
3167 929 3457 999 episcopus
3468 931 3591 999 fue-

1938 1006 2015 1061 rit
2041 1010 2217 1078 regis?
2238 1012 2511 1066 civitatis.
2532 1010 2843 1083 Numquid
2857 1015 3023 1084 apud
3048 1017 3403 1088 Ravennam,
3428 1018 3593 1087 apud

1934 1094 2357 1164 Mediolanum,
2388 1099 2553 1167 apud
2565 1099 2893 1169 Syrmium,
2918 1104 3079 1173 apud
3105 1104 3372 1160 Treviros
3396 1107 3592 1161 multis

1937 1185 2290 1254 temporibus
2304 1203 2411 1241 non
2429 1190 2693 1243 constitit
2706 1191 3013 1261 imperator
3031 1194 3057 1250 ?
3072 1190 3368 1264 Numquid
3385 1196 3589 1251 harum

1938 1275 2173 1330 urbium
2205 1276 2533 1332 sacerdotes
2564 1293 2741 1333 unus
2794 1292 3087 1336 usxsunm
3129 1298 3236 1338 31m
3276 1300 3591 1348 ANTIQUITI‘S

1939 1380 2247 1419 superaram
2279 1365 2596 1436 quidquam
2626 1368 2745 1423 suis
2776 1368 3156 1440 dignitatibus
3178 1379 3592 1444 usurparunt?

1936 1454 2085 1509 Licet
2099 1454 2431 1522 ergo,aiunt
2445 1457 3043 1523 Ravennates,multis
3057 1456 3422 1533 temporibus
3436 1462 3589 1533 apud

1937 1546 2283 1599 Ravennam
2301 1544 2668 1601 constiterint
2685 1546 3097 1620 imperatores,
3112 1548 3259 1605 nihil
3272 1555 3469 1606 tamen
3485 1552 3590 1607 hu-

1929 1630 2030 1703 jus
2045 1632 2211 1687 urbis
2226 1634 2484 1706 episcOpi
2499 1651 2620 1690 suae
2634 1634 2904 1706 dignitati
2921 1638 3589 1712 auxerunt,nullumque

164 1717 369 1809 vetas;
398 1717 456 1769 et
480 1713 733 1769 fortasse
759 1712 852 1770 vel
881 1720 934 1772 ιχ
953 1712 1048 1772 vel
1074 1726 1106 1772 ι
1133 1718 1372 1783 saeculo,
1397 1721 1536 1774 tunc
1564 1734 1700 1774 cum
1726 1736 1825 1776 ar-
1858 1742 1902 1809 Β
1938 1720 2134 1793 majus
2142 1722 2239 1791 jus
2262 1727 2647 1795 usurparunt,
2669 1741 2737 1780 ex
2765 1724 2970 1781 Gelasii
2998 1728 3386 1794 attestatione,
3406 1729 3511 1784 sed
3529 1730 3589 1784 in

164 1798 523 1871 rhiepiscopi
534 1802 701 1859 titulo
714 1803 937 1876 passim
952 1804 1268 1862 utebantur
1278 1808 1660 1865 Ravennaten
1670 1808 1824 1865 sium

166 1891 475 1967 prtesules,
530 1907 639 1948 nec
695 1908 818 1948 non
876 1897 933 1946 τὸ
982 1894 1176 1966 major
1212 1895 1273 1951 in
1313 1902 1476 1952 more
1521 1894 1645 1954 erat
1675 1898 1827 1953 inter

164 1970 383 2051 titulos,
420 1977 598 2051 cujus
629 1981 924 2054 exempla,
959 1976 1061 2039 ubi
1092 2000 1247 2056 opus
1281 1989 1457 2050 esset,
1491 1991 1708 2058 praesto
1740 1980 1822 2042 fo-

164 2073 289 2124 rent
338 2068 399 2124 in
448 2070 831 2141 pergamenis
876 2072 1099 2128 archivi
1144 2070 1825 2131 Ravennatensis.l1anc

166 2162 363 2213 tamen
396 2157 807 2229 conjecturam
839 2159 1295 2232 prudentiorum
1314 2160 1544 2234 judicio
1574 2160 1825 2219 libenter

166 2245 619 2301 committimus.

228 2325 354 2391 ἡδὶ).
371 2335 503 2400 Qua
516 2339 718 2391 autem
732 2336 1043 2393 occasione
1055 2336 1448 2393 Valentiniani
1472 2331 1674 2394 litterae
1688 2346 1823 2394 vere

160 2422 595 2489 emanaverint,
612 2426 810 2480 utrum
826 2422 898 2480 ab
910 2424 1338 2499 Angelopte,an
1352 2425 1429 2482 ab
1454 2425 1823 2499 Chrysolog'o

162 2510 669 2585 impetrattemihil
685 2513 824 2569 certi
836 2504 1152 2571 habemus.
1164 2516 1220 2572 Si
1235 2520 1434 2571 autem
1450 2512 1823 2588 conjecturas

161 2606 398 2657 nostras
410 2600 870 2676 qualeséumque
884 2592 1704 2676 aperirelicet,credimus,non
1719 2620 1823 2677 pro

159 2705 316 2746 nova
330 2690 803 2749 Ravennatensis
821 2692 1150 2764 metropolis
1166 2693 1519 2750 formatione
1537 2710 1639 2749 eas
1654 2695 1822 2751 datas

160 2777 342 2835 fuisse
362 2778 591 2837 litteras
608 2779 685 2835 ab
708 2776 975 2851 Augusto
1001 2797 1013 2848 ;
1044 2779 1283 2838 obstant
1303 2783 1483 2849 enim,
1518 2798 1592 2837 ne
1612 2781 1673 2838 id
1704 2798 1823 2838 cre-

156 2867 294 2924 dam
306 2870 771 2940 us,gravis'sima
785 2876 916 2942 qua:
934 2887 1202 2944 superius
1218 2874 1424 2927 contra
1436 2868 1823 2927 Bacchinium

158 2954 561 3030 explicuimus
583 2964 971 3030 argumenta;
1000 2948 1103 3015 sed
1125 2961 1321 3034 potius
1342 2964 1401 3017 ut
1417 2958 1821 3033 Chrysologus

159 3045 245 3103 vel
271 3047 638 3121 Angeloptes
664 3046 899 3104 illarum
922 3048 1252 3123 patrocinio
1280 3049 1561 3106 ecclesias
1578 3065 1821 3121 recupe-

158 3141 299 3203 rent,
329 3153 495 3210 quas
526 3137 790 3194 diximus
820 3138 897 3195 ab
937 3137 1169 3195 Arianis
1199 3139 1347 3196 forte
1388 3139 1730 3205 distractas,
1766 3142 1820 3195 et

160 3225 549 3297 postmodum
567 3243 673 3299 per
692 3226 981 3284 Ambrosii
1000 3226 1492 3301 praedicationem
1511 3228 1569 3284 in
1584 3227 1820 3284 cliente-

158 3314 271 3371 lam
303 3314 839 3372 Mediolanensium
870 3317 1287 3390 episcoporum
1328 3323 1617 3389 receptas,
1661 3317 1722 3372 in
1748 3332 1819 3373 ea

158 3418 257 3475 per
270 3406 508 3477 quinqu
518 3403 847 3477 agintafere
861 3422 1052 3462 annos
1070 3400 1445 3477 perdurasse,
1460 3421 1719 3478 quorum
1733 3398 1818 3462 id-

160 3494 310 3549 circo
348 3492 690 3562 conatibus,
720 3510 791 3550 ne
821 3492 951 3551 illas
983 3496 1369 3567 restituerent,
1403 3495 1815 3552 auctoritatem

160 3581 565 3653 apostolicam
596 3587 650 3638 et
679 3582 1049 3655 iinperialem
1081 3594 1384 3656 apponere
1413 3599 1658 3640 necesse
1686 3582 1811 3639 fuit.

160 3668 475 3727 Probabile
502 3677 590 3727 est
613 3671 953 3737 etiam,cum
978 3671 1193 3729 saeculo
1216 3674 1424 3745 quinto
1442 3671 1810 3744 incoeperint,

160 3764 219 3815 ut
245 3761 327 3818 ait
356 3754 735 3828 Bacchinius,
770 3760 1002 3818 termini
1026 3760 1371 3819 hierarchiee
1400 3761 1813 3817 ecclesiasticae

157 3849 211 3904 in
236 3848 403 3905 italia
426 3849 509 3906 ad
530 3847 788 3906 civilium
812 3850 1257 3922 provinciarum
1280 3851 1564 3906 terminos
1583 3865 1814 3906 accom-

156 3937 412 4005 modari,
446 3937 675 3995 factum
708 3935 895 3995 fuisse
930 3946 990 3995 ut
1015 3939 1091 3996 ad
1131 3938 1559 3996 coarctandam
1586 3954 1691 3995 seu
1719 3953 1814 3993 ex-

158 4027 523 4084 tendendam
554 4026 1049 4101 metropoliticam
1080 4022 1515 4085 Ravennatium
1542 4025 1814 4098 jurisdic-

157 4116 373 4171 tionem
387 4116 543 4172 intra
559 4112 805 4172 Eminus
820 4120 875 4172 et
886 4114 1189 4173 Flaminiae
1203 4113 1659 4183 conﬁnia,simul
1675 4128 1811 4169 con-

158 4209 477 4271 currerent,
511 4202 885 4278 temporibus
915 4205 1008 4261 vel
1036 4204 1375 4276 Angeloptis
1391 4201 1809 4275 velChrysolo-

159 4292 231 4362 εἰ,
248 4299 302 4350 et
318 4294 480 4349 sedis
497 4292 842 4366 apostolicae
866 4292 1119 4360 decreta,
1135 4298 1190 4349 et
1202 4292 1600 4363 Augustorum
1621 4290 1805 4357 favor,

160 4380 229 4436 ad
242 4382 720 4455 compescendas
738 4382 1199 4439 obtrectantium
1212 4380 1648 4454 querimonias.
1662 4384 1810 4447 Qua-

1936 1826 2005 1866 ea
2024 1826 2304 1867 mensura
2325 1811 2628 1881 dignitatis
2646 1817 2700 1869 et
2716 1813 3143 1884 jurisdictionis
3157 1822 3587 1883 remanserunt,

1935 1915 2119 1971 quam
2152 1904 2288 1954 ante
2312 1899 2722 1971 imperatores,
2749 1908 2852 1958 eta
2880 1904 3084 1975 priscis
3102 1906 3470 1977 temporibus
3486 1904 3589 1961 has

1932 1986 2200 2042 buerant.
2216 1988 2419 2043 Verum
2432 1988 2828 2045 indubitatum
2845 1989 3071 2063 quidem
3085 1994 3188 2060 est,
3204 1992 3589 2065 omnibusque

1932 2075 2227 2132 historicis
2241 2075 2583 2149 probatum,
2602 2081 2972 2135 Ravennates
2986 2080 3274 2136 antistites
3295 2086 3589 2154 metropoo

1932 2163 2089 2221 litica
2102 2164 2389 2237 dignitate
2403 2165 3175 2241 polluisse,imperatoribus
3200 2172 3253 2225 in
3272 2186 3343 2226 ea
3355 2170 3588 2228 civitate

1930 2253 2324 2310 residentibus
2350 2267 2362 2321 ;
2392 2254 2571 2326 igitur
2592 2272 2709 2313 non
2734 2256 2897 2313 illam
2921 2258 3121 2331 adepti
3145 2262 3281 2315 sunt
3296 2263 3585 2329 Augusto-

1933 2360 2062 2399 rum
2082 2344 2426 2400 auctoritate
2449 2348 2548 2401 aut
2577 2343 3015 2417 intercessione,
3035 2348 3183 2404 dum
3204 2347 3263 2403 in
3286 2364 3355 2403 ea
3371 2348 3584 2404 reside-

1932 2435 2078 2498 rent,
2098 2432 2200 2488 sed
2217 2431 2379 2488 illam
2393 2432 2743 2504 dignitatem
2758 2436 2816 2490 in
2832 2452 3114 2493 mensura
3135 2435 3245 2492 sibi
3263 2438 3589 2509 antiquitus

1931 2519 2375 2593 deputata,nihil
2390 2521 2629 2579 ulterius
2643 2524 3587 2592 eiaddentes,retinuerunt,etcum

1930 2610 2549 2682 Ravennaimperialis
2568 2612 2767 2669 civitas
2782 2612 2935 2669 facta
2949 2614 3079 2685 est,j
3091 2631 3186 2669 am
3203 2614 3279 2669 ab
3294 2614 3587 2670 veteribus

1932 2698 2301 2769 temporibus
2327 2699 2498 2755 sedes
2541 2705 2665 2757 erat
2706 2701 3085 2757 ecclesiastici
3127 2701 3583 2773 metropolitani.

2008 2790 2125 2841 {52.
2158 2787 2486 2843 Verborum
2520 2788 2729 2844 Gelasii
2753 2795 2807 2844 et
2829 2790 3006 2860 hujus
3028 2789 3317 2845 ratiocinii
3344 2787 3587 2860 ponlus

1933 2878 2196 2930 senserat
2219 2873 2591 2945 Bacchinius,
2608 2878 2709 2949 qui
2725 2893 2788 2931 se
2810 2877 3073 2950 primum
3087 2876 3361 2933 omnium
3375 2880 3589 2931 metro«

1932 2962 2150 3036 politici
2169 2961 2496 3021 Ravennati
2510 2982 2606 3020 um
2618 2964 2767 3036 juris
2788 2970 3305 3038 propugnatorum
3324 2963 3467 3020 illud
3488 2964 3588 3021 de-

1932 3052 2318 3124 prehendisse
2341 3053 2419 3109 ait
2443 3054 2571 3124 (ubi
2586 3060 2785 3109 autem
2803 3054 2876 3110 de
2896 3055 3351 3127 metr0politana
3366 3052 3586 3126 Syrmii

1932 3140 2189 3199 Ecclesia
2213 3142 2445 3199 locutus
2473 3147 2565 3198 est
2597 3142 2947 3199 Eustachius
2993 3160 3028 3199 a
3057 3143 3111 3198 S.
3146 3141 3393 3209 Ubaldo,
3418 3141 3584 3199 forsi-

1928 3235 2027 3286 tan
2047 3235 2180 3285 ante
2202 3229 2590 3287 Bacchinium
2617 3230 2735 3286 vim
2759 3231 3087 3287 Gelasianae
3113 3232 3475 3288 auctoritatis
3497 3230 3581 3288 in-

1926 3316 2270 3391 dicaverat).
2306 3320 2488 3376 Porro
2516 3320 2735 3374 mirum
2762 3324 2851 3375 est
2881 3336 2999 3392 qua
3026 3319 3251 3375 ratione
3280 3320 3579 3375 Bacchinii

1926 3406 2173 3462 animum
2192 3408 2942 3479 contorserit,etatiquando
2952 3424 3099 3478 pene
3113 3410 3171 3464 in
3188 3415 3578 3465 transuersum

1925 3497 2101 3565 egerit
2132 3496 2288 3551 istud
2318 3496 2654 3566 argumenti
2686 3512 2893 3567 genus,
2929 3502 2982 3553 et
3026 3498 3086 3553 in
3117 3513 3296 3570 quem
3330 3510 3579 3551 sensum

1924 3584 2218 3656 explicare
2246 3590 2496 3641 conatus
2529 3584 2606 3641 sit
2631 3585 2839 3642 Gelasii
2867 3585 3195 3642 clarissima
3216 3584 3578 3657 caeteroquin

1923 3672 2143 3741 verba;
2179 3671 2293 3727 illis
2324 3674 2481 3728 enim
2513 3673 2575 3728 in
2603 3690 2783 3730 sensu
2812 3674 2989 3731 obvio
3028 3676 3309 3747 acceptis,
3350 3674 3581 3730 viderat

1922 3761 2012 3816 vir
2041 3761 2423 3818 doctissimus
2440 3779 2545 3835 per
2563 3779 2623 3818 se
2654 3764 2865 3819 cadere
2887 3763 3130 3820 omnino
3149 3780 3320 3819 suam
3340 3767 3578 3819 caetero-

1922 3866 2174 3922 rumque
2197 3851 2543 3922 opinionem
2565 3852 2638 3907 de
2661 3853 2884 3922 origine
2906 3852 3341 3908 Ravennatium
3365 3857 3577 3907 metro-

1920 3937 2094 4010 polis.
2127 3938 2678 4010 Interpretationem
2713 3956 2852 4010 ergo
2883 3938 3179 3995 Bacchinii
3217 3943 3455 4009 praestat
3479 3938 3575 3992 hic

1921 4025 2147 4081 eisdem
2170 4026 2362 4081 verbis
2394 4027 2711 4094 adducere,
2758 4044 2831 4084 ne
2860 4027 3048 4099 ipsius
3085 4027 3345 4084 valorem
3376 4024 3575 4080 immi-

1921 4112 2126 4168 nuisse
2158 4112 2489 4169 videamur.

1998 4206 2115 4259 153.
2162 4222 2188 4254 «
2230 4204 2375 4258 Cum
2407 4201 2465 4257 in
2499 4201 2771 4270 dubium,
2800 4200 3008 4273 inquit,
3036 4201 3302 4259 revocari
3330 4200 3573 4258 minime

1921 4290 2285 4364 possitquod
2299 4288 2526 4347 Gelasio
2544 4307 2784 4347 summo
2796 4292 3073 4364 pontiﬁce
3092 4294 3291 4347 Romae
3311 4288 3571 4359 sedente,

1920 4379 2138 4452 praesul
2169 4383 2481 4436 Ravennas
2502 4380 2881 4452 metropolita
2910 4378 3102 4447 fuerit,
3127 4380 3423 4453 reliquum
3445 4394 3574 4436 esse

160 4470 242 4524 vis
272 4477 474 4527 autem
498 4488 571 4528 ex
590 4471 683 4527 his
707 4473 905 4527 causis
936 4470 1329 4527 Valentiniani
1355 4470 1556 4527 litterae
1580 4469 1812 4543 prodie-
1844 4465 1888 4522 D
1917 4470 2151 4526 videtur
2179 4474 2239 4525 ut
2269 4487 2339 4526 ex
2371 4469 2582 4527 Gelasii
2612 4470 2883 4541 ejusdem
2914 4471 3250 4527 testimonio
3284 4486 3405 4525 non
3433 4474 3571 4525 tunc

160 4556 285 4630 rint,
317 4559 401 4614 nil
430 4558 764 4631 praejudicii
794 4548 1053 4615 inferunt
1079 4559 1510 4617 Ravennatium
1540 4557 1811 4632 opinioni

162 4644 230 4701 de
258 4647 621 4721 impugnata
646 4662 853 4705 eorum
881 4647 1183 4719 dignitatis
1213 4647 1461 4718 origine.

232 4738 349 4792 151.
371 4736 566 4803 Quam
585 4753 726 4794 vero
753 4737 1044 4809 originem
1060 4753 1182 4794 non
1206 4736 1401 4793 solum
1427 4735 1617 4793 allatis
1638 4734 1810 4792 ratio-

164 4822 335 4881 nibus
360 4831 572 4883 contra
598 4827 719 4883 vim
751 4828 1089 4897 argumenti
1112 4826 1372 4899 negativi
1403 4843 1463 4882 se
1494 4824 1809 4882 defendere

164 4912 240 4967 illi
268 4910 653 4985 arbitrantur,
683 4932 889 4972 verum
920 4910 1124 4988 aliquo
1151 4914 1328 4971 etiam
1351 4914 1599 4987 positivo
1630 4913 1811 4969 docu-

166 5009 378 5059 mento.
392 5004 540 5060 Illud
562 5021 590 5059 e
607 5004 823 5062 Gelasii
847 5005 866 5059 Ι
892 5004 1142 5059 Romani
1157 5003 1454 5075 pontificis
1471 5000 1718 5075 epistola
1733 5002 1812 5058 ad

163 5092 469 5166 episcopos
486 5093 798 5150 Dardanias
813 5093 1085 5165 superius
1104 5094 1299 5159 citata,
1314 5092 1552 5148 haurire
1564 5107 1686 5146 non
1707 5090 1812 5146 du-

163 5178 365 5247 bitant,
394 5182 495 5238 ubi
531 5188 739 5240 contra
767 5182 1051 5239 Acacium
1083 5178 1811 5252 Constantinopolitanum

165 5269 504 5345 episcopum
520 5274 578 5328 in
588 5270 1369 5343 vehltGelasius,conantem
1390 5268 1655 5325 ﬁmbrias
1669 5283 1809 5340 qua-

166 5374 519 5428 quaversum
534 5360 1059 5433 dilatare,seseque
1072 5361 1129 5416 in
1144 5359 1393 5418 Orientis
1410 5356 1811 5431 patriarcham

168 5446 547 5524 elevare,qnia
559 5454 878 5528 episcOpus
892 5453 1046 5505 esset
1060 5450 1384 5522 imperialis
1398 5445 1809 5505 civitatis.Pro-

168 5537 263 5596 bat
282 5546 482 5598 autem
505 5536 800 5606 Gelasius,
823 5554 946 5596 non
972 5539 1049 5597 ab
1080 5538 1315 5612 imperii
1336 5540 1671 5610 systemate,
1690 5552 1811 5595 non

1920 4557 2160 4630 coeperit
2198 4557 2725 4628 metropolitanum
2752 4557 2853 4629 jus
2898 4558 2957 4612 in
2990 4560 3327 4614 Ravennate
3375 4558 3573 4613 Ecclen

1919 4646 2025 4713 sia,
2058 4661 2196 4702 cum
2229 4644 2368 4702 urbs
2398 4645 2495 4703 illa
2526 4647 2688 4717 regia
2718 4647 3120 4716 Augustorum
3163 4647 3331 4703 sedes
3362 4646 3569 4715 evasit,

1920 4734 2023 4791 sed
2053 4735 2261 4791 eodem
2286 4734 2416 4790 loco
2448 4736 2668 4792 steterit
2688 4752 2809 4808 quo
2839 4742 3013 4792 antea
3043 4736 3251 4800 fuerat,
3284 4752 3384 4793 nec
3413 4738 3572 4793 ultra

1917 4838 2253 4881 mensuram
2279 4823 2396 4879 sibi
2415 4827 2745 4896 antiquitus
2763 4826 3099 4894 deputatam
3124 4824 3428 4896 quidpiam
3448 4825 3571 4878 suis

1919 4912 2311 4983 dignitatibus
2335 4914 2735 4983 usurpaverit.
2754 4917 2915 4971 Certe
2936 4914 3140 4969 Gelasii
3166 4911 3569 4967 testimonium

1919 5002 2085 5058 omni
2098 5000 2439 5075 exceptione
2456 5004 2650 5075 majus
2665 5006 2771 5073 est,
2804 5008 2928 5059 tum
2941 5000 3105 5073 quod
3122 4996 3571 5069 ﬂorueritpaulo

1920 5096 2145 5162 postea
2167 5096 2436 5163 tempora
2461 5091 2681 5163 quibus
2708 5089 2977 5147 Ecclesiae
3005 5087 3331 5144 Ravennati
3360 5090 3574 5143 metro-

1920 5179 2217 5251 politicum
2231 5180 2328 5250 jus
2343 5179 2623 5235 collatum
2638 5178 2817 5234 fuisse
2833 5179 3240 5242 diximus,tum
3263 5175 3418 5248 quod
3433 5192 3574 5249 prae-

1920 5266 2075 5321 sumi
2090 5266 2426 5323 debeatrem
2444 5266 2537 5339 huj
2550 5284 2616 5321 us
2627 5266 2782 5321 modi
2797 5265 3139 5321 doctissimo
3155 5263 3422 5320 Romano
3435 5281 3574 5337 pons

1920 5355 2308 5426 tiﬂci,jurium
2324 5355 2859 5411 ecclesiasticorum
2876 5353 3439 5419 scientissimo,bene
3452 5370 3575 5426 per—

1920 5447 2401 5517 spectam.Tanta
2411 5442 2795 5499 nihilominus
2810 5448 2964 5510 sunt,
2974 5443 3245 5518 adeoque
3258 5444 3574 5516 clara,quee
3616 5510 3629 5517 ,

1918 5534 2180 5610 probant
2196 5534 2385 5591 serius
2399 5548 2585 5605 quam
2607 5533 2667 5590 in
2682 5536 2895 5592 cmtero
2910 5534 3209 5591 Occidenti
3223 5532 3281 5590 in
3300 5532 3467 5591 Italia
3476 5532 3496 5605 j
3507 5548 3575 5588 us
