  <div class='ocr_page' id='page_1' title='image "/cluster/home/n/w/nwhite01/storage/ocr_20150623/52/hvd.32044054758628/093.png"; bbox 0 0 3978 6184; ppageno 0'>
   <div class='ocr_carea' id='block_1_1' title="bbox 398 203 510 285">
    <p class='ocr_par' dir='ltr' id='par_1_1' title="bbox 398 203 510 285">
     <span class='ocr_line' id='line_1_1' title="bbox 398 203 510 285; baseline 0 -1"><span class='ocrx_word' id='word_1_1' title='bbox 398 203 510 285; x_wconf 67' lang='grc'>175</span> 
     </span>
    </p>
   </div>
   <div class='ocr_carea' id='block_1_2' title="bbox 1250 204 2941 275">
    <p class='ocr_par' dir='ltr' id='par_1_2' title="bbox 1250 204 2941 275">
     <span class='ocr_line' id='line_1_2' title="bbox 1250 204 2941 275; baseline -0.002 -3"><span class='ocrx_word' id='word_1_2' title='bbox 1250 204 1318 273; x_wconf 74' lang='grc' dir='ltr'>ιΝ</span> <span class='ocrx_word' id='word_1_3' title='bbox 1365 215 1423 274; x_wconf 88' lang='lat' dir='ltr'>S.</span> <span class='ocrx_word' id='word_1_4' title='bbox 1472 205 1762 275; x_wconf 81' lang='lat' dir='ltr'>PETRUM</span> <span class='ocrx_word' id='word_1_5' title='bbox 1807 208 2336 273; x_wconf 80' lang='lat' dir='ltr'>CHRYSOLOGUM</span> <span class='ocrx_word' id='word_1_6' title='bbox 2382 207 2941 271; x_wconf 82' lang='lat' dir='ltr'>PROLEGOMENA.</span> 
     </span>
    </p>
   </div>
   <div class='ocr_carea' id='block_1_3' title="bbox 3696 214 3806 270">
    <p class='ocr_par' dir='ltr' id='par_1_3' title="bbox 3696 214 3806 270">
     <span class='ocr_line' id='line_1_3' title="bbox 3696 214 3806 270; baseline 0.018 -2"><span class='ocrx_word' id='word_1_7' title='bbox 3696 214 3806 270; x_wconf 79' lang='lat' dir='ltr'>l76</span> 
     </span>
    </p>
   </div>
   <div class='ocr_carea' id='block_1_4' title="bbox 398 338 3807 424">
    <p class='ocr_par' dir='ltr' id='par_1_4' title="bbox 398 338 3807 424">
     <span class='ocr_line' id='line_1_4' title="bbox 398 338 3807 424; baseline -0.004 -13"><span class='ocrx_word' id='word_1_8' title='bbox 398 348 1232 424; x_wconf 87' lang='lat' dir='ltr'>metropoliticuminvectum,</span> <span class='ocrx_word' id='word_1_9' title='bbox 1254 348 1416 401; x_wconf 89' lang='lat' dir='ltr'>tanta</span> <span class='ocrx_word' id='word_1_10' title='bbox 1428 361 1500 400; x_wconf 81' lang='lat' dir='ltr'>ex</span> <span class='ocrx_word' id='word_1_11' title='bbox 1516 344 1736 416; x_wconf 90' lang='lat' dir='ltr'>quibus</span> <span class='ocrx_word' id='word_1_12' title='bbox 1748 343 2043 399; x_wconf 89' lang='lat' dir='ltr'>evidenter</span> <span class='ocrx_word' id='word_1_13' title='bbox 2076 344 2120 400; x_wconf 89' lang='lat' dir='ltr'><strong>A</strong></span> <span class='ocrx_word' id='word_1_14' title='bbox 2153 345 2208 395; x_wconf 89' lang='lat' dir='ltr'>et</span> <span class='ocrx_word' id='word_1_15' title='bbox 2234 339 2314 395; x_wconf 88' lang='lat' dir='ltr'>ab</span> <span class='ocrx_word' id='word_1_16' title='bbox 2334 341 2616 412; x_wconf 84' lang='lat' dir='ltr'>opinione</span> <span class='ocrx_word' id='word_1_17' title='bbox 2641 342 2823 397; x_wconf 90' lang='lat' dir='ltr'>solius</span> <span class='ocrx_word' id='word_1_18' title='bbox 2845 340 3092 396; x_wconf 88' lang='lat' dir='ltr'>Romani</span> <span class='ocrx_word' id='word_1_19' title='bbox 3115 339 3408 410; x_wconf 86' lang='lat' dir='ltr'>pontiticis</span> <span class='ocrx_word' id='word_1_20' title='bbox 3427 338 3487 392; x_wconf 91' lang='lat' dir='ltr'>in</span> <span class='ocrx_word' id='word_1_21' title='bbox 3506 339 3669 396; x_wconf 83' lang='lat' dir='ltr'>italia</span> <span class='ocrx_word' id='word_1_22' title='bbox 3686 356 3807 396; x_wconf 90' lang='lat' dir='ltr'>me-</span> 
     </span>
    </p>
   </div>
   <div class='ocr_carea' id='block_1_5' title="bbox 395 431 2042 515">
    <p class='ocr_par' dir='ltr' id='par_1_5' title="bbox 395 431 2042 515">
     <span class='ocr_line' id='line_1_5' title="bbox 395 431 2042 515; baseline -0.009 -16"><span class='ocrx_word' id='word_1_23' title='bbox 395 441 662 515; x_wconf 88' lang='lat' dir='ltr'>liquetde</span> <span class='ocrx_word' id='word_1_24' title='bbox 684 435 1030 510; x_wconf 87' lang='lat' dir='ltr'>bujusmodi</span> <span class='ocrx_word' id='word_1_25' title='bbox 1044 437 1062 506; x_wconf 94' lang='lat' dir='ltr'>j</span> <span class='ocrx_word' id='word_1_26' title='bbox 1077 450 1176 490; x_wconf 91' lang='lat' dir='ltr'>ure</span> <span class='ocrx_word' id='word_1_27' title='bbox 1200 434 1491 490; x_wconf 84' lang='lat' dir='ltr'>recentius</span> <span class='ocrx_word' id='word_1_28' title='bbox 1505 433 1828 489; x_wconf 83' lang='lat' dir='ltr'>Ravennati</span> <span class='ocrx_word' id='word_1_29' title='bbox 1851 431 2042 486; x_wconf 85' lang='lat' dir='ltr'>Eccle-</span> 
     </span>
    </p>
   </div>
   <div class='ocr_carea' id='block_1_6' title="bbox 396 521 2040 598">
    <p class='ocr_par' dir='ltr' id='par_1_6' title="bbox 396 521 2040 598">
     <span class='ocr_line' id='line_1_6' title="bbox 396 521 2040 598; baseline -0.008 -12"><span class='ocrx_word' id='word_1_30' title='bbox 396 532 496 587; x_wconf 88' lang='lat' dir='ltr'>sia</span> <span class='ocrx_word' id='word_1_31' title='bbox 519 530 751 598; x_wconf 89' lang='lat' dir='ltr'>collato,</span> <span class='ocrx_word' id='word_1_32' title='bbox 773 531 1123 595; x_wconf 88' lang='lat' dir='ltr'>constetque</span> <span class='ocrx_word' id='word_1_33' title='bbox 1146 521 1431 578; x_wconf 89' lang='lat' dir='ltr'>Ecclesias</span> <span class='ocrx_word' id='word_1_34' title='bbox 1446 522 1854 586; x_wconf 88' lang='lat' dir='ltr'>nonnullas,ut</span> <span class='ocrx_word' id='word_1_35' title='bbox 1873 523 2040 576; x_wconf 83' lang='lat' dir='ltr'>Foro-</span> 
     </span>
    </p>
   </div>
   <div class='ocr_carea' id='block_1_7' title="bbox 393 609 2043 681">
    <p class='ocr_par' dir='ltr' id='par_1_7' title="bbox 393 609 2043 681">
     <span class='ocr_line' id='line_1_7' title="bbox 393 609 2043 681; baseline -0.007 -6"><span class='ocrx_word' id='word_1_36' title='bbox 393 609 2043 681; x_wconf 78' lang='lat' dir='ltr'>corneliensis,Ambrosiovivente,Mediolanensiepisco-</span> 
     </span>
    </p>
   </div>
   <div class='ocr_carea' id='block_1_8' title="bbox 393 698 2044 781">
    <p class='ocr_par' dir='ltr' id='par_1_8' title="bbox 393 698 2044 781">
     <span class='ocr_line' id='line_1_8' title="bbox 393 698 2044 781; baseline -0.009 -15"><span class='ocrx_word' id='word_1_37' title='bbox 393 725 471 781; x_wconf 90' lang='lat' dir='ltr'>po</span> <span class='ocrx_word' id='word_1_38' title='bbox 498 707 789 780; x_wconf 90' lang='lat' dir='ltr'>paruisse,</span> <span class='ocrx_word' id='word_1_39' title='bbox 814 709 868 758; x_wconf 89' lang='lat' dir='ltr'>et</span> <span class='ocrx_word' id='word_1_40' title='bbox 891 701 1042 756; x_wconf 88' lang='lat' dir='ltr'>Petri</span> <span class='ocrx_word' id='word_1_41' title='bbox 1065 698 1431 770; x_wconf 87' lang='lat' dir='ltr'>Chrysologi,</span> <span class='ocrx_word' id='word_1_42' title='bbox 1463 699 1645 754; x_wconf 87' lang='lat' dir='ltr'>immo</span> <span class='ocrx_word' id='word_1_43' title='bbox 1672 700 1800 770; x_wconf 88' lang='lat' dir='ltr'>ejus</span> <span class='ocrx_word' id='word_1_44' title='bbox 1817 698 2044 754; x_wconf 93' lang='lat' dir='ltr'>electio-</span> 
     </span>
    </p>
   </div>
   <div class='ocr_carea' id='block_1_9' title="bbox 392 787 2048 864">
    <p class='ocr_par' dir='ltr' id='par_1_9' title="bbox 392 787 2048 864">
     <span class='ocr_line' id='line_1_9' title="bbox 392 787 2048 864; baseline -0.008 -11"><span class='ocrx_word' id='word_1_45' title='bbox 392 797 482 853; x_wconf 88' lang='lat' dir='ltr'>nis</span> <span class='ocrx_word' id='word_1_46' title='bbox 514 801 780 864; x_wconf 85' lang='lat' dir='ltr'>tempore</span> <span class='ocrx_word' id='word_1_47' title='bbox 811 792 960 846; x_wconf 87' lang='lat' dir='ltr'>inter</span> <span class='ocrx_word' id='word_1_48' title='bbox 986 792 1280 844; x_wconf 89' lang='lat' dir='ltr'>Ravenna</span> <span class='ocrx_word' id='word_1_49' title='bbox 1300 787 1573 843; x_wconf 90' lang='lat' dir='ltr'>subditas</span> <span class='ocrx_word' id='word_1_50' title='bbox 1593 794 1956 852; x_wconf 76' lang='lat' dir='ltr'>numeratus,</span> <span class='ocrx_word' id='word_1_51' title='bbox 1984 791 2048 840; x_wconf 89' lang='lat' dir='ltr'>ut</span> 
     </span>
    </p>
   </div>
   <div class='ocr_carea' id='block_1_10' title="bbox 391 875 2044 951">
    <p class='ocr_par' dir='ltr' id='par_1_10' title="bbox 391 875 2044 951">
     <span class='ocr_line' id='line_1_10' title="bbox 391 875 2044 951; baseline -0.008 -11"><span class='ocrx_word' id='word_1_52' title='bbox 391 884 571 940; x_wconf 89' lang='lat' dir='ltr'>obvio</span> <span class='ocrx_word' id='word_1_53' title='bbox 584 899 652 938; x_wconf 91' lang='lat' dir='ltr'>eo</span> <span class='ocrx_word' id='word_1_54' title='bbox 667 896 844 936; x_wconf 92' lang='lat' dir='ltr'>sensu</span> <span class='ocrx_word' id='word_1_55' title='bbox 857 893 1037 951; x_wconf 90' lang='lat' dir='ltr'>quem</span> <span class='ocrx_word' id='word_1_56' title='bbox 1051 876 1592 949; x_wconf 86' lang='lat' dir='ltr'>praferuntGelasii</span> <span class='ocrx_word' id='word_1_57' title='bbox 1612 876 1810 940; x_wconf 81' lang='lat' dir='ltr'>verba,</span> <span class='ocrx_word' id='word_1_58' title='bbox 1837 875 2044 930; x_wconf 87' lang='lat' dir='ltr'>eadem</span> 
     </span>
    </p>
   </div>
   <div class='ocr_carea' id='block_1_11' title="bbox 391 963 2044 1039">
    <p class='ocr_par' dir='ltr' id='par_1_11' title="bbox 391 963 2044 1039">
     <span class='ocr_line' id='line_1_11' title="bbox 391 963 2044 1039; baseline -0.006 -12"><span class='ocrx_word' id='word_1_59' title='bbox 391 970 635 1039; x_wconf 83' lang='lat' dir='ltr'>intelligi</span> <span class='ocrx_word' id='word_1_60' title='bbox 668 968 914 1024; x_wconf 89' lang='lat' dir='ltr'>minime</span> <span class='ocrx_word' id='word_1_61' title='bbox 945 982 1124 1038; x_wconf 89' lang='lat' dir='ltr'>posse</span> <span class='ocrx_word' id='word_1_62' title='bbox 1156 970 1383 1020; x_wconf 91' lang='lat' dir='ltr'>certum</span> <span class='ocrx_word' id='word_1_63' title='bbox 1415 965 1506 1020; x_wconf 85' lang='lat' dir='ltr'>sit.</span> <span class='ocrx_word' id='word_1_64' title='bbox 1545 967 1630 1022; x_wconf 86' lang='lat' dir='ltr'>Re</span> <span class='ocrx_word' id='word_1_65' title='bbox 1660 965 1860 1035; x_wconf 79' lang='lat' dir='ltr'>itaque</span> <span class='ocrx_word' id='word_1_66' title='bbox 1893 963 2044 1018; x_wconf 88' lang='lat' dir='ltr'>serio</span> 
     </span>
    </p>
   </div>
   <div class='ocr_carea' id='block_1_12' title="bbox 389 1051 2045 1132">
    <p class='ocr_par' dir='ltr' id='par_1_12' title="bbox 389 1051 2045 1132">
     <span class='ocr_line' id='line_1_12' title="bbox 389 1051 2045 1132; baseline -0.006 -16"><span class='ocrx_word' id='word_1_67' title='bbox 389 1074 704 1132; x_wconf 84' lang='lat' dir='ltr'>perpensa,</span> <span class='ocrx_word' id='word_1_68' title='bbox 739 1055 1035 1112; x_wconf 78' lang='lat' dir='ltr'>Gelasium</span> <span class='ocrx_word' id='word_1_69' title='bbox 1067 1054 1126 1108; x_wconf 90' lang='lat' dir='ltr'>id</span> <span class='ocrx_word' id='word_1_70' title='bbox 1146 1053 1684 1110; x_wconf 89' lang='lat' dir='ltr'>solumintendisse</span> <span class='ocrx_word' id='word_1_71' title='bbox 1715 1051 2045 1123; x_wconf 86' lang='lat' dir='ltr'>reor,quod</span> 
     </span>
    </p>
   </div>
   <div class='ocr_carea' id='block_1_13' title="bbox 391 1141 2044 1219">
    <p class='ocr_par' dir='ltr' id='par_1_13' title="bbox 391 1141 2044 1219">
     <span class='ocr_line' id='line_1_13' title="bbox 391 1141 2044 1219; baseline -0.005 -16"><span class='ocrx_word' id='word_1_72' title='bbox 391 1152 816 1219; x_wconf 91' lang='lat' dir='ltr'>argumentum</span> <span class='ocrx_word' id='word_1_73' title='bbox 834 1141 1446 1205; x_wconf 87' lang='lat' dir='ltr'>ferebat,videlicetnil</span> <span class='ocrx_word' id='word_1_74' title='bbox 1461 1143 1739 1196; x_wconf 89' lang='lat' dir='ltr'>accedere</span> <span class='ocrx_word' id='word_1_75' title='bbox 1748 1141 1958 1211; x_wconf 91' lang='lat' dir='ltr'>juris,q</span> <span class='ocrx_word' id='word_1_76' title='bbox 1971 1155 2044 1194; x_wconf 94' lang='lat' dir='ltr'>uo</span> 
     </span>
    </p>
   </div>
   <div class='ocr_carea' id='block_1_14' title="bbox 389 1227 2044 1301">
    <p class='ocr_par' dir='ltr' id='par_1_14' title="bbox 389 1227 2044 1301">
     <span class='ocr_line' id='line_1_14' title="bbox 389 1227 2044 1301; baseline -0.005 -11"><span class='ocrx_word' id='word_1_77' title='bbox 389 1236 445 1290; x_wconf 92' lang='lat' dir='ltr'>in</span> <span class='ocrx_word' id='word_1_78' title='bbox 463 1236 612 1291; x_wconf 90' lang='lat' dir='ltr'>alios</span> <span class='ocrx_word' id='word_1_79' title='bbox 629 1233 1031 1296; x_wconf 86' lang='lat' dir='ltr'>dominentur,</span> <span class='ocrx_word' id='word_1_80' title='bbox 1047 1230 1336 1301; x_wconf 88' lang='lat' dir='ltr'>episc0pis</span> <span class='ocrx_word' id='word_1_81' title='bbox 1349 1229 1700 1301; x_wconf 86' lang='lat' dir='ltr'>quibuslibet</span> <span class='ocrx_word' id='word_1_82' title='bbox 1714 1245 1785 1284; x_wconf 82' lang='lat' dir='ltr'>ex</span> <span class='ocrx_word' id='word_1_83' title='bbox 1803 1244 1872 1283; x_wconf 92' lang='lat' dir='ltr'>eo</span> <span class='ocrx_word' id='word_1_84' title='bbox 1885 1227 2044 1299; x_wconf 91' lang='lat' dir='ltr'>quod</span> 
     </span>
    </p>
   </div>
   <div class='ocr_carea' id='block_1_15' title="bbox 388 1317 2040 1395">
    <p class='ocr_par' dir='ltr' id='par_1_15' title="bbox 388 1317 2040 1395">
     <span class='ocr_line' id='line_1_15' title="bbox 388 1317 2040 1395; baseline -0.004 -18"><span class='ocrx_word' id='word_1_85' title='bbox 388 1324 739 1395; x_wconf 76' lang='lat' dir='ltr'>quandoque</span> <span class='ocrx_word' id='word_1_86' title='bbox 751 1320 999 1392; x_wconf 78' lang='lat' dir='ltr'>Augusti</span> <span class='ocrx_word' id='word_1_87' title='bbox 1011 1318 1164 1391; x_wconf 90' lang='lat' dir='ltr'>apud</span> <span class='ocrx_word' id='word_1_88' title='bbox 1180 1334 1376 1374; x_wconf 86' lang='lat' dir='ltr'>eorum</span> <span class='ocrx_word' id='word_1_89' title='bbox 1391 1319 1688 1374; x_wconf 87' lang='lat' dir='ltr'>civitatem</span> <span class='ocrx_word' id='word_1_90' title='bbox 1702 1317 2040 1377; x_wconf 87' lang='lat' dir='ltr'>resederint,</span> 
     </span>
    </p>
   </div>
   <div class='ocr_carea' id='block_1_16' title="bbox 390 1405 2038 1481">
    <p class='ocr_par' dir='ltr' id='par_1_16' title="bbox 390 1405 2038 1481">
     <span class='ocr_line' id='line_1_16' title="bbox 390 1405 2038 1481; baseline -0.007 -14"><span class='ocrx_word' id='word_1_91' title='bbox 390 1414 488 1467; x_wconf 88' lang='lat' dir='ltr'>sed</span> <span class='ocrx_word' id='word_1_92' title='bbox 500 1413 519 1481; x_wconf 91' lang='lat' dir='ltr'>j</span> <span class='ocrx_word' id='word_1_93' title='bbox 531 1427 631 1466; x_wconf 88' lang='lat' dir='ltr'>ura</span> <span class='ocrx_word' id='word_1_94' title='bbox 646 1409 1043 1465; x_wconf 86' lang='lat' dir='ltr'>ecclesiastica</span> <span class='ocrx_word' id='word_1_95' title='bbox 1055 1407 1128 1463; x_wconf 91' lang='lat' dir='ltr'>ab</span> <span class='ocrx_word' id='word_1_96' title='bbox 1145 1406 1409 1462; x_wconf 86' lang='lat' dir='ltr'>Ecclesia</span> <span class='ocrx_word' id='word_1_97' title='bbox 1424 1406 1763 1462; x_wconf 83' lang='lat' dir='ltr'>auctoritate</span> <span class='ocrx_word' id='word_1_98' title='bbox 1779 1405 2038 1477; x_wconf 83' lang='lat' dir='ltr'>pendere.</span> 
     </span>
    </p>
   </div>
   <div class='ocr_carea' id='block_1_17' title="bbox 389 1494 2041 1571">
    <p class='ocr_par' dir='ltr' id='par_1_17' title="bbox 389 1494 2041 1571">
     <span class='ocr_line' id='line_1_17' title="bbox 389 1494 2041 1571; baseline -0.005 -15"><span class='ocrx_word' id='word_1_99' title='bbox 389 1505 571 1570; x_wconf 72' lang='lat' dir='ltr'>Negat</span> <span class='ocrx_word' id='word_1_100' title='bbox 593 1503 903 1571; x_wconf 87' lang='lat' dir='ltr'>propterea</span> <span class='ocrx_word' id='word_1_101' title='bbox 919 1496 1253 1568; x_wconf 88' lang='lat' dir='ltr'>quidquam</span> <span class='ocrx_word' id='word_1_102' title='bbox 1276 1494 1650 1552; x_wconf 88' lang='lat' dir='ltr'>ecclesiastici</span> <span class='ocrx_word' id='word_1_103' title='bbox 1673 1495 1824 1565; x_wconf 88' lang='lat' dir='ltr'>juris</span> <span class='ocrx_word' id='word_1_104' title='bbox 1847 1509 2041 1549; x_wconf 84' lang='lat' dir='ltr'>acces-</span> 
     </span>
    </p>
   </div>
   <div class='ocr_carea' id='block_1_18' title="bbox 389 1582 2043 1659">
    <p class='ocr_par' dir='ltr' id='par_1_18' title="bbox 389 1582 2043 1659">
     <span class='ocr_line' id='line_1_18' title="bbox 389 1582 2043 1659; baseline -0.005 -16"><span class='ocrx_word' id='word_1_105' title='bbox 389 1589 539 1643; x_wconf 91' lang='lat' dir='ltr'>sisse</span> <span class='ocrx_word' id='word_1_106' title='bbox 571 1586 864 1659; x_wconf 89' lang='lat' dir='ltr'>episcopis</span> <span class='ocrx_word' id='word_1_107' title='bbox 890 1587 1202 1649; x_wconf 89' lang='lat' dir='ltr'>Ravenna,</span> <span class='ocrx_word' id='word_1_108' title='bbox 1235 1582 1565 1649; x_wconf 82' lang='lat' dir='ltr'>Mediolani,</span> <span class='ocrx_word' id='word_1_109' title='bbox 1593 1583 1824 1655; x_wconf 78' lang='lat' dir='ltr'>Syrmii.</span> <span class='ocrx_word' id='word_1_110' title='bbox 1847 1582 2043 1638; x_wconf 85' lang='lat' dir='ltr'>Trevi-</span> 
     </span>
    </p>
   </div>
   <div class='ocr_carea' id='block_1_19' title="bbox 386 1671 2116 1751">
    <p class='ocr_par' dir='ltr' id='par_1_19' title="bbox 386 1671 2116 1751">
     <span class='ocr_line' id='line_1_19' title="bbox 386 1671 2116 1751; baseline -0.003 -19"><span class='ocrx_word' id='word_1_111' title='bbox 386 1692 609 1745; x_wconf 89' lang='lat' dir='ltr'>rorum,</span> <span class='ocrx_word' id='word_1_112' title='bbox 643 1692 712 1731; x_wconf 83' lang='lat' dir='ltr'>ex</span> <span class='ocrx_word' id='word_1_113' title='bbox 741 1691 811 1730; x_wconf 91' lang='lat' dir='ltr'>eo</span> <span class='ocrx_word' id='word_1_114' title='bbox 843 1674 1085 1746; x_wconf 87' lang='lat' dir='ltr'>pracise</span> <span class='ocrx_word' id='word_1_115' title='bbox 1114 1673 1279 1745; x_wconf 92' lang='lat' dir='ltr'>quod</span> <span class='ocrx_word' id='word_1_116' title='bbox 1306 1673 1469 1744; x_wconf 88' lang='lat' dir='ltr'>apud</span> <span class='ocrx_word' id='word_1_117' title='bbox 1499 1672 1631 1727; x_wconf 90' lang='lat' dir='ltr'>illas</span> <span class='ocrx_word' id='word_1_118' title='bbox 1654 1671 1832 1727; x_wconf 89' lang='lat' dir='ltr'>urbes</span> <span class='ocrx_word' id='word_1_119' title='bbox 1856 1671 2041 1726; x_wconf 89' lang='lat' dir='ltr'>multo</span> <span class='ocrx_word' id='word_1_120' title='bbox 2079 1696 2116 1751; x_wconf 76' lang='grc' dir='ltr'>Β</span> 
     </span>
    </p>
   </div>
   <div class='ocr_carea' id='block_1_20' title="bbox 389 1759 2042 1836">
    <p class='ocr_par' dir='ltr' id='par_1_20' title="bbox 389 1759 2042 1836">
     <span class='ocr_line' id='line_1_20' title="bbox 389 1759 2042 1836; baseline -0.004 -17"><span class='ocrx_word' id='word_1_121' title='bbox 389 1770 655 1836; x_wconf 89' lang='lat' dir='ltr'>tempore</span> <span class='ocrx_word' id='word_1_122' title='bbox 672 1762 942 1831; x_wconf 87' lang='lat' dir='ltr'>degerint</span> <span class='ocrx_word' id='word_1_123' title='bbox 957 1763 1369 1832; x_wconf 86' lang='lat' dir='ltr'>imperatores,</span> <span class='ocrx_word' id='word_1_124' title='bbox 1390 1761 1588 1831; x_wconf 88' lang='lat' dir='ltr'>aitque</span> <span class='ocrx_word' id='word_1_125' title='bbox 1606 1759 1684 1815; x_wconf 88' lang='lat' dir='ltr'>ob</span> <span class='ocrx_word' id='word_1_126' title='bbox 1706 1776 1837 1814; x_wconf 89' lang='lat' dir='ltr'>eam</span> <span class='ocrx_word' id='word_1_127' title='bbox 1861 1760 2042 1830; x_wconf 88' lang='lat' dir='ltr'>impe-</span> 
     </span>
    </p>
   </div>
   <div class='ocr_carea' id='block_1_21' title="bbox 383 1847 2040 1918">
    <p class='ocr_par' dir='ltr' id='par_1_21' title="bbox 383 1847 2040 1918">
     <span class='ocr_line' id='line_1_21' title="bbox 383 1847 2040 1918; baseline -0.003 -13"><span class='ocrx_word' id='word_1_128' title='bbox 383 1856 651 1906; x_wconf 87' lang='lat' dir='ltr'>ratorum</span> <span class='ocrx_word' id='word_1_129' title='bbox 681 1865 936 1914; x_wconf 87' lang='lat' dir='ltr'>moram,</span> <span class='ocrx_word' id='word_1_130' title='bbox 971 1865 1104 1904; x_wconf 88' lang='lat' dir='ltr'>eam</span> <span class='ocrx_word' id='word_1_131' title='bbox 1130 1847 1369 1903; x_wconf 90' lang='lat' dir='ltr'>urbium</span> <span class='ocrx_word' id='word_1_132' title='bbox 1391 1847 1674 1918; x_wconf 88' lang='lat' dir='ltr'>prasules</span> <span class='ocrx_word' id='word_1_133' title='bbox 1697 1849 1859 1902; x_wconf 85' lang='lat' dir='ltr'>ultra</span> <span class='ocrx_word' id='word_1_134' title='bbox 1885 1863 2040 1902; x_wconf 86' lang='lat' dir='ltr'>men-</span> 
     </span>
    </p>
   </div>
   <div class='ocr_carea' id='block_1_22' title="bbox 384 1935 2041 2006">
    <p class='ocr_par' dir='ltr' id='par_1_22' title="bbox 384 1935 2041 2006">
     <span class='ocr_line' id='line_1_22' title="bbox 384 1935 2041 2006; baseline -0.001 -15"><span class='ocrx_word' id='word_1_135' title='bbox 384 1953 585 1992; x_wconf 84' lang='lat' dir='ltr'>suram</span> <span class='ocrx_word' id='word_1_136' title='bbox 599 1937 708 1992; x_wconf 83' lang='lat' dir='ltr'>sibi</span> <span class='ocrx_word' id='word_1_137' title='bbox 721 1937 1052 2006; x_wconf 83' lang='lat' dir='ltr'>antiquitus</span> <span class='ocrx_word' id='word_1_138' title='bbox 1066 1937 1413 2004; x_wconf 81' lang='lat' dir='ltr'>deputatam</span> <span class='ocrx_word' id='word_1_139' title='bbox 1432 1936 1524 1990; x_wconf 84' lang='lat' dir='ltr'>nil</span> <span class='ocrx_word' id='word_1_140' title='bbox 1534 1937 1655 1990; x_wconf 83' lang='lat' dir='ltr'>suis</span> <span class='ocrx_word' id='word_1_141' title='bbox 1672 1935 2041 2005; x_wconf 73' lang='lat' dir='ltr'>dignitatibus</span> 
     </span>
    </p>
   </div>
   <div class='ocr_carea' id='block_1_23' title="bbox 386 2023 2042 2092">
    <p class='ocr_par' dir='ltr' id='par_1_23' title="bbox 386 2023 2042 2092">
     <span class='ocr_line' id='line_1_23' title="bbox 386 2023 2042 2092; baseline -0.001 -13"><span class='ocrx_word' id='word_1_142' title='bbox 386 2039 731 2090; x_wconf 83' lang='lat' dir='ltr'>usurpasse;</span> <span class='ocrx_word' id='word_1_143' title='bbox 758 2023 1005 2080; x_wconf 89' lang='lat' dir='ltr'>minime</span> <span class='ocrx_word' id='word_1_144' title='bbox 1023 2039 1164 2079; x_wconf 89' lang='lat' dir='ltr'>vero</span> <span class='ocrx_word' id='word_1_145' title='bbox 1192 2028 1369 2092; x_wconf 86' lang='lat' dir='ltr'>negat</span> <span class='ocrx_word' id='word_1_146' title='bbox 1395 2023 1655 2089; x_wconf 84' lang='lat' dir='ltr'>aliunde,</span> <span class='ocrx_word' id='word_1_147' title='bbox 1686 2039 1757 2078; x_wconf 81' lang='lat' dir='ltr'>ex</span> <span class='ocrx_word' id='word_1_148' title='bbox 1779 2023 2042 2092; x_wconf 88' lang='lat' dir='ltr'>legitima</span> 
     </span>
    </p>
   </div>
   <div class='ocr_carea' id='block_1_24' title="bbox 385 2111 2040 2183">
    <p class='ocr_par' dir='ltr' id='par_1_24' title="bbox 385 2111 2040 2183">
     <span class='ocr_line' id='line_1_24' title="bbox 385 2111 2040 2183; baseline -0.001 -15"><span class='ocrx_word' id='word_1_149' title='bbox 385 2112 885 2169; x_wconf 88' lang='lat' dir='ltr'>scilicetEcclesia</span> <span class='ocrx_word' id='word_1_150' title='bbox 900 2111 1502 2183; x_wconf 88' lang='lat' dir='ltr'>potestate,potuissej</span> <span class='ocrx_word' id='word_1_151' title='bbox 1516 2129 1581 2167; x_wconf 91' lang='lat' dir='ltr'>us</span> <span class='ocrx_word' id='word_1_152' title='bbox 1595 2112 1797 2183; x_wconf 81' lang='lat' dir='ltr'>augeri</span> <span class='ocrx_word' id='word_1_153' title='bbox 1811 2128 2040 2167; x_wconf 88' lang='lat' dir='ltr'>earum-</span> 
     </span>
    </p>
   </div>
   <div class='ocr_carea' id='block_1_25' title="bbox 383 2200 2038 2272">
    <p class='ocr_par' dir='ltr' id='par_1_25' title="bbox 383 2200 2038 2272">
     <span class='ocr_line' id='line_1_25' title="bbox 383 2200 2038 2272; baseline -0.002 -17"><span class='ocrx_word' id='word_1_154' title='bbox 383 2202 516 2258; x_wconf 89' lang='lat' dir='ltr'>dem</span> <span class='ocrx_word' id='word_1_155' title='bbox 533 2201 921 2257; x_wconf 85' lang='lat' dir='ltr'>Ecclesiarum</span> <span class='ocrx_word' id='word_1_156' title='bbox 934 2216 1024 2266; x_wconf 92' lang='lat' dir='ltr'>,eo</span> <span class='ocrx_word' id='word_1_157' title='bbox 1037 2201 1216 2256; x_wconf 88' lang='lat' dir='ltr'>etiam</span> <span class='ocrx_word' id='word_1_158' title='bbox 1231 2201 1446 2256; x_wconf 91' lang='lat' dir='ltr'>intuitu</span> <span class='ocrx_word' id='word_1_159' title='bbox 1460 2200 1610 2271; x_wconf 90' lang='lat' dir='ltr'>quod</span> <span class='ocrx_word' id='word_1_160' title='bbox 1625 2201 2038 2272; x_wconf 88' lang='lat' dir='ltr'>imperatorum</span> 
     </span>
    </p>
   </div>
   <div class='ocr_carea' id='block_1_26' title="bbox 380 2287 2038 2361">
    <p class='ocr_par' dir='ltr' id='par_1_26' title="bbox 380 2287 2038 2361">
     <span class='ocr_line' id='line_1_26' title="bbox 380 2287 2038 2361; baseline -0.002 -15"><span class='ocrx_word' id='word_1_161' title='bbox 380 2290 462 2346; x_wconf 90' lang='lat' dir='ltr'>ibi</span> <span class='ocrx_word' id='word_1_162' title='bbox 487 2289 657 2345; x_wconf 89' lang='lat' dir='ltr'>sedes</span> <span class='ocrx_word' id='word_1_163' title='bbox 670 2293 978 2345; x_wconf 84' lang='lat' dir='ltr'>exstasset.</span> <span class='ocrx_word' id='word_1_164' title='bbox 994 2288 1203 2345; x_wconf 87' lang='lat' dir='ltr'>Gelasii</span> <span class='ocrx_word' id='word_1_165' title='bbox 1217 2289 1416 2361; x_wconf 84' lang='lat' dir='ltr'>itaque</span> <span class='ocrx_word' id='word_1_166' title='bbox 1437 2288 1620 2344; x_wconf 89' lang='lat' dir='ltr'>verba</span> <span class='ocrx_word' id='word_1_167' title='bbox 1642 2289 1857 2358; x_wconf 86' lang='lat' dir='ltr'>ferunt,</span> <span class='ocrx_word' id='word_1_168' title='bbox 1876 2287 2038 2360; x_wconf 93' lang='lat' dir='ltr'>quod</span> 
     </span>
    </p>
   </div>
   <div class='ocr_carea' id='block_1_27' title="bbox 382 2376 2039 2450">
    <p class='ocr_par' dir='ltr' id='par_1_27' title="bbox 382 2376 2039 2450">
     <span class='ocr_line' id='line_1_27' title="bbox 382 2376 2039 2450; baseline -0.002 -15"><span class='ocrx_word' id='word_1_169' title='bbox 382 2381 616 2435; x_wconf 86' lang='lat' dir='ltr'>Patrum</span> <span class='ocrx_word' id='word_1_170' title='bbox 635 2382 690 2434; x_wconf 90' lang='lat' dir='ltr'>et</span> <span class='ocrx_word' id='word_1_171' title='bbox 717 2376 1087 2450; x_wconf 90' lang='lat' dir='ltr'>synodorum</span> <span class='ocrx_word' id='word_1_172' title='bbox 1119 2377 1322 2433; x_wconf 89' lang='lat' dir='ltr'>sanior</span> <span class='ocrx_word' id='word_1_173' title='bbox 1348 2382 1402 2432; x_wconf 91' lang='lat' dir='ltr'>et</span> <span class='ocrx_word' id='word_1_174' title='bbox 1421 2377 1799 2433; x_wconf 90' lang='lat' dir='ltr'>communior</span> <span class='ocrx_word' id='word_1_175' title='bbox 1828 2392 2039 2432; x_wconf 87' lang='lat' dir='ltr'>sensus</span> 
     </span>
    </p>
   </div>
   <div class='ocr_carea' id='block_1_28' title="bbox 382 2463 2037 2535">
    <p class='ocr_par' dir='ltr' id='par_1_28' title="bbox 382 2463 2037 2535">
     <span class='ocr_line' id='line_1_28' title="bbox 382 2463 2037 2535; baseline -0.002 -12"><span class='ocrx_word' id='word_1_176' title='bbox 382 2466 528 2532; x_wconf 83' lang='lat' dir='ltr'>tulit,</span> <span class='ocrx_word' id='word_1_177' title='bbox 551 2465 948 2522; x_wconf 89' lang='lat' dir='ltr'>ecclesiastica</span> <span class='ocrx_word' id='word_1_178' title='bbox 974 2463 1253 2520; x_wconf 84' lang='lat' dir='ltr'>videlicet</span> <span class='ocrx_word' id='word_1_179' title='bbox 1268 2465 1408 2535; x_wconf 86' lang='lat' dir='ltr'>jura</span> <span class='ocrx_word' id='word_1_180' title='bbox 1426 2464 1590 2520; x_wconf 90' lang='lat' dir='ltr'>nullo</span> <span class='ocrx_word' id='word_1_181' title='bbox 1609 2466 1792 2520; x_wconf 90' lang='lat' dir='ltr'>modo</span> <span class='ocrx_word' id='word_1_182' title='bbox 1810 2481 1844 2520; x_wconf 90' lang='lat' dir='ltr'>a</span> <span class='ocrx_word' id='word_1_183' title='bbox 1858 2480 2037 2519; x_wconf 87' lang='lat' dir='ltr'>sacu-</span> 
     </span>
    </p>
   </div>
   <div class='ocr_carea' id='block_1_29' title="bbox 378 2552 2036 2626">
    <p class='ocr_par' dir='ltr' id='par_1_29' title="bbox 378 2552 2036 2626">
     <span class='ocr_line' id='line_1_29' title="bbox 378 2552 2036 2626; baseline -0.002 -16"><span class='ocrx_word' id='word_1_184' title='bbox 378 2554 486 2612; x_wconf 90' lang='lat' dir='ltr'>lari</span> <span class='ocrx_word' id='word_1_185' title='bbox 514 2557 802 2626; x_wconf 84' lang='lat' dir='ltr'>potestate</span> <span class='ocrx_word' id='word_1_186' title='bbox 839 2553 1119 2625; x_wconf 89' lang='lat' dir='ltr'>pendere,</span> <span class='ocrx_word' id='word_1_187' title='bbox 1155 2552 1248 2608; x_wconf 88' lang='lat' dir='ltr'>vel</span> <span class='ocrx_word' id='word_1_188' title='bbox 1281 2552 1615 2625; x_wconf 89' lang='lat' dir='ltr'>primarum</span> <span class='ocrx_word' id='word_1_189' title='bbox 1643 2552 2036 2608; x_wconf 85' lang='lat' dir='ltr'>Ecclesiarum</span> 
     </span>
    </p>
   </div>
   <div class='ocr_carea' id='block_1_30' title="bbox 379 2641 2035 2715">
    <p class='ocr_par' dir='ltr' id='par_1_30' title="bbox 379 2641 2035 2715">
     <span class='ocr_line' id='line_1_30' title="bbox 379 2641 2035 2715; baseline -0.003 -16"><span class='ocrx_word' id='word_1_190' title='bbox 379 2643 562 2699; x_wconf 89' lang='lat' dir='ltr'>decus</span> <span class='ocrx_word' id='word_1_191' title='bbox 593 2645 924 2715; x_wconf 88' lang='lat' dir='ltr'>primarum</span> <span class='ocrx_word' id='word_1_192' title='bbox 954 2641 1262 2698; x_wconf 88' lang='lat' dir='ltr'>civitatum</span> <span class='ocrx_word' id='word_1_193' title='bbox 1286 2642 1485 2697; x_wconf 90' lang='lat' dir='ltr'>decori</span> <span class='ocrx_word' id='word_1_194' title='bbox 1503 2646 1812 2712; x_wconf 90' lang='lat' dir='ltr'>acceptum</span> <span class='ocrx_word' id='word_1_195' title='bbox 1838 2641 2035 2696; x_wconf 89' lang='lat' dir='ltr'>referri</span> 
     </span>
    </p>
   </div>
   <div class='ocr_carea' id='block_1_31' title="bbox 377 2729 2037 2801">
    <p class='ocr_par' dir='ltr' id='par_1_31' title="bbox 377 2729 2037 2801">
     <span class='ocr_line' id='line_1_31' title="bbox 377 2729 2037 2801; baseline -0.002 -14"><span class='ocrx_word' id='word_1_196' title='bbox 377 2729 616 2795; x_wconf 89' lang='lat' dir='ltr'>debere,</span> <span class='ocrx_word' id='word_1_197' title='bbox 642 2730 746 2786; x_wconf 91' lang='lat' dir='ltr'>sed</span> <span class='ocrx_word' id='word_1_198' title='bbox 773 2730 831 2786; x_wconf 92' lang='lat' dir='ltr'>id</span> <span class='ocrx_word' id='word_1_199' title='bbox 855 2735 1042 2786; x_wconf 93' lang='lat' dir='ltr'>totum</span> <span class='ocrx_word' id='word_1_200' title='bbox 1072 2746 1109 2785; x_wconf 90' lang='lat' dir='ltr'>a</span> <span class='ocrx_word' id='word_1_201' title='bbox 1127 2745 1427 2785; x_wconf 90' lang='lat' dir='ltr'>canonum</span> <span class='ocrx_word' id='word_1_202' title='bbox 1446 2730 1795 2801; x_wconf 85' lang='lat' dir='ltr'>prascripto</span> <span class='ocrx_word' id='word_1_203' title='bbox 1815 2734 1870 2784; x_wconf 87' lang='lat' dir='ltr'>et</span> <span class='ocrx_word' id='word_1_204' title='bbox 1885 2746 1920 2784; x_wconf 91' lang='lat' dir='ltr'>a</span> <span class='ocrx_word' id='word_1_205' title='bbox 1944 2746 2037 2782; x_wconf 92' lang='lat' dir='ltr'>su-</span> 
     </span>
    </p>
   </div>
   <div class='ocr_carea' id='block_1_32' title="bbox 377 2817 2033 2892">
    <p class='ocr_par' dir='ltr' id='par_1_32' title="bbox 377 2817 2033 2892">
     <span class='ocr_line' id='line_1_32' title="bbox 377 2817 2033 2892; baseline -0.002 -17"><span class='ocrx_word' id='word_1_206' title='bbox 377 2835 587 2892; x_wconf 73' lang='lat' dir='ltr'>premi)</span> <span class='ocrx_word' id='word_1_207' title='bbox 613 2819 768 2874; x_wconf 85' lang='lat' dir='ltr'>Petri</span> <span class='ocrx_word' id='word_1_208' title='bbox 795 2818 1038 2874; x_wconf 90' lang='lat' dir='ltr'>arbitrio</span> <span class='ocrx_word' id='word_1_209' title='bbox 1071 2818 1223 2873; x_wconf 80' lang='lat' dir='ltr'>efﬁci</span> <span class='ocrx_word' id='word_1_210' title='bbox 1248 2833 1316 2873; x_wconf 90' lang='lat' dir='ltr'>ac</span> <span class='ocrx_word' id='word_1_211' title='bbox 1345 2817 1604 2890; x_wconf 91' lang='lat' dir='ltr'>disponi,</span> <span class='ocrx_word' id='word_1_212' title='bbox 1632 2823 1810 2889; x_wconf 90' lang='lat' dir='ltr'>prout</span> <span class='ocrx_word' id='word_1_213' title='bbox 1838 2834 2033 2873; x_wconf 88' lang='lat' dir='ltr'>rerum</span> 
     </span>
    </p>
   </div>
   <div class='ocr_carea' id='block_1_33' title="bbox 377 2906 2033 2980">
    <p class='ocr_par' dir='ltr' id='par_1_33' title="bbox 377 2906 2033 2980">
     <span class='ocr_line' id='line_1_33' title="bbox 377 2906 2033 2980; baseline -0.002 -17"><span class='ocrx_word' id='word_1_214' title='bbox 377 2911 808 2980; x_wconf 87' lang='lat' dir='ltr'>temporumque</span> <span class='ocrx_word' id='word_1_215' title='bbox 822 2906 1274 2962; x_wconf 87' lang='lat' dir='ltr'>circumstantiis</span> <span class='ocrx_word' id='word_1_216' title='bbox 1298 2922 1624 2976; x_wconf 90' lang='lat' dir='ltr'>congruere</span> <span class='ocrx_word' id='word_1_217' title='bbox 1647 2906 2033 2977; x_wconf 80' lang='lat' dir='ltr'>dignoscitur.</span> 
     </span>
    </p>
   </div>
   <div class='ocr_carea' id='block_1_34' title="bbox 379 2993 2034 3066">
    <p class='ocr_par' dir='ltr' id='par_1_34' title="bbox 379 2993 2034 3066">
     <span class='ocr_line' id='line_1_34' title="bbox 379 2993 2034 3066; baseline -0.003 -14"><span class='ocrx_word' id='word_1_218' title='bbox 379 2997 570 3062; x_wconf 86' lang='lat' dir='ltr'>Quare</span> <span class='ocrx_word' id='word_1_219' title='bbox 583 2995 970 3066; x_wconf 88' lang='lat' dir='ltr'>consequitur</span> <span class='ocrx_word' id='word_1_220' title='bbox 983 2995 1176 3050; x_wconf 88' lang='lat' dir='ltr'>Raven</span> <span class='ocrx_word' id='word_1_221' title='bbox 1187 2993 1636 3062; x_wconf 82' lang='lat' dir='ltr'>na,Mediolani,</span> <span class='ocrx_word' id='word_1_222' title='bbox 1655 2995 2034 3065; x_wconf 87' lang='lat' dir='ltr'>Syrmii,Tre-</span> 
     </span>
    </p>
   </div>
   <div class='ocr_carea' id='block_1_35' title="bbox 376 3082 2032 3156">
    <p class='ocr_par' dir='ltr' id='par_1_35' title="bbox 376 3082 2032 3156">
     <span class='ocr_line' id='line_1_35' title="bbox 376 3082 2032 3156; baseline 0 -18"><span class='ocrx_word' id='word_1_223' title='bbox 376 3085 642 3141; x_wconf 86' lang='lat' dir='ltr'>virorum</span> <span class='ocrx_word' id='word_1_224' title='bbox 661 3084 976 3156; x_wconf 90' lang='lat' dir='ltr'>episcopos</span> <span class='ocrx_word' id='word_1_225' title='bbox 997 3087 1054 3136; x_wconf 87' lang='lat' dir='ltr'>et</span> <span class='ocrx_word' id='word_1_226' title='bbox 1071 3088 1313 3138; x_wconf 86' lang='lat' dir='ltr'>cateros</span> <span class='ocrx_word' id='word_1_227' title='bbox 1333 3083 1647 3154; x_wconf 90' lang='lat' dir='ltr'>quoslibet,</span> <span class='ocrx_word' id='word_1_228' title='bbox 1674 3082 2032 3150; x_wconf 84' lang='lat' dir='ltr'>dignitatum</span> 
     </span>
    </p>
   </div>
   <div class='ocr_carea' id='block_1_36' title="bbox 377 3170 2033 3245">
    <p class='ocr_par' dir='ltr' id='par_1_36' title="bbox 377 3170 2033 3245">
     <span class='ocr_line' id='line_1_36' title="bbox 377 3170 2033 3245; baseline -0.001 -18"><span class='ocrx_word' id='word_1_229' title='bbox 377 3189 625 3230; x_wconf 87' lang='lat' dir='ltr'>suarum</span> <span class='ocrx_word' id='word_1_230' title='bbox 653 3173 977 3245; x_wconf 90' lang='lat' dir='ltr'>antiquitus</span> <span class='ocrx_word' id='word_1_231' title='bbox 1004 3171 1300 3242; x_wconf 88' lang='lat' dir='ltr'>deputata</span> <span class='ocrx_word' id='word_1_232' title='bbox 1322 3187 1615 3226; x_wconf 88' lang='lat' dir='ltr'>mensura</span> <span class='ocrx_word' id='word_1_233' title='bbox 1644 3171 1853 3241; x_wconf 90' lang='lat' dir='ltr'>siquid</span> <span class='ocrx_word' id='word_1_234' title='bbox 1870 3170 2033 3225; x_wconf 87' lang='lat' dir='ltr'>addi-</span> 
     </span>
    </p>
   </div>
   <div class='ocr_carea' id='block_1_37' title="bbox 377 3258 2031 3332">
    <p class='ocr_par' dir='ltr' id='par_1_37' title="bbox 377 3258 2031 3332">
     <span class='ocr_line' id='line_1_37' title="bbox 377 3258 2031 3332; baseline -0.004 -13"><span class='ocrx_word' id='word_1_235' title='bbox 377 3267 504 3319; x_wconf 88' lang='lat' dir='ltr'>tum</span> <span class='ocrx_word' id='word_1_236' title='bbox 527 3266 638 3328; x_wconf 89' lang='lat' dir='ltr'>est,</span> <span class='ocrx_word' id='word_1_237' title='bbox 672 3277 793 3316; x_wconf 89' lang='lat' dir='ltr'>non</span> <span class='ocrx_word' id='word_1_238' title='bbox 813 3260 957 3315; x_wconf 92' lang='lat' dir='ltr'>illud</span> <span class='ocrx_word' id='word_1_239' title='bbox 981 3276 1325 3332; x_wconf 89' lang='lat' dir='ltr'>usurpasse,</span> <span class='ocrx_word' id='word_1_240' title='bbox 1350 3260 1512 3330; x_wconf 91' lang='lat' dir='ltr'>quod</span> <span class='ocrx_word' id='word_1_241' title='bbox 1543 3258 1624 3314; x_wconf 92' lang='lat' dir='ltr'>ibi</span> <span class='ocrx_word' id='word_1_242' title='bbox 1643 3259 2031 3329; x_wconf 86' lang='lat' dir='ltr'>imperatores</span> 
     </span>
    </p>
   </div>
   <div class='ocr_carea' id='block_1_38' title="bbox 376 3347 2028 3422">
    <p class='ocr_par' dir='ltr' id='par_1_38' title="bbox 376 3347 2028 3422">
     <span class='ocr_line' id='line_1_38' title="bbox 376 3347 2028 3422; baseline -0.002 -18"><span class='ocrx_word' id='word_1_243' title='bbox 376 3351 733 3422; x_wconf 85' lang='lat' dir='ltr'>quandoque</span> <span class='ocrx_word' id='word_1_244' title='bbox 745 3348 1137 3421; x_wconf 89' lang='lat' dir='ltr'>degerint,sed</span> <span class='ocrx_word' id='word_1_245' title='bbox 1153 3347 1397 3419; x_wconf 83' lang='lat' dir='ltr'>legitime</span> <span class='ocrx_word' id='word_1_246' title='bbox 1413 3364 1481 3402; x_wconf 82' lang='lat' dir='ltr'>ex</span> <span class='ocrx_word' id='word_1_247' title='bbox 1499 3347 1647 3402; x_wconf 88' lang='lat' dir='ltr'>Petri</span> <span class='ocrx_word' id='word_1_248' title='bbox 1662 3347 2028 3412; x_wconf 82' lang='lat' dir='ltr'>auctoritate,</span> 
     </span>
    </p>
   </div>
   <div class='ocr_carea' id='block_1_39' title="bbox 376 3435 2029 3508">
    <p class='ocr_par' dir='ltr' id='par_1_39' title="bbox 376 3435 2029 3508">
     <span class='ocr_line' id='line_1_39' title="bbox 376 3435 2029 3508; baseline -0.002 -16"><span class='ocrx_word' id='word_1_249' title='bbox 376 3437 543 3495; x_wconf 88' lang='lat' dir='ltr'>salvo</span> <span class='ocrx_word' id='word_1_250' title='bbox 560 3454 862 3494; x_wconf 89' lang='lat' dir='ltr'>canonum</span> <span class='ocrx_word' id='word_1_251' title='bbox 893 3436 1262 3508; x_wconf 85' lang='lat' dir='ltr'>prascripto,</span> <span class='ocrx_word' id='word_1_252' title='bbox 1290 3435 1590 3491; x_wconf 86' lang='lat' dir='ltr'>habuisse.</span> <span class='ocrx_word' id='word_1_253' title='bbox 1614 3438 1671 3491; x_wconf 76' lang='lat' dir='ltr'>Et</span> <span class='ocrx_word' id='word_1_254' title='bbox 1693 3435 1771 3490; x_wconf 91' lang='lat' dir='ltr'>ita</span> <span class='ocrx_word' id='word_1_255' title='bbox 1789 3435 2029 3507; x_wconf 86' lang='lat' dir='ltr'>quidem</span> 
     </span>
    </p>
   </div>
   <div class='ocr_carea' id='block_1_40' title="bbox 377 3523 2034 3596">
    <p class='ocr_par' dir='ltr' id='par_1_40' title="bbox 377 3523 2034 3596">
     <span class='ocr_line' id='line_1_40' title="bbox 377 3523 2034 3596; baseline -0.002 -14"><span class='ocrx_word' id='word_1_256' title='bbox 377 3527 785 3582; x_wconf 86' lang='lat' dir='ltr'>Gelasiiverba</span> <span class='ocrx_word' id='word_1_257' title='bbox 801 3525 1183 3595; x_wconf 90' lang='lat' dir='ltr'>intelligenda</span> <span class='ocrx_word' id='word_1_258' title='bbox 1197 3525 1467 3590; x_wconf 85' lang='lat' dir='ltr'>arbitror,</span> <span class='ocrx_word' id='word_1_259' title='bbox 1487 3540 1622 3596; x_wconf 87' lang='lat' dir='ltr'>qua</span> <span class='ocrx_word' id='word_1_260' title='bbox 1648 3525 1895 3596; x_wconf 88' lang='lat' dir='ltr'>proinde</span> <span class='ocrx_word' id='word_1_261' title='bbox 1914 3523 2034 3579; x_wconf 80' lang='lat' dir='ltr'>eili-</span> 
     </span>
    </p>
   </div>
   <div class='ocr_carea' id='block_1_41' title="bbox 377 3612 2034 3684">
    <p class='ocr_par' dir='ltr' id='par_1_41' title="bbox 377 3612 2034 3684">
     <span class='ocr_line' id='line_1_41' title="bbox 377 3612 2034 3684; baseline -0.001 -15"><span class='ocrx_word' id='word_1_262' title='bbox 377 3615 559 3682; x_wconf 90' lang='lat' dir='ltr'>ciunt,</span> <span class='ocrx_word' id='word_1_263' title='bbox 583 3616 783 3671; x_wconf 91' lang='lat' dir='ltr'>minus</span> <span class='ocrx_word' id='word_1_264' title='bbox 807 3619 1145 3678; x_wconf 88' lang='lat' dir='ltr'>curate,nec</span> <span class='ocrx_word' id='word_1_265' title='bbox 1166 3612 1639 3684; x_wconf 63' lang='lat' dir='ltr'>praecedentibus</span> <span class='ocrx_word' id='word_1_266' title='bbox 1657 3612 1981 3677; x_wconf 90' lang='lat' dir='ltr'>cohareus,</span> <span class='ocrx_word' id='word_1_267' title='bbox 2000 3630 2034 3668; x_wconf 92' lang='lat' dir='ltr'>a</span> 
     </span>
    </p>
   </div>
   <div class='ocr_carea' id='block_1_42' title="bbox 377 3700 2034 3772">
    <p class='ocr_par' dir='ltr' id='par_1_42' title="bbox 377 3700 2034 3772">
     <span class='ocr_line' id='line_1_42' title="bbox 377 3700 2034 3772; baseline -0.001 -15"><span class='ocrx_word' id='word_1_268' title='bbox 377 3718 618 3757; x_wconf 88' lang='lat' dir='ltr'>summo</span> <span class='ocrx_word' id='word_1_269' title='bbox 634 3703 754 3758; x_wconf 88' lang='lat' dir='ltr'>viro</span> <span class='ocrx_word' id='word_1_270' title='bbox 768 3703 840 3757; x_wconf 91' lang='lat' dir='ltr'>de</span> <span class='ocrx_word' id='word_1_271' title='bbox 857 3701 1303 3772; x_wconf 89' lang='lat' dir='ltr'>metropolitani</span> <span class='ocrx_word' id='word_1_272' title='bbox 1320 3700 1707 3770; x_wconf 84' lang='lat' dir='ltr'>Ravennatisj</span> <span class='ocrx_word' id='word_1_273' title='bbox 1721 3701 1839 3754; x_wconf 90' lang='lat' dir='ltr'>uris</span> <span class='ocrx_word' id='word_1_274' title='bbox 1855 3701 2034 3756; x_wconf 90' lang='lat' dir='ltr'>initiis</span> 
     </span>
    </p>
   </div>
   <div class='ocr_carea' id='block_1_43' title="bbox 377 3789 2036 3862">
    <p class='ocr_par' dir='ltr' id='par_1_43' title="bbox 377 3789 2036 3862">
     <span class='ocr_line' id='line_1_43' title="bbox 377 3789 2036 3862; baseline 0.001 -18"><span class='ocrx_word' id='word_1_275' title='bbox 377 3789 810 3862; x_wconf 88' lang='lat' dir='ltr'>scriptum,illud</span> <span class='ocrx_word' id='word_1_276' title='bbox 825 3789 1532 3859; x_wconf 87' lang='lat' dir='ltr'>videticetacquisitum,ea</span> <span class='ocrx_word' id='word_1_277' title='bbox 1543 3805 1789 3857; x_wconf 80' lang='lat' dir='ltr'>prorsus</span> <span class='ocrx_word' id='word_1_278' title='bbox 1808 3790 2036 3845; x_wconf 83' lang='lat' dir='ltr'>ratione</span> 
     </span>
    </p>
   </div>
   <div class='ocr_carea' id='block_1_44' title="bbox 374 3877 2033 3950">
    <p class='ocr_par' dir='ltr' id='par_1_44' title="bbox 374 3877 2033 3950">
     <span class='ocr_line' id='line_1_44' title="bbox 374 3877 2033 3950; baseline -0.001 -17"><span class='ocrx_word' id='word_1_279' title='bbox 374 3895 484 3950; x_wconf 87' lang='lat' dir='ltr'>qua</span> <span class='ocrx_word' id='word_1_280' title='bbox 497 3880 650 3937; x_wconf 86' lang='lat' dir='ltr'>sedes</span> <span class='ocrx_word' id='word_1_281' title='bbox 662 3879 1316 3947; x_wconf 84' lang='lat' dir='ltr'>Constantinopolitana</span> <span class='ocrx_word' id='word_1_282' title='bbox 1337 3877 1407 3932; x_wconf 90' lang='lat' dir='ltr'>ob</span> <span class='ocrx_word' id='word_1_283' title='bbox 1427 3877 1730 3947; x_wconf 75' lang='lat' dir='ltr'>imperiale</span> <span class='ocrx_word' id='word_1_284' title='bbox 1753 3878 2033 3933; x_wconf 83' lang='lat' dir='ltr'>thronum</span> 
     </span>
    </p>
   </div>
   <div class='ocr_carea' id='block_1_45' title="bbox 369 3965 2029 4039">
    <p class='ocr_par' dir='ltr' id='par_1_45' title="bbox 369 3965 2029 4039">
     <span class='ocr_line' id='line_1_45' title="bbox 369 3965 2029 4039; baseline 0 -17"><span class='ocrx_word' id='word_1_285' title='bbox 369 3968 935 4039; x_wconf 83' lang='lat' dir='ltr'>patriarchaliajura</span> <span class='ocrx_word' id='word_1_286' title='bbox 948 3968 1218 4035; x_wconf 82' lang='lat' dir='ltr'>usurpavi</span> <span class='ocrx_word' id='word_1_287' title='bbox 1225 3972 1338 4029; x_wconf 86' lang='lat' dir='ltr'>t,ac</span> <span class='ocrx_word' id='word_1_288' title='bbox 1355 3965 1576 4020; x_wconf 88' lang='lat' dir='ltr'>tandem</span> <span class='ocrx_word' id='word_1_289' title='bbox 1585 3967 1818 4036; x_wconf 79' lang='lat' dir='ltr'>paciﬁce</span> <span class='ocrx_word' id='word_1_290' title='bbox 1831 3969 2029 4022; x_wconf 79' lang='lat' dir='ltr'>tenuit.</span> 
     </span>
    </p>
   </div>
   <div class='ocr_carea' id='block_1_46' title="bbox 374 4054 2031 4128">
    <p class='ocr_par' dir='ltr' id='par_1_46' title="bbox 374 4054 2031 4128">
     <span class='ocr_line' id='line_1_46' title="bbox 374 4054 2031 4128; baseline -0.002 -15"><span class='ocrx_word' id='word_1_291' title='bbox 374 4058 728 4128; x_wconf 65' lang='lat' dir='ltr'>Oppmitum</span> <span class='ocrx_word' id='word_1_292' title='bbox 744 4056 904 4112; x_wconf 92' lang='lat' dir='ltr'>enim</span> <span class='ocrx_word' id='word_1_293' title='bbox 931 4054 1012 4110; x_wconf 90' lang='lat' dir='ltr'>ait</span> <span class='ocrx_word' id='word_1_294' title='bbox 1030 4054 1316 4125; x_wconf 84' lang='lat' dir='ltr'>pontifex,</span> <span class='ocrx_word' id='word_1_295' title='bbox 1336 4059 1389 4110; x_wconf 92' lang='lat' dir='ltr'>et</span> <span class='ocrx_word' id='word_1_296' title='bbox 1408 4059 1671 4120; x_wconf 88' lang='lat' dir='ltr'>testatur,</span> <span class='ocrx_word' id='word_1_297' title='bbox 1690 4055 2031 4126; x_wconf 88' lang='lat' dir='ltr'>obimpera-</span> 
     </span>
    </p>
   </div>
   <div class='ocr_carea' id='block_1_47' title="bbox 375 4141 2033 4214">
    <p class='ocr_par' dir='ltr' id='par_1_47' title="bbox 375 4141 2033 4214">
     <span class='ocr_line' id='line_1_47' title="bbox 375 4141 2033 4214; baseline -0.001 -15"><span class='ocrx_word' id='word_1_298' title='bbox 375 4145 515 4199; x_wconf 90' lang='lat' dir='ltr'>toris</span> <span class='ocrx_word' id='word_1_299' title='bbox 530 4144 808 4200; x_wconf 91' lang='lat' dir='ltr'>thronum</span> <span class='ocrx_word' id='word_1_300' title='bbox 832 4142 1110 4214; x_wconf 90' lang='lat' dir='ltr'>nilsupra</span> <span class='ocrx_word' id='word_1_301' title='bbox 1125 4147 1382 4198; x_wconf 84' lang='lat' dir='ltr'>veterem</span> <span class='ocrx_word' id='word_1_302' title='bbox 1400 4141 1707 4212; x_wconf 86' lang='lat' dir='ltr'>dignitatis</span> <span class='ocrx_word' id='word_1_303' title='bbox 1727 4159 1847 4197; x_wconf 84' lang='lat' dir='ltr'>sua</span> <span class='ocrx_word' id='word_1_304' title='bbox 1875 4159 2033 4200; x_wconf 89' lang='lat' dir='ltr'>men-</span> 
     </span>
    </p>
   </div>
   <div class='ocr_carea' id='block_1_48' title="bbox 373 4230 1747 4303">
    <p class='ocr_par' dir='ltr' id='par_1_48' title="bbox 373 4230 1747 4303">
     <span class='ocr_line' id='line_1_48' title="bbox 373 4230 1747 4303; baseline -0.003 -19"><span class='ocrx_word' id='word_1_305' title='bbox 373 4247 577 4286; x_wconf 84' lang='lat' dir='ltr'>suram</span> <span class='ocrx_word' id='word_1_306' title='bbox 603 4234 976 4286; x_wconf 80' lang='lat' dir='ltr'>Ravennates</span> <span class='ocrx_word' id='word_1_307' title='bbox 1012 4230 1298 4300; x_wconf 80' lang='lat' dir='ltr'>praesules</span> <span class='ocrx_word' id='word_1_308' title='bbox 1336 4247 1683 4303; x_wconf 88' lang='lat' dir='ltr'>usurpasse.</span> <span class='ocrx_word' id='word_1_309' title='bbox 1721 4254 1747 4280; x_wconf 90' lang='grc'><strong>››</strong></span> 
     </span>
    </p>
   </div>
   <div class='ocr_carea' id='block_1_49' title="bbox 447 4317 2030 4390">
    <p class='ocr_par' dir='ltr' id='par_1_49' title="bbox 447 4317 2030 4390">
     <span class='ocr_line' id='line_1_49' title="bbox 447 4317 2030 4390; baseline 0.001 -18"><span class='ocrx_word' id='word_1_310' title='bbox 447 4321 564 4374; x_wconf 77' lang='grc'><strong>154.</strong></span> <span class='ocrx_word' id='word_1_311' title='bbox 584 4321 714 4371; x_wconf 89' lang='lat' dir='ltr'>Hac</span> <span class='ocrx_word' id='word_1_312' title='bbox 732 4321 822 4371; x_wconf 89' lang='lat' dir='ltr'>est</span> <span class='ocrx_word' id='word_1_313' title='bbox 846 4317 1145 4371; x_wconf 89' lang='lat' dir='ltr'>Baccbinii</span> <span class='ocrx_word' id='word_1_314' title='bbox 1166 4319 1574 4390; x_wconf 89' lang='lat' dir='ltr'>interpretatio</span> <span class='ocrx_word' id='word_1_315' title='bbox 1593 4319 1908 4374; x_wconf 79' lang='lat' dir='ltr'>verborum</span> <span class='ocrx_word' id='word_1_316' title='bbox 1928 4321 2030 4374; x_wconf 90' lang='lat' dir='ltr'>Ge-</span> 
     </span>
    </p>
   </div>
   <div class='ocr_carea' id='block_1_50' title="bbox 2153 426 3808 500">
    <p class='ocr_par' dir='ltr' id='par_1_50' title="bbox 2153 426 3808 500">
     <span class='ocr_line' id='line_1_50' title="bbox 2153 426 3808 500; baseline 0.002 -20"><span class='ocrx_word' id='word_1_317' title='bbox 2153 427 2510 500; x_wconf 89' lang='lat' dir='ltr'>tropolitani,</span> <span class='ocrx_word' id='word_1_318' title='bbox 2526 434 2651 484; x_wconf 86' lang='lat' dir='ltr'>tum</span> <span class='ocrx_word' id='word_1_319' title='bbox 2669 444 2805 500; x_wconf 87' lang='lat' dir='ltr'>qua</span> <span class='ocrx_word' id='word_1_320' title='bbox 2825 427 2994 484; x_wconf 79' lang='lat' dir='ltr'>affert</span> <span class='ocrx_word' id='word_1_321' title='bbox 3026 426 3099 482; x_wconf 91' lang='lat' dir='ltr'>de</span> <span class='ocrx_word' id='word_1_322' title='bbox 3120 428 3346 482; x_wconf 84' lang='lat' dir='ltr'>Joanne</span> <span class='ocrx_word' id='word_1_323' title='bbox 3365 426 3714 498; x_wconf 79' lang='lat' dir='ltr'>Angelopte,</span> <span class='ocrx_word' id='word_1_324' title='bbox 3736 444 3808 484; x_wconf 89' lang='lat' dir='ltr'>ac</span> 
     </span>
    </p>
   </div>
   <div class='ocr_carea' id='block_1_51' title="bbox 2152 514 3810 588">
    <p class='ocr_par' dir='ltr' id='par_1_51' title="bbox 2152 514 3810 588">
     <span class='ocr_line' id='line_1_51' title="bbox 2152 514 3810 588; baseline 0.001 -18"><span class='ocrx_word' id='word_1_325' title='bbox 2152 515 2226 571; x_wconf 91' lang='lat' dir='ltr'>de</span> <span class='ocrx_word' id='word_1_326' title='bbox 2248 516 2635 588; x_wconf 91' lang='lat' dir='ltr'>Chrysologo,</span> <span class='ocrx_word' id='word_1_327' title='bbox 2651 518 2701 588; x_wconf 92' lang='lat' dir='ltr'>ej</span> <span class='ocrx_word' id='word_1_328' title='bbox 2712 532 2898 588; x_wconf 90' lang='lat' dir='ltr'>usque</span> <span class='ocrx_word' id='word_1_329' title='bbox 2917 514 3170 572; x_wconf 92' lang='lat' dir='ltr'>homilia</span> <span class='ocrx_word' id='word_1_330' title='bbox 3189 514 3485 579; x_wconf 80' lang='lat' dir='ltr'>t75.Quod</span> <span class='ocrx_word' id='word_1_331' title='bbox 3502 515 3708 571; x_wconf 88' lang='lat' dir='ltr'>attinet</span> <span class='ocrx_word' id='word_1_332' title='bbox 3729 516 3810 572; x_wconf 86' lang='lat' dir='ltr'>ad</span> 
     </span>
    </p>
   </div>
   <div class='ocr_carea' id='block_1_52' title="bbox 2155 602 3808 677">
    <p class='ocr_par' dir='ltr' id='par_1_52' title="bbox 2155 602 3808 677">
     <span class='ocr_line' id='line_1_52' title="bbox 2155 602 3808 677; baseline 0.001 -19"><span class='ocrx_word' id='word_1_333' title='bbox 2155 603 2446 661; x_wconf 83' lang='lat' dir='ltr'>Ecclesias</span> <span class='ocrx_word' id='word_1_334' title='bbox 2468 621 2639 677; x_wconf 90' lang='lat' dir='ltr'>quas,</span> <span class='ocrx_word' id='word_1_335' title='bbox 2660 605 2888 661; x_wconf 89' lang='lat' dir='ltr'>vivente</span> <span class='ocrx_word' id='word_1_336' title='bbox 2913 602 3255 670; x_wconf 80' lang='lat' dir='ltr'>Ambrosio,</span> <span class='ocrx_word' id='word_1_337' title='bbox 3282 602 3362 658; x_wconf 88' lang='lat' dir='ltr'>ait</span> <span class='ocrx_word' id='word_1_338' title='bbox 3389 603 3808 660; x_wconf 87' lang='lat' dir='ltr'>Mediolanensi</span> 
     </span>
    </p>
   </div>
   <div class='ocr_carea' id='block_1_53' title="bbox 2154 691 3810 766">
    <p class='ocr_par' dir='ltr' id='par_1_53' title="bbox 2154 691 3810 766">
     <span class='ocr_line' id='line_1_53' title="bbox 2154 691 3810 766; baseline -0.002 -17"><span class='ocrx_word' id='word_1_339' title='bbox 2154 693 2447 766; x_wconf 88' lang='lat' dir='ltr'>paruisse,</span> <span class='ocrx_word' id='word_1_340' title='bbox 2467 703 2529 750; x_wconf 92' lang='lat' dir='ltr'>ut</span> <span class='ocrx_word' id='word_1_341' title='bbox 2557 693 3105 758; x_wconf 89' lang='lat' dir='ltr'>Forocorneliensis,</span> <span class='ocrx_word' id='word_1_342' title='bbox 3137 691 3277 748; x_wconf 89' lang='lat' dir='ltr'>satis</span> <span class='ocrx_word' id='word_1_343' title='bbox 3308 691 3544 762; x_wconf 89' lang='lat' dir='ltr'>pariter,</span> <span class='ocrx_word' id='word_1_344' title='bbox 3573 693 3810 748; x_wconf 82' lang='lat' dir='ltr'>utarbi-</span> 
     </span>
    </p>
   </div>
   <div class='ocr_carea' id='block_1_54' title="bbox 2155 781 3808 854">
    <p class='ocr_par' dir='ltr' id='par_1_54' title="bbox 2155 781 3808 854">
     <span class='ocr_line' id='line_1_54' title="bbox 2155 781 3808 854; baseline -0.001 -18"><span class='ocrx_word' id='word_1_345' title='bbox 2155 787 2400 846; x_wconf 90' lang='lat' dir='ltr'>tramur,</span> <span class='ocrx_word' id='word_1_346' title='bbox 2433 795 2731 854; x_wconf 85' lang='lat' dir='ltr'>superque</span> <span class='ocrx_word' id='word_1_347' title='bbox 2759 781 3183 854; x_wconf 89' lang='lat' dir='ltr'>respondimus</span> <span class='ocrx_word' id='word_1_348' title='bbox 3225 782 3284 835; x_wconf 91' lang='lat' dir='ltr'>in</span> <span class='ocrx_word' id='word_1_349' title='bbox 3311 795 3444 850; x_wconf 89' lang='lat' dir='ltr'>cap.</span> <span class='ocrx_word' id='word_1_350' title='bbox 3479 782 3528 845; x_wconf 79' lang='lat' dir='ltr'>t,</span> <span class='ocrx_word' id='word_1_351' title='bbox 3561 781 3712 837; x_wconf 90' lang='lat' dir='ltr'>adeo</span> <span class='ocrx_word' id='word_1_352' title='bbox 3743 786 3808 836; x_wconf 92' lang='lat' dir='ltr'>ut</span> 
     </span>
    </p>
   </div>
   <div class='ocr_carea' id='block_1_55' title="bbox 2156 868 3808 940">
    <p class='ocr_par' dir='ltr' id='par_1_55' title="bbox 2156 868 3808 940">
     <span class='ocr_line' id='line_1_55' title="bbox 2156 868 3808 940; baseline 0.001 -17"><span class='ocrx_word' id='word_1_353' title='bbox 2156 868 2342 924; x_wconf 88' lang='lat' dir='ltr'>dubia</span> <span class='ocrx_word' id='word_1_354' title='bbox 2362 871 2627 937; x_wconf 87' lang='lat' dir='ltr'>omnino,</span> <span class='ocrx_word' id='word_1_355' title='bbox 2650 870 2865 926; x_wconf 88' lang='lat' dir='ltr'>incerta</span> <span class='ocrx_word' id='word_1_356' title='bbox 2897 886 2966 925; x_wconf 89' lang='lat' dir='ltr'>ac</span> <span class='ocrx_word' id='word_1_357' title='bbox 2983 869 3101 925; x_wconf 89' lang='lat' dir='ltr'>fere</span> <span class='ocrx_word' id='word_1_358' title='bbox 3131 868 3550 940; x_wconf 89' lang='lat' dir='ltr'>improbabilia</span> <span class='ocrx_word' id='word_1_359' title='bbox 3569 869 3808 925; x_wconf 88' lang='lat' dir='ltr'>videan-</span> 
     </span>
    </p>
   </div>
   <div class='ocr_carea' id='block_1_56' title="bbox 2154 957 3806 1023">
    <p class='ocr_par' dir='ltr' id='par_1_56' title="bbox 2154 957 3806 1023">
     <span class='ocr_line' id='line_1_56' title="bbox 2154 957 3806 1023; baseline 0.001 -11"><span class='ocrx_word' id='word_1_360' title='bbox 2154 963 2247 1013; x_wconf 89' lang='lat' dir='ltr'>tur</span> <span class='ocrx_word' id='word_1_361' title='bbox 2279 965 2582 1014; x_wconf 90' lang='lat' dir='ltr'>momenta</span> <span class='ocrx_word' id='word_1_362' title='bbox 2599 959 2711 1015; x_wconf 90' lang='lat' dir='ltr'>ista</span> <span class='ocrx_word' id='word_1_363' title='bbox 2731 958 3398 1023; x_wconf 87' lang='lat' dir='ltr'>cl.Cassinensis.Quare</span> <span class='ocrx_word' id='word_1_364' title='bbox 3419 957 3661 1014; x_wconf 87' lang='lat' dir='ltr'>cordato</span> <span class='ocrx_word' id='word_1_365' title='bbox 3678 958 3806 1013; x_wconf 90' lang='lat' dir='ltr'>viro</span> 
     </span>
    </p>
   </div>
   <div class='ocr_carea' id='block_1_57' title="bbox 2155 1046 3806 1119">
    <p class='ocr_par' dir='ltr' id='par_1_57' title="bbox 2155 1046 3806 1119">
     <span class='ocr_line' id='line_1_57' title="bbox 2155 1046 3806 1119; baseline -0.001 -17"><span class='ocrx_word' id='word_1_366' title='bbox 2155 1062 2226 1102; x_wconf 88' lang='lat' dir='ltr'>ea</span> <span class='ocrx_word' id='word_1_367' title='bbox 2248 1047 2394 1103; x_wconf 88' lang='lat' dir='ltr'>tanti</span> <span class='ocrx_word' id='word_1_368' title='bbox 2411 1063 2675 1103; x_wconf 90' lang='lat' dir='ltr'>essenon</span> <span class='ocrx_word' id='word_1_369' title='bbox 2689 1047 2928 1112; x_wconf 87' lang='lat' dir='ltr'>debent,</span> <span class='ocrx_word' id='word_1_370' title='bbox 2945 1046 3234 1119; x_wconf 85' lang='lat' dir='ltr'>utperilla</span> <span class='ocrx_word' id='word_1_371' title='bbox 3255 1046 3574 1102; x_wconf 90' lang='lat' dir='ltr'>verborum</span> <span class='ocrx_word' id='word_1_372' title='bbox 3596 1046 3806 1103; x_wconf 89' lang='lat' dir='ltr'>Gelasii</span> 
     </span>
    </p>
   </div>
   <div class='ocr_carea' id='block_1_58' title="bbox 2155 1135 3808 1208">
    <p class='ocr_par' dir='ltr' id='par_1_58' title="bbox 2155 1135 3808 1208">
     <span class='ocr_line' id='line_1_58' title="bbox 2155 1135 3808 1208; baseline 0.001 -18"><span class='ocrx_word' id='word_1_373' title='bbox 2155 1150 2388 1200; x_wconf 88' lang='lat' dir='ltr'>sensus,</span> <span class='ocrx_word' id='word_1_374' title='bbox 2410 1137 2822 1207; x_wconf 90' lang='lat' dir='ltr'>apertissimus</span> <span class='ocrx_word' id='word_1_375' title='bbox 2849 1151 2954 1208; x_wconf 92' lang='lat' dir='ltr'>per</span> <span class='ocrx_word' id='word_1_376' title='bbox 2973 1153 3035 1190; x_wconf 91' lang='lat' dir='ltr'>se</span> <span class='ocrx_word' id='word_1_377' title='bbox 3055 1135 3251 1207; x_wconf 90' lang='lat' dir='ltr'>ipsum</span> <span class='ocrx_word' id='word_1_378' title='bbox 3271 1140 3326 1190; x_wconf 91' lang='lat' dir='ltr'>et</span> <span class='ocrx_word' id='word_1_379' title='bbox 3350 1135 3582 1200; x_wconf 89' lang='lat' dir='ltr'>obvius,</span> <span class='ocrx_word' id='word_1_380' title='bbox 3606 1135 3667 1191; x_wconf 90' lang='lat' dir='ltr'>in</span> <span class='ocrx_word' id='word_1_381' title='bbox 3687 1135 3808 1191; x_wconf 84' lang='lat' dir='ltr'>dis-</span> 
     </span>
    </p>
   </div>
   <div class='ocr_carea' id='block_1_59' title="bbox 2157 1224 3806 1295">
    <p class='ocr_par' dir='ltr' id='par_1_59' title="bbox 2157 1224 3806 1295">
     <span class='ocr_line' id='line_1_59' title="bbox 2157 1224 3806 1295; baseline -0.001 -15"><span class='ocrx_word' id='word_1_382' title='bbox 2157 1229 2371 1280; x_wconf 90' lang='lat' dir='ltr'>tortum</span> <span class='ocrx_word' id='word_1_383' title='bbox 2388 1241 2634 1281; x_wconf 90' lang='lat' dir='ltr'>sensum</span> <span class='ocrx_word' id='word_1_384' title='bbox 2649 1225 3077 1281; x_wconf 87' lang='lat' dir='ltr'>violentissime</span> <span class='ocrx_word' id='word_1_385' title='bbox 3092 1225 3360 1295; x_wconf 86' lang='lat' dir='ltr'>rapiatur</span> <span class='ocrx_word' id='word_1_386' title='bbox 3384 1224 3491 1290; x_wconf 87' lang='lat' dir='ltr'>;im</span> <span class='ocrx_word' id='word_1_387' title='bbox 3501 1241 3596 1280; x_wconf 90' lang='lat' dir='ltr'>mo</span> <span class='ocrx_word' id='word_1_388' title='bbox 3611 1225 3806 1295; x_wconf 88' lang='lat' dir='ltr'>potius</span> 
     </span>
    </p>
   </div>
   <div class='ocr_carea' id='block_1_60' title="bbox 2154 1313 3805 1385">
    <p class='ocr_par' dir='ltr' id='par_1_60' title="bbox 2154 1313 3805 1385">
     <span class='ocr_line' id='line_1_60' title="bbox 2154 1313 3805 1385; baseline 0.001 -17"><span class='ocrx_word' id='word_1_389' title='bbox 2154 1329 2279 1368; x_wconf 91' lang='lat' dir='ltr'>rem</span> <span class='ocrx_word' id='word_1_390' title='bbox 2311 1313 2557 1369; x_wconf 91' lang='lat' dir='ltr'>dubiam</span> <span class='ocrx_word' id='word_1_391' title='bbox 2590 1319 2645 1369; x_wconf 91' lang='lat' dir='ltr'>et</span> <span class='ocrx_word' id='word_1_392' title='bbox 2668 1315 2976 1384; x_wconf 87' lang='lat' dir='ltr'>incertam,</span> <span class='ocrx_word' id='word_1_393' title='bbox 3007 1313 3246 1385; x_wconf 87' lang='lat' dir='ltr'>qualem</span> <span class='ocrx_word' id='word_1_394' title='bbox 3278 1313 3487 1368; x_wconf 90' lang='lat' dir='ltr'>volunt</span> <span class='ocrx_word' id='word_1_395' title='bbox 3516 1313 3805 1382; x_wconf 88' lang='lat' dir='ltr'>originem</span> 
     </span>
    </p>
   </div>
   <div class='ocr_carea' id='block_1_61' title="bbox 2153 1401 3809 1474">
    <p class='ocr_par' dir='ltr' id='par_1_61' title="bbox 2153 1401 3809 1474">
     <span class='ocr_line' id='line_1_61' title="bbox 2153 1401 3809 1474; baseline 0.001 -18"><span class='ocrx_word' id='word_1_396' title='bbox 2153 1402 2332 1472; x_wconf 88' lang='lat' dir='ltr'>hujus</span> <span class='ocrx_word' id='word_1_397' title='bbox 2365 1404 2794 1459; x_wconf 89' lang='lat' dir='ltr'>Ravennatium</span> <span class='ocrx_word' id='word_1_398' title='bbox 2817 1401 3143 1474; x_wconf 90' lang='lat' dir='ltr'>dignitatis,</span> <span class='ocrx_word' id='word_1_399' title='bbox 3164 1417 3270 1473; x_wconf 91' lang='lat' dir='ltr'>per</span> <span class='ocrx_word' id='word_1_400' title='bbox 3297 1403 3480 1458; x_wconf 90' lang='lat' dir='ltr'>verba</span> <span class='ocrx_word' id='word_1_401' title='bbox 3502 1407 3622 1458; x_wconf 91' lang='lat' dir='ltr'>tam</span> <span class='ocrx_word' id='word_1_402' title='bbox 3639 1419 3809 1474; x_wconf 86' lang='lat' dir='ltr'>aper-</span> 
     </span>
    </p>
   </div>
   <div class='ocr_carea' id='block_1_62' title="bbox 2154 1491 3810 1564">
    <p class='ocr_par' dir='ltr' id='par_1_62' title="bbox 2154 1491 3810 1564">
     <span class='ocr_line' id='line_1_62' title="bbox 2154 1491 3810 1564; baseline 0.001 -18"><span class='ocrx_word' id='word_1_403' title='bbox 2154 1496 2232 1554; x_wconf 90' lang='lat' dir='ltr'>ta,</span> <span class='ocrx_word' id='word_1_404' title='bbox 2267 1496 2384 1548; x_wconf 90' lang='lat' dir='ltr'>tam</span> <span class='ocrx_word' id='word_1_405' title='bbox 2415 1492 2593 1557; x_wconf 88' lang='lat' dir='ltr'>clara,</span> <span class='ocrx_word' id='word_1_406' title='bbox 2629 1495 2750 1547; x_wconf 89' lang='lat' dir='ltr'>tam</span> <span class='ocrx_word' id='word_1_407' title='bbox 2781 1491 2962 1547; x_wconf 90' lang='lat' dir='ltr'>obvia</span> <span class='ocrx_word' id='word_1_408' title='bbox 3003 1491 3335 1546; x_wconf 90' lang='lat' dir='ltr'>doctissimi</span> <span class='ocrx_word' id='word_1_409' title='bbox 3365 1491 3664 1564; x_wconf 88' lang='lat' dir='ltr'>pontiﬁcis</span> <span class='ocrx_word' id='word_1_410' title='bbox 3694 1508 3810 1564; x_wconf 86' lang='lat' dir='ltr'>par</span> 
     </span>
    </p>
   </div>
   <div class='ocr_carea' id='block_1_63' title="bbox 2152 1580 3806 1652">
    <p class='ocr_par' dir='ltr' id='par_1_63' title="bbox 2152 1580 3806 1652">
     <span class='ocr_line' id='line_1_63' title="bbox 2152 1580 3806 1652; baseline 0.001 -18"><span class='ocrx_word' id='word_1_411' title='bbox 2152 1586 2278 1636; x_wconf 90' lang='lat' dir='ltr'>erat</span> <span class='ocrx_word' id='word_1_412' title='bbox 2296 1580 2610 1652; x_wconf 83' lang='lat' dir='ltr'>explicare,</span> <span class='ocrx_word' id='word_1_413' title='bbox 2635 1580 2960 1652; x_wconf 90' lang='lat' dir='ltr'>prasertim</span> <span class='ocrx_word' id='word_1_414' title='bbox 2978 1581 3119 1652; x_wconf 90' lang='lat' dir='ltr'>quia</span> <span class='ocrx_word' id='word_1_415' title='bbox 3140 1581 3341 1652; x_wconf 91' lang='lat' dir='ltr'>opinio</span> <span class='ocrx_word' id='word_1_416' title='bbox 3363 1581 3806 1637; x_wconf 85' lang='lat' dir='ltr'>Ravennatibus</span> 
     </span>
    </p>
   </div>
   <div class='ocr_carea' id='block_1_64' title="bbox 2152 1669 3804 1739">
    <p class='ocr_par' dir='ltr' id='par_1_64' title="bbox 2152 1669 3804 1739">
     <span class='ocr_line' id='line_1_64' title="bbox 2152 1669 3804 1739; baseline 0.002 -16"><span class='ocrx_word' id='word_1_417' title='bbox 2152 1669 2358 1724; x_wconf 89' lang='lat' dir='ltr'>favens</span> <span class='ocrx_word' id='word_1_418' title='bbox 2390 1675 2472 1725; x_wconf 92' lang='lat' dir='ltr'>tot</span> <span class='ocrx_word' id='word_1_419' title='bbox 2500 1669 2628 1725; x_wconf 89' lang='lat' dir='ltr'>aliis</span> <span class='ocrx_word' id='word_1_420' title='bbox 2659 1669 2849 1725; x_wconf 89' lang='lat' dir='ltr'>allatis</span> <span class='ocrx_word' id='word_1_421' title='bbox 2878 1671 3246 1739; x_wconf 87' lang='lat' dir='ltr'>argumentis</span> <span class='ocrx_word' id='word_1_422' title='bbox 3275 1669 3537 1738; x_wconf 82' lang='lat' dir='ltr'>fulcitur;</span> <span class='ocrx_word' id='word_1_423' title='bbox 3567 1676 3804 1727; x_wconf 89' lang='lat' dir='ltr'>contra-</span> 
     </span>
    </p>
   </div>
   <div class='ocr_carea' id='block_1_65' title="bbox 2151 1757 3809 1829">
    <p class='ocr_par' dir='ltr' id='par_1_65' title="bbox 2151 1757 3809 1829">
     <span class='ocr_line' id='line_1_65' title="bbox 2151 1757 3809 1829; baseline 0.002 -16"><span class='ocrx_word' id='word_1_424' title='bbox 2151 1759 2238 1814; x_wconf 89' lang='lat' dir='ltr'>ria</span> <span class='ocrx_word' id='word_1_425' title='bbox 2287 1774 2446 1825; x_wconf 90' lang='lat' dir='ltr'>vero,</span> <span class='ocrx_word' id='word_1_426' title='bbox 2475 1757 2608 1813; x_wconf 91' lang='lat' dir='ltr'>licet</span> <span class='ocrx_word' id='word_1_427' title='bbox 2638 1757 3156 1822; x_wconf 89' lang='lat' dir='ltr'>communissima,</span> <span class='ocrx_word' id='word_1_428' title='bbox 3191 1764 3274 1814; x_wconf 91' lang='lat' dir='ltr'>tot</span> <span class='ocrx_word' id='word_1_429' title='bbox 3303 1757 3684 1829; x_wconf 88' lang='lat' dir='ltr'>ambagibus,</span> <span class='ocrx_word' id='word_1_430' title='bbox 3723 1764 3809 1816; x_wconf 88' lang='lat' dir='ltr'>tot</span> 
     </span>
    </p>
   </div>
   <div class='ocr_carea' id='block_1_66' title="bbox 2150 1846 2950 1902">
    <p class='ocr_par' dir='ltr' id='par_1_66' title="bbox 2150 1846 2950 1902">
     <span class='ocr_line' id='line_1_66' title="bbox 2150 1846 2950 1902; baseline 0.001 -1"><span class='ocrx_word' id='word_1_431' title='bbox 2150 1846 2598 1902; x_wconf 78' lang='lat' dir='ltr'>difﬁcultatibus</span> <span class='ocrx_word' id='word_1_432' title='bbox 2621 1846 2950 1902; x_wconf 88' lang='lat' dir='ltr'>involvitur.</span> 
     </span>
    </p>
   </div>
   <div class='ocr_carea' id='block_1_67' title="bbox 2227 1934 3807 2008">
    <p class='ocr_par' dir='ltr' id='par_1_67' title="bbox 2227 1934 3807 2008">
     <span class='ocr_line' id='line_1_67' title="bbox 2227 1934 3807 2008; baseline 0.003 -18"><span class='ocrx_word' id='word_1_433' title='bbox 2227 1940 2342 1990; x_wconf 75' lang='grc'>155.</span> <span class='ocrx_word' id='word_1_434' title='bbox 2365 1938 2428 1990; x_wconf 83' lang='lat' dir='ltr'>Et</span> <span class='ocrx_word' id='word_1_435' title='bbox 2445 1952 2606 2001; x_wconf 90' lang='lat' dir='ltr'>sane,</span> <span class='ocrx_word' id='word_1_436' title='bbox 2632 1951 2780 2008; x_wconf 91' lang='lat' dir='ltr'>pace</span> <span class='ocrx_word' id='word_1_437' title='bbox 2805 1934 2873 1991; x_wconf 89' lang='lat' dir='ltr'>cl.</span> <span class='ocrx_word' id='word_1_438' title='bbox 2899 1935 3220 2002; x_wconf 87' lang='lat' dir='ltr'>Baccbinii,</span> <span class='ocrx_word' id='word_1_439' title='bbox 3247 1935 3376 2006; x_wconf 88' lang='lat' dir='ltr'>ejus</span> <span class='ocrx_word' id='word_1_440' title='bbox 3403 1935 3807 2008; x_wconf 85' lang='lat' dir='ltr'>interpretatio</span> 
     </span>
    </p>
   </div>
   <div class='ocr_carea' id='block_1_68' title="bbox 2151 2023 3806 2097">
    <p class='ocr_par' dir='ltr' id='par_1_68' title="bbox 2151 2023 3806 2097">
     <span class='ocr_line' id='line_1_68' title="bbox 2151 2023 3806 2097; baseline 0.002 -17"><span class='ocrx_word' id='word_1_441' title='bbox 2151 2030 2421 2081; x_wconf 89' lang='lat' dir='ltr'>contorta</span> <span class='ocrx_word' id='word_1_442' title='bbox 2434 2023 2613 2080; x_wconf 90' lang='lat' dir='ltr'>nimis</span> <span class='ocrx_word' id='word_1_443' title='bbox 2627 2025 2878 2090; x_wconf 89' lang='lat' dir='ltr'>videtur,</span> <span class='ocrx_word' id='word_1_444' title='bbox 2900 2040 3231 2097; x_wconf 85' lang='lat' dir='ltr'>sensusque</span> <span class='ocrx_word' id='word_1_445' title='bbox 3247 2023 3460 2081; x_wconf 90' lang='lat' dir='ltr'>Gelasii</span> <span class='ocrx_word' id='word_1_446' title='bbox 3481 2025 3662 2081; x_wconf 90' lang='lat' dir='ltr'>nimis</span> <span class='ocrx_word' id='word_1_447' title='bbox 3677 2042 3806 2097; x_wconf 88' lang='lat' dir='ltr'>per-</span> 
     </span>
    </p>
   </div>
   <div class='ocr_carea' id='block_1_69' title="bbox 2151 2112 3807 2186">
    <p class='ocr_par' dir='ltr' id='par_1_69' title="bbox 2151 2112 3807 2186">
     <span class='ocr_line' id='line_1_69' title="bbox 2151 2112 3807 2186; baseline 0.002 -18"><span class='ocrx_word' id='word_1_448' title='bbox 2151 2113 2442 2168; x_wconf 89' lang='lat' dir='ltr'>turbatus.</span> <span class='ocrx_word' id='word_1_449' title='bbox 2459 2112 2672 2168; x_wconf 81' lang='lat' dir='ltr'>Acacio</span> <span class='ocrx_word' id='word_1_450' title='bbox 2688 2112 2780 2168; x_wconf 91' lang='lat' dir='ltr'>ille</span> <span class='ocrx_word' id='word_1_451' title='bbox 2798 2112 3064 2176; x_wconf 88' lang='lat' dir='ltr'>insultat,</span> <span class='ocrx_word' id='word_1_452' title='bbox 3082 2113 3223 2185; x_wconf 93' lang='lat' dir='ltr'>quia</span> <span class='ocrx_word' id='word_1_453' title='bbox 3236 2130 3371 2169; x_wconf 84' lang='lat' dir='ltr'>cum</span> <span class='ocrx_word' id='word_1_454' title='bbox 3391 2113 3465 2169; x_wconf 85' lang='lat' dir='ltr'>sit</span> <span class='ocrx_word' id='word_1_455' title='bbox 3486 2115 3807 2186; x_wconf 88' lang='lat' dir='ltr'>episcopus</span> 
     </span>
    </p>
   </div>
   <div class='ocr_carea' id='block_1_70' title="bbox 2148 2200 3810 2273">
    <p class='ocr_par' dir='ltr' id='par_1_70' title="bbox 2148 2200 3810 2273">
     <span class='ocr_line' id='line_1_70' title="bbox 2148 2200 3810 2273; baseline 0.001 -16"><span class='ocrx_word' id='word_1_456' title='bbox 2148 2202 2325 2270; x_wconf 86' lang='lat' dir='ltr'>regia</span> <span class='ocrx_word' id='word_1_457' title='bbox 2343 2201 2612 2263; x_wconf 85' lang='lat' dir='ltr'>civitatis,</span> <span class='ocrx_word' id='word_1_458' title='bbox 2627 2200 3296 2272; x_wconf 89' lang='lat' dir='ltr'>tentatjurisdictionem</span> <span class='ocrx_word' id='word_1_459' title='bbox 3317 2218 3489 2258; x_wconf 87' lang='lat' dir='ltr'>suam</span> <span class='ocrx_word' id='word_1_460' title='bbox 3509 2218 3729 2273; x_wconf 86' lang='lat' dir='ltr'>augere</span> <span class='ocrx_word' id='word_1_461' title='bbox 3751 2208 3810 2259; x_wconf 89' lang='lat' dir='ltr'>et</span> 
     </span>
    </p>
   </div>
   <div class='ocr_carea' id='block_1_71' title="bbox 2150 2289 3806 2362">
    <p class='ocr_par' dir='ltr' id='par_1_71' title="bbox 2150 2289 3806 2362">
     <span class='ocr_line' id='line_1_71' title="bbox 2150 2289 3806 2362; baseline 0.002 -18"><span class='ocrx_word' id='word_1_462' title='bbox 2150 2305 2324 2360; x_wconf 88' lang='lat' dir='ltr'>super</span> <span class='ocrx_word' id='word_1_463' title='bbox 2339 2290 2580 2346; x_wconf 90' lang='lat' dir='ltr'>Orientis</span> <span class='ocrx_word' id='word_1_464' title='bbox 2602 2289 2965 2361; x_wconf 87' lang='lat' dir='ltr'>patriarchas</span> <span class='ocrx_word' id='word_1_465' title='bbox 2987 2306 3113 2347; x_wconf 88' lang='lat' dir='ltr'>sese</span> <span class='ocrx_word' id='word_1_466' title='bbox 3130 2289 3336 2346; x_wconf 75' lang='lat' dir='ltr'>efferre</span> <span class='ocrx_word' id='word_1_467' title='bbox 3357 2309 3369 2357; x_wconf 89' lang='lat'>;</span> <span class='ocrx_word' id='word_1_468' title='bbox 3389 2291 3584 2362; x_wconf 88' lang='lat' dir='ltr'>itaque</span> <span class='ocrx_word' id='word_1_469' title='bbox 3598 2306 3806 2349; x_wconf 85' lang='lat' dir='ltr'>exem-</span> 
     </span>
    </p>
   </div>
   <div class='ocr_carea' id='block_1_72' title="bbox 2148 2375 3803 2452">
    <p class='ocr_par' dir='ltr' id='par_1_72' title="bbox 2148 2375 3803 2452">
     <span class='ocr_line' id='line_1_72' title="bbox 2148 2375 3803 2452; baseline 0.003 -21"><span class='ocrx_word' id='word_1_470' title='bbox 2148 2376 2315 2449; x_wconf 89' lang='lat' dir='ltr'>plum</span> <span class='ocrx_word' id='word_1_471' title='bbox 2341 2375 2420 2432; x_wconf 93' lang='lat' dir='ltr'>illi</span> <span class='ocrx_word' id='word_1_472' title='bbox 2443 2377 2693 2449; x_wconf 92' lang='lat' dir='ltr'>opponit</span> <span class='ocrx_word' id='word_1_473' title='bbox 2715 2382 2976 2449; x_wconf 90' lang='lat' dir='ltr'>quatuor</span> <span class='ocrx_word' id='word_1_474' title='bbox 3003 2378 3336 2434; x_wconf 89' lang='lat' dir='ltr'>Occidentis</span> <span class='ocrx_word' id='word_1_475' title='bbox 3357 2378 3803 2452; x_wconf 89' lang='lat' dir='ltr'>episcoporum,</span> 
     </span>
    </p>
   </div>
   <div class='ocr_carea' id='block_1_73' title="bbox 2147 2463 3802 2536">
    <p class='ocr_par' dir='ltr' id='par_1_73' title="bbox 2147 2463 3802 2536">
     <span class='ocr_line' id='line_1_73' title="bbox 2147 2463 3802 2536; baseline 0.001 -16"><span class='ocrx_word' id='word_1_476' title='bbox 2147 2464 2250 2536; x_wconf 88' lang='lat' dir='ltr'>qui</span> <span class='ocrx_word' id='word_1_477' title='bbox 2265 2480 2401 2520; x_wconf 91' lang='lat' dir='ltr'>cum</span> <span class='ocrx_word' id='word_1_478' title='bbox 2415 2468 2614 2520; x_wconf 87' lang='lat' dir='ltr'>essent</span> <span class='ocrx_word' id='word_1_479' title='bbox 2627 2463 2806 2535; x_wconf 89' lang='lat' dir='ltr'>etipsi</span> <span class='ocrx_word' id='word_1_480' title='bbox 2823 2465 3220 2536; x_wconf 88' lang='lat' dir='ltr'>imperialium</span> <span class='ocrx_word' id='word_1_481' title='bbox 3237 2466 3475 2522; x_wconf 90' lang='lat' dir='ltr'>urbium</span> <span class='ocrx_word' id='word_1_482' title='bbox 3487 2467 3802 2532; x_wconf 88' lang='lat' dir='ltr'>antistites,</span> 
     </span>
    </p>
   </div>
   <div class='ocr_carea' id='block_1_74' title="bbox 2145 2551 3804 2626">
    <p class='ocr_par' dir='ltr' id='par_1_74' title="bbox 2145 2551 3804 2626">
     <span class='ocr_line' id='line_1_74' title="bbox 2145 2551 3804 2626; baseline 0.002 -19"><span class='ocrx_word' id='word_1_483' title='bbox 2145 2551 2362 2608; x_wconf 89' lang='lat' dir='ltr'>nullam</span> <span class='ocrx_word' id='word_1_484' title='bbox 2372 2552 2391 2623; x_wconf 92' lang='lat' dir='ltr'>j</span> <span class='ocrx_word' id='word_1_485' title='bbox 2403 2551 2833 2608; x_wconf 89' lang='lat' dir='ltr'>urisdictionem</span> <span class='ocrx_word' id='word_1_486' title='bbox 2850 2551 2957 2608; x_wconf 90' lang='lat' dir='ltr'>sibi</span> <span class='ocrx_word' id='word_1_487' title='bbox 2971 2560 3326 2624; x_wconf 88' lang='lat' dir='ltr'>usurparunt</span> <span class='ocrx_word' id='word_1_488' title='bbox 3337 2553 3484 2609; x_wconf 89' lang='lat' dir='ltr'>ultra</span> <span class='ocrx_word' id='word_1_489' title='bbox 3497 2570 3620 2610; x_wconf 88' lang='lat' dir='ltr'>eam</span> <span class='ocrx_word' id='word_1_490' title='bbox 3635 2571 3804 2626; x_wconf 88' lang='lat' dir='ltr'>quam</span> 
     </span>
    </p>
   </div>
   <div class='ocr_carea' id='block_1_75' title="bbox 2147 2639 3808 2714">
    <p class='ocr_par' dir='ltr' id='par_1_75' title="bbox 2147 2639 3808 2714">
     <span class='ocr_line' id='line_1_75' title="bbox 2147 2639 3808 2714; baseline 0.001 -18"><span class='ocrx_word' id='word_1_491' title='bbox 2147 2640 2479 2711; x_wconf 84' lang='lat' dir='ltr'>antiquitus</span> <span class='ocrx_word' id='word_1_492' title='bbox 2502 2639 2902 2696; x_wconf 90' lang='lat' dir='ltr'>obtinuerant.</span> <span class='ocrx_word' id='word_1_493' title='bbox 2930 2641 3142 2696; x_wconf 88' lang='lat' dir='ltr'>Verum</span> <span class='ocrx_word' id='word_1_494' title='bbox 3167 2641 3411 2714; x_wconf 90' lang='lat' dir='ltr'>quidem</span> <span class='ocrx_word' id='word_1_495' title='bbox 3425 2648 3533 2707; x_wconf 92' lang='lat' dir='ltr'>est,</span> <span class='ocrx_word' id='word_1_496' title='bbox 3554 2644 3710 2714; x_wconf 88' lang='lat' dir='ltr'>quod</span> <span class='ocrx_word' id='word_1_497' title='bbox 3725 2645 3808 2700; x_wconf 88' lang='lat' dir='ltr'>ait</span> 
     </span>
    </p>
   </div>
   <div class='ocr_carea' id='block_1_76' title="bbox 2148 2726 3806 2801">
    <p class='ocr_par' dir='ltr' id='par_1_76' title="bbox 2148 2726 3806 2801">
     <span class='ocr_line' id='line_1_76' title="bbox 2148 2726 3806 2801; baseline 0.003 -17"><span class='ocrx_word' id='word_1_498' title='bbox 2148 2729 2518 2794; x_wconf 89' lang='lat' dir='ltr'>Bacchinius,</span> <span class='ocrx_word' id='word_1_499' title='bbox 2537 2729 2834 2784; x_wconf 85' lang='lat' dir='ltr'>Gelasium</span> <span class='ocrx_word' id='word_1_500' title='bbox 2853 2726 2964 2784; x_wconf 89' lang='lat' dir='ltr'>illis</span> <span class='ocrx_word' id='word_1_501' title='bbox 2987 2730 3179 2786; x_wconf 89' lang='lat' dir='ltr'>verbis</span> <span class='ocrx_word' id='word_1_502' title='bbox 3198 2746 3317 2786; x_wconf 92' lang='lat' dir='ltr'>non</span> <span class='ocrx_word' id='word_1_503' title='bbox 3340 2747 3596 2801; x_wconf 87' lang='lat' dir='ltr'>negasse</span> <span class='ocrx_word' id='word_1_504' title='bbox 3622 2748 3697 2789; x_wconf 70' lang='lat' dir='ltr'>ex</span> <span class='ocrx_word' id='word_1_505' title='bbox 3723 2735 3806 2789; x_wconf 82' lang='lat' dir='ltr'>te-</span> 
     </span>
    </p>
   </div>
   <div class='ocr_carea' id='block_1_77' title="bbox 2143 2817 3805 2890">
    <p class='ocr_par' dir='ltr' id='par_1_77' title="bbox 2143 2817 3805 2890">
     <span class='ocr_line' id='line_1_77' title="bbox 2143 2817 3805 2890; baseline 0.002 -17"><span class='ocrx_word' id='word_1_506' title='bbox 2143 2817 2336 2888; x_wconf 78' lang='lat' dir='ltr'>gitima</span> <span class='ocrx_word' id='word_1_507' title='bbox 2352 2818 2618 2873; x_wconf 65' lang='lat' dir='ltr'>Ecclesia:</span> <span class='ocrx_word' id='word_1_508' title='bbox 2625 2823 2903 2888; x_wconf 77' lang='lat' dir='ltr'>potestate</span> <span class='ocrx_word' id='word_1_509' title='bbox 2912 2819 3165 2888; x_wconf 80' lang='lat' dir='ltr'>potuisse</span> <span class='ocrx_word' id='word_1_510' title='bbox 3165 2822 3264 2889; x_wconf 84' lang='lat' dir='ltr'>jus</span> <span class='ocrx_word' id='word_1_511' title='bbox 3277 2821 3482 2890; x_wconf 83' lang='lat' dir='ltr'>augeri</span> <span class='ocrx_word' id='word_1_512' title='bbox 3495 2821 3805 2877; x_wconf 82' lang='lat' dir='ltr'>earumdem</span> 
     </span>
    </p>
   </div>
   <div class='ocr_carea' id='block_1_78' title="bbox 2143 2905 3808 2978">
    <p class='ocr_par' dir='ltr' id='par_1_78' title="bbox 2143 2905 3808 2978">
     <span class='ocr_line' id='line_1_78' title="bbox 2143 2905 3808 2978; baseline 0.001 -17"><span class='ocrx_word' id='word_1_513' title='bbox 2143 2905 2544 2970; x_wconf 82' lang='lat' dir='ltr'>Ecclesiarum,</span> <span class='ocrx_word' id='word_1_514' title='bbox 2579 2922 2638 2960; x_wconf 88' lang='lat' dir='ltr'>eo</span> <span class='ocrx_word' id='word_1_515' title='bbox 2665 2905 2835 2962; x_wconf 83' lang='lat' dir='ltr'>etiam</span> <span class='ocrx_word' id='word_1_516' title='bbox 2871 2906 3092 2962; x_wconf 77' lang='lat' dir='ltr'>intuitu</span> <span class='ocrx_word' id='word_1_517' title='bbox 3117 2908 3264 2978; x_wconf 84' lang='lat' dir='ltr'>quod</span> <span class='ocrx_word' id='word_1_518' title='bbox 3296 2908 3690 2978; x_wconf 85' lang='lat' dir='ltr'>imperatorum</span> <span class='ocrx_word' id='word_1_519' title='bbox 3722 2911 3808 2965; x_wconf 83' lang='lat' dir='ltr'>ibi</span> 
     </span>
    </p>
   </div>
   <div class='ocr_carea' id='block_1_79' title="bbox 2142 2994 3809 3059">
    <p class='ocr_par' dir='ltr' id='par_1_79' title="bbox 2142 2994 3809 3059">
     <span class='ocr_line' id='line_1_79' title="bbox 2142 2994 3809 3059; baseline 0.005 -12"><span class='ocrx_word' id='word_1_520' title='bbox 2142 2994 2301 3049; x_wconf 85' lang='lat' dir='ltr'>sedes</span> <span class='ocrx_word' id='word_1_521' title='bbox 2329 3000 2606 3050; x_wconf 71' lang='lat' dir='ltr'>exstasset</span> <span class='ocrx_word' id='word_1_522' title='bbox 2629 3010 2640 3059; x_wconf 91' lang='lat'><strong>;</strong></span> <span class='ocrx_word' id='word_1_523' title='bbox 2664 2995 2765 3049; x_wconf 92' lang='lat' dir='ltr'>sed</span> <span class='ocrx_word' id='word_1_524' title='bbox 2790 3012 2924 3050; x_wconf 91' lang='lat' dir='ltr'>cum</span> <span class='ocrx_word' id='word_1_525' title='bbox 2954 2995 3218 3051; x_wconf 89' lang='lat' dir='ltr'>Gelasius</span> <span class='ocrx_word' id='word_1_526' title='bbox 3250 2999 3495 3052; x_wconf 88' lang='lat' dir='ltr'>tacuerit</span> <span class='ocrx_word' id='word_1_527' title='bbox 3517 2999 3809 3055; x_wconf 89' lang='lat' dir='ltr'>accessio-</span> 
     </span>
    </p>
   </div>
   <div class='ocr_carea' id='block_1_80' title="bbox 2144 3081 3810 3152">
    <p class='ocr_par' dir='ltr' id='par_1_80' title="bbox 2144 3081 3810 3152">
     <span class='ocr_line' id='line_1_80' title="bbox 2144 3081 3810 3152; baseline 0.005 -16"><span class='ocrx_word' id='word_1_528' title='bbox 2144 3097 2281 3136; x_wconf 88' lang='lat' dir='ltr'>nem</span> <span class='ocrx_word' id='word_1_529' title='bbox 2297 3082 2472 3137; x_wconf 90' lang='lat' dir='ltr'>istam</span> <span class='ocrx_word' id='word_1_530' title='bbox 2489 3083 2649 3152; x_wconf 90' lang='lat' dir='ltr'>novij</span> <span class='ocrx_word' id='word_1_531' title='bbox 2665 3081 2783 3137; x_wconf 91' lang='lat' dir='ltr'>uris</span> <span class='ocrx_word' id='word_1_532' title='bbox 2804 3099 3011 3139; x_wconf 88' lang='lat' dir='ltr'>revera</span> <span class='ocrx_word' id='word_1_533' title='bbox 3033 3085 3300 3140; x_wconf 89' lang='lat' dir='ltr'>evenisse</span> <span class='ocrx_word' id='word_1_534' title='bbox 3323 3102 3396 3140; x_wconf 81' lang='lat' dir='ltr'>ex</span> <span class='ocrx_word' id='word_1_535' title='bbox 3416 3086 3810 3144; x_wconf 86' lang='lat' dir='ltr'>concessione</span> 
     </span>
    </p>
   </div>
   <div class='ocr_carea' id='block_1_81' title="bbox 2145 3168 3806 3244">
    <p class='ocr_par' dir='ltr' id='par_1_81' title="bbox 2145 3168 3806 3244">
     <span class='ocr_line' id='line_1_81' title="bbox 2145 3168 3806 3244; baseline 0.005 -20"><span class='ocrx_word' id='word_1_536' title='bbox 2145 3168 2417 3224; x_wconf 88' lang='lat' dir='ltr'>Ecclesia</span> <span class='ocrx_word' id='word_1_537' title='bbox 2431 3169 2857 3240; x_wconf 86' lang='lat' dir='ltr'>imperatorum</span> <span class='ocrx_word' id='word_1_538' title='bbox 2872 3172 3250 3244; x_wconf 88' lang='lat' dir='ltr'>temporibus,</span> <span class='ocrx_word' id='word_1_539' title='bbox 3270 3174 3506 3229; x_wconf 91' lang='lat' dir='ltr'>evidens</span> <span class='ocrx_word' id='word_1_540' title='bbox 3520 3174 3806 3232; x_wconf 88' lang='lat' dir='ltr'>indicium</span> 
     </span>
    </p>
   </div>
   <div class='ocr_carea' id='block_1_82' title="bbox 2144 3258 3808 3336">
    <p class='ocr_par' dir='ltr' id='par_1_82' title="bbox 2144 3258 3808 3336">
     <span class='ocr_line' id='line_1_82' title="bbox 2144 3258 3808 3336; baseline 0.005 -25"><span class='ocrx_word' id='word_1_541' title='bbox 2144 3261 2232 3312; x_wconf 87' lang='lat' dir='ltr'>est</span> <span class='ocrx_word' id='word_1_542' title='bbox 2260 3258 2418 3328; x_wconf 92' lang='lat' dir='ltr'>quod</span> <span class='ocrx_word' id='word_1_543' title='bbox 2451 3273 2570 3313; x_wconf 90' lang='lat' dir='ltr'>non</span> <span class='ocrx_word' id='word_1_544' title='bbox 2601 3259 2858 3315; x_wconf 91' lang='lat' dir='ltr'>evenerit</span> <span class='ocrx_word' id='word_1_545' title='bbox 2883 3278 2894 3326; x_wconf 92' lang='lat'>;</span> <span class='ocrx_word' id='word_1_546' title='bbox 2926 3264 3050 3315; x_wconf 90' lang='lat' dir='ltr'>tum</span> <span class='ocrx_word' id='word_1_547' title='bbox 3080 3261 3223 3332; x_wconf 90' lang='lat' dir='ltr'>quia</span> <span class='ocrx_word' id='word_1_548' title='bbox 3243 3267 3665 3332; x_wconf 90' lang='lat' dir='ltr'>argumentum</span> <span class='ocrx_word' id='word_1_549' title='bbox 3688 3281 3808 3336; x_wconf 90' lang='lat' dir='ltr'>quo</span> 
     </span>
    </p>
   </div>
   <div class='ocr_carea' id='block_1_83' title="bbox 2144 3347 3809 3420">
    <p class='ocr_par' dir='ltr' id='par_1_83' title="bbox 2144 3347 3809 3420">
     <span class='ocr_line' id='line_1_83' title="bbox 2144 3347 3809 3420; baseline 0.004 -18"><span class='ocrx_word' id='word_1_550' title='bbox 2144 3352 2344 3403; x_wconf 90' lang='lat' dir='ltr'>contra</span> <span class='ocrx_word' id='word_1_551' title='bbox 2375 3347 2653 3403; x_wconf 85' lang='lat' dir='ltr'>Acacium</span> <span class='ocrx_word' id='word_1_552' title='bbox 2685 3348 2955 3404; x_wconf 88' lang='lat' dir='ltr'>utebatur</span> <span class='ocrx_word' id='word_1_553' title='bbox 2975 3349 3264 3420; x_wconf 89' lang='lat' dir='ltr'>Gelasius,</span> <span class='ocrx_word' id='word_1_554' title='bbox 3292 3351 3500 3406; x_wconf 86' lang='lat' dir='ltr'>fortius</span> <span class='ocrx_word' id='word_1_555' title='bbox 3520 3352 3809 3409; x_wconf 86' lang='lat' dir='ltr'>Constan-</span> 
     </span>
    </p>
   </div>
   <div class='ocr_carea' id='block_1_84' title="bbox 2145 3434 3806 3513">
    <p class='ocr_par' dir='ltr' id='par_1_84' title="bbox 2145 3434 3806 3513">
     <span class='ocr_line' id='line_1_84' title="bbox 2145 3434 3806 3513; baseline 0.005 -25"><span class='ocrx_word' id='word_1_556' title='bbox 2145 3434 2588 3506; x_wconf 88' lang='lat' dir='ltr'>tinopolitanum</span> <span class='ocrx_word' id='word_1_557' title='bbox 2627 3437 2892 3499; x_wconf 89' lang='lat' dir='ltr'>ursisset,</span> <span class='ocrx_word' id='word_1_558' title='bbox 2918 3453 2987 3492; x_wconf 91' lang='lat' dir='ltr'>ea</span> <span class='ocrx_word' id='word_1_559' title='bbox 3010 3439 3528 3496; x_wconf 80' lang='lat' dir='ltr'>animadverstone</span> <span class='ocrx_word' id='word_1_560' title='bbox 3545 3443 3699 3513; x_wconf 88' lang='lat' dir='ltr'>quod</span> <span class='ocrx_word' id='word_1_561' title='bbox 3722 3442 3806 3497; x_wconf 91' lang='lat' dir='ltr'>illi</span> 
     </span>
    </p>
   </div>
   <div class='ocr_carea' id='block_1_85' title="bbox 2143 3523 3804 3601">
    <p class='ocr_par' dir='ltr' id='par_1_85' title="bbox 2143 3523 3804 3601">
     <span class='ocr_line' id='line_1_85' title="bbox 2143 3523 3804 3601; baseline 0.004 -25"><span class='ocrx_word' id='word_1_562' title='bbox 2143 3529 2388 3592; x_wconf 84' lang='lat' dir='ltr'>quatuor</span> <span class='ocrx_word' id='word_1_563' title='bbox 2400 3523 2734 3595; x_wconf 84' lang='lat' dir='ltr'>episcopi,si</span> <span class='ocrx_word' id='word_1_564' title='bbox 2748 3525 2913 3596; x_wconf 87' lang='lat' dir='ltr'>quidj</span> <span class='ocrx_word' id='word_1_565' title='bbox 2926 3526 3321 3583; x_wconf 89' lang='lat' dir='ltr'>urisdictionis</span> <span class='ocrx_word' id='word_1_566' title='bbox 3339 3529 3489 3585; x_wconf 86' lang='lat' dir='ltr'>ultra</span> <span class='ocrx_word' id='word_1_567' title='bbox 3508 3530 3663 3601; x_wconf 88' lang='lat' dir='ltr'>antiq</span> <span class='ocrx_word' id='word_1_568' title='bbox 3676 3546 3804 3586; x_wconf 89' lang='lat' dir='ltr'>uam</span> 
     </span>
    </p>
   </div>
   <div class='ocr_carea' id='block_1_86' title="bbox 2145 3612 3805 3687">
    <p class='ocr_par' dir='ltr' id='par_1_86' title="bbox 2145 3612 3805 3687">
     <span class='ocr_line' id='line_1_86' title="bbox 2145 3612 3805 3687; baseline 0.005 -23"><span class='ocrx_word' id='word_1_569' title='bbox 2145 3625 2486 3666; x_wconf 90' lang='lat' dir='ltr'>mensuram</span> <span class='ocrx_word' id='word_1_570' title='bbox 2503 3612 2936 3682; x_wconf 89' lang='lat' dir='ltr'>acquisiverint,</span> <span class='ocrx_word' id='word_1_571' title='bbox 2955 3614 3630 3687; x_wconf 88' lang='lat' dir='ltr'>intuituimperatorum,</span> <span class='ocrx_word' id='word_1_572' title='bbox 3653 3634 3805 3674; x_wconf 88' lang='lat' dir='ltr'>non-</span> 
     </span>
    </p>
   </div>
   <div class='ocr_carea' id='block_1_87' title="bbox 2144 3697 3808 3778">
    <p class='ocr_par' dir='ltr' id='par_1_87' title="bbox 2144 3697 3808 3778">
     <span class='ocr_line' id='line_1_87' title="bbox 2144 3697 3808 3778; baseline 0.006 -26"><span class='ocrx_word' id='word_1_573' title='bbox 2144 3697 2259 3754; x_wconf 91' lang='lat' dir='ltr'>nisi</span> <span class='ocrx_word' id='word_1_574' title='bbox 2287 3714 2356 3754; x_wconf 87' lang='lat' dir='ltr'>ex</span> <span class='ocrx_word' id='word_1_575' title='bbox 2371 3699 2740 3770; x_wconf 85' lang='lat' dir='ltr'>indulgentia</span> <span class='ocrx_word' id='word_1_576' title='bbox 2754 3701 3103 3771; x_wconf 81' lang='lat' dir='ltr'>pontificum</span> <span class='ocrx_word' id='word_1_577' title='bbox 3129 3706 3537 3761; x_wconf 88' lang='lat' dir='ltr'>Romanorum</span> <span class='ocrx_word' id='word_1_578' title='bbox 3551 3707 3808 3778; x_wconf 87' lang='lat' dir='ltr'>acquisi-</span> 
     </span>
    </p>
   </div>
   <div class='ocr_carea' id='block_1_88' title="bbox 2145 3785 3804 3862">
    <p class='ocr_par' dir='ltr' id='par_1_88' title="bbox 2145 3785 3804 3862">
     <span class='ocr_line' id='line_1_88' title="bbox 2145 3785 3804 3862; baseline 0.005 -23"><span class='ocrx_word' id='word_1_579' title='bbox 2145 3785 2330 3841; x_wconf 90' lang='lat' dir='ltr'>verint</span> <span class='ocrx_word' id='word_1_580' title='bbox 2353 3803 2368 3849; x_wconf 91' lang='lat'><em>;</em></span> <span class='ocrx_word' id='word_1_581' title='bbox 2392 3790 2516 3841; x_wconf 84' lang='lat' dir='ltr'>turn</span> <span class='ocrx_word' id='word_1_582' title='bbox 2544 3787 2688 3858; x_wconf 88' lang='lat' dir='ltr'>quia</span> <span class='ocrx_word' id='word_1_583' title='bbox 2718 3804 2855 3843; x_wconf 89' lang='lat' dir='ltr'>cum</span> <span class='ocrx_word' id='word_1_584' title='bbox 2885 3789 2944 3844; x_wconf 92' lang='lat' dir='ltr'>id</span> <span class='ocrx_word' id='word_1_585' title='bbox 2981 3789 3203 3846; x_wconf 90' lang='lat' dir='ltr'>factum</span> <span class='ocrx_word' id='word_1_586' title='bbox 3227 3791 3479 3848; x_wconf 85' lang='lat' dir='ltr'>tacuerit</span> <span class='ocrx_word' id='word_1_587' title='bbox 3512 3794 3804 3862; x_wconf 86' lang='lat' dir='ltr'>Gelasius,</span> 
     </span>
    </p>
   </div>
   <div class='ocr_carea' id='block_1_89' title="bbox 2145 3871 3804 3946">
    <p class='ocr_par' dir='ltr' id='par_1_89' title="bbox 2145 3871 3804 3946">
     <span class='ocr_line' id='line_1_89' title="bbox 2145 3871 3804 3946; baseline 0.006 -19"><span class='ocrx_word' id='word_1_588' title='bbox 2145 3871 2262 3928; x_wconf 90' lang='lat' dir='ltr'>alia</span> <span class='ocrx_word' id='word_1_589' title='bbox 2274 3874 2478 3945; x_wconf 87' lang='lat' dir='ltr'>magni</span> <span class='ocrx_word' id='word_1_590' title='bbox 2495 3875 2766 3945; x_wconf 88' lang='lat' dir='ltr'>ponderis</span> <span class='ocrx_word' id='word_1_591' title='bbox 2780 3877 3273 3946; x_wconf 85' lang='lat' dir='ltr'>conjecturainde</span> <span class='ocrx_word' id='word_1_592' title='bbox 3287 3881 3472 3935; x_wconf 90' lang='lat' dir='ltr'>oritur</span> <span class='ocrx_word' id='word_1_593' title='bbox 3485 3882 3804 3937; x_wconf 88' lang='lat' dir='ltr'>certissime</span> 
     </span>
    </p>
   </div>
   <div class='ocr_carea' id='block_1_90' title="bbox 2144 3963 3806 4039">
    <p class='ocr_par' dir='ltr' id='par_1_90' title="bbox 2144 3963 3806 4039">
     <span class='ocr_line' id='line_1_90' title="bbox 2144 3963 3806 4039; baseline 0.005 -22"><span class='ocrx_word' id='word_1_594' title='bbox 2144 3976 2266 4017; x_wconf 89' lang='lat' dir='ltr'>non</span> <span class='ocrx_word' id='word_1_595' title='bbox 2284 3977 2413 4017; x_wconf 91' lang='lat' dir='ltr'>esse</span> <span class='ocrx_word' id='word_1_596' title='bbox 2432 3963 2652 4018; x_wconf 87' lang='lat' dir='ltr'>factum</span> <span class='ocrx_word' id='word_1_597' title='bbox 2677 3982 2688 4032; x_wconf 91' lang='lat'><strong>;</strong></span> <span class='ocrx_word' id='word_1_598' title='bbox 2715 3979 2852 4018; x_wconf 90' lang='lat' dir='ltr'>nam</span> <span class='ocrx_word' id='word_1_599' title='bbox 2876 3965 2953 4022; x_wconf 90' lang='lat' dir='ltr'>ab</span> <span class='ocrx_word' id='word_1_600' title='bbox 2976 3967 3265 4037; x_wconf 87' lang='lat' dir='ltr'>exemplis</span> <span class='ocrx_word' id='word_1_601' title='bbox 3287 3970 3806 4039; x_wconf 86' lang='lat' dir='ltr'>quatuorillorum</span> 
     </span>
    </p>
   </div>
   <div class='ocr_carea' id='block_1_91' title="bbox 2145 4050 3808 4126">
    <p class='ocr_par' dir='ltr' id='par_1_91' title="bbox 2145 4050 3808 4126">
     <span class='ocr_line' id='line_1_91' title="bbox 2145 4050 3808 4126; baseline 0.005 -20"><span class='ocrx_word' id='word_1_602' title='bbox 2145 4050 2495 4115; x_wconf 85' lang='lat' dir='ltr'>antistitum,</span> <span class='ocrx_word' id='word_1_603' title='bbox 2515 4053 2715 4124; x_wconf 87' lang='lat' dir='ltr'>siquia</span> <span class='ocrx_word' id='word_1_604' title='bbox 2734 4051 3256 4126; x_wconf 86' lang='lat' dir='ltr'>fuissentepiscopi</span> <span class='ocrx_word' id='word_1_605' title='bbox 3276 4057 3573 4126; x_wconf 87' lang='lat' dir='ltr'>regiarum</span> <span class='ocrx_word' id='word_1_606' title='bbox 3595 4059 3808 4115; x_wconf 86' lang='lat' dir='ltr'>civita-</span> 
     </span>
    </p>
   </div>
   <div class='ocr_carea' id='block_1_92' title="bbox 2146 4139 3811 4213">
    <p class='ocr_par' dir='ltr' id='par_1_92' title="bbox 2146 4139 3811 4213">
     <span class='ocr_line' id='line_1_92' title="bbox 2146 4139 3811 4213; baseline 0.005 -19"><span class='ocrx_word' id='word_1_607' title='bbox 2146 4139 2362 4203; x_wconf 91' lang='lat' dir='ltr'>tum,ab</span> <span class='ocrx_word' id='word_1_608' title='bbox 2378 4140 2701 4211; x_wconf 84' lang='lat' dir='ltr'>apostolica</span> <span class='ocrx_word' id='word_1_609' title='bbox 2717 4141 2849 4197; x_wconf 83' lang='lat' dir='ltr'>sede</span> <span class='ocrx_word' id='word_1_610' title='bbox 2869 4143 3140 4212; x_wconf 89' lang='lat' dir='ltr'>majorem</span> <span class='ocrx_word' id='word_1_611' title='bbox 3159 4142 3490 4213; x_wconf 86' lang='lat' dir='ltr'>dignitatem</span> <span class='ocrx_word' id='word_1_612' title='bbox 3513 4146 3811 4203; x_wconf 87' lang='lat' dir='ltr'>obtinuis-</span> 
     </span>
    </p>
   </div>
   <div class='ocr_carea' id='block_1_93' title="bbox 2145 4229 3808 4306">
    <p class='ocr_par' dir='ltr' id='par_1_93' title="bbox 2145 4229 3808 4306">
     <span class='ocr_line' id='line_1_93' title="bbox 2145 4229 3808 4306; baseline 0.007 -24"><span class='ocrx_word' id='word_1_613' title='bbox 2145 4234 2291 4294; x_wconf 89' lang='lat' dir='ltr'>sent,</span> <span class='ocrx_word' id='word_1_614' title='bbox 2320 4229 2699 4285; x_wconf 88' lang='lat' dir='ltr'>occasionem</span> <span class='ocrx_word' id='word_1_615' title='bbox 2716 4231 3224 4302; x_wconf 91' lang='lat' dir='ltr'>opportunissime</span> <span class='ocrx_word' id='word_1_616' title='bbox 3247 4232 3641 4306; x_wconf 85' lang='lat' dir='ltr'>arripuissent</span> <span class='ocrx_word' id='word_1_617' title='bbox 3655 4237 3808 4294; x_wconf 86' lang='lat' dir='ltr'>Aca-</span> 
     </span>
    </p>
   </div>
   <div class='ocr_carea' id='block_1_94' title="bbox 2143 4316 3802 4392">
    <p class='ocr_par' dir='ltr' id='par_1_94' title="bbox 2143 4316 3802 4392">
     <span class='ocr_line' id='line_1_94' title="bbox 2143 4316 3802 4392; baseline 0.007 -23"><span class='ocrx_word' id='word_1_618' title='bbox 2143 4316 2296 4370; x_wconf 89' lang='lat' dir='ltr'>ciani</span> <span class='ocrx_word' id='word_1_619' title='bbox 2313 4318 2706 4387; x_wconf 85' lang='lat' dir='ltr'>exprobrandi</span> <span class='ocrx_word' id='word_1_620' title='bbox 2725 4319 2974 4384; x_wconf 88' lang='lat' dir='ltr'>Gelasio,</span> <span class='ocrx_word' id='word_1_621' title='bbox 3009 4327 3187 4392; x_wconf 89' lang='lat' dir='ltr'>atque</span> <span class='ocrx_word' id='word_1_622' title='bbox 3203 4323 3484 4378; x_wconf 88' lang='lat' dir='ltr'>Romana</span> <span class='ocrx_word' id='word_1_623' title='bbox 3500 4323 3774 4381; x_wconf 78' lang='lat' dir='ltr'>Ecclesia</span> <span class='ocrx_word' id='word_1_624' title='bbox 3786 4367 3802 4389; x_wconf 88' lang='lat'>,</span> 
     </span>
    </p>
   </div>
   <div class='ocr_carea' id='block_1_95' title="bbox 370 4401 3803 4482">
    <p class='ocr_par' dir='ltr' id='par_1_95' title="bbox 370 4401 3803 4482">
     <span class='ocr_line' id='line_1_95' title="bbox 370 4401 3803 4482; baseline 0.002 -22"><span class='ocrx_word' id='word_1_625' title='bbox 370 4405 1210 4477; x_wconf 85' lang='lat' dir='ltr'>lasii,quamipsemetfatetur</span> <span class='ocrx_word' id='word_1_626' title='bbox 1224 4407 1300 4462; x_wconf 92' lang='lat' dir='ltr'>ab</span> <span class='ocrx_word' id='word_1_627' title='bbox 1317 4407 1493 4463; x_wconf 87' lang='lat' dir='ltr'>obvio</span> <span class='ocrx_word' id='word_1_628' title='bbox 1509 4423 1714 4463; x_wconf 89' lang='lat' dir='ltr'>eorum</span> <span class='ocrx_word' id='word_1_629' title='bbox 1741 4407 2032 4462; x_wconf 78' lang='lat' dir='ltr'>sensude&#39;</span> <span class='ocrx_word' id='word_1_630' title='bbox 2065 4401 2107 4456; x_wconf 86' lang='grc' dir='ltr'>Ι)</span> <span class='ocrx_word' id='word_1_631' title='bbox 2143 4404 3803 4482; x_wconf 80' lang='lat' dir='ltr'>negatumiriAcacio,etiamintercedentibusimperato-</span> 
     </span>
    </p>
   </div>
   <div class='ocr_carea' id='block_1_96' title="bbox 369 4492 2027 4563">
    <p class='ocr_par' dir='ltr' id='par_1_96' title="bbox 369 4492 2027 4563">
     <span class='ocr_line' id='line_1_96' title="bbox 369 4492 2027 4563; baseline 0.001 -15"><span class='ocrx_word' id='word_1_632' title='bbox 369 4492 637 4549; x_wconf 77' lang='lat' dir='ltr'>viare.Ad</span> <span class='ocrx_word' id='word_1_633' title='bbox 653 4493 990 4563; x_wconf 85' lang='lat' dir='ltr'>hujusmodi</span> <span class='ocrx_word' id='word_1_634' title='bbox 1007 4508 1148 4549; x_wconf 89' lang='lat' dir='ltr'>vero</span> <span class='ocrx_word' id='word_1_635' title='bbox 1163 4494 1486 4551; x_wconf 86' lang='lat' dir='ltr'>violentam</span> <span class='ocrx_word' id='word_1_636' title='bbox 1504 4494 1801 4550; x_wconf 87' lang='lat' dir='ltr'>Gelasiani</span> <span class='ocrx_word' id='word_1_637' title='bbox 1816 4511 2027 4549; x_wconf 92' lang='lat' dir='ltr'>sensus</span> 
     </span>
    </p>
   </div>
   <div class='ocr_carea' id='block_1_97' title="bbox 370 4580 2030 4654">
    <p class='ocr_par' dir='ltr' id='par_1_97' title="bbox 370 4580 2030 4654">
     <span class='ocr_line' id='line_1_97' title="bbox 370 4580 2030 4654; baseline 0.001 -16"><span class='ocrx_word' id='word_1_638' title='bbox 370 4580 827 4652; x_wconf 82' lang='lat' dir='ltr'>explicationem</span> <span class='ocrx_word' id='word_1_639' title='bbox 842 4580 1218 4638; x_wconf 87' lang='lat' dir='ltr'>Bacchinium</span> <span class='ocrx_word' id='word_1_640' title='bbox 1233 4589 1454 4654; x_wconf 82' lang='lat' dir='ltr'>cogunt</span> <span class='ocrx_word' id='word_1_641' title='bbox 1469 4589 1752 4638; x_wconf 87' lang='lat' dir='ltr'>momenta</span> <span class='ocrx_word' id='word_1_642' title='bbox 1765 4599 1888 4653; x_wconf 79' lang='lat' dir='ltr'>qua</span> <span class='ocrx_word' id='word_1_643' title='bbox 1900 4599 2030 4653; x_wconf 86' lang='lat' dir='ltr'>pro-</span> 
     </span>
    </p>
   </div>
   <div class='ocr_carea' id='block_1_98' title="bbox 365 4670 2026 4744">
    <p class='ocr_par' dir='ltr' id='par_1_98' title="bbox 365 4670 2026 4744">
     <span class='ocr_line' id='line_1_98' title="bbox 365 4670 2026 4744; baseline -0.001 -17"><span class='ocrx_word' id='word_1_644' title='bbox 365 4670 515 4727; x_wconf 90' lang='lat' dir='ltr'>bant</span> <span class='ocrx_word' id='word_1_645' title='bbox 535 4671 721 4727; x_wconf 89' lang='lat' dir='ltr'>serius</span> <span class='ocrx_word' id='word_1_646' title='bbox 737 4687 925 4744; x_wconf 89' lang='lat' dir='ltr'>quam</span> <span class='ocrx_word' id='word_1_647' title='bbox 953 4671 1009 4726; x_wconf 92' lang='lat' dir='ltr'>in</span> <span class='ocrx_word' id='word_1_648' title='bbox 1031 4671 1260 4744; x_wconf 90' lang='lat' dir='ltr'>reliquo</span> <span class='ocrx_word' id='word_1_649' title='bbox 1285 4671 1535 4728; x_wconf 92' lang='lat' dir='ltr'>Occiden</span> <span class='ocrx_word' id='word_1_650' title='bbox 1549 4677 1598 4726; x_wconf 91' lang='lat' dir='ltr'>te</span> <span class='ocrx_word' id='word_1_651' title='bbox 1615 4671 1673 4725; x_wconf 90' lang='lat' dir='ltr'>in</span> <span class='ocrx_word' id='word_1_652' title='bbox 1687 4671 2026 4743; x_wconf 89' lang='lat' dir='ltr'>ltaliamjus</span> 
     </span>
    </p>
   </div>
   <div class='ocr_carea' id='block_1_99' title="bbox 367 4758 2022 4832">
    <p class='ocr_par' dir='ltr' id='par_1_99' title="bbox 367 4758 2022 4832">
     <span class='ocr_line' id='line_1_99' title="bbox 367 4758 2022 4832; baseline -0.001 -15"><span class='ocrx_word' id='word_1_653' title='bbox 367 4759 864 4832; x_wconf 85' lang='lat' dir='ltr'>metropoliticum</span> <span class='ocrx_word' id='word_1_654' title='bbox 893 4760 1229 4825; x_wconf 90' lang='lat' dir='ltr'>inductum,</span> <span class='ocrx_word' id='word_1_655' title='bbox 1260 4760 1318 4814; x_wconf 90' lang='lat' dir='ltr'>in</span> <span class='ocrx_word' id='word_1_656' title='bbox 1349 4775 1537 4830; x_wconf 89' lang='lat' dir='ltr'>eaque</span> <span class='ocrx_word' id='word_1_657' title='bbox 1565 4758 1807 4827; x_wconf 87' lang='lat' dir='ltr'>regione</span> <span class='ocrx_word' id='word_1_658' title='bbox 1829 4760 2022 4816; x_wconf 89' lang='lat' dir='ltr'>solum</span> 
     </span>
    </p>
   </div>
   <div class='ocr_carea' id='block_1_100' title="bbox 365 4847 2022 4920">
    <p class='ocr_par' dir='ltr' id='par_1_100' title="bbox 365 4847 2022 4920">
     <span class='ocr_line' id='line_1_100' title="bbox 365 4847 2022 4920; baseline 0.001 -16"><span class='ocrx_word' id='word_1_659' title='bbox 365 4849 703 4907; x_wconf 80' lang='lat' dir='ltr'>Romanum</span> <span class='ocrx_word' id='word_1_660' title='bbox 729 4850 890 4920; x_wconf 91' lang='lat' dir='ltr'>ponti</span> <span class='ocrx_word' id='word_1_661' title='bbox 902 4850 1072 4903; x_wconf 87' lang='lat' dir='ltr'>ticem</span> <span class='ocrx_word' id='word_1_662' title='bbox 1089 4849 1230 4917; x_wconf 91' lang='lat' dir='ltr'>istoj</span> <span class='ocrx_word' id='word_1_663' title='bbox 1243 4863 1340 4902; x_wconf 90' lang='lat' dir='ltr'>ure</span> <span class='ocrx_word' id='word_1_664' title='bbox 1361 4847 1638 4918; x_wconf 90' lang='lat' dir='ltr'>polluisse</span> <span class='ocrx_word' id='word_1_665' title='bbox 1652 4848 1726 4902; x_wconf 89' lang='lat' dir='ltr'>ad</span> <span class='ocrx_word' id='word_1_666' title='bbox 1739 4854 2022 4919; x_wconf 86' lang='lat' dir='ltr'>quartum</span> 
     </span>
    </p>
   </div>
   <div class='ocr_carea' id='block_1_101' title="bbox 361 4935 2020 5006">
    <p class='ocr_par' dir='ltr' id='par_1_101' title="bbox 361 4935 2020 5006">
     <span class='ocr_line' id='line_1_101' title="bbox 361 4935 2020 5006; baseline -0.001 -12"><span class='ocrx_word' id='word_1_667' title='bbox 361 4943 417 4995; x_wconf 91' lang='lat' dir='ltr'>et</span> <span class='ocrx_word' id='word_1_668' title='bbox 444 4941 597 4994; x_wconf 86' lang='lat' dir='ltr'>ultra</span> <span class='ocrx_word' id='word_1_669' title='bbox 624 4937 927 5005; x_wconf 90' lang='lat' dir='ltr'>saculum,</span> <span class='ocrx_word' id='word_1_670' title='bbox 963 4952 1031 4990; x_wconf 91' lang='lat' dir='ltr'>ac</span> <span class='ocrx_word' id='word_1_671' title='bbox 1062 4935 1387 5006; x_wconf 89' lang='lat' dir='ltr'>prasertim</span> <span class='ocrx_word' id='word_1_672' title='bbox 1413 4935 1554 5006; x_wconf 86' lang='lat' dir='ltr'>quia</span> <span class='ocrx_word' id='word_1_673' title='bbox 1585 4936 1874 4991; x_wconf 88' lang='lat' dir='ltr'>recentius</span> <span class='ocrx_word' id='word_1_674' title='bbox 1906 4937 2020 4992; x_wconf 85' lang='lat' dir='ltr'>Ra-</span> 
     </span>
    </p>
   </div>
   <div class='ocr_carea' id='block_1_102' title="bbox 359 5021 2019 5094">
    <p class='ocr_par' dir='ltr' id='par_1_102' title="bbox 359 5021 2019 5094">
     <span class='ocr_line' id='line_1_102' title="bbox 359 5021 2019 5094; baseline 0.002 -17"><span class='ocrx_word' id='word_1_675' title='bbox 359 5026 600 5082; x_wconf 87' lang='lat' dir='ltr'>vennati</span> <span class='ocrx_word' id='word_1_676' title='bbox 634 5025 904 5080; x_wconf 87' lang='lat' dir='ltr'>Ecclesia</span> <span class='ocrx_word' id='word_1_677' title='bbox 925 5023 1068 5078; x_wconf 91' lang='lat' dir='ltr'>illud</span> <span class='ocrx_word' id='word_1_678' title='bbox 1087 5022 1194 5077; x_wconf 90' lang='lat' dir='ltr'>fuit</span> <span class='ocrx_word' id='word_1_679' title='bbox 1220 5021 1526 5086; x_wconf 87' lang='lat' dir='ltr'>collatum,</span> <span class='ocrx_word' id='word_1_680' title='bbox 1552 5023 1762 5094; x_wconf 89' lang='lat' dir='ltr'>etquia</span> <span class='ocrx_word' id='word_1_681' title='bbox 1789 5032 2019 5082; x_wconf 80' lang='lat' dir='ltr'>constat</span> 
     </span>
    </p>
   </div>
   <div class='ocr_carea' id='block_1_103' title="bbox 360 5110 2016 5177">
    <p class='ocr_par' dir='ltr' id='par_1_103' title="bbox 360 5110 2016 5177">
     <span class='ocr_line' id='line_1_103' title="bbox 360 5110 2016 5177; baseline 0.002 -10"><span class='ocrx_word' id='word_1_682' title='bbox 360 5114 653 5169; x_wconf 88' lang='lat' dir='ltr'>Ecclesias</span> <span class='ocrx_word' id='word_1_683' title='bbox 675 5112 1014 5177; x_wconf 87' lang='lat' dir='ltr'>nonnullas,</span> <span class='ocrx_word' id='word_1_684' title='bbox 1041 5116 1103 5167; x_wconf 92' lang='lat' dir='ltr'>ut</span> <span class='ocrx_word' id='word_1_685' title='bbox 1127 5110 1683 5174; x_wconf 80' lang='lat' dir='ltr'>Forocorneliensis,</span> <span class='ocrx_word' id='word_1_686' title='bbox 1704 5113 2016 5170; x_wconf 85' lang='lat' dir='ltr'>Ambrosio</span> 
     </span>
    </p>
   </div>
   <div class='ocr_carea' id='block_1_104' title="bbox 359 5199 2015 5274">
    <p class='ocr_par' dir='ltr' id='par_1_104' title="bbox 359 5199 2015 5274">
     <span class='ocr_line' id='line_1_104' title="bbox 359 5199 2015 5274; baseline 0.004 -22"><span class='ocrx_word' id='word_1_687' title='bbox 359 5199 605 5263; x_wconf 86' lang='lat' dir='ltr'>vivente,</span> <span class='ocrx_word' id='word_1_688' title='bbox 628 5201 1042 5257; x_wconf 81' lang='lat' dir='ltr'>Mediolanensi</span> <span class='ocrx_word' id='word_1_689' title='bbox 1070 5200 1355 5272; x_wconf 89' lang='lat' dir='ltr'>episcopo</span> <span class='ocrx_word' id='word_1_690' title='bbox 1377 5201 1668 5272; x_wconf 89' lang='lat' dir='ltr'>paruisse,</span> <span class='ocrx_word' id='word_1_691' title='bbox 1696 5207 1750 5256; x_wconf 89' lang='lat' dir='ltr'>et</span> <span class='ocrx_word' id='word_1_692' title='bbox 1768 5202 2015 5274; x_wconf 84' lang='lat' dir='ltr'>Chryso-</span> 
     </span>
    </p>
   </div>
   <div class='ocr_carea' id='block_1_105' title="bbox 356 5282 2013 5358">
    <p class='ocr_par' dir='ltr' id='par_1_105' title="bbox 356 5282 2013 5358">
     <span class='ocr_line' id='line_1_105' title="bbox 356 5282 2013 5358; baseline 0.004 -21"><span class='ocrx_word' id='word_1_693' title='bbox 356 5282 476 5354; x_wconf 91' lang='lat' dir='ltr'>logi</span> <span class='ocrx_word' id='word_1_694' title='bbox 511 5285 813 5340; x_wconf 91' lang='lat' dir='ltr'>electionis</span> <span class='ocrx_word' id='word_1_695' title='bbox 847 5295 1111 5358; x_wconf 88' lang='lat' dir='ltr'>tempore</span> <span class='ocrx_word' id='word_1_696' title='bbox 1142 5295 1488 5343; x_wconf 77' lang='lat' dir='ltr'>numeratus</span> <span class='ocrx_word' id='word_1_697' title='bbox 1529 5287 1679 5343; x_wconf 90' lang='lat' dir='ltr'>inter</span> <span class='ocrx_word' id='word_1_698' title='bbox 1719 5291 2013 5344; x_wconf 85' lang='lat' dir='ltr'>Ravenna</span> 
     </span>
    </p>
   </div>
   <div class='ocr_carea' id='block_1_106' title="bbox 357 5371 2007 5448">
    <p class='ocr_par' dir='ltr' id='par_1_106' title="bbox 357 5371 2007 5448">
     <span class='ocr_line' id='line_1_106' title="bbox 357 5371 2007 5448; baseline 0.005 -26"><span class='ocrx_word' id='word_1_699' title='bbox 357 5371 647 5428; x_wconf 87' lang='lat' dir='ltr'>subditas.</span> <span class='ocrx_word' id='word_1_700' title='bbox 668 5373 876 5429; x_wconf 86' lang='lat' dir='ltr'>Verum</span> <span class='ocrx_word' id='word_1_701' title='bbox 893 5376 1018 5430; x_wconf 82' lang='lat' dir='ltr'>hac</span> <span class='ocrx_word' id='word_1_702' title='bbox 1032 5377 1234 5431; x_wconf 83' lang='lat' dir='ltr'>omnia</span> <span class='ocrx_word' id='word_1_703' title='bbox 1249 5376 1549 5433; x_wconf 87' lang='lat' dir='ltr'>Bacchinii</span> <span class='ocrx_word' id='word_1_704' title='bbox 1566 5378 2007 5448; x_wconf 88' lang='lat' dir='ltr'>momentajam</span> 
     </span>
    </p>
   </div>
   <div class='ocr_carea' id='block_1_107' title="bbox 353 5458 2006 5535">
    <p class='ocr_par' dir='ltr' id='par_1_107' title="bbox 353 5458 2006 5535">
     <span class='ocr_line' id='line_1_107' title="bbox 353 5458 2006 5535; baseline 0.004 -23"><span class='ocrx_word' id='word_1_705' title='bbox 353 5458 772 5530; x_wconf 79' lang='lat' dir='ltr'>expendimus,</span> <span class='ocrx_word' id='word_1_706' title='bbox 797 5467 919 5516; x_wconf 90' lang='lat' dir='ltr'>tum</span> <span class='ocrx_word' id='word_1_707' title='bbox 934 5477 1067 5532; x_wconf 86' lang='lat' dir='ltr'>qua</span> <span class='ocrx_word' id='word_1_708' title='bbox 1090 5464 1329 5519; x_wconf 90' lang='lat' dir='ltr'>eruitab</span> <span class='ocrx_word' id='word_1_709' title='bbox 1343 5470 1696 5535; x_wconf 86' lang='lat' dir='ltr'>argumento</span> <span class='ocrx_word' id='word_1_710' title='bbox 1710 5465 1905 5535; x_wconf 89' lang='lat' dir='ltr'>negati</span> <span class='ocrx_word' id='word_1_711' title='bbox 1920 5481 2006 5529; x_wconf 81' lang='lat' dir='ltr'>vn,</span> 
     </span>
    </p>
   </div>
   <div class='ocr_carea' id='block_1_108' title="bbox 2140 4490 3802 4557">
    <p class='ocr_par' dir='ltr' id='par_1_108' title="bbox 2140 4490 3802 4557">
     <span class='ocr_line' id='line_1_108' title="bbox 2140 4490 3802 4557; baseline 0.007 -12"><span class='ocrx_word' id='word_1_712' title='bbox 2140 4490 2497 4556; x_wconf 87' lang='lat' dir='ltr'>ribus,etiam</span> <span class='ocrx_word' id='word_1_713' title='bbox 2511 4495 3207 4552; x_wconf 86' lang='lat' dir='ltr'>concedentibusduobus</span> <span class='ocrx_word' id='word_1_714' title='bbox 3221 4500 3587 4555; x_wconf 79' lang='lat' dir='ltr'>acumenicis</span> <span class='ocrx_word' id='word_1_715' title='bbox 3600 4501 3802 4557; x_wconf 79' lang='lat' dir='ltr'>conci-</span> 
     </span>
    </p>
   </div>
   <div class='ocr_carea' id='block_1_109' title="bbox 2138 4579 3802 4661">
    <p class='ocr_par' dir='ltr' id='par_1_109' title="bbox 2138 4579 3802 4661">
     <span class='ocr_line' id='line_1_109' title="bbox 2138 4579 3802 4661; baseline 0.008 -28"><span class='ocrx_word' id='word_1_716' title='bbox 2138 4579 2255 4643; x_wconf 90' lang='lat' dir='ltr'>liis,</span> <span class='ocrx_word' id='word_1_717' title='bbox 2276 4580 2926 4654; x_wconf 86' lang='lat' dir='ltr'>Constantinopolitano</span> <span class='ocrx_word' id='word_1_718' title='bbox 2950 4601 2989 4652; x_wconf 82' lang='grc' dir='ltr'>ι,</span> <span class='ocrx_word' id='word_1_719' title='bbox 3015 4591 3073 4641; x_wconf 92' lang='lat' dir='ltr'>et</span> <span class='ocrx_word' id='word_1_720' title='bbox 3098 4587 3600 4653; x_wconf 87' lang='lat' dir='ltr'>Chalcedonense,</span> <span class='ocrx_word' id='word_1_721' title='bbox 3625 4591 3802 4661; x_wconf 90' lang='lat' dir='ltr'>quod</span> 
     </span>
    </p>
   </div>
   <div class='ocr_carea' id='block_1_110' title="bbox 2138 4668 3800 4750">
    <p class='ocr_par' dir='ltr' id='par_1_110' title="bbox 2138 4668 3800 4750">
     <span class='ocr_line' id='line_1_110' title="bbox 2138 4668 3800 4750; baseline 0.007 -27"><span class='ocrx_word' id='word_1_722' title='bbox 2138 4668 2267 4723; x_wconf 89' lang='lat' dir='ltr'>aliis</span> <span class='ocrx_word' id='word_1_723' title='bbox 2285 4674 2544 4740; x_wconf 90' lang='lat' dir='ltr'>quatuor</span> <span class='ocrx_word' id='word_1_724' title='bbox 2558 4672 2855 4744; x_wconf 80' lang='lat' dir='ltr'>epiSCOpis</span> <span class='ocrx_word' id='word_1_725' title='bbox 2876 4689 2998 4730; x_wconf 89' lang='lat' dir='ltr'>non</span> <span class='ocrx_word' id='word_1_726' title='bbox 3018 4674 3209 4731; x_wconf 87' lang='lat' dir='ltr'>fuerat</span> <span class='ocrx_word' id='word_1_727' title='bbox 3230 4683 3530 4746; x_wconf 87' lang='lat' dir='ltr'>negatum,</span> <span class='ocrx_word' id='word_1_728' title='bbox 3555 4683 3800 4750; x_wconf 86' lang='lat' dir='ltr'>pertur-</span> 
     </span>
    </p>
   </div>
   <div class='ocr_carea' id='block_1_111' title="bbox 2135 4756 3799 4829">
    <p class='ocr_par' dir='ltr' id='par_1_111' title="bbox 2135 4756 3799 4829">
     <span class='ocr_line' id='line_1_111' title="bbox 2135 4756 3799 4829; baseline 0.007 -17"><span class='ocrx_word' id='word_1_729' title='bbox 2135 4756 2441 4814; x_wconf 85' lang='lat' dir='ltr'>bationem</span> <span class='ocrx_word' id='word_1_730' title='bbox 2469 4758 2690 4816; x_wconf 89' lang='lat' dir='ltr'>scilicet</span> <span class='ocrx_word' id='word_1_731' title='bbox 2715 4761 3128 4819; x_wconf 86' lang='lat' dir='ltr'>ecclesiastica</span> <span class='ocrx_word' id='word_1_732' title='bbox 3155 4764 3520 4829; x_wconf 88' lang='lat' dir='ltr'>hierarchia,</span> <span class='ocrx_word' id='word_1_733' title='bbox 3544 4772 3599 4821; x_wconf 89' lang='lat' dir='ltr'>et</span> <span class='ocrx_word' id='word_1_734' title='bbox 3615 4782 3799 4823; x_wconf 81' lang='lat' dir='ltr'>novae</span> 
     </span>
    </p>
   </div>
   <div class='ocr_carea' id='block_1_112' title="bbox 2129 4847 3797 4926">
    <p class='ocr_par' dir='ltr' id='par_1_112' title="bbox 2129 4847 3797 4926">
     <span class='ocr_line' id='line_1_112' title="bbox 2129 4847 3797 4926; baseline 0.006 -25"><span class='ocrx_word' id='word_1_735' title='bbox 2129 4847 2559 4916; x_wconf 87' lang='lat' dir='ltr'>jurisdictionis</span> <span class='ocrx_word' id='word_1_736' title='bbox 2590 4851 3017 4914; x_wconf 89' lang='lat' dir='ltr'>accessionem,</span> <span class='ocrx_word' id='word_1_737' title='bbox 3054 4852 3186 4908; x_wconf 91' lang='lat' dir='ltr'>licet</span> <span class='ocrx_word' id='word_1_738' title='bbox 3212 4854 3480 4926; x_wconf 91' lang='lat' dir='ltr'>episcopi</span> <span class='ocrx_word' id='word_1_739' title='bbox 3510 4853 3593 4910; x_wconf 90' lang='lat' dir='ltr'>illi</span> <span class='ocrx_word' id='word_1_740' title='bbox 3622 4855 3797 4913; x_wconf 92' lang='lat' dir='ltr'>nullo</span> 
     </span>
    </p>
   </div>
   <div class='ocr_carea' id='block_1_113' title="bbox 2133 4933 3798 4999">
    <p class='ocr_par' dir='ltr' id='par_1_113' title="bbox 2133 4933 3798 4999">
     <span class='ocr_line' id='line_1_113' title="bbox 2133 4933 3798 4999; baseline 0.006 -11"><span class='ocrx_word' id='word_1_741' title='bbox 2133 4933 2474 4991; x_wconf 88' lang='lat' dir='ltr'>fulcirentur</span> <span class='ocrx_word' id='word_1_742' title='bbox 2486 4937 2713 4993; x_wconf 92' lang='lat' dir='ltr'>concilii</span> <span class='ocrx_word' id='word_1_743' title='bbox 2727 4954 2954 4996; x_wconf 88' lang='lat' dir='ltr'>canone</span> <span class='ocrx_word' id='word_1_744' title='bbox 2969 4945 3398 4996; x_wconf 90' lang='lat' dir='ltr'>autconsensu.</span> <span class='ocrx_word' id='word_1_745' title='bbox 3415 4944 3798 4999; x_wconf 89' lang='lat' dir='ltr'>Tumdemum</span> 
     </span>
    </p>
   </div>
   <div class='ocr_carea' id='block_1_114' title="bbox 2130 5023 3799 5097">
    <p class='ocr_par' dir='ltr' id='par_1_114' title="bbox 2130 5023 3799 5097">
     <span class='ocr_line' id='line_1_114' title="bbox 2130 5023 3799 5097; baseline 0.007 -19"><span class='ocrx_word' id='word_1_746' title='bbox 2130 5023 2273 5094; x_wconf 90' lang='lat' dir='ltr'>quia</span> <span class='ocrx_word' id='word_1_747' title='bbox 2292 5038 2411 5080; x_wconf 93' lang='lat' dir='ltr'>non</span> <span class='ocrx_word' id='word_1_748' title='bbox 2432 5026 2718 5097; x_wconf 91' lang='lat' dir='ltr'>potuisset</span> <span class='ocrx_word' id='word_1_749' title='bbox 2743 5027 3007 5083; x_wconf 90' lang='lat' dir='ltr'>Gelasius</span> <span class='ocrx_word' id='word_1_750' title='bbox 3035 5028 3250 5084; x_wconf 84' lang='lat' dir='ltr'>Acacio</span> <span class='ocrx_word' id='word_1_751' title='bbox 3274 5035 3393 5086; x_wconf 89' lang='lat' dir='ltr'>tam</span> <span class='ocrx_word' id='word_1_752' title='bbox 3409 5030 3799 5089; x_wconf 89' lang='lat' dir='ltr'>libereinsul-</span> 
     </span>
    </p>
   </div>
   <div class='ocr_carea' id='block_1_115' title="bbox 2130 5114 3801 5192">
    <p class='ocr_par' dir='ltr' id='par_1_115' title="bbox 2130 5114 3801 5192">
     <span class='ocr_line' id='line_1_115' title="bbox 2130 5114 3801 5192; baseline 0.007 -26"><span class='ocrx_word' id='word_1_753' title='bbox 2130 5116 2271 5175; x_wconf 88' lang='lat' dir='ltr'>tare,</span> <span class='ocrx_word' id='word_1_754' title='bbox 2291 5114 2339 5168; x_wconf 92' lang='lat' dir='ltr'>si</span> <span class='ocrx_word' id='word_1_755' title='bbox 2357 5116 2625 5170; x_wconf 89' lang='lat' dir='ltr'>Romana</span> <span class='ocrx_word' id='word_1_756' title='bbox 2644 5115 2899 5171; x_wconf 89' lang='lat' dir='ltr'>Ecclesia</span> <span class='ocrx_word' id='word_1_757' title='bbox 2912 5119 3221 5186; x_wconf 87' lang='lat' dir='ltr'>arguenda</span> <span class='ocrx_word' id='word_1_758' title='bbox 3239 5119 3373 5190; x_wconf 88' lang='lat' dir='ltr'>ipsa</span> <span class='ocrx_word' id='word_1_759' title='bbox 3389 5136 3625 5192; x_wconf 87' lang='lat' dir='ltr'>quoque</span> <span class='ocrx_word' id='word_1_760' title='bbox 3648 5121 3801 5178; x_wconf 83' lang='lat' dir='ltr'>fuis-</span> 
     </span>
    </p>
   </div>
   <div class='ocr_carea' id='block_1_116' title="bbox 2129 5202 3798 5278">
    <p class='ocr_par' dir='ltr' id='par_1_116' title="bbox 2129 5202 3798 5278">
     <span class='ocr_line' id='line_1_116' title="bbox 2129 5202 3798 5278; baseline 0.007 -24"><span class='ocrx_word' id='word_1_761' title='bbox 2129 5206 2216 5256; x_wconf 90' lang='lat' dir='ltr'>set</span> <span class='ocrx_word' id='word_1_762' title='bbox 2241 5202 2319 5257; x_wconf 89' lang='lat' dir='ltr'>ob</span> <span class='ocrx_word' id='word_1_763' title='bbox 2351 5203 2754 5274; x_wconf 87' lang='lat' dir='ltr'>perturbatam</span> <span class='ocrx_word' id='word_1_764' title='bbox 2786 5205 2845 5259; x_wconf 88' lang='lat' dir='ltr'>in</span> <span class='ocrx_word' id='word_1_765' title='bbox 2897 5206 3229 5277; x_wconf 89' lang='lat' dir='ltr'>Occidente,</span> <span class='ocrx_word' id='word_1_766' title='bbox 3271 5209 3329 5263; x_wconf 91' lang='lat' dir='ltr'>in</span> <span class='ocrx_word' id='word_1_767' title='bbox 3380 5211 3628 5278; x_wconf 88' lang='lat' dir='ltr'>gratiam</span> <span class='ocrx_word' id='word_1_768' title='bbox 3679 5210 3798 5266; x_wconf 83' lang='lat' dir='ltr'>im-</span> 
     </span>
    </p>
   </div>
   <div class='ocr_carea' id='block_1_117' title="bbox 2127 5291 3794 5369">
    <p class='ocr_par' dir='ltr' id='par_1_117' title="bbox 2127 5291 3794 5369">
     <span class='ocr_line' id='line_1_117' title="bbox 2127 5291 3794 5369; baseline 0.007 -28"><span class='ocrx_word' id='word_1_769' title='bbox 2127 5293 2492 5358; x_wconf 86' lang='lat' dir='ltr'>peratorum,</span> <span class='ocrx_word' id='word_1_770' title='bbox 2520 5291 2910 5362; x_wconf 88' lang='lat' dir='ltr'>apostolicam</span> <span class='ocrx_word' id='word_1_771' title='bbox 2946 5294 3338 5350; x_wconf 83' lang='lat' dir='ltr'>Ecclesiarum</span> <span class='ocrx_word' id='word_1_772' title='bbox 3360 5295 3794 5369; x_wconf 87' lang='lat' dir='ltr'>hierarchiam,</span> 
     </span>
    </p>
   </div>
   <div class='ocr_carea' id='block_1_118' title="bbox 2123 5382 3793 5450">
    <p class='ocr_par' dir='ltr' id='par_1_118' title="bbox 2123 5382 3793 5450">
     <span class='ocr_line' id='line_1_118' title="bbox 2123 5382 3793 5450; baseline 0.007 -20"><span class='ocrx_word' id='word_1_773' title='bbox 2123 5391 2244 5446; x_wconf 90' lang='lat' dir='ltr'>quo</span> <span class='ocrx_word' id='word_1_774' title='bbox 2281 5383 2544 5450; x_wconf 88' lang='lat' dir='ltr'>tempore</span> <span class='ocrx_word' id='word_1_775' title='bbox 2583 5395 2714 5436; x_wconf 91' lang='lat' dir='ltr'>eam</span> <span class='ocrx_word' id='word_1_776' title='bbox 2748 5382 3051 5438; x_wconf 89' lang='lat' dir='ltr'>mordicus</span> <span class='ocrx_word' id='word_1_777' title='bbox 3104 5384 3424 5440; x_wconf 87' lang='lat' dir='ltr'>tuebantur</span> <span class='ocrx_word' id='word_1_778' title='bbox 3457 5385 3517 5440; x_wconf 91' lang='lat' dir='ltr'>in</span> <span class='ocrx_word' id='word_1_779' title='bbox 3568 5385 3793 5442; x_wconf 89' lang='lat' dir='ltr'>Orien-</span> 
     </span>
    </p>
   </div>
   <div class='ocr_carea' id='block_1_119' title="bbox 2125 5469 3788 5545">
    <p class='ocr_par' dir='ltr' id='par_1_119' title="bbox 2125 5469 3788 5545">
     <span class='ocr_line' id='line_1_119' title="bbox 2125 5469 3788 5545; baseline 0.009 -26"><span class='ocrx_word' id='word_1_780' title='bbox 2125 5469 2175 5519; x_wconf 92' lang='lat' dir='ltr'>te</span> <span class='ocrx_word' id='word_1_781' title='bbox 2206 5471 2412 5525; x_wconf 89' lang='lat' dir='ltr'>contra</span> <span class='ocrx_word' id='word_1_782' title='bbox 2446 5469 2756 5540; x_wconf 89' lang='lat' dir='ltr'>episc0pos</span> <span class='ocrx_word' id='word_1_783' title='bbox 2800 5473 3514 5545; x_wconf 86' lang='lat' dir='ltr'>Constantinopolitanos,</span> <span class='ocrx_word' id='word_1_784' title='bbox 3569 5482 3788 5534; x_wconf 85' lang='lat' dir='ltr'>contra</span> 
     </span>
    </p>
   </div>
  </div>
