3978 6184
205 288 316 348 2M

1667 287 1911 348 SERMO
1952 287 2100 348 XVI.

3505 303 3618 361 242

200 424 254 472 et
277 417 403 479 tibi,
425 417 524 484 ﬁli
539 418 652 472 Dei
676 418 705 472 φ
733 417 853 473 Hoc
878 424 966 472 est
993 417 1190 475 dicere
1220 435 1235 474 :
1262 419 1402 476 Vitae
1433 423 1682 476 auctora
1712 415 1860 490 quid
1888 419 1938 479 Α
1968 420 2306 476 matura:et
2319 419 2394 476 de
2409 423 2676 492 tempore
2690 422 3021 494 queritur”
3049 428 3223 498 quasi
3240 431 3375 484 ante
3390 431 3619 503 tempus

201 506 299 561 tibi
329 521 471 561 cum
504 506 756 561 mortuis
777 506 806 561 ἓ
825 506 1130 563 Habitator
1146 508 1296 574 coeli,
1321 508 1467 581 quid
1490 507 1594 564 tibi
1611 523 1745 562 cum
1769 521 1859 562 se-

201 593 464 665 pulcris?
478 594 637 650 Odor
649 594 918 666 paradisi
928 596 1094 668 ,quid
1113 597 1207 652 tibi
1223 613 1361 653 eum
1386 599 1566 654 fetore
1581 597 1609 653 ?
1623 598 1776 662 Quos
1788 595 1857 651 de

196 683 345 738 coelo
375 684 666 753 dejecisti,
700 700 856 756 quos
887 683 962 739 de
981 686 1262 756 paradiso
1285 685 1606 752 exclusisti,
1634 684 1856 757 quibus

196 788 354 827 nunc
370 772 525 827 tollis
542 773 1018 844 urbes,regiones
1034 774 1378 830 habitabiles
1393 773 1858 848 negas,permitte

195 861 530 916 inhabitare
556 877 669 916 nos
698 861 788 917 vel
815 862 1092 934 sepulcra
1117 879 1128 918 :
1152 868 1207 919 et
1233 865 1279 919 si
1300 879 1412 920 nos
1445 864 1854 936 persecutione

194 953 357 1004 tanta
378 948 549 1017 digni
573 965 802 1019 sumus,
828 955 892 1004 tu
913 955 1080 1006 tanta
1101 966 1222 1006 non
1238 968 1300 1006 es
1324 950 1354 992 ι»
1382 951 1602 1022 dignus
1615 951 1852 1022 injuria.

194 1037 348 1101 Quid
372 1035 546 1091 nobis
567 1042 622 1092 et
653 1037 765 1092 tibi
785 1039 812 1091 .9
840 1037 989 1102 Quid
1007 1039 1034 1093 ?
1059 1038 1224 1110 quod
1249 1039 1435 1109 judici
1467 1045 1524 1096 et
1547 1056 1665 1102 reo,
1692 1041 1855 1112 quod

190 1124 412 1180 Vindici
430 1130 490 1180 et
509 1125 755 1196 pmnali,
790 1127 952 1198 quod
977 1127 1491 1195 regietdesertori.
1522 1128 1676 1195 Quid
1688 1127 1855 1184 nobis

186 1221 236 1269 et
251 1213 364 1268 tibi
371 1255 382 1277 ,
397 1214 494 1282 ﬁli
504 1215 611 1269 Dei
631 1216 658 1270 .2
677 1227 702 1256 ο
735 1217 850 1269 Hoc
862 1214 1415 1287 dicuntpossessori
1434 1217 1740 1286 t‘ures,hoc
1754 1215 1854 1272 do-

188 1303 358 1358 mino
388 1303 735 1374 praedones,
769 1307 966 1360 tenent
992 1304 1208 1376 spolia,
1237 1305 1506 1377 praedam
1525 1312 1777 1375 gestant,
1799 1313 1854 1362 et

182 1391 326 1463 quid
341 1391 462 1446 sibi
475 1407 615 1446 cum
629 1407 700 1447 eo
715 1392 903 1464 sitqui
917 1409 1030 1448 sua
1042 1394 1854 1467 reposcitinterrogantouitl

181 1479 352 1535 nobis
379 1487 434 1536 et
463 1479 588 1546 tibi,
615 1481 708 1549 ﬁli
744 1481 900 1538 Dei?
925 1482 1078 1547 Quid
1101 1483 1128 1538 ?
1159 1485 1227 1538 Ut
1256 1483 1518 1540 reddatis
1549 1484 1848 1550 homines,

182 1569 493 1624 mundum
515 1570 838 1626 restituatis
868 1571 1133 1638 auctori;
1164 1579 1219 1627 et
1254 1573 1523 1628 veniente
1554 1573 1846 1638 Creatore,

182 1658 393 1714 sciatis
409 1658 583 1714 vobis
597 1658 650 1713 in
669 1660 950 1714 creaturis
963 1660 1222 1731 amplius
1238 1661 1312 1716 nil
1325 1661 1673 1728 licere.0uid
1683 1662 1849 1718 nobis

1966 505 2188 562 habere
2201 507 2474 566 debuerit
2497 509 2713 582 injuste
2732 512 2898 584 quod
2915 511 3232 582 desiderat,
3247 521 3304 572 et
3316 531 3433 572 non
3451 523 3512 573 ut
3523 534 3619 574 ex-

1967 599 2095 651 orta
2108 599 2194 652 est
2208 597 2337 666 ejus
2353 599 2600 667 malitia,
2621 616 2761 657 mox
2779 603 2975 673 puniri
3002 620 3014 658 :
3047 610 3070 654 ἰ
3107 603 3181 659 de
3203 608 3471 677 tempore
3485 621 3620 662 cau-

1969 685 2410 758 saturnequitia
2424 686 2622 743 saeculi
2639 688 2938 747 indurata.
2955 691 3114 748 Malis
3128 694 3412 765 patientia
3425 694 3620 750 brevis

1965 777 2077 837 est,
2095 771 2270 830 bonis
2292 774 2462 831 tarda
2485 775 2626 833 ultio
2653 793 2666 842 ;
2685 777 2848 850 quod
2871 778 3025 834 laesis
3047 780 3294 850 longum
3315 789 3619 853 est,angu-

1967 867 2124 918 stum
2154 868 2241 920 est
2261 863 2339 920 ad
2367 863 2673 922 laedentes.
2691 870 2864 931 Erat,
2887 868 3101 940 inquit,
3123 885 3243 926 non
3263 872 3432 942 longe
3447 874 3516 930 ab
3537 875 3618 931 eis

1964 967 2107 1021 grex
2113 969 2184 1022 po
2191 969 2420 1009 reorum
2435 954 2742 1012 multorum
2753 971 3015 1028 pascens.
3030 960 3320 1016 Daemones
3330 968 3511 1019 autem
3529 980 3616 1020 ro-

1964 1041 2170 1110 gabant
2198 1059 2327 1099 eum
2351 1045 2599 1102 dicentes
2621 1062 2642 1102 .'
2664 1047 2734 1103 Si
2751 1049 2916 1118 ejicis
2934 1065 3058 1113 nos,
3084 1051 3247 1106 mitte
3275 1066 3378 1106 nos
3404 1053 3464 1107 in
3489 1069 3613 1123 gre-

1961 1145 2089 1198 gem
2101 1134 2637 1206 porcoruanigna
2651 1137 2786 1208 petit
2799 1135 3036 1208 indigna
3053 1140 3498 1197 servitulelitte
3509 1158 3612 1197 nos

1963 1220 2024 1274 in
2046 1236 2274 1290 gregem
2290 1239 2626 1292 porcorum.
2643 1225 2722 1281 De
2745 1228 3150 1282 monumentis
3169 1228 3318 1284 mitti
3335 1245 3396 1283 se
3413 1245 3613 1302 preca-

1964 1318 2056 1364 tur
2081 1310 2140 1366 in
2163 1328 2379 1383 porcos
2396 1315 2681 1387 nequitia,
2703 1316 2849 1389 quia
2873 1317 3088 1373 fetores
3110 1319 3377 1374 amittere
3399 1319 3610 1386 nescit,

1962 1398 2062 1454 sed
2078 1407 2329 1457 mutare.
2359 1403 2524 1459 Mitte
2545 1420 2652 1460 nos
2665 1406 2728 1460 in
2753 1421 2989 1476 gregem
3001 1422 3344 1476 porcorum.
3365 1411 3611 1464 Caenum

1961 1492 2140 1554 petun
2153 1494 2166 1542 t
2178 1495 2417 1546 ruentes
2433 1492 2582 1548 coelo
2601 1510 2614 1559 ;
2634 1495 2994 1564 postrethere
3004 1512 3068 1550 as
3082 1495 3476 1552 habitationes
3490 1513 3612 1552 am-

1957 1574 2131 1631 biunt
2159 1576 2477 1636 volutabra
2499 1597 2840 1652 porcorum.
2870 1584 3036 1639 Mitte
3057 1601 3156 1639 nos
3175 1587 3235 1639 in
3253 1590 3470 1656 gregem
3487 1602 3613 1656 por-

1958 1680 2177 1720 corum.
2194 1683 2225 1725 ε
2255 1668 2404 1724 Grex
2419 1669 2477 1724 in
2490 1686 2736 1742 gregem
2750 1673 2966 1728 mittitu
2978 1680 3092 1737 r,ut
3106 1673 3382 1743 prodatur
3399 1675 3610 1729 dmmo-

182 1755 234 1802 et
264 1746 399 1812 tibi,
430 1747 528 1815 ﬁli
558 1748 696 1803 Dei?
733 1749 956 1804 Venisti
973 1755 1113 1804 ante
1134 1756 1362 1819 tempus
1387 1756 1658 1821 torquere
1693 1766 1800 1806 nos
1823 1753 1850 1805 Ῡ
1881 1782 1922 1840 Β
1959 1768 2105 1808 num
2127 1753 2154 1794 ιλ
2186 1755 2504 1813 multitudo
2534 1775 2547 1813 :
2580 1764 2642 1815 ut
2672 1767 2956 1832 appareat
2991 1761 3104 1816 hoc
3135 1762 3288 1817 duos
3339 1768 3610 1833 portasse

181 1837 334 1900 Quid
362 1836 544 1892 nobis
565 1841 622 1891 et
647 1836 796 1892 tibi?
828 1839 892 1892 Et
921 1837 1092 1893 vobis
1121 1855 1258 1894 cum
1290 1839 1634 1895 hominibus
1665 1839 1850 1910 quid?

178 1923 332 1988 Quid
349 1924 527 1980 nobis
552 1932 605 1980 et
632 1923 758 1988 tibi,
779 1925 995 1991 ﬁliDei
1014 1924 1420 1994 ?Agnoscunt,
1449 1924 1474 1964 ἀ
1511 1933 1850 1996 agnoscunt

179 2015 362 2068 Deum
375 2055 388 2076 ,
405 2012 681 2084 judicem
694 2012 1071 2079 conﬁtentur,
1096 2013 1359 2070 clamant
1374 2015 1659 2084 judicium
1673 2031 1734 2071 se
1750 2015 1848 2072 de-

173 2100 336 2166 bere,
366 2107 424 2156 et
449 2100 528 2156 de
557 2109 824 2173 tempore
844 2101 1258 2174 priescribunt.
1285 2103 1433 2170 Quid
1453 2105 1616 2160 nobis
1637 2110 1692 2160 et
1714 2104 1842 2168 tibi,

175 2190 268 2255 ﬁli
293 2191 411 2246 Dei
437 2193 463 2243 .9
503 2189 725 2246 Venisti
743 2196 887 2246 ante
907 2196 1132 2260 tempus
1156 2197 1427 2263 torquere
1445 2192 1844 2250 nos?Auctori

177 2284 499 2350 temporum
518 2283 739 2350 tempus
755 2285 1081 2351 opponunt.
1122 2281 1336 2337 Venisti
1347 2285 1485 2338 ante
1497 2288 1714 2352 tempus
1729 2289 1844 2338 tor-

177 2382 357 2438 quere
387 2382 498 2423 nos
515 2367 542 2422 it
567 2368 646 2422 De
674 2373 942 2439 tempore
963 2368 1047 2424 sic
1067 2374 1418 2440 queruntur,
1449 2371 1628 2442 quasi
1652 2371 1843 2442 ipsum

181 2472 314 2511 cum
337 2463 614 2527 tempore
631 2456 896 2521 fecerint,
917 2461 980 2512 ut
998 2457 1168 2512 vivos
1184 2457 1634 2515 condiderintin
1652 2458 1840 2531 sepul~

176 2546 302 2600 eris.
349 2545 580 2602 Venisti
594 2552 733 2602 ante
753 2553 977 2616 tempus
1002 2553 1395 2618 torquerenos
1419 2549 1714 2620 ?Tempus
1733 2548 1840 2604 ab-

178 2635 1368 2707 scindit,praevenitmortem,sepelitvivos
1398 2636 1715 2694 crudelitas
1743 2637 1843 2692 im-

237 2792 262 2850 a
296 2775 576 2850 Formu‘la
601 2774 720 2831 haec
750 2775 973 2850 dicendi
1001 2779 1153 2850 apud
1182 2778 1416 2850 Latinos
1442 2783 1834 2850 contemptum

171 2847 394 2920 videtur
427 2847 738 2902 inducere:
775 2851 835 2902 at
869 2847 1113 2904 Hebraeis
1144 2848 1299 2904 aliud
1350 2849 1652 2920 signiﬁcat,
1677 2847 1837 2920 quod

170 2919 316 2992 clare
343 2920 578 2992 patetll
629 2920 765 2989 Reg.
792 2935 918 2992 ixvl,
957 2921 1042 2975 10.
1075 2922 1121 2974 lI
1153 2919 1720 2992 Paralipdm.xxxv1,
1745 2923 1832 2975 21.

172 2989 574 3064 Essententia
598 3005 736 3064 ergo
749 2991 1128 3064 _He_brteoru_m
1161 2989 1413 3064 loquitur
1434 2992 1830 3064 Crhrysologus.

169 3061 274 3115 Sed
305 3061 532 3116 Graecis
554 3060 729 3116 etiam
749 3061 1076 3133 hujusmodi
1103 3060 1313 3118 locutio
1342 3060 1663 3118 familiaris.
1685 3060 1832 3118 Aha-

168 3149 334 3187 creon
371 3149 383 3186 :
417 3139 608 3205 Tipot
653 3136 744 3205 rei
795 3141 1012 3205 μακροῖς
1066 3133 1285 3196 αὐλοῐςε
1343 3135 1483 3200 Quid
1529 3135 1663 3205 mihi
1712 3152 1826 3189 cum

168 3186 364 3278 magnis
407 3186 562 3278 tibiis
585 3204 614 3257 ?
662 3186 1076 3278 Dem‘osthenes
1107 3221 1119 3260 :
1167 3186 1239 3257 Τί.
1266 3186 1404 3278 νόῷρ
1446 3210 1537 3257 καί
1568 3204 1824 3278 βασάνῳε

167 3275 294 3342 Quid
323 3275 433 3341 legi
463 3291 586 3329 ante
619 3277 911 3345 quaestione
935 3277 963 3330 Υ

226 3346 250 3386 b
280 3347 392 3410 Qui
418 3362 554 3400 cum
586 3345 860 3401 fetoribus
891 3352 948 3402 et
985 3346 1255 3418 sepulcris
1301 3347 1612 3403 miscearis.
1665 3350 1822 3404 ΜΙΤΛ.

225 3430 245 3490 ξε
276 3418 390 3472 Sed
417 3418 725 3490 Quomodo
740 3433 863 3490 rem
886 3417 1034 3472 furto
1052 3417 1337 3473 sublatam
1358 3419 1481 3489 quis
1494 3419 1679 3474 adhuc
1697 3436 1826 3490 pos-

164 3488 339 3544 sidere
381 3489 624 3558 potest?
658 3489 802 3553 Quia
833 3490 982 3544 fures
1022 3506 1138 3544 non
1174 3488 1444 3544 auferunt
1475 3488 1719 3545 Domino
1742 3490 1821 3544 rei

167 3560 388 3614 furtivae
413 3559 856 3631 possessionem,
885 3577 1012 3615 cum
1034 3561 1156 3631 ipsa
1181 3561 1458 3630 possessio
1484 3561 1604 3616 solo
1626 3562 1822 3615 animo

166 3629 495 3704 retineatur,
531 3629 566 3684 l.
601 3631 634 3683 3
662 3633 690 3701 §
725 3632 783 3685 [η
812 3629 1234 3704 (ιςίηηῗιεεήάαίι.
1267 3631 1325 3685 Si
1355 3632 1490 3704 ἰώνὲ
1532 3632 1726 3693 ﬁnale,
1759 3633 1817 3688 ff.

164 3703 225 3756 de
253 3703 489 3772 nequir.
527 3718 769 3772 possess.
797 3719 809 3767 ;
843 3702 882 3756 l.
913 3703 1077 3764 Licet,
1110 3719 1156 3756 c.
1192 3704 1262 3757 de
1293 3702 1583 3773 acquiren.
1609 3708 1665 3758 et
1691 3704 1822 3759 reti-

165 3775 322 3828 nend.
347 3789 599 3844 possess.
625 3775 920 3828 Daunones
933 3776 1069 3828 dum
1090 3773 1387 3828 hominem
1402 3775 1685 3840 obsident,
1705 3791 1820 3830 non

161 3845 388 3916 quidem
432 3860 810 3916 possessores,
851 3846 950 3900 sed
991 3845 1315 3900 detentores
1358 3849 1413 3899 et
1453 3850 1820 3916 occupatores

161 3915 231 3987 rei
262 3916 475 3970 alienae
508 3932 522 3968 :
558 3914 684 3969 ideo
728 3915 881 3970 fures
904 3916 1034 3987 jure
1083 3933 1147 3970 ac
1179 3916 1405 3987 merito,
1437 3914 1814 3987 appellantur.

164 3986 334 4060 llomo
366 3987 529 4041 enim
562 3990 786 4041 creatus
814 3985 922 4060 ⁸Ι)θί
963 3993 1065 4050 est,
1109 3993 1165 4042 ct
1195 3988 1269 4060 ad
1309 3985 1492 4060 ipsius:
1506 3985 1815 4060 imaginem

165 4056 366 4129 iactus:
391 4062 697 4128 propterea
721 4064 784 4111 ut
805 4057 956 4112 fures
975 4075 1007 4112 a
1034 4056 1388 4129 possessione
1416 4059 1495 4113 rei
1517 4056 1667 4113 furto
1691 4060 1817 4113 sub-

163 4128 280 4182 latae
314 4136 590 4183 arcentur
620 4145 719 4198 per
753 4129 790 4182 ι.
821 4130 871 4182 ‘2.
903 4133 960 4184 et
987 4128 1091 4184 1.76
1115 4146 1161 4184 c.
1197 4130 1266 4184 de
1298 4129 1482 4184 furtis.
1518 4133 1670 4184 ΜιτΑ.

223 4201 247 4240 d
279 4203 368 4254 An
397 4201 691 4271 daemones
717 4216 844 4254 vere
872 4201 1049 4255 Deum
1093 4201 1450 4271 agnoverint,
1503 4200 1630 4271 vide
1674 4198 1817 4253 Mal-

163 4270 434 4324 donatura
471 4270 529 4324 in
564 4269 670 4325 hoc
689 4271 874 4341 capite
893 4271 1100 4328 Matth.
1136 4269 1256 4337 sm,
1277 4273 1366 4326 ‘20.
1385 4270 1696 4340 Agnovisse
1717 4286 1812 4324 au-

162 4345 264 4394 tem
297 4347 461 4412 patet
488 4357 557 4396 ex
601 4342 750 4397 Luca
794 4359 866 4406 iv,
895 4343 984 4396 41.
1018 4343 1144 4396 Non
1171 4347 1348 4398 autem.
1381 4341 1677 4396 voluntatis
1711 4343 1814 4395 ista

159 4416 431 4480 confessio,
474 4412 566 4466 sed
614 4415 938 4468 necessitatis
971 4417 1236 4480 extorsio,
1278 4418 1339 4468 ut
1370 4430 1436 4467 ex
1464 4412 1810 4483 Hieronymo

165 4483 328 4537 Lucas
365 4483 694 4555 Brugensis.

222 4568 246 4595 ο
274 4556 482 4609 Mirum
497 4554 680 4625 quam
707 4559 992 4625 corrupte,
1017 4571 1192 4625 quam
1214 4555 1522 4625 depravata
1545 4554 1700 4609 locus
1720 4554 1811 4609 hic

165 4625 212 4678 in
241 4624 594 4680 editionibus
618 4626 834 4698 jaceat,
863 4624 967 4698 nec
1001 4624 1300 4698 clariorem
1349 4624 1534 4680 lucem
1567 4625 1812 4698 atterunt

167 4713 288 4750 mss.
322 4697 634 4752 Vaticanus
668 4699 844 4752 codex
875 4714 886 4751 :
916 4697 989 4750 Et
1017 4697 1079 4751 de
1105 4704 1334 4764 tempore
1364 4698 1632 4767 queritur,
1660 4697 1813 4767 quasi

165 4773 246 4819 aut
278 4776 494 4838 tempus
525 4768 724 4822 habere
750 4768 1014 4834 debuerit,
1045 4776 1104 4823 ut
1127 4771 1320 4822 exorta
1349 4773 1426 4823 est
1457 4784 1602 4822 mors
1610 4768 1812 4892 Ipuniri

165 4839 218 4890 de
243 4847 337 4892 tem
350 4855 481 4892 nere
504 4843 783 4892 causatur.
823 4839 1076 4892 Nequitia
1094 4839 1275 4892 steculi
1302 4838 1579 4892 indurata.
1629 4840 1686 4892 ix
1709 4839 1811 4892 Bo-

163 4839 218 4890 de
243 4847 481 4909 tempore
504 4843 783 4893 causatur.
823 4839 1076 4909 Nequitia
1094 4839 1275 4892 steculi
1302 4838 1579 4892 indurata.
1610 4838 1686 4892 Ex
1709 4839 1811 4892 Bo-

166 4910 414 4964 noniensi
437 4910 610 4964 veteri
638 4915 695 4964 et
721 4909 956 4964 Castillo
977 4914 1033 4964 et
1051 4910 1186 4964 Mita
1207 4909 1582 4964 restituimus.
1604 4910 1813 4964 Sensus

163 4987 342 5035 autem
377 4983 654 5035 obscurus
684 4980 891 5034 adhuc.
924 4981 1186 5035 Fortasse
1206 4980 1282 5034 ait
1301 4982 1684 5050 Chrysologus
1705 4981 1812 5034 does

167 5068 352 5106 mones
369 5059 603 5122 optasse
623 5052 953 5106 hominibus
975 5068 1177 5107 nocere
1206 5069 1218 5106 :
1244 5051 1298 5104 id
1325 5051 1477 5122 quod
1499 5051 1707 5122 injuste
1725 5051 1814 5105 de-

165 5124 406 5178 siderant
434 5129 572 5178 ante
602 5128 854 5194 tempus.
894 5123 1107 5178 scilicet
1139 5128 1272 5177 ante
1303 5139 1499 5176 eorum
1545 5126 1812 5190 mortem,

167 5195 244 5246 rei
274 5196 402 5265 quia
435 5212 550 5250 non
576 5193 860 5265 putabant
880 5199 999 5248 tam
1027 5195 1137 5248 cito
1163 5193 1448 5248 Christum
1473 5198 1773 5265 venturum
1799 5209 1812 5258 ;

168 5271 210 5318 et
248 5263 353 5320 non
387 5273 448 5321 ut
481 5263 826 5338 punirentur
854 5265 1069 5327 statim,
1100 5282 1164 5319 ac
1204 5281 1401 5319 eorum
1433 5263 1652 5318 malitia
1684 5279 1812 5333 pero

172 5344 347 5406 specta
381 5338 574 5392 fuerit.

233 5409 254 5448 ί
291 5410 398 5463 llec
428 5414 515 5464 est
540 5409 597 5463 in
627 5425 862 5462 causam
886 5424 998 5462 sum
1021 5407 1368 5462 defensionis
1391 5411 1615 5476 tempus
1638 5407 1814 5461 addu-

171 5479 257 5531 cit.
290 5483 439 5534 51in.

237 5565 265 5602 ῖς
293 5552 523 5606 Ubinam
551 5551 662 5605 loci
689 5554 853 5604 tanta
884 5548 1188 5604 multitudo
1215 5563 1517 5618 porcorum
1549 5550 1700 5619 apud
1720 5551 1810 5604 Ju-

174 5621 334 5702 «lzeos,
363 5641 487 5679 cum
519 5622 802 5702 prodigus
830 5621 1050 5702 adﬁges
1076 5621 1311 5702 alendos
1355 5619 1420 5701 in.
1440 5619 1809 5702 lopginquam

175 5692 441 5762 regionem
464 5691 983 5762 commigraverit‘l
1007 5692 1102 5747 Vel
1136 5708 1202 5746 ex
1230 5707 1297 5746 eo
1327 5691 1462 5761 quia
1489 5691 1700 5746 Iudaeis
1723 5709 1812 5746 ve-

1864 3123 1909 3186 C
1941 3155 2056 3212 non
2087 3143 2233 3202 sunt,
2267 3139 2389 3212 sed
2409 3156 2507 3212 eas
2550 3123 3000 3212 lucrosuopost

1955 1840 2248 1907 homines,
2267 1849 2431 1915 quod
2447 1849 2846 1904 numerositas
2869 1864 2990 1904 non
3011 1849 3191 1905 valuit
3212 1849 3456 1905 sufferre
3476 1865 3610 1922 por.

1956 1946 2183 1986 corum.
2205 1935 2244 1986 Α
2257 1935 2300 1988 it
2326 1935 2470 2003 illis,
2489 1936 2520 1989 Ι
2521 1938 2674 1992 ιε..4ί
2691 1938 2790 1992 illi
2808 1944 3084 1994 exemztes
3099 1937 3376 1994 abierunt
3396 1941 3458 1994 in
3480 1953 3606 2009 por-

1955 2034 2086 2085 cos;
2118 2027 2170 2076 et
2200 2037 2332 2078 ecce
2351 2025 2572 2093 impetu
2601 2025 2750 2082 abiit
2782 2033 2931 2081 totus
2952 2029 3136 2096 grexi
3172 2041 3530 2098 perprtreeps
3548 2025 3605 2081 in

1955 2125 2134 2177 mare,
2149 2116 2198 2164 et
2211 2112 2430 2166 mortui
2439 2119 2576 2168 sunt
2594 2115 2655 2169 in
2671 2115 2862 2186 aquis.
2879 2114 3150 2170 Traditur
3161 2114 3274 2171 vile
3291 2131 3467 2187 pecus
3485 2129 3606 2170 non

1954 2212 2061 2269 pro
2077 2198 2384 2256 voluntate
2395 2201 2874 2269 daemonum,sed
2894 2208 2955 2259 ut
2969 2203 3065 2260 tali
3079 2203 3604 2272 factoinnotescat,

1952 2287 2256 2356 quomodo
2271 2291 2289 2342 .i
2338 2289 2351 2343 i
2361 2305 2396 2344 ιι
2413 2289 2690 2346 homines
2706 2292 2976 2356 stevinnt,
2998 2293 3310 2365 quomodo
3327 2293 3607 2364 quaerunt

1951 2381 2172 2432 mortes
2190 2377 2526 2445 hominum,
2555 2379 2658 2452 qui
2683 2381 2765 2438 sic
2790 2398 3006 2454 porcos
3034 2389 3092 2438 ut
3119 2383 3607 2454 perderentqueeo

1953 2463 2196 2522 sierunt.
2227 2466 2541 2524 Daemones
2558 2484 2738 2526 omne
2754 2471 2918 2542 quod
2944 2475 3052 2537 est,
3077 2471 3290 2541 agitur,
3313 2475 3604 2540 movetur,

1950 2552 2112 2621 vivit,
2144 2555 2355 2610 ardent
2378 2556 2646 2627 perdere,
2674 2573 2796 2614 non
2822 2558 3063 2615 habere.
3098 2562 3176 2615 Ne
3204 2559 3341 2631 quis
3362 2574 3504 2630 ergo
3525 2563 3604 2614 ta-

1947 2641 2021 2696 lis
2049 2642 2073 2677 κ
2094 2643 2218 2706 tieri
2233 2643 2420 2699 homo
2437 2652 2784 2715 praesumat,
2801 2646 3068 2702 humano
3082 2646 3281 2716 generi
3300 2645 3603 2703 inimicitia

1948 2782 2114 2865 tilum
2143 2787 2493 2865 eratJiOI'cos
2509 2786 2697 2865 edere,
2731 2803 2845 2865 non
2871 2787 3051 2865 alere.
3071 2788 3136 2840 Et
3160 2791 3300 2865 tunc
3326 2787 3600 2856 temporis

1949 2858 2210 2928 poterant
2236 2854 2660 2928 aliuahludaeis,
2695 2859 2767 2912 ad
2797 2857 3276 2928 suppeditandnm
3304 2854 3595 2911 annonam

1947 2925 2219 2997 Romanis
2240 2925 2547 2982 militibus:
2567 2944 2680 2997 qua
2707 2928 2776 2983 de
2797 2925 2966 2983 causa
2991 2929 3175 2984 multa
3190 2944 3456 2983 concessa
3472 2943 3598 2982 sua-

1945 2996 2039 3070 rii_s
2055 2995 2629 3070 privilegialeguntur
2647 3015 2660 3064 ;
2676 2998 2763 3054 vel
2779 2999 2913 3070 quia
2925 3001 3256 3057 Judzeorum
3271 2999 3436 3070 multi
3450 2999 3599 3054 inter

1942 3067 2198 3122 ethnicos
2223 3067 2650 3141 commerantes
2672 3067 2916 3141 propriis
2946 3070 3165 3141 legibus
3195 3069 3594 3141 astringipassi

3040 3088 3165 3126 mus
3195 3088 3433 3140 asrrmgi
3447 3088 3594 3141 passu

3001 3088 3274 3197 ﬁabuere.
3323 3142 3596 3198 Romanis

1940 3209 2242 3283 enimcaro
2261 3209 2432 3265 suilla
2461 3211 2518 3266 in
2551 3211 2732 3283 pretio
2766 3209 2909 3277 fuit;
2945 3211 3032 3268 vel
3058 3213 3291 3267 demum
3319 3212 3595 3267 animalia

1941 3280 2037 3356 illa
2053 3297 2166 3335 non
2183 3281 2516 3356 Judaeprum
2543 3280 2726 3356 erant,
2757 3285 2855 3356 sed
2877 3283 3320 3356 gentilium,qui
3351 3283 3485 3338 olim
3508 3300 3594 3339 rc-

1937 3352 2131 3424 giones
2153 3356 2309 3408 trans
2333 3353 2641 3409 Jordanem
2666 3352 2972 3423 incoluere,
2996 3359 3052 3410 et
3074 3355 3130 3408 in
3162 3352 3257 3410 his
3281 3355 3588 3421 Gadaram,

1936 3440 2034 3498 seu
2073 3425 2367 3498 Gerasam.
2411 3426 2626 3498 Revera
2670 3430 2866 3481 autem
2911 3427 3590 3498 quomodoiGadarenses

1937 3494 2110 3568 luisse
2137 3495 2358 3568 ludae‘os
2388 3496 2688 3552 confirmet
2713 3494 2991 3552 Baronius
3013 3513 3165 3552 anno
3191 3497 3279 3568 _3l,
3303 3496 3331 3568 ἓ
3354 3496 3444 3559 69,
3473 3511 3589 3550 non

1934 3566 2074 3640 bene
2092 3566 2488 3640 adhucliquet,
2505 3568 2726 3640 Gadara
2743 3568 2897 3624 enim
2920 3567 3154 3640 gemina
3185 3566 3288 3640 fuit
3311 3566 3324 3633 ζ
3351 3571 3589 3640 utraque

1935 3636 2108 3694 Graeci
2142 3636 2408 3692 instituti.
2437 3639 2564 3694 Una
2588 3640 2662 3694 ad
2692 3639 2851 3695 littus
2882 3636 3058 3694 maris
3087 3636 3589 3695 Mediterranei’de

1932 3724 2042 3781 qua
2072 3709 2275 3781 Strabo
2310 3725 2452 3781 arri.
2489 3710 2681 3765 Altera
2708 3712 2894 3767 Pereae
2922 3711 3120 3766 civitas
3144 3710 3272 3778 fuit,
3303 3725 3477 3781 quam
3498 3709 3584 3763 Jo-

1931 3778 2135 3852 scphus
2166 3780 2234 3833 de
2251 3779 2516 3833 Bellolib.
2547 3797 2564 3835 ι
2591 3798 2716 3852 cap.
2749 3783 3007 3837 5Graecis
3029 3778 3354 3837 hominibus
3372 3780 3584 3836 tribuit.

2001 3850 2026 3890 ll
2060 3850 2438 3920 Hieronymus
2471 3852 2527 3905 in
2562 3850 2686 3906 Vita
2734 3853 3041 3908 Hilarionis
3070 3870 3199 3924 pag.
3235 3853 3339 3908 95:
3376 3853 3481 3918 Qui
3516 3855 3588 3907 vi-

1927 3920 2144 3984 derant,
2175 3937 2280 3974 non
2309 3924 2604 3991 potuissent
2629 3924 2804 3978 aliter
2849 3920 3263 3979 credere—eris”
3293 3929 3501 3977 tantam
3525 3924 3587 3976 de

1929 3991 2137 4044 homine
2166 3991 2468 4046 darmonum
2515 3995 2944 4057 multitudinem,
2990 3995 3106 4048 nisi
3149 3993 3379 4062 grandis
3403 4010 3583 4062 porco-

1927 4077 2365 4135 rumgnumerus,
2393 4069 2448 4118 et
2473 4065 2631 4135 quasi
2661 4081 2694 4117 a
2712 4065 2900 4119 multis
2929 4069 3078 4135 actus
3108 4064 3321 4135 puriter
3340 4064 3581 4118 corruis-

1924 4139 2026 4205 set.
2043 4132 2132 4205 Sic
2155 4130 2418 4202 impietas
2437 4130 2885 4189 Saddncseorum
2899 4130 3134 4205 angelos
3155 4137 3432 4204 negantes
3449 4148 3580 4189 con-

1925 4203 2255 4257 vellebatur.

1997 4276 2006 4314 i
2053 4274 2214 4338 Quod
2244 4273 2430 4328 solent
2450 4273 2809 4329 daemoniaci.
2845 4275 2984 4330 Hinc
3016 4275 3258 4330 fortasse
3289 4274 3582 4330 illustran-

1925 4345 2029 4398 dus
2061 4344 2350 4418 ltesichius
2378 4362 2390 4398 :
2435 4342 2798 4418 ἐδαιμονίζετο
2840 4363 2936 4415 per
2968 4347 3122 4401 devia
3151 4363 3363 4418 errare.
3384 4345 3580 4418 Porro

1925 4432 2083 4471 mare
2114 4416 2222 4470 hoc
2251 4420 2413 4487 putat
2443 4416 2723 4472 Berenius
2771 4418 2942 4473 fuisse
2978 4418 3234 4474 thermas
3280 4417 3580 4474 Gadarita-

1844 4501 1889 4558 1)
1925 4504 2027 4543 nas
2058 4510 2069 4540 :
2098 4487 2396 4560 dequibus
2443 4488 2792 4560 Epiphanius
2840 4491 3037 4545 haeres.
3071 4489 3138 4544 30
3166 4505 3328 4547 num.
3371 4489 3403 4543 7
3433 4505 3447 4556 ;
3482 4505 3580 4560 eos

1925 4575 2056 4613 vero
2089 4560 2145 4612 in
2171 4558 2360 4614 lacum
2389 4558 2704 4615 'l‘iberiadis
2732 4564 3025 4618 demersos
3065 4560 3236 4616 fuisse
3265 4559 3482 4615 eruitur
3507 4559 3580 4616 ab

1921 4629 2267 4700 Hieronymo
2300 4631 2369 4683 de
2400 4631 2529 4686 Loc.
2568 4633 2731 4687 Hebr.

1987 4702 2004 4753 .i
2048 4702 2199 4754 lutcr
2219 4701 2496 4770 plurimas
2509 4720 2710 4757 causas
2723 4721 2821 4758 cur
2833 4703 3088 4758 Christus
3105 4703 3212 4757 hoc
3231 4701 3575 4773 permiserit,

1924 4770 2040 4824 lure
2068 4788 2292 4841 quoque
2318 4779 2812 4829 commemoratur
2842 4791 2875 4829 a
2903 4770 3308 4843 Chrysostomo
3339 4773 3578 4843 aliisque

1921 4843 2369 4914 enarratoribus.
2403 4845 2468 4897 Et
2488 4849 2638 4900 certe
2669 4845 2726 4899 in
2758 4845 2911 4899 aliud
2940 4845 3177 4900 humani
3205 4843 3457 4914 corporis
3477 4843 3578 4897 ho-

1922 4912 2154 4987 spitium
2187 4915 2478 4987 daemones
2514 4915 2550 4968 ii
2583 4915 2913 4987 immigrare
2955 4912 3327 4979 maluissent}
3361 4917 3421 4987 at
3444 4928 3575 4967 cum

1925 4984 2298 5052 praevalerent
2325 5003 2384 5041 se
2407 4986 2461 5040 id
2493 5003 2526 5040 a
2549 4984 2775 5042 Christo
2799 5003 3114 5056 numquam
3147 4986 3573 5054 impetraturos,

1924 5061 2334 5134 proposcerunt
2358 5056 2444 5134 vel
2469 5057 2747 5134 animalia
2765 5056 3102 5134 dominandi
3126 5057 3493 5134 potestatem,
3513 5059 3577 5108 ut

1923 5124 2354 5195 Quodmnmodo
2396 5129 2724 5185 hominibus
2769 5131 3040 5183 nocerent
3071 5143 3085 5191 ;
3121 5124 3206 5181 {'el
3233 5124 3575 5195 animalium

1915 5193 2367 5268 jacturam,quia
2393 5200 2611 5254 domini
2631 5217 2829 5256 eorum
2857 5195 3134 5268 indignati
3153 5193 3441 5268 Christum
3461 5212 3576 5251 non

1923 5267 2319 5341 suscepissent.
2356 5270 2701 5341 llieronymo
2726 5271 2781 5324 in
2817 5266 3266 5341 vitallilarionis
3298 5272 3577 5341 consonat

1927 5337 2258 5412 Euthymius
2286 5355 2303 5412 7:
2339 5337 2778 5412 Student'poreos
2803 5340 3056 5401 occidere,
3090 5346 3148 5394 ut
3170 5354 3359 5412 eorum
3376 5338 3577 5396 damno

1923 5409 2248 5482 contristati
2258 5411 2468 5482 domini
2485 5409 2664 5480 gregis
2683 5413 2872 5467 Iesum
2905 5428 3006 5464 non
3027 5411 3393 5482 susciperent.

1999 5481 2021 5514 κ
2053 5479 2322 5534 Diabolus
2370 5479 2551 5535 factus
2591 5488 2676 5538 est
2708 5482 2971 5536 inimicus
3023 5479 3262 5547 homini,
3298 5497 3370 5536 ne
3401 5480 3576 5536 homo

1921 5551 2108 5606 eidem
2135 5551 2439 5626 assimilari
2467 5555 2678 5609 audeat
2702 5573 2717 5626 ς
2738 5555 2848 5626 sed
2893 5553 3079 5624 potius
3120 5569 3311 5609 mores
3346 5552 3496 5609 illius
3522 5558 3573 5609 et

1919 5623 2311 5694 suggestiones
2336 5627 2632 5697 tamquam
2672 5623 3239 5682 inimici’abhorreat.
3274 5628 3429 5681 Mm.
