3978 6184
451 11 1038 22 #____‘______________
1059 17 1084 24 ﬂ

442 363 555 435 271

441 504 602 560 niam
615 499 749 574 perd
760 515 946 564 urare,
957 500 1302 571 perpetuare
1315 494 1584 552 sacculos
1600 493 1938 551 divitiarum
1952 509 2089 550 con-
2118 495 2171 559 Α

440 591 563 647 dita
591 588 1071 662 permanere,qui
1099 585 1239 642 dicit
1266 601 1276 640 :
1299 584 1480 655 facile
1501 584 1661 640 vobis
1679 584 1962 649 sacculos,
1987 585 2088 655 qui

439 705 554 745 non
569 691 924 744 veterascunt
946 685 957 739 Ι
976 687 1119 739 Ecce
1137 707 1161 735 δ
1192 681 1816 753 docetavaritiam,qui
1830 682 2090 752 coeperat

440 777 692 833 suadere
707 778 1116 843 contemptum
1133 790 1143 825 :
1155 771 1338 841 facile
1350 771 1510 826 vobis
1531 772 1813 835 sacculos,
1845 770 1949 840 qui
1969 783 2086 823 non

439 858 2088 931 veterascunt.thuithesaurizantestemporaliterargue-

436 952 562 1019 bat,
577 951 653 1005 ad
670 955 856 1004 totum
869 947 1210 1019 cupiditatis
1223 948 1491 1003 fomitem
1500 948 1668 1018 jubet
1680 945 1946 1003 sacculos
1959 945 2084 999 sine

435 1039 556 1094 ﬁne
570 1038 850 1110 perquiri.
868 1037 1109 1100 Christe,
1126 1053 1246 1108 quo
1263 1041 1316 1091 te
1331 1037 1614 1108 pertrahit
1628 1051 1798 1091 amor
1817 1040 2045 1090 tuorum
2057 1032 2084 1086 ?

436 1133 500 1182 ut
512 1126 1120 1191 avarumlucrifacias,
1136 1125 1284 1180 facis
1300 1143 1435 1180 eum
1452 1127 1616 1197 quod
1631 1124 1945 1189 desiderat,
1961 1136 2083 1177 non

435 1217 597 1288 quod
623 1221 865 1287 oportet,
893 1215 1100 1270 audire
1132 1232 1144 1269 :
1194 1215 1465 1270 sacculos
1490 1215 1782 1285 imperas;
1831 1218 2084 1267 aternos

434 1305 1011 1376 thesauros,quinon
1025 1300 2083 1374 deﬁciant.visparari;utavarusdum

434 1400 722 1449 consueta
733 1394 1021 1464 percurrit
1046 1393 1123 1448 ad
1142 1392 1325 1455 lucra,
1344 1393 1732 1447 autvirtutem
1749 1389 1965 1462 capiat,
1981 1393 2083 1446 aut

433 1498 469 1537 a
492 1482 707 1537 virtute
735 1482 1020 1552 capiatur.
1053 1481 1198 1536 Vere
1227 1481 1394 1536 Pater
1424 1497 1506 1546 es,
1529 1480 1634 1551 qui
1659 1495 1797 1534 cum
1826 1478 1936 1533 tuis
1955 1478 2082 1550 qui-

430 1570 792 1641 buscumque
805 1569 1064 1641 parvulis
1080 1569 1166 1624 sic
1182 1569 1592 1641 agis.Namque
1605 1573 1661 1623 et
1673 1583 1782 1622 nos
1797 1566 2080 1622 interdum

430 1658 646 1714 nostris
659 1657 916 1728 parvulis
927 1657 1260 1730 petentibus
1275 1659 1453 1712 noxia
1466 1657 1781 1726 ingerimus
1796 1655 2082 1710 salutaria

431 1747 543 1801 sub
557 1747 750 1818 specie
764 1748 1101 1814 noxiorum,
1119 1746 1387 1801 fallentes
1404 1745 1831 1816 insipientiam,
1848 1760 1964 1798 non
1982 1743 2080 1798 de-

429 1836 709 1906 sipientes
723 1834 1259 1890 affectum.Dixisti:
1279 1835 1485 1890 Facite
1499 1834 1658 1889 vobis
1675 1834 1964 1898 sacculos,
1983 1831 2079 1903 qui
2116 1858 2158 1914 Β

427 1940 536 1978 non
570 1929 955 1989 veterascunt,
985 1925 1281 1979 thesauros
1304 1939 1420 1978 non
1450 1924 1777 1991 deﬁcientes
1820 1923 1882 1976 in
1914 1922 2074 1977 caelo.

429 2011 713 2068 Sacculus
725 2029 831 2067 cur
843 2018 1085 2084 paratur
1100 2013 1126 2065 ?
1154 2014 1196 2076 Q
1209 2011 1308 2067 uid
1323 2012 1404 2068 ibi
1418 2010 1808 2076 claustra,ubi
1836 2010 1967 2081 ipsa
1980 2026 2075 2064 cu-

427 2107 548 2157 stos
561 2101 1044 2157 estinnocentia?
1074 2100 1303 2172 ibiquid
1330 2099 2075 2171 signaculum,ubifraudis

425 2189 691 2260 suspicio
716 2205 837 2244 non
851 2189 1103 2244 habetur
1117 2191 1143 2244 ?
1159 2189 1215 2244 Si
1233 2189 1359 2244 etin
1373 2189 1521 2244 calo
1536 2188 1786 2244 saeculis
1799 2204 1953 2258 opus
1966 2193 2072 2258 est,

424 2292 570 2332 cura
581 2293 703 2332 non
729 2276 1038 2342 amittitur,
1054 2276 1158 2331 sed
1173 2280 1456 2331 mutatur.
1483 2277 1748 2342 Domine,
1775 2281 1836 2331 tu
1850 2275 2068 2345 vidisti,

421 2367 567 2436 quia
599 2366 659 2420 in
690 2367 982 2421 thesauris
1001 2370 1124 2421 tota
1142 2364 1310 2430 ﬁdes,
1339 2371 1461 2420 tota
1489 2381 1622 2436 spes
1643 2366 1702 2420 in
1727 2365 1979 2420 sacculis
2001 2368 2072 2422 sit

423 2451 622 2508 avaris
656 2451 1298 2523 :etideoimputribiles
1326 2452 1388 2506 in
1414 2453 1563 2507 coelo
1578 2452 1849 2508 sacculos
1873 2453 1961 2507 vis
1975 2470 2073 2524 pa-

421 2541 560 2607 rari,
595 2547 657 2596 ut
685 2543 786 2612 qui
803 2546 856 2596 te
886 2557 1008 2596 non
1029 2540 1291 2612 sequitur
1305 2539 1381 2595 ad
1394 2540 1633 2606 coelum,
1651 2546 1936 2611 sequatur
1959 2543 2071 2598 sal-

421 2635 542 2687 tem
572 2631 842 2687 sacculos
859 2647 1024 2686 suos.
1047 2635 1254 2697 Avare,
1269 2629 1362 2685 {ac
1379 2629 1485 2684 tibi
1508 2629 1798 2696 sacculos,
1815 2630 2075 2703 etfacju-

418 2719 595 2776 bente
621 2720 759 2787 Deo,
788 2720 930 2791 quia
954 2719 1106 2775 votis
1139 2719 1254 2774 tuis
1285 2719 1494 2774 annuit
1523 2719 1726 2774 divina
1764 2721 2068 2791 majestas.

420 2809 532 2865 Sed
561 2809 654 2864 fac
676 2809 779 2864 tibi
804 2808 1074 2865 sacculos
1090 2807 1413 2878 erogando,
1442 2807 1585 2880 quia
1617 2808 1905 2880 quidquid
1925 2826 2070 2882 pau-

418 2911 526 2970 per
555 2899 868 2972 acceperit,
899 2900 1070 2954 Pater
1087 2897 1336 2954 caelestis
1366 2898 1636 2969 suscipit.
1662 2896 1728 2953 Et
1751 2897 1851 2954 ubi
1870 2915 2071 2956 recon-

419 2989 550 3044 dit?
579 2990 639 3043 in
670 2989 840 3044 coelo.
870 2991 934 3043 Et
963 3004 1036 3043 ne
1067 2987 1213 3042 forte
1259 2986 1586 3058 perdidisse
1617 2991 1671 3043 te
1719 2987 1923 3044 doleas
1978 2989 2070 3045 vel

417 3076 447 3119 ³)
477 3076 1082 3147 usuram,centuplam
1095 3077 1154 3130 in
1167 3077 1386 3131 calesti
1404 3075 1605 3132 fenore
1617 3075 2066 3150 recipies,quid-

417 3165 564 3236 quid
576 3166 637 3220 in
650 3165 822 3229 coelo,
839 3181 1100 3236 paupera
1113 3164 1508 3220 transmiseris
1526 3165 2069 3236 perferente.Usura

417 3252 631 3309 mundi
656 3259 886 3309 centum
899 3254 975 3309 ad
1002 3269 1211 3318 unum,
1228 3254 1383 3308 Deus
1407 3271 1590 3309 unum
1606 3255 1909 3326 accipitad
1934 3273 2066 3312 cen-

417 3347 571 3411 tum;
604 3347 661 3399 et
680 3342 1163 3398 tamenhomines
1190 3358 1319 3397 cum
1350 3343 1915 3400 Deonoluntbabere
1929 3361 2069 3401 con-

417 3436 684 3489 tractum.
712 3431 1112 3488 Suntforsitan
1142 3432 1216 3486 de
1242 3431 1517 3488 cautione
1533 3431 1760 3488 solliciti
1782 3432 1809 3487 i’
1839 3435 2068 3499 Quare?

415 3524 620 3579 Nonne
648 3522 833 3578 homo
863 3521 1092 3578 homini
1122 3522 1350 3592 exigua
1388 3523 1671 3579 chartula
1701 3523 2063 3594 obligatione

415 3612 884 3682 constringitur?
916 3611 1421 3668 Deustotettantis
1434 3611 1841 3666 voluminibus
1873 3617 2058 3678 cavet,

416 3707 472 3757 et
496 3701 727 3755 debitor
754 3701 1159 3756 nontenetur?
1179 3699 1292 3755 Sed
1304 3699 1475 3766 dicis,
1500 3705 1624 3756 esto
1637 3700 1802 3771 quod
1823 3701 2058 3767 debeat,

414 3805 536 3862 quo
563 3790 832 3859 exigente
853 3790 1163 3845 restituet?
1181 3790 1410 3861 seipso;
1433 3788 1578 3860 quia
1599 3805 1722 3844 non
1749 3794 1941 3860 potest
1961 3790 2060 3844 ulli

413 3879 650 3932 mentiri
681 3896 695 3931 ε
727 3878 888 3932 idem
910 3878 1033 3949 ipse
1060 3883 1218 3933 estet
1247 3883 1559 3933 exsecutor
1589 3877 1907 3932 etdehitor.
1933 3881 2061 3934 Non

413 3967 590 4023 eritin
604 3967 912 4023 reddendo
925 3967 1238 4038 durus,qui
1254 3965 1537 4039 profusus
1553 3966 2057 4037 estinlargiendo.

411 4058 616 4128 Crede,
643 4059 846 4124 homo,
893 4061 1028 4125 Deo,
1062 4056 1225 4128 quod
1259 4055 1359 4111 tibi
1400 4058 1551 4111 Deus
1598 4056 1795 4124 dedit;
1831 4057 2061 4128 majora

410 4149 659 4205 reddere
688 4148 830 4213 vult,
866 4163 1002 4202 cum
1033 4147 1158 4202 vult
1184 4145 1400 4202 debere
1433 4145 1700 4218 largitor.

481 4293 508 4354 ξι
535 4281 898 4351 Spiritualcm
923 4296 989 4335 ac
1009 4279 1316 4354 caelestem,
1349 4278 1442 4334 ubi
1470 4278 1764 4334 feneratur
1793 4280 2058 4354 Domino,

411 4352 506 4425 qui
535 4353 837 4425 miseretur
866 4351 1120 4425 pauperi.
1155 4354 1318 4405 Mm.

481 4425 509 4465 b
538 4423 694 4486 Vide,
729 4420 1143 4491 qua’superius
1173 4420 1577 4474 annotavimus
1608 4421 1681 4474 ad
1739 4438 1914 4476 serm.
1970 4424 2055 4484 15,

409 4492 505 4548 ubi
536 4494 868 4547 addendum
889 4492 1042 4561 quod
1067 4492 1188 4560 lege
1218 4491 1527 4545 Justiniani
1557 4495 1786 4545 cautum
1841 4492 1948 4546 fuit
1997 4497 2058 4546 ut

409 4566 583 4638 etiam
597 4580 784 4638 usura
811 4563 1054 4638 nauti_ca
1086 4578 1200 4638 non
1227 4561 1340 4638 nisi
1354 4562 1679 4616 centesima
1711 4569 1899 4638 essent
1927 4564 1964 4619 l.
1989 4565 2057 4619 26
2088 4580 2131 4638 ι)

409 4637 436 4708 §
460 4639 483 4689 1
517 4637 644 4690 cod.
676 4637 746 4689 de
772 4651 927 4689 usur.
958 4635 1035 4688 Dc
1063 4635 1236 4708 modo
1253 4637 1445 4708 autem
1460 4635 1833 4708 comparandi
1855 4652 2055 4691 usuras

407 4704 558 4778 apud
591 4709 900 4770 Romanos,
934 4709 1060 4776 post
1075 4704 1443 4778 Salmasium,
1478 4704 1828 4778 Gronovium
1846 4712 1902 4762 et
1923 4708 2057 4762 Gra-

405 4776 622 4843 vinam,
657 4778 783 4833 vide
815 4779 987 4832 Gottl.
1018 4776 1606 4848 Heineecium,Antiq.
1641 4777 1810 4835 Rom.
1839 4783 1980 4834 tom.
2006 4781 2053 4834 ll

408 4867 537 4923 pag.
570 4851 640 4904 84
669 4850 805 4923 edit.
839 4852 1034 4923 Venet.
1070 4848 1226 4905 1939.

479 4936 502 4964 ο
534 4926 671 4978 Vere
703 4922 806 4977 hos
832 4921 1254 4992 dispensatores
1276 4924 1440 4976 vocat
1467 4921 1770 4992 Apostolus
1795 4939 1807 4976 :
1840 4921 2055 4992 dispen-

403 5003 607 5050 satores
636 4995 1072 5050 ministeriorum
1087 4993 1203 5047 Dei.
1237 4995 1363 5048 Non
1378 4993 1641 5048 omnibus
1664 4993 1837 5057 enim,
1867 4993 2053 5063 inquit

403 5067 496 5121 hic
512 5067 984 5138 'l‘heophylactus,
1016 5082 1145 5137 pag.
1177 5065 1279 5119 190
1309 5066 1528 5123 verbum
1566 5067 1665 5138 Dei
1695 5065 2051 5138 suppeditare

401 5146 608 5220 Oportet
635 5135 996 5220 {sedqu‘ib’us
1018 5135 1170 5219 opus
1201 5145 1303 5220 est,
1339 5141 1395 5217 et
1423 5136 1652 5206 quando
1679 5135 1961 5220 convenit,
1996 5141 2052 5191 et

402 5207 548 5265 sicut
576 5207 891 5280 oporteth
918 5207 1188 5280 GregOrio
1219 5208 1590 5274 Nazianzeno,
1628 5211 1773 5280 orat.
1807 5207 1874 5260 3'2
1918 5225 2046 5280 pag.

401 5283 525 5348 518,
555 5277 830 5336 vocantur
857 5277 1231 5337 Eccles'iarum
1285 5284 1540 5349 pastores
1563 5287 1658 5328 τῶν
1689 5277 1879 5348 ψυχῶν
1905 5279 2049 5329 οἰκὸ-

401 5370 570 5473 uouit,
601 5372 689 5402 και
709 5360 797 5403 τοὺ
828 5352 1053 5424 los/ou...
1081 5357 1286 5424 ταμίαι,
1314 5349 1640 5406 animorum
1673 5353 1962 5405 curatores
1994 5355 2050 5405 et

401 5438 498 5476 ver
541 5424 624 5476 ἰ...
659 5423 875 5476 arbitri.

401 5438 575 5476 verm.
587 5463 598 5476 .
611 5464 624 5478 .
659 5438 854 5476 ﬂl‘DlU‘l
865 5466 875 5475 .

473 5491 498 5530 ἀ
531 5496 669 5547 Cum
702 5495 1046 5565 Chrysologo
1078 5494 1267 5564 plures
1293 5492 1639 5549 conveniunt
1664 5497 2044 5559 enarratores,

400 5562 539 5618 illud
562 5566 643 5636 ad
671 5562 860 5620 Titum
928 5562 1515 5636 i,‘7,_Dispensatores
1562 5565 1758 5634 gratia
1802 5565 1915 5636 Dei,
1971 5565 2045 5618 ad

400 5653 601 5716 omnes
622 5634 1222 5716 ﬁdeles‘ret‘erendum—
1245 5654 1370 5716 esse
1401 5639 1695 5716 censentes
1736 5634 1846 5716 qui
1895 5636 2047 5716 dona

398 5710 468 5782 ab
501 5712 615 5765 Deo
646 5711 878 5782 accepta
907 5707 964 5763 in
995 5709 1364 5764 commodum
1391 5706 1634 5762 aliorum
1665 5705 1927 5762 exhibere
1953 5706 2047 5762 de-

395 5781 553 5843 bent.

1739 363 1801 424 S.
1846 351 2058 423 PETRI
2099 356 2570 429 CHRYSOLOCI.

3719 363 3822 428 271

2805 496 3031 553 SERMO
3065 496 3246 553 XXVI.

2659 631 2744 685 De
2771 629 2938 697 ﬁdeli
2966 630 3383 698 dispensatore.

2269 763 2434 828 Quod
2446 763 2620 819 hodie
2633 764 2901 820 Dominus
2916 763 3289 834 interroganti
3306 765 3470 818 Petro
3483 763 3828 836 respondisse

2194 849 2405 921 legitur
2418 869 2516 923 per
2526 852 2766 922 ﬁguram
2779 853 2847 908 ad
2860 852 3160 924 apostolos
3174 852 3431 923 ipsos,ad
3444 852 3702 909 doctores
3715 859 3829 910 tan-

2196 944 2316 994 tum
2329 946 2384 996 et
2397 942 2473 996 ad
2487 958 2588 997 eos
2601 955 2625 983 ο
2654 942 2759 1014 qui
2773 941 3041 998 Ecclesiis
3056 941 3828 1013 prasident,dietum,multo-

2196 1045 2328 1084 rum
2343 1032 2634 1102 persensit
2647 1030 2907 1086 auditus.
2924 1034 3249 1100 lnterrogat
3264 1032 3827 1098 Petrus,Domine,ad

2194 1133 2294 1173 nos
2333 1121 2486 1175 dicis
2515 1119 2662 1176 hanc
2686 1121 3049 1192 parabolam,
3077 1137 3147 1174 an
3178 1127 3229 1175 et
3254 1120 3330 1175 ad
3353 1124 3596 1177 omnes?
3624 1121 3723 1176 Cui
3742 1137 3826 1178 rc-

2193 1209 2419 1275 spondit
2434 1209 2715 1265 Dominus
2735 1228 2756 1264 :
2784 1210 2919 1275 Quis
2941 1216 3114 1278 putas
3144 1215 3226 1265 est
3244 1209 3432 1279 ﬁdelis
3480 1209 3826 1278 dispensator

2195 1304 2244 1352 et
2268 1298 2550 1366 prudens,
2574 1314 2742 1370 quem
2765 1299 3052 1354 constituit
3071 1297 3341 1353 dominus
3367 1313 3537 1368 super
3549 1299 3824 1367 familiam

2192 1401 2380 1450 suam,
2401 1393 2466 1441 ut
2483 1388 2577 1443 det
2599 1388 2721 1443 illis
2735 1387 2797 1443 in
2815 1394 3069 1458 tempore
3094 1388 3276 1442 tritici
3297 1403 3628 1443 mensuram
3651 1389 3677 1442 i’
3693 1390 3826 1445 Bea-

2193 1481 2286 1530 tus
2313 1491 2509 1531 servus
2523 1475 2642 1541 ille,
2657 1492 2818 1546 quem
2832 1492 2958 1532 cum
2974 1477 3190 1532 venerit
3207 1474 3492 1531 dominas.
3510 1477 3595 1531 ita
3613 1476 3826 1533 invene-

2191 1565 2276 1618 rit
2292 1564 2598 1632 facientem
2628 1582 2644 1619 :
2662 1580 2785 1621 vere
2798 1565 2930 1620 dico
2947 1565 3095 1620 vobis
3124 1564 3279 1635 quod
3297 1579 3477 1633 super
3504 1565 3684 1620 omnia
3704 1580 3827 1636 qua

2190 1653 2445 1721 possidet
2474 1656 2782 1709 constituet
2811 1669 2957 1709 eum.
2993 1653 3150 1721 Quod
3201 1653 3251 1707 si
3290 1653 3448 1709 dicat
3496 1668 3690 1710 servus
3737 1655 3828 1709 ille

2191 1741 2255 1795 in
2278 1742 2442 1797 corde
2469 1757 2569 1797 suo
2591 1761 2612 1796 :
2641 1758 2861 1798 moram
2881 1743 3034 1812 facit
3091 1741 3362 1797 dominus
3409 1757 3570 1797 meus
3623 1741 3826 1811 venire,

2190 1834 2246 1883 et
2272 1830 2512 1897 caperit
2539 1837 2832 1900 percutere
2853 1845 3081 1900 pueros,
3102 1837 3156 1886 et
3184 1831 3463 1901 ancillas,
3497 1837 3550 1885 et
3573 1831 3744 1897 edere,
3771 1837 3827 1886 et

2191 1918 2407 1987 bibere,
2439 1925 2492 1975 et
2511 1919 2814 1986 inebriari,
2830 1922 3014 1976 veniet
3030 1920 3287 1975 dominus
3302 1921 3462 1975 servi
3473 1920 3639 1975 illius
3660 1920 3715 1975 in
3733 1921 3827 1976 die

2188 2023 2303 2077 qua
2325 2024 2442 2063 non
2466 2015 2682 2078 sperat,
2708 2015 2761 2065 et
2789 2009 2938 2065 hora
2967 2025 3080 2079 qua
3110 2008 3314 2075 nescit,
3363 2015 3414 2064 et
3445 2008 3661 2065 dividet
3685 2026 3822 2074 eum,

2184 2103 2519 2168 partemque
2537 2100 2662 2166 ejus
2689 2113 2820 2153 cum
2838 2097 3176 2166 inﬁdelibus
3194 2103 3392 2167 ponet.
3416 2097 3681 2153 Ecclesia
3697 2098 3826 2170 qui-

2186 2185 2324 2240 dem
2339 2186 2623 2257 prasules
2636 2186 2941 2258 istaquam
2961 2187 3200 2257 primum
3214 2185 3532 2242 similitudo
3547 2185 3822 2242 constrin-

2186 2274 2322 2343 git,d
2353 2275 2456 2330 sed
2469 2274 3334 2340 hominemnullum,mortalem
3347 2274 3572 2330 nullum
3585 2292 3817 2347 prorsus

2183 2363 2387 2418 eximit
2411 2362 2757 2433 hacﬁgura,
2790 2381 2926 2436 qua
2956 2364 3103 2420 dum
3137 2365 3398 2436 loquitur
3419 2364 3497 2420 ad
3521 2365 3821 2436 dispensa-

2182 2456 2392 2518 torem,
2425 2452 2726 2516 omnibus,
2762 2469 2882 2508 uno
2931 2454 3350 2524 interrogante,
3392 2455 3725 2526 respondit:
3755 2455 3822 2511 Si

2181 2547 2271 2596 est
2295 2542 2618 2612 quisquam
2641 2542 2739 2612 qui
2765 2543 2930 2597 aDeo
2952 2543 3032 2597 nil
3055 2545 3368 2614 acceperit,
3388 2543 3822 2600 discussionem

2180 2629 2666 2701 dispensationis,
2692 2629 3123 2702 dispensatoris
3145 2630 3404 2686 ofﬁcium
3439 2649 3560 2688 non
3586 2633 3823 2691 timebit.

2181 2721 2358 2774 Homo
2377 2719 2424 2772 si
2452 2718 2567 2773 hoc
2593 2718 2794 2790 ipsum
2820 2719 2985 2791 quod
3013 2720 3140 2786 das,
3171 2720 3472 2792 accepisti,
3531 2724 3822 2794 accepisse

2180 2811 2234 2863 te
2263 2808 2426 2879 quod
2440 2807 2629 2862 habes
2652 2808 2960 2880 quomodo
2989 2814 3049 2864 tu
3074 2809 3322 2878 negabis
3344 2808 3372 2863 i’
3391 2811 3468 2865 De
3491 2811 3822 2866 calestibus

2178 2897 2444 2962 conditis,
2474 2897 2547 2952 de
2573 2897 2798 2952 horreis
2812 2897 3021 2952 dicinis
3039 2899 3327 2954 rationem
3347 2900 3569 2964 reddet,
3587 2905 3822 2972 prasta-

2177 2985 2263 3041 bit
2288 3002 2501 3042 causas
2519 2998 2543 3025 ο
2575 2985 2848 3042 Ecclesia
2876 2992 3248 3058 prorogator.
3281 2990 3344 3043 Et
3369 2995 3598 3060 quanto
3626 2990 3819 3061 majus

2179 3076 2427 3146 suscipit
2452 3075 2762 3141 creditum,
2797 3081 2959 3132 tanto
2974 3077 3170 3147 majus
3200 3093 3260 3132 se
3290 3077 3558 3133 debitum
3571 3094 3689 3134 non
3714 3079 3823 3134 du-

2175 3163 2325 3220 bitat
2353 3165 2991 3229 redditurum,dicente
3008 3167 3247 3221 Domino
3281 3185 3293 3221 :
3332 3167 3452 3224 Cui
3461 3168 3826 3235 plusestcre-

2175 3252 2379 3320 ditum,
2407 3254 2537 3323 plus
2567 3254 2833 3324 exigetur
2861 3253 2936 3309 ab
2962 3270 3023 3310 eo
3049 3254 3204 3326 (Luc.
3237 3257 3362 3326 xu).
3397 3258 3459 3311 Et
3484 3256 3620 3312 alibi
3649 3274 3661 3311 :
3703 3258 3821 3313 Po-

2177 3347 2355 3397 tentes
2361 3347 2634 3410 potenter
2646 3347 2936 3398 tormenta
2949 3345 3429 3415 patientur(Sap.
3446 3360 3525 3410 v1,
3541 3345 3823 3417 7).Quan-

2175 3436 2234 3487 to
2252 3430 2426 3485 altius
2442 3430 2989 3496 ascenderithomo,
3015 3431 3243 3502 lapsus,
3259 3438 3418 3489 tanto
3431 3434 3605 3489 altius
3627 3434 3820 3490 cadet.

2174 3519 2328 3585 Quid
2361 3518 2536 3574 altius
2567 3519 2754 3574 calo?
2785 3522 2862 3575 De
2885 3519 3033 3576 coelo
3060 3521 3217 3576 cadit
3237 3522 3298 3578 in
3330 3522 3688 3594 coelestibus,
3715 3524 3826 3596 qui

2171 3607 2492 3680 delinquit;
2525 3611 2879 3681 desperatus
2909 3610 3172 3676 incurrit,
3219 3612 3321 3683 qui
3347 3613 3406 3666 in
3454 3611 3598 3683 ipsis
3633 3613 3827 3668 domi-

2171 3701 2369 3752 nantis
2395 3698 2582 3753 oculis
2609 3697 2884 3767 offendit;
2920 3705 2976 3754 et
3002 3701 3384 3756 excusatione
3403 3708 3582 3770 caret,
3610 3703 3712 3774 qui
3736 3702 3824 3758 fa-

2169 3786 2338 3841 cinus
2361 3787 2496 3858 ipso
2521 3787 2722 3857 judice
2753 3793 2897 3842 teste
2925 3789 3388 3845 committit.Aut
3408 3806 3594 3862 quam
3621 3790 3829 3846 defen-

2169 3877 2390 3930 sionem
2405 3881 2793 3946 sperat,quem
2809 3877 3193 3932 testimonium
3208 3879 3534 3948 cognitoris
3547 3880 3826 3936 accusat?

2171 3965 2261 4020 Sic
2278 3965 2552 4019 diabolus
2575 3981 2712 4020 cum
2743 3973 2899 4021 esset
2924 3967 3191 4037 angelus,
3226 3974 3280 4023 et
3306 3969 3366 4023 in
3394 3969 3562 4034 coelo,
3612 3975 3667 4024 et
3720 3986 3829 4025 co-

2166 4070 2294 4109 ram
2325 4054 2444 4110 Deo
2471 4069 2706 4126 semper
2721 4054 3089 4110 clarissimus
3116 4063 3463 4123 versaretur,
3481 4058 3823 4128 etfulgens,

2168 4143 2313 4199 dum
2340 4144 2438 4199 Dei
2467 4148 2650 4200 tentat
2673 4160 2870 4216 auros,
2899 4145 3118 4200 dumin
3133 4147 3230 4202 Dei
3260 4147 3527 4219 superbit
3547 4154 3824 4220 aspectu,

2239 4291 2263 4319 ο
2295 4278 2661 4354 Yocabulum,
2688 4281 2750 4332 ut
2776 4277 2917 4354 alias
2944 4279 3434 4354 observaturnest,
3467 4280 3828 4354 Chrysologo

2169 4349 2473 4404 familiare.
2505 4351 2659 4404 Idem
2710 4366 2774 4402 ac
2813 4351 3173 4423 dispensator.
3227 4351 3405 4423 Hujus
3467 4349 3621 4406 enim
3672 4349 3830 4409 onus

2167 4426 2290 4476 erat
2319 4425 2652 4476 consuetum
2694 4421 2868 4475 servis
2909 4427 3178 4491 prastare
3224 4421 3582 4479 demensum.
3649 4427 3830 4482 Vetus

2166 4492 2459 4563 inscriptio
2487 4493 2636 4562 apud
2681 4492 3014 4562 Pignorium
3049 4508 3063 4548 :

2755 4597 2954 4636 SIGNUM
2995 4597 3227 4638 HERCULI

2801 4668 2978 4707 DORUS
3007 4671 3160 4708 LARO.

2622 4740 2746 4777 DlSP
2773 4739 2864 4786 QUI
2901 4740 3045 4778 ANTE
3075 4741 3317 4782 VILLICUS

2813 4811 2973 4850 HUIUS
3004 4812 3144 4851 LOCl.

2160 4883 2540 4960 Clirysologus
2558 4886 2760 4960 autem
2784 4883 2874 4938 hic
2902 4885 3155 4960 loquitur
3183 4887 3253 4960 de
3291 4894 3670 4960 prorogatore
3723 4890 3840 4947 tri—

2160 4956 2255 5010 tici
2289 4971 2300 5009 :
2344 4955 2440 5026 qui
2480 4956 2860 5028 ministrator,
2891 4956 2973 5010 vel
3004 4964 3155 5012 actor
3200 4955 3493 5028 [ru—menti:
3520 4961 3841 5018 dicebatur

2161 5028 2316 5097 apud
2342 5032 2556 5082 veteres
2579 5026 3008 5098 inscriptiones;
3043 5029 3150 5082 nisi
3192 5026 3569 5086 ministratori
3602 5038 3664 5087 et
3736 5051 3842 5088 ac-

2160 5099 2268 5153 tori
2296 5099 2402 5174 h_oc
2429 5098 2693 5169 obtigerit
2721 5104 2829 5174 :_ut
2858 5101 3200 5174 quandoque
3231 5107 3287 5155 et
3307 5101 3642 5174 hujusmodi
3691 5121 3840 5159 mu-

2160 5187 2294 5225 nere
2321 5171 2716 5241 fungerentur.
2747 5171 2854 5223 Hos
2910 5171 3282 5226 Cassiodorus
3340 5171 3507 5228 vocat
3563 5179 3847 5230 arcarios

2160 5247 2216 5318 et
2241 5249 2626 5318 procurqtores
2657 5241 2831 5296 tritici
2853 5257 2866 5307 ;
2901 5242 3112 5312 etlapis
3143 5245 3294 5313 apud
3322 5247 3587 5300 eumdem
3617 5247 3849 5318 Pigno~

2159 5312 2330 5380 rium,
2359 5315 2404 5367 Α
2440 5313 2760 5368 Frumento.

2881 5418 2932 5457 Ι).
3009 5419 3067 5459 M.

2817 5489 3066 5529 ASCLBPIA
3079 5489 3132 5530 ῡι

2755 5561 3016 5601 ACTHITUS
3054 5562 3104 5601 L.
3149 5563 3199 5600 Ν.

2793 5633 2825 5670 Δ
2850 5632 3161 5672 FRUMENTO.

2152 5705 2316 5784 _A.p‘ud
2352 5704 2674 5784 Ennodium
2706 5703 2872 5784 ΙίὶῃιΔ
2900 5706 3064 5784 epist.
3121 5707 3154 5762 3
3202 5705 3854 5784 habeturprorogarc

2155 5775 2405 5848 litteras;
2436 5780 2492 5833 et
2519 5775 2617 5834 lib.
2645 5791 2708 5835 ut
2736 5775 2902 5852 epist.
2934 5775 3001 5837 14
3023 5778 3324 5853 prorogari
3363 5775 3593 5858 scripta.
