3978 6184
212 275 336 333 3‘73

1707 267 1949 332 SEBMO
1987 267 2189 331 XXVI.

3510 279 3628 342 274

213 418 398 476 apsus
421 403 500 459 ad
536 407 780 472 terram,
805 404 883 461 ad
914 405 1136 461 tartara
1156 403 1444 476 deiectus,
1473 403 1533 460 in
1558 402 1870 460 diabolum
1899 399 1953 465 Α
1982 402 2125 476 quia
2149 401 2226 459 ad
2251 416 2363 460 nos
2384 403 2440 459 et
2469 403 2549 459 ad
2579 401 3012 462 ecclesiasticos
3042 401 3203 461 viros
3232 407 3373 464 satis
3402 409 3626 469 dictum

213 498 472 549 mutatur
485 510 553 548 ex
569 494 783 565 angelo
800 510 813 559 ;
828 499 885 549 et
897 494 994 565 qui
1008 499 1169 551 erata
1200 494 1458 550 minister
1473 495 1662 550 venite
1681 495 1871 549 factus

213 587 296 638 est
323 582 353 624 δ
382 581 510 636 dux
531 597 870 653 pcenarum.
897 583 1041 637 Hinc
1064 587 1148 637 est
1165 583 1326 654 quod
1346 583 1663 654 Apostolus
1684 581 1870 638 nostri

210 670 434 727 ordinis
449 671 731 726 hominem
765 676 1110 736 commonet,
1143 687 1218 727 ne
1248 671 1530 727 incidatin
1547 670 1870 742 superbiam

210 764 263 816 et
290 759 582 832 laqueum
609 761 858 817 diaboli.
891 762 1276 833 Dispensator
1302 776 1444 831 ergo
1487 760 1670 816 divini
1705 760 1870 816 verbi

211 853 263 905 et
287 850 554 905 ccelestis
573 849 860 906 doctrinaa
879 854 1252 923 prorogator,
1271 850 1377 922 qui
1401 855 1536 906 ante
1552 850 1870 906 Dominum

211 942 322 994 stat
345 939 597 1008 jugiter,
629 943 904 996 versatur
931 940 1082 995 inter
1104 939 1312 996 altaria
1330 955 1584 1011 semper,
1612 954 1806 1012 neque
1834 953 1870 994 a

209 1029 300 1083 Dei
321 1027 518 1084 oculis
538 1028 761 1084 recedit
777 1044 1090 1101 umquam,
1114 1028 1614 1100 quipeccatorum
1631 1044 1865 1094 causas,

206 1117 445 1173 dolores
473 1117 685 1189 populi
707 1117 975 1189 suscipit,
1003 1117 1190 1180 offert,
1226 1117 1436 1188 ingerit
1466 1133 1691 1189 preces,
1721 1118 1870 1172 acci-

203 1208 308 1279 pit,
337 1205 545 1273 refert,
579 1207 832 1262 restituit
861 1207 1196 1278 impetrata,
1226 1223 1298 1262 ex
1343 1206 1588 1262 homine
1621 1210 1774 1262 totus
1808 1207 1869 1261 in

200 1294 494 1364 angelum
544 1295 920 1360 substitutus,
975 1311 1096 1351 non
1127 1300 1322 1368 potest
1355 1296 1468 1350 nisi
1516 1296 1573 1350 in
1615 1296 1740 1366 ipsa
1771 1295 1869 1350 Dei

196 1384 344 1439 facie
375 1385 538 1439 inter
565 1392 907 1440 sanctorum
935 1389 1142 1440 sancta
1180 1401 1450 1457 peccare,
1486 1389 1551 1439 ut
1577 1385 1712 1440 inde
1754 1383 1868 1440 sibi

196 1479 398 1529 sumat
423 1475 843 1542 crimen,unde
857 1475 987 1530 aliis
1001 1476 1237 1531 veniam
1260 1479 1648 1531 consueverat
1666 1490 1864 1546 repor-

196 1568 335 1618 tare.
363 1562 642 1634 Denique
655 1562 862 1618 Nadab
888 1568 943 1618 et
969 1562 1161 1618 Abiud
1189 1563 1526 1619 sacerdotes
1548 1562 1649 1618 filii
1668 1567 1864 1618 Aaron

193 1651 551 1716 sacerdotis,
586 1652 732 1706 dum
762 1653 1172 1708 contaminare
1197 1657 1440 1708 externo
1485 1653 1621 1723 igne
1651 1652 1864 1708 altaria

195 1746 604 1813 praesumunt,
637 1741 824 1813 ipsius
859 1741 1062 1796 altaris
1095 1746 1532 1797 consumuntur
1562 1741 1857 1807 incendio,

194 1837 252 1887 ut
283 1837 606 1887 sumerent
637 1831 710 1886 de
743 1831 1036 1887 sacriﬁcio
1075 1847 1341 1902 poenam,
1373 1832 1474 1902 qui
1501 1830 1759 1887 fecerant
1787 1832 1862 1888 de

193 1920 629 1993 propitiatione
642 1925 952 1992 peccatum
969 1921 1128 1990 (Lev.
1144 1919 1204 1992 x)
1220 1938 1233 1976 :
1249 1920 1407 1991 quod
1421 1924 1732 1992 peccatum
1747 1919 1859 1975 illis

195 2010 522 2064 suscitaret
548 2008 804 2064 ebrietas
831 2027 844 2076 ;
873 2024 1016 2064 nam
1036 2009 1157 2063 vini
1175 2008 1326 2064 odor
1350 2008 1599 2064 odorem
1625 2008 1860 2079 fugarat

194 2096 443 2162 incensi,
482 2100 542 2152 et
566 2097 866 2153 ebrietatis
896 2097 1050 2168 ignis
1069 2098 1380 2153 ﬂammam
1409 2101 1762 2170 provocarat
1781 2097 1861 2153 al-

192 2188 349 2241 taris.
383 2186 560 2242 Unde
593 2186 738 2257 quia
771 2186 1008 2242 alienati
1030 2187 1170 2241 vino
1190 2187 1450 2242 alienum
1483 2190 1862 2259 portaverant

193 2275 415 2344 ignem,
439 2291 590 2330 mox
607 2275 806 2331 divino
827 2276 966 2344 igne
987 2275 1321 2331 referuntur
1338 2276 1626 2332 exstincti.
1669 2277 1860 2332 Ebrie-

195 2370 279 2419 tas
311 2364 375 2418 in
417 2363 544 2420 alio
571 2365 797 2420 crimen
828 2370 938 2432 est,
970 2378 994 2407 ο
1023 2364 1086 2420 in
1117 2365 1422 2422 sacerdote
1457 2365 1856 2436 sacrilegium,

195 2453 328 2524 quia
354 2453 513 2508 alter
542 2452 813 2509 animam
841 2469 1012 2508 suam
1039 2460 1208 2510 necat
1236 2454 1399 2521 vino,
1435 2460 1717 2510 sacerdos
1744 2454 1858 2526 spi-

194 2543 367 2596 ritum
388 2542 730 2597 sanctitatis
744 2542 1084 2615 exstinguit,
1104 2542 1337 2599 dicente
1355 2543 1635 2614 Apostolo
1656 2560 1668 2598 :
1686 2544 1860 2616 Spiri-

195 2637 317 2687 tum
342 2632 537 2687 nolite
569 2631 946 2700 exstinguere
979 2633 1022 2703 (l
1051 2633 1216 2689 Thes.
1244 2650 1299 2698 v,
1337 2633 1444 2704 19).
1477 2633 1672 2689 Merito
1709 2634 1860 2689 inter

197 2727 406 2775 caetera
437 2735 580 2791 quae
607 2720 667 2774 in
702 2720 1113 2791 dispensatore
1143 2720 1299 2777 malo
1326 2721 1518 2791 arguit
1539 2721 1858 2777 hodiernus

195 2810 550 2876 sermo,vini
576 2809 941 2866 condemnat
966 2810 1284 2876 insaniam,
1310 2810 1566 2866 dicendo
1593 2826 1605 2867 :
1630 2811 1861 2878 Quodsi

194 2900 347 2955 dicat
362 2915 578 2955 servus
599 2900 726 2964 ille,
754 2915 980 2956 moram
1000 2900 1148 2970 facit
1169 2901 1362 2956 domin
1373 2917 1435 2956 us
1455 2916 1609 2956 meus
1638 2900 1856 2967 venire,

194 2994 242 3044 et
256 2989 513 3058 ceperit
529 2992 1058 3057 percuterepueros
1080 2995 1134 3045 et
1149 2991 1423 3059 ancillas,
1442 2996 1494 3045 et
1523 2989 1692 3046 edere
1703 2996 1756 3046 et
1776 2989 1856 3043 bl-

193 3078 338 3142 bere,
368 3085 424 3133 et
468 3077 786 3133 inebriari.
819 3078 1055 3149 Proprie
1082 3078 1246 3144 dixit,
1276 3079 1448 3134 edere
1475 3083 1530 3134 et
1559 3077 1777 3147 bibere,
1803 3087 1857 3136 et

190 3168 496 3233 inebriari,
522 3172 577 3223 et
606 3172 930 3239 percutere.
956 3168 983 3209 d
1013 3168 1276 3225 Ebrietas
1306 3169 1485 3224 cmdis
1515 3175 1723 3237 mater,
1754 3188 1856 3243 pa-

191 3273 318 3312 rens
341 3256 570 3322 litium,
596 3255 813 3312 furoris
846 3256 1112 3327 genitrix,
1143 3257 1480 3329 petulantiae
1511 3257 1855 3317 deformiter

192 3353 269 3403 est
299 3347 641 3416 magistra:
670 3346 831 3402 hanc
858 3347 954 3418 qui
984 3346 1184 3412 habet,
1215 3363 1278 3403 se
1309 3363 1430 3402 non
1453 3347 1671 3420 habet;
1696 3350 1852 3406 hanc

189 3437 288 3508 qui
317 3436 530 3500 habet,
551 3435 738 3492 homo
759 3451 883 3491 non
899 3441 1013 3507 est;
1047 3436 1202 3492 hanc
1224 3437 1328 3508 qui
1349 3437 1552 3503 habet,
1581 3453 1701 3493 non
1721 3454 1853 3510 pec-

189 3532 389 3581 catum
444 3525 611 3590 facit,
635 3539 661 3566 ο
692 3525 799 3580 sed
825 3530 913 3581 est
949 3526 1074 3597 ipse
1109 3529 1444 3597 peccatum.
1479 3526 1734 3582 Ebrietas
1765 3533 1852 3584 est

188 3615 210 3657 f
242 3614 490 3670 damon
523 3614 811 3681 blandus,
831 3630 1129 3670 venenum
1149 3613 1341 3685 dulce,
1361 3615 1560 3671 rabies
1581 3616 1851 3673 volunta-

187 3704 290 3772 ria,
318 3705 614 3759 invitatus
633 3703 840 3768 hostis,
864 3703 1140 3759 illecebra
1156 3703 1506 3768 honestatis,
1532 3709 1586 3760 et
1608 3706 1849 3777 pudoris

187 3791 408 3862 injuria
441 3808 454 3846 :
483 3791 642 3848 hanc
658 3791 855 3850 nullus
884 3791 1113 3848 noverit
1143 3792 1526 3855 Christianus,
1552 3808 1625 3849 ne
1640 3794 1849 3850 auditu

183 3881 433 3952 quidem
448 3880 734 3937 sacerdos
749 3881 1000 3952 attingat
1015 3898 1029 3946 ;
1043 3896 1115 3936 ne
1128 3881 1534 3952 quiestforma
1546 3885 1843 3950 virtutum,

184 3971 469 4026 vitiorum
499 3969 638 4025 inde
661 3970 785 4038 ﬁat,
810 3975 864 4026 et
889 3971 1226 4026 inveniatur
1251 3971 1611 4042 exemplum.
1632 3974 1846 4028 Verum

249 4132 273 4160 ι
307 4119 448 4173 Mite
478 4123 674 4174 censet
700 4119 990 4173 diabolum
1013 4118 1184 4174 fuisse
1207 4119 1499 4189 quondam
1526 4120 1845 4175 ministrum

183 4192 348 4244 reniw
381 4194 452 4244 ob
506 4191 807 4244 hominum
840 4191 1158 4244 custodiam
1205 4191 1422 4259 angelis
1481 4191 1841 4255 attributam,

184 4262 350 4316 Recte
373 4262 666 4331 equidem.
695 4262 965 4331 Origenes
979 4262 1130 4315 enim
1147 4261 1240 4315 lib.
1260 4268 1353 4315 vui
1377 4266 1575 4314 contra
1593 4262 1838 4328 Celsum,

180 4349 305 4454 pag.
363 4333 493 4396 400,
527 4333 608 4386 ait
647 4336 861 4403 angelos
905 4333 1171 4414 adjuvare
1209 4333 1446 4387 homines
1493 4333 1562 4386 ad
1592 4333 1835 4388 salutem.

205 4409 315 4454 ‘ide
353 4404 832 4454 Chrvsostomum
874 4403 1074 4454 homil.
1108 4404 1211 4454 139
1255 4409 1393 4454 tom-
1431 4405 1496 4454 V.
1532 4420 1660 4454 οδε.
1695 4405 1835 4454 958:

205 4406 315 4456 Fide
353 4404 832 4473 Chrysostomum
874 4403 1074 4457 homil.
1108 4404 1211 4457 139
1255 4409 1393 4458 tom-
1431 4405 1496 4468 V,
1531 4420 1660 4474 pag.
1695 4405 1836 4471 958;

1979 493 2610 565 est,quemadmodum
2627 499 2873 550 cunctos
2893 500 3089 552 teneat
3105 499 3416 569 responsio
3433 501 3629 557 Salva-

1981 581 2146 646 toris,
2170 584 2331 653 quod
2353 598 2471 637 non
2498 583 2569 638 sit
2589 584 2690 655 qui
2715 600 2750 639 a
2779 585 2876 640 Dei
2898 584 3342 658 dispensatione
3368 587 3630 646 invenia-

1978 674 2072 726 tur
2102 675 2441 735 extraneus,
2479 673 2898 744 perquiramus
2929 675 3183 746 Apostoli
3214 675 3460 731 dictum.
3493 678 3628 734 Non

1979 768 2061 818 est
2087 765 2345 831 potestas
2374 763 2492 818 nisi
2515 779 2550 819 ιι
2582 765 2700 819 Deo
2726 765 2916 834 (Rom.
2947 781 3063 834 xui,
3096 766 3172 836 t).
3207 767 3262 821 Si
3293 782 3328 822 a
3376 769 3495 823 Deo
3528 784 3630 839 po-

1979 852 2160 908 testas
2181 852 2393 922 omnis,
2431 868 2465 908 a
2491 852 2611 909 Deo
2638 868 2738 908 rex
2766 854 2943 909 etiam
2969 854 3424 926 dispensationis
3450 861 3626 930 regias

1979 938 2231 1011 adeptus
2258 943 2348 995 est
2367 940 2736 1010 dignitatem.
2767 941 2856 997 Sic
2883 941 3026 1008 dux,
3052 942 3134 997 sic
3163 942 3353 1009 miles,
3388 945 3467 1000 sic
3494 961 3626 1017 pro-

1976 1029 2303 1084 vinciarum
2337 1034 2610 1098 rectores,
2645 1030 2724 1086 sic
2753 1031 2997 1087 urbium
3021 1032 3311 1089 rationem
3341 1034 3624 1091 reddituri

1978 1121 2116 1173 sunt
2150 1134 2359 1173 omnes
2391 1119 2503 1184 isti,
2534 1119 2584 1174 si
2613 1119 2674 1174 in
2697 1119 2814 1175 ullo
2845 1121 3080 1177 creditae
3098 1123 3396 1193 potestatis
3426 1139 3625 1180 exces-

1976 1220 2102 1260 sere
2126 1222 2493 1272 mensuram,
2521 1208 2567 1262 si
2587 1223 2689 1262 rex
2705 1208 2994 1278 justitiam
3023 1210 3351 1275 custodivit,
3377 1212 3423 1266 si
3444 1213 3625 1284 tequi-

1975 1299 2154 1350 tatem
2184 1296 2390 1362 tenuit,
2426 1296 2474 1350 si
2498 1300 2846 1368 potestatem
2870 1298 3213 1353 moderatus
3236 1303 3340 1363 est,
3377 1299 3428 1353 si
3455 1300 3625 1354 mise-

1973 1384 2291 1440 ricordiam
2319 1401 2435 1440 non
2463 1385 2680 1451 omisit,
2729 1386 2775 1441 si
2805 1388 2992 1441 tenuit
3021 1388 3103 1440 sic
3129 1387 3414 1460 ponderis
3445 1404 3533 1443 Slll
3561 1388 3625 1443 li-

1972 1471 2168 1540 bram,
2208 1479 2266 1530 ut
2292 1473 2351 1528 in
2368 1479 2642 1530 neutram
2674 1480 2905 1547 partem
2929 1476 3235 1548 potestatis
3267 1493 3387 1532 sum
3410 1476 3625 1534 trutina

1971 1573 2003 1617 ε
2031 1579 2334 1635 propensa
2359 1563 2699 1630 declinaret,
2741 1564 2788 1620 si
2814 1565 3088 1620 omnium
3119 1581 3325 1621 curam
3347 1567 3550 1638 gessit,
3576 1566 3625 1622 si

1972 1651 2190 1706 civium
2218 1653 2556 1724 procuravit
2584 1655 2865 1725 quietem,
2901 1654 2947 1708 si
2979 1653 3062 1708 sic
3097 1655 3450 1726 temperavit
3487 1671 3624 1712 cen-

1973 1756 2127 1807 sum,
2156 1744 2218 1796 ut
2240 1756 2434 1813 neque
2457 1741 2622 1796 militi
2655 1741 3007 1798 sufﬁcientia
3030 1742 3282 1809 deesset,
3308 1759 3502 1815 neque
3529 1744 3624 1800 tri-

1967 1828 2240 1884 butarius
2264 1830 2605 1885 lassaretur.
2632 1834 2692 1886 Et
2713 1832 2829 1886 dux
2854 1831 3158 1903 praestabit
3177 1835 3290 1887 Deo
3318 1848 3549 1896 causas,
3571 1832 3621 1887 si

1969 1918 2354 1989 sequentibus
2387 1935 2448 1974 se
2489 1919 2746 1990 praebuit
2791 1919 3023 1974 virtutis
3067 1920 3425 1990 exemplum,
3473 1920 3519 1974 si
3558 1920 3620 1975 in

1969 2006 2234 2062 excubiis
2280 2007 2547 2081 pervigil,
2582 2007 2630 2062 si
2670 2008 2730 2062 in
2761 2007 3130 2063 discursibus
3176 2007 3525 2074 indefessus,
3571 2009 3620 2063 si

1967 2110 2180 2167 pacem
2194 2096 2465 2152 omnium
2479 2097 2722 2168 proprio
2734 2096 2938 2151 labore
2950 2097 3621 2170 perquisivit.Rationem

1967 2184 2174 2240 reddet
2195 2188 2250 2240 et
2279 2185 2469 2252 miles,
2494 2186 2540 2239 si
2564 2185 3095 2256 paruitimperatis,
3128 2187 3174 2240 si
3201 2187 3498 2241 concussit
3524 2201 3622 2242 ne-

1967 2275 2214 2343 minem,
2249 2275 2298 2330 si
2320 2279 2565 2347 accepta
2587 2275 2881 2347 stipendia
2902 2275 3236 2346 justissimo
3252 2275 3457 2332 labore
3479 2292 3622 2349 pen-

1967 2363 2133 2419 savit.
2167 2363 2357 2419 Judex
2388 2381 2630 2436 quoque
2647 2364 2855 2435 judicii
2888 2364 2980 2419 sui
3003 2380 3333 2436 supernum
3355 2365 3621 2436 judicem

1969 2453 2377 2510 sustinebit.Et
2398 2457 2458 2509 tu
2480 2454 2581 2525 qui
2603 2453 2886 2509 dominus
2919 2469 2982 2508 es
3003 2453 3222 2510 domus
3242 2454 3622 2528 tuae,dispen-

1967 2546 2224 2598 satorem
2254 2543 2520 2614 positum
2545 2543 2865 2615 plusquam
2897 2542 3211 2599 dominum
3232 2544 3367 2599 volo
3390 2545 3617 2611 credas,

1968 2636 2030 2686 ut
2051 2631 2334 2686 exhibeas
2366 2630 2609 2700 conjugi
2641 2631 2974 2702 simplicem
3004 2632 3374 2696 charitatem,
3409 2633 3622 2688 doctri-

1965 2735 2226 2791 namque
2259 2720 2310 2774 ei
2334 2735 2520 2790 quam
2568 2718 2842 2774 didiceris
2889 2719 2950 2773 in
2996 2718 3254 2774 Ecclesia
3298 2719 3621 2791 prudenter

1964 2808 2247 2864 infundas
2266 2824 2278 2863 :
2295 2806 2715 2880 cuiApostolus
2733 2808 2795 2862 in
2809 2806 3070 2862 Ecclesia
3098 2813 3292 2863 tacere
3318 2809 3615 2879 praecepit,

1934 2959 1936 2961 ,
1967 2902 2022 2953 et
2052 2896 2218 2951 domi
2248 2897 2476 2952 discere
2502 2900 2554 2952 te
2577 2895 2846 2959 docente,
2870 2895 3096 2960 dicens,
3119 2896 3400 2953 Mulieres
3422 2898 3484 2952 in
3507 2897 3618 2953 Ec-

1965 2987 2148 3042 clesiis
2178 2992 2448 3052 taceant;
2472 2987 2523 3041 si
2551 2985 2698 3058 quid
2727 2992 2920 3041 autem
2953 2986 3161 3042 volunt
3191 2985 3429 3052 discere,
3458 2987 3617 3042 domi

1967 3076 2124 3131 viros
2149 3091 2283 3130 suos
2311 3075 2681 3145 interrogent
2711 3074 2756 3145 (ι
2781 3075 2908 3130 Cor.
2932 3073 3051 3140 xiv,
3086 3076 3195 3144 34),
3219 3073 3371 3129 Filiis
3392 3074 3620 3146 impen-

1963 3165 2074 3220 das
2106 3163 2386 3220 aﬂ‘ectum
2430 3163 2718 3228 sobrium,
2771 3162 3079 3219 sollicitam
3119 3178 3347 3226 curam,
3392 3178 3618 3236 eosque

1960 3253 2210 3310 ﬁdeliter
2225 3254 2284 3309 in
2300 3252 2536 3309 Domini
2561 3253 2822 3308 enutrias
2837 3251 3102 3323 disciplin
3112 3251 3369 3309 a.Servis
3393 3251 3616 3310 victum

1962 3345 2018 3398 et
2052 3343 2329 3398 vestitum
2365 3341 2626 3398 debitum
2648 3341 3148 3406 reddas,remittas
3166 3340 3390 3411 culpas,
3421 3341 3615 3397 minas

1961 3431 2538 3504 temperes,imperes
2551 3430 2955 3503 disciplinam,
2979 3428 3270 3485 ethabeas
3288 3444 3389 3484 eos
3407 3428 3613 3485 fratres

1958 3522 2244 3594 progenie
2270 3520 2512 3586 caelesti,
2535 3535 2690 3593 quos
2708 3518 2981 3574 subditos
2999 3517 3308 3574 mundana
3337 3517 3612 3590 possides

1960 3611 2258 3666 servitute.
2291 3609 2408 3665 Vos
2435 3624 2677 3681 quoque
2705 3607 2856 3664 servi
2887 3606 3112 3663 debetis
3160 3606 3406 3663 domino
3427 3605 3611 3662 ﬁdem

1959 3698 2020 3755 in
2048 3699 2178 3771 ipsa
2208 3714 2391 3771 quam
2421 3697 2624 3768 geritis
2650 3697 2946 3761 servitute,
2968 3696 3110 3768 quia
3129 3695 3233 3768 qui
3260 3698 3359 3769 pio
3378 3700 3432 3752 et
3457 3710 3610 3768 puro

1960 3788 2137 3844 corde
2169 3787 2390 3844 carnali
2425 3787 2670 3842 domino
2711 3786 2980 3842 debitum
3023 3800 3146 3841 non
3189 3786 3398 3842 reddet
3441 3785 3612 3842 obse-

1957 3877 2187 3949 quium,
2240 3877 2355 3931 Deo
2409 3878 2545 3931 ante
2598 3874 2703 3947 qui
2738 3874 2923 3931 corda
2951 3873 3131 3944 videt,
3164 3891 3350 3947 quam
3376 3875 3608 3930 homini

1956 3969 2186 4022 tenetur
2219 3963 2535 4035 obnoxius,
2579 3963 2683 4035 qui
2723 3967 2775 4019 te
2806 3978 3014 4034 parem
3043 3962 3177 4018 fecit
3224 3978 3325 4033 per
3355 3964 3608 4032 gratiam

1951 4113 2135 4168 rarius
2167 4115 2332 4184 Oper.
2367 4112 2568 4168 subcis.
2604 4115 2759 4184 tom.
2779 4112 2819 4175 Ι,
2848 4128 2975 4182 pag.
3008 4111 3132 4184 443.
3163 4111 3248 4184 ‘Ad
3276 4110 3603 4184 satietatem

1954 4186 2184 4240 consule
2212 4181 2509 4240 Stuchium
2536 4182 2811 4252 Antiquit.
2846 4181 3135 4237 Convival.
3161 4181 3257 4252 lib.
3276 4183 3364 4245 Ill,
3390 4198 3512 4252 cap.
3548 4183 3604 4240 8.

2023 4270 2048 4297 θ
2076 4255 2272 4310 Ebrius
2300 4272 2413 4309 non
2449 4255 2585 4309 facit
2615 4251 2911 4324 peécatum
2942 4255 3078 4307 dum
3107 4251 3293 4308 ebrius
3324 4256 3426 4324 est,
3464 4251 3603 4323 quo-

1951 4327 2110 4382 niam
2140 4343 2206 4382 ex
2229 4327 2449 4382 defectu
2476 4324 2714 4380 rationis
2745 4324 2984 4378 liberam
3006 4341 3121 4378 non
3155 4323 3601 4380 habetvolunta-

1949 4401 2086 4452 tem.
2116 4400 2243 4453 Mox
2264 4400 2398 4452 dum
2430 4397 2611 4451 voluit
2635 4396 2900 4451 inebriari
2936 4395 3042 4450 fuit
3069 4400 3350 4466 peccator.
3388 4398 3440 4450 S.
3461 4396 3603 4450 Tho—

181 4466 544 4556 Basilium'in
585 4491 721 4556 .cap.
762 4474 1059 4556 VlllAisaiE,
1107 4480 1247 4555 tom.
1276 4477 1329 4556 .l,
1375 4466 1502 4556 pag:
1531 4466 1695 4543 1012,
1743 4466 1836 4531 ubi
1875 4494 1918 4550 Β
1949 4487 2074 4552 mas
2103 4473 2194 4524 2-2
2225 4474 2420 4556 quaest.
2459 4470 2596 4556 .150.
2631 4466 3604 4556 At'contractanebrietateAefficitur

183 4546 367 4618 angeli
402 4546 671 4599 dicuntur
715 4554 996 4600 curatores
1027 4547 1242 4615 generis
1269 4546 1512 4600 humani.

243 4618 269 4657 ἱ)
305 4618 624 4671 Hominum
669 4618 879 4672 scilicet
910 4622 966 4670 et
1018 4617 1352 4687 angelorum
1398 4636 1408 4672 :
1466 4619 1811 4686 quemadmo

184 4688 338 4750 dum,
383 4705 450 4742 eo
502 4690 643 4743 duce
675 4693 730 4744 et
775 4705 1109 4758 persuasore
1154 4689 1340 4759 angeli
1387 4695 1692 4743 sectatores
1732 4706 1834 4744 nec

187 4775 289 4812 non
339 4758 607 4814 homines
663 4777 983 4830 peccavere,
1018 4764 1078 4814 ut
1118 4758 1324 4814 dicitur
1360 4760 1667 4830 Apocalyp.
1698 4777 1832 4825 xxii,

185 4831 243 4882 14
279 4849 289 4882 ;
339 4831 547 4884 Traxit
575 4847 752 4886 secum
782 4834 1001 4886 tertiam
1024 4837 1234 4901 partem
1259 4831 1556 4886 stellarum.
1593 4832 1760 4885 Mm.

247 4913 269 4973 ς
303 4901 443 4973 Vide
474 4918 740 4966 canones,
778 4903 873 4973 qui
916 4903 1299 4962 Apostolorum
1327 4903 1713 4956 inscribuntur
1751 4918 1835 4957 re-

186 4969 292 5044 gul.
324 4972 414 5034 42,
447 4977 503 5044 et
542 4969 1024 5028 Adverszarthii
1061 4974 1158 5029 lib.
1211 4992 1273 5027 ιν
1301 4991 1422 5044 cap.
1458 4975 1507 5038 1,
1551 4974 1833 5029 Valeriani

188 5041 386 5116 homil.
433 5043 498 5098 19
527 5045 680 5116 apud
707 5045 1076 5101 Sirmondum
1110 5049 1250 5100 tom.
1283 5045 1299 5097 Ι
1327 5041 1618 5116 pag._396.

250 5115 273 5187 fi
306 5116 489 5169 Tanta
521 5115 808 5169 malorum
841 5132 1000 5187 seges
1051 5116 1233 5170 oritur
1270 5132 1334 5170 ex
1366 5114 1656 5179 ebrietate,
1699 5119 1762 5169 ut
1787 5115 1831 5169 si

189 5185 261 5238 vel
307 5202 494 5255 pauca
538 5185 989 5252 recenserentur,
1024 5192 1176 5242 nota;
1211 5188 1411 5240 modus
1446 5187 1830 5241 excederetur.

191 5255 315 5328 Fide
332 5258 884 5327 Nyssenum,homil.
903 5259 970 5312 de
987 5259 1271 5328 baptismo
1289 5261 1426 5311 tom.
1452 5258 1514 5320 ll,
1542 5274 1668 5328 pag.
1690 5258 1786 5310 221
1818 5273 1830 5324 ;

192 5326 477 5400 Basilium,
511 5334 656 5383 orat.
693 5331 760 5382 14
781 5346 914 5400 pag.
945 5326 1080 5395 489i
1118 5326 1828 5400 Chrysostomum,vhomil.

197 5397 248 5450 Π
274 5401 328 5452 in
362 5402 377 5452 ι
410 5402 538 5456 Cor.
570 5405 711 5454 tom.
749 5397 808 5465 νζ
839 5397 930 5455 tibi
963 5401 1124 5465 plura
1148 5397 1437 5454 ebrietatis
1465 5400 1834 5454 incommoda

197 5419 244 5450 ιι
274 5419 328 5452 1n
362 5419 377 5452 ι
410 5419 538 5456 nor.
570 5419 711 5454 tom.
755 5419 808 5465 ν,
839 5419 930 5455 um
1002 5419 1124 5455 iura
1148 5419 1437 5454 enrietaus
1465 5419 1834 5454 incommoaa

197 5477 506 5548 enumerat,
522 5487 624 5548 nec
648 5473 720 5525 ab
734 5489 801 5548 ea
824 5419 1248 5548 quaefiabethic
1271 5471 1648 5548 Chrysologus
1673 5471 1834 5526 valde

199 5539 504 5615 dissimilia,
521 5545 736 5615 August
750 5539 906 5597 inu'm
930 5544 1068 5598 item
1083 5543 1150 5597 ad
1170 5559 1360 5598 sacras
1378 5539 1643 5615 virgines,
1663 5559 1833 5613 quem

199 5609 296 5666 hoc
323 5613 472 5669 idem
491 5609 899 5688 argumentum
925 5618 1360 5689 prosequentem
1407 5609 1604 5670 laudat
1631 5609 1835 5683 Came-

1948 4538 2258 4623 ipsummet
2283 4545 2600 4611 peccatum,
2624 4540 2758 4610 quia
2788 4539 2842 4593 in
2867 4543 3094 4610 peccato
3121 4555 3250 4593 cum
3269 4538 3341 4592 sit
3361 4539 3603 4593 ebrieta-

1948 4619 2038 4664 tis.
2073 4614 2142 4664 ab
2178 4613 2297 4664 inso
2333 4629 2697 4664 nequaquam
2725 4617 2858 4664 tunc
2897 4626 3126 4664 surgere
3157 4610 3344 4664 vellet.
3377 4627 3508 4664 cum
3535 4610 3599 4664 il-

3000 4628 3126 4652 σξη-ρ
3157 4628 3341 4652 νριιρῐγ
3377 4628 3505 4652 nnm
3535 4628 3599 4652 11-

1947 4614 2038 4677 tis,
2073 4614 2142 4666 ab
2178 4614 2297 4682 ipso
2333 4629 2697 4681 nequaquam
2725 4617 2858 4664 tunc
2897 4626 3126 4681 surgere
3157 4614 3344 4673 vellet,
3377 4627 3508 4664 cum
3535 4614 3596 4664 il-

1945 4684 2040 4738 lud
2076 4684 2520 4762 non_in_telligat,
2555 4688 2653 4762 aut
2682 4682 2866 4762 libera
2904 4683 3198 4762 voluntate
3223 4682 3552 4762 abhorreat
3581 4696 3596 4735 :

1945 4772 2119 4825 quare
2167 4755 2354 4809 ebrius
2400 4758 2691 4825 peccatum
2741 4754 2978 4820 dicitur;
3011 4754 3117 4825 hoc
3155 4756 3241 4808 est
3278 4755 3598 4825 subjectum

1943 4824 2368 4881 inconvertibile
2402 4824 2481 4879 ad
2510 4827 2724 4880 bonum
2755 4824 3123 4894 poenitentiae,
3157 4826 3293 4877 dum
3322 4824 3444 4894 ipsa
3468 4839 3598 4894 per-

1945 4899 2109 4952 durat
2129 4899 2390 4952 ebrietas.
2421 4901 2574 4952 ΜιτΑ.
2605 4926 2674 4936 -
2700 4893 2808 4950 Séd
2838 4895 3080 4951 fortasse
3112 4894 3286 4952 tantis
3313 4893 3426 4947 non
3456 4893 3598 4948 indi¢

1942 4971 2112 5040 gebat
2165 4969 2566 5040 Chrysologus,
2609 4967 2715 5040 Aqui
2767 4967 2858 5021 hic
2899 4972 3170 5038 peccatum
3200 4966 3440 5035 sumpsit
3493 4979 3594 5035 pro

1943 5038 2322 5096 maledictione
2355 5047 2404 5093 et
2435 5038 2741 5110 approbrio,
2776 5042 2881 5110 etc.

2016 5113 2037 5153 τ
2074 5111 2414 5166 Ebrietatem
2450 5104 2694 5165 daemoni
2724 5107 3028 5163 assimilari
3060 5121 3224 5177 posse
3268 5121 3383 5160 non
3421 5104 3595 5162 solius

1945 5181 2272 5253 Chrysologi
2288 5181 2573 5236 sententia
2594 5186 2700 5235 est.
2723 5179 2985 5253 Basilius,
3002 5176 3142 5233 orat.
3168 5176 3231 5230 14
3243 5181 3407 5253 vocat
3419 5177 3597 5253 eb_ri_e_-

1943 5247 2122 5308 tatem
2142 5247 2422 5306 dceirtonem
2440 5254 2828 5308 voluntarium.
2857 5247 3595 5320 Chrysostomus,homil.7li

1945 5330 2084 5378 tom.
2117 5325 2155 5377 V
2189 5340 2317 5394 pag.
2346 5325 2469 5388 582,
2513 5332 2811 5394 postquam
2836 5325 2892 5375 et
2921 5320 3045 5394 ipse
3087 5320 3310 5394 vocavit
3360 5321 3597 5394 ebrieta-

1945 5400 2061 5450 tem
2115 5391 2406 5448 dcemonem
2458 5391 2860 5459 voluntarium,
2917 5391 3078 5448 addit
3135 5391 3344 5447 ebrium
3404 5392 3590 5448 daemo-

1944 5468 2096 5522 niaco
2120 5482 2226 5520 esse
2257 5464 2595 5519 deteriorem.

2015 5538 2158 5592 slta
2215 5553 2281 5592 ex
2344 5535 2565 5591 Latinio
2631 5533 2846 5608 placuit
2901 5534 3235 5596 emendare.
3305 5533 3595 5593 Editiones

1941 5625 2226 5684 perpensa.
