3978 6184
377 298 496 386 iis

1671 319 1732 380 s.
1779 292 1991 378 parui
2031 294 2503 374 caavsoroci.

3670 305 3790 367 276

382 468 565 528 quem
587 426 848 510 conditio
878 424 1097 509 fecerat
1124 424 1430 524 disparem
1457 432 1680 506 vilitate
1708 422 1923 504 servili.
1958 444 2037 499 De
2068 434 2116 503 Α
2147 457 2279 499 nem
2304 442 2533 515 (Matth.
2561 459 2722 500 xxvx.
2753 442 2867 513 41).
2890 454 2915 485 ο
2943 444 3010 498 Et
3030 441 3294 497 statuens
3323 436 3576 512 qualiter
3591 439 3798 511 vigila-

378 532 539 602 1ivite
572 542 717 611 quid
743 541 985 598 dicam?
1015 540 1120 614 qui
1168 544 1395 613 quanto
1442 539 1576 613 plus
1621 537 1821 603 habet,
1875 540 2038 591 tanto

384 632 643 706 amplius
676 630 872 687 debet.

451 726 672 780 Desunt
722 719 1031 775 nonnulla.
1082 717 1344 791 Denique
1377 716 1555 774 simul
1589 716 1801 780 reddit,
1851 710 2033 769 simul

384 810 563 867 tradit
588 807 751 864 alteri
783 823 949 878 :quas
977 807 1026 861 si
1052 806 1304 862 noluerit
1320 806 1584 871 reddere,
1607 804 1857 875 singulis
1879 816 2039 857 com-

383 899 579 955 mittat
596 912 699 968 per
719 897 1010 967 partes.Et
1035 899 1373 967 tu,pauper,
1393 895 1782 950 commissam
1804 892 1906 948 tibi
1926 889 2040 944 dis'

384 984 791 1058 pensationem
817 998 938 1038 non
970 998 1222 1053 parvam
1256 982 1625 1055 paupertatis
1657 982 1959 1037 existimes
1991 975 2038 1030 si

381 1074 676 1147 patienter
696 1071 868 1137 feras,
898 1072 943 1126 si
978 1072 1245 1141 ingratus
1267 1087 1385 1127 non
1408 1071 1507 1137 sis,
1538 1070 1589 1126 si
1610 1070 1691 1125 sis
1718 1068 1808 1124 vel
1835 1068 1892 1123 in
1910 1067 2042 1137 ipsa

384 1159 741 1219 necessitate
754 1160 988 1215 sobrius
1001 1165 1056 1216 et
1071 1160 1316 1231 frugalis
1344 1177 1357 1226 ;
1376 1161 1423 1215 si
1439 1158 1607 1215 danti
1631 1174 1777 1228 agas
1800 1155 2037 1228 gratias,

385 1266 509 1307 non
528 1249 691 1305 danti
709 1264 829 1304 non
850 1248 1086 1320 ingeras
1101 1248 1793 1320 blasphemansinjurias
1813 1264 1825 1313 ;
1848 1244 1899 1299 si
1919 1249 2043 1299 tan-

384 1344 508 1398 tum
526 1352 752 1412 quaeras
764 1342 1060 1410 quantum
1076 1336 1177 1392 dat
1195 1335 1746 1400 misericordia,non
1760 1336 2038 1405 quantum

386 1426 681 1500 cupiditas
703 1425 1048 1497 importuna
1072 1424 1391 1496 compellit.
1413 1426 1574 1481 Certe
1605 1428 1659 1479 et
1681 1429 1760 1493 tu,
1790 1434 2037 1494 pauper,

386 1516 489 1589 qui
520 1515 769 1571 libenter
798 1513 971 1585 petis,
994 1513 1073 1568 da
1102 1513 1279 1567 etiam
1311 1517 1371 1568 tu
1405 1512 1654 1568 libenter
1675 1509 2037 1584 petentibus.

390 1604 503 1661 Sed
532 1603 679 1660 forte
709 1601 877 1667 dicis,
900 1604 1023 1657 Non
1043 1600 1240 1656 habeo
1275 1601 1379 1655 :sit
1398 1600 1582 1656 dandi
1601 1600 1856 1667 animus,
1879 1604 1935 1653 et
1950 1596 2041 1652 fa-

387 1692 575 1749 cultas
604 1705 726 1746 non
756 1689 940 1746 deerit
964 1688 1278 1759 largiendi,
1296 1704 1451 1760 pone
1476 1688 1812 1745 advenienti
1832 1686 2040 1742 sellam

2132 538 2325 607 retur,
2350 534 2567 606 adjecit
2590 552 2603 590 :
2627 534 2706 590 Et
2731 534 2787 589 si
2806 533 3029 590 venerit
3048 531 3106 584 in
3129 528 3389 586 secunda
3412 530 3641 599 vigilia,
3670 536 3725 587 et
3746 530 3800 586 si

2146 620 2208 675 in
2229 623 2404 677 tertia
2427 622 2630 693 vigilia
2662 623 2905 685 venerit,
2931 627 2985 677 et
3012 623 3095 676 ita
3122 618 3451 687 invenerit;
3488 617 3645 674 beati
3659 627 3799 674 sunt

2147 712 2303 765 servi
2312 710 2421 787 illi,
2438 726 2581 785 quos
2594 728 2725 768 cum
2741 712 2983 773 venerit,
3004 710 3283 765 invenerit
3303 706 3606 777 vigilantes
3628 708 3795 778 (Luc.

2148 815 2247 863 xu,
2282 802 2369 864 39,
2396 800 2509 871 37).
2540 800 2606 856 Et
2634 799 2810 871 plane
2834 799 3013 865 beati,
3049 797 3192 869 quia
3221 797 3325 868 qui
3356 794 3672 864 vigilantet
3698 810 3802 853 an-

2148 886 2392 959 ticipant
2420 888 2592 944 dolos
2613 889 2896 955 hostium,
2914 887 2988 943 de
3015 884 3246 941 Domini
3275 883 3365 938 sui
3386 883 3801 953 gloriabuntur

2149 977 2428 1033 adventu.
2449 978 2628 1033 Hodie
2643 984 2839 1033 tamen
2860 975 3313 1046 Dominusipsas
3331 977 3671 1029 nostrorum
3694 974 3801 1030 du—

2149 1080 2287 1120 cum
2305 1070 2511 1121 contra
2533 1066 2818 1122 scandala
2832 1064 3229 1133 exsuscitavit,
3259 1067 3313 1118 et
3343 1062 3601 1118 armavit
3624 1078 3802 1119 excu-

2136 1152 2299 1219 ‘bias,
2330 1155 2587 1211 dicendo
2610 1155 2688 1211 ad
2708 1153 3026 1226 discipulos
3060 1170 3073 1208 :
3106 1151 3471 1221 Impossibile
3490 1158 3576 1209 est
3596 1158 3660 1207 ut
3683 1167 3802 1207 non

2150 1244 2390 1301 veniant
2411 1245 2700 1300 scandala
2724 1241 3053 1315 (Luc.xv1i).
3075 1242 3189 1297 Hoc
3208 1245 3313 1305 est,
3330 1240 3698 1312 impossibile
3720 1246 3807 1297 est

2151 1338 2211 1388 ut
2243 1347 2365 1388 non
2396 1332 2636 1388 veniant
2658 1332 2879 1388 hostes.
2915 1334 2979 1387 Et
3005 1330 3265 1402 primum
3299 1331 3507 1385 fratres
3526 1329 3679 1385 scire
3698 1344 3809 1386 nos

2150 1421 2421 1477 convenit
2443 1420 2725 1477 scandala
2739 1420 2868 1476 haec
2885 1419 3028 1492 quid
3046 1419 3181 1474 sint.
3208 1417 3235 1458 ει
3266 1418 3699 1474 Scandalorum
3717 1432 3809 1489 ge.

2148 1526 2294 1566 nera
2322 1514 2460 1565 sunt
2484 1511 2736 1575 diversa,
2785 1514 2841 1565 et
2870 1509 3065 1581 prima
3116 1513 3251 1563 sunt
3292 1507 3392 1563 illa
3415 1522 3551 1580 quae
3582 1507 3810 1564 diaboli

2150 1598 2312 1655 fraus
2342 1599 2611 1670 parturit.
2644 1598 2919 1653 Secunda
2959 1600 3117 1661 sunt,
3152 1612 3287 1668 quae
3317 1600 3558 1664 generat
3588 1596 3809 1652 callidi-

2154 1693 2246 1743 tas
2273 1687 2562 1743 humana.
2594 1688 2786 1743 Tertia
2834 1691 2988 1756 sunt,
3023 1702 3157 1757 quae
3185 1685 3337 1757 parit
3365 1686 3498 1757 ipsa
3525 1701 3597 1741 ex
3627 1685 3805 1741 nobis

389 1786 740 1853 tuam,pone
755 1777 2038 1842 mensamtuam,candelabrum,lucernam:
2076 1800 2121 1859 Β
2155 1777 2434 1848 suspicax
2462 1782 2519 1832 et
2563 1776 2808 1832 incauta
2832 1779 3063 1831 natura.
3100 1778 3162 1829 Et
3190 1790 3225 1829 a
3256 1774 3502 1830 diabolo
3541 1780 3679 1830 sunt
3710 1774 3810 1830 illa

387 1876 540 1927 certe
580 1886 651 1924 ex
695 1884 766 1924 eo
796 1867 962 1940 quod
1006 1868 1284 1939 accepisti
1319 1871 1618 1936 gratanter
1659 1881 1916 1938 appone.
1950 1863 2043 1919 Sic

388 1959 542 2017 Elias
570 1958 656 2031 (IIl
692 1956 830 2027 Reg.
865 1955 1028 2029 xvii),
1072 1956 1158 2011 sic
1208 1954 1448 2011 Elisaaus
1479 1955 1573 2022 (ιν
1600 1957 1739 2024 Reg.
1788 1960 1868 2024 iv)
1898 1952 2045 2008 dum

388 2048 693 2106 declinant
708 2045 786 2101 ad
806 2045 1125 2100 viduarum
1138 2059 1361 2100 vacuas
1381 2044 1655 2115 etinopes
1678 2041 2044 2105 mansiones,

390 2136 629 2209 copiose
660 2133 827 2206 quod
858 2133 1049 2189 viduis
1082 2133 1301 2198 deerat,
1342 2131 1786 2204 suppleverunt.
1821 2130 2051 2203 Adjecit

392 2227 589 2278 autem
610 2220 893 2276 Dominus
908 2221 985 2276 ad
1002 2221 1513 2276 conﬁrmationem
1532 2218 1933 2275 similitudinis
1945 2219 2050 2273 hu-

386 2309 485 2380 jus
499 2308 755 2364 dicendo
781 2309 922 2366 :Ille
936 2313 1132 2365 autem
1160 2324 1362 2365 servus
1382 2309 1486 2380 qui
1510 2307 1782 2378 cognovit
1795 2306 2052 2364 uolunta-

395 2403 506 2454 tem
524 2396 749 2452 domini
767 2399 879 2463 sui,
898 2403 951 2453 et
973 2414 1092 2453 non
1120 2413 1180 2454 se
1190 2398 1574 2468 przparavit,
1600 2400 1653 2453 et
1670 2412 1789 2451 non
1813 2397 1956 2464 fecit
1969 2410 2049 2452 se-

398 2486 650 2543 cundum
670 2486 1025 2543 voluntatem
1040 2486 1711 2557 ejus,vapulabitmultis
1724 2499 1745 2556 ,'
1763 2487 2051 2555 quiautem

393 2590 515 2631 non
538 2575 808 2645 cognovit
824 2581 877 2631 et
894 2574 1044 2644 fecit
1066 2576 1251 2645 digna
1272 2575 1482 2645 plagis,
1510 2574 1814 2644 vapulabit
1828 2576 2049 2644 paucis.

395 2662 495 2719 Ille
510 2663 743 2735 quidem
761 2664 860 2737 qui
875 2678 974 2736 per
986 2664 1409 2720 conscientiam
1426 2668 1628 2735 peccat
1646 2664 1911 2728 I,merito
1924 2678 2054 2735 gra-

395 2751 528 2808 vius
559 2751 730 2809 solvit
762 2752 1139 2808 conscientiae
1163 2767 1413 2825 pmnas;
1444 2752 1546 2807 sed
1568 2752 1744 2808 etiste
1766 2766 1872 2824 per
1891 2751 2056 2822 igno-

395 2840 603 2898 rantiae
622 2840 855 2915 culpas,
871 2841 1083 2915 plagas
1106 2841 1453 2911 ignorantiae
1471 2856 1593 2897 non
1608 2840 1815 2897 vitabit
1834 2858 1847 2897 :
1866 2841 2055 2897 Deum

399 2928 550 2987 sicut
570 2934 950 2988 contemnere
967 2946 1087 2987 non
1110 2931 1264 3001 licet,
1288 2929 1374 2986 sic
1394 2928 1422 2972 δ
1454 2945 1577 2986 non
1594 2929 1733 2986 licet
1758 2928 2056 3000 ignorare.

995 3055 1221 3113 SERMO
1263 3056 1465 3113 XXVII.

864 3170 953 3227 De
977 3171 1267 3228 seandalo
1294 3171 1584 3228 tollendo.

472 3286 537 3341 In
565 3283 871 3358 procinctu
919 3284 1059 3341 belli
1098 3300 1335 3358 semper
1378 3286 1592 3357 vigiliae
1624 3291 1764 3343 sunt
1804 3286 2056 3344 militum

406 3371 767 3442 distributae,
797 3377 861 3429 ut
907 3372 1137 3428 insidiis
1186 3373 1268 3429 nil
1304 3373 1499 3443 liceat,
1538 3375 1625 3430 nil
1658 3379 1858 3447 pateat
1887 3373 2056 3429 dolis.

403 3461 948 3518 Perniciosissimus
975 3461 1154 3517 nimis
1176 3466 1267 3518 est
1288 3463 1631 3535 repentinus
1660 3462 1848 3519 hostis
1873 3480 1886 3531 ;
1918 3478 2060 3519 nam

408 3555 508 3608 aut
531 3550 756 3608 inscios
780 3551 1084 3623 praevenit,
1109 3556 1211 3608 aut
1241 3552 1512 3608 incautos
1541 3557 1938 3623 praeoccupat,
1961 3556 2065 3611 aut

406 3639 1083 3713 opprimitdormientes.
1099 3640 1243 3696 Hinc
1264 3647 1349 3696 est
1364 3640 1527 3712 quod
1545 3640 1809 3695 Christus
1825 3656 1927 3696 rex
1952 3656 2066 3697 no-

409 3732 529 3784 ster
543 3731 679 3783 ante
692 3726 911 3783 saecula
923 3744 1025 3799 per
1036 3733 1222 3785 totam
1242 3728 1438 3784 saeculi
1462 3732 1683 3783 noctem
1698 3726 1914 3784 milites
1928 3744 2064 3784 suos

407 3814 840 3890 pmmandatis
866 3816 1198 3887 vigiliarum
1217 3816 1447 3872 vicibus
1468 3816 1843 3871 commonuit
1858 3821 2066 3874 contra

408 3903 658 3975 diaboli,
688 3904 750 3962 id
776 3911 885 3973 est,
919 3906 1130 3962 veteris
1154 3906 1341 3961 hostis
1361 3904 1823 3962 subtilissimum
1840 3906 2062 3974 dolum,

410 3998 618 4054 contra
636 3994 883 4053 latentes
908 3995 1169 4068 impetus
1194 3994 1499 4059 vitiorum.
1520 4000 1727 4051 contra
1751 3996 2064 4054 criminum

408 4084 1203 4150 insidiasirruentes,contra
1229 4083 1516 4139 scandala
1537 4100 1672 4156 quae
1688 4085 1864 4141 nobis
1888 4086 2065 4142 variis

410 4173 683 4231 oriuntur
694 4190 763 4229 ex
778 4173 995 4237 causis,
1006 4177 1213 4230 contra
1225 4177 1589 4229 tentamenta
1604 4174 1902 4245 praesentis
1916 4174 2063 4241 vitae,

411 4267 619 4319 contra
631 4264 865 4317 urentes
878 4262 1038 4317 acies
1052 4260 1415 4317 smcularium
1431 4277 1634 4333 pressu
1644 4278 1852 4327 rarum,
1881 4262 2069 4319 taliter

414 4347 802 4403 admonendo
818 4367 829 4405 :
847 4349 1108 4418 Vigilate
1118 4355 1171 4403 et
1185 4353 1371 4415 orate,
1386 4365 1459 4404 ne
1482 4352 1712 4405 intretis
1725 4352 1787 4405 in
1801 4352 2066 4405 tentatio-

2155 1881 2290 1937 quae
2308 1865 2524 1922 fallunt
2546 1868 2757 1936 specie,
2786 1880 2920 1936 qum
2937 1863 3313 1936 praetendunt
3331 1863 3495 1919 bona
3521 1879 3659 1919 cum
3688 1879 3811 1919 ma-

2155 1955 2211 2010 la
2233 1953 2490 2010 inferant
2526 1971 2538 2009 :
2566 1955 2719 2010 sicut
2742 1953 2883 2009 illud
2911 1951 2988 2009 ad
3012 1953 3226 2018 Adam,
3246 1968 3381 2007 cum
3404 1951 3579 2008 nobis
3600 1952 3813 2009 huma-

2157 2058 2238 2098 na
2260 2042 2522 2106 abstulit,
2550 2041 2696 2097 dum
2719 2042 2921 2096 divina
2939 2041 3224 2111 promittit
3244 2040 3412 2111 (Gen.
3432 2041 3536 2104 iii).
3559 2044 3623 2095 Et
3639 2041 3810 2102 illud.

2157 2133 2323 2205 quod
2348 2148 2451 2204 per
2466 2132 2698 2188 Petrum
2718 2132 2881 2188 :Non
2906 2131 3016 2187 tibi
3028 2131 3136 2187 hoc
3156 2131 3286 2199 erit,
3307 2130 3551 2187 Domine
3570 2131 3811 2200 (Matth.

2159 2226 2295 2290 xvn).
2330 2221 2718 2293 Triumphum
2772 2221 2962 2276 crucis
2995 2235 3254 2275 vacuare
3298 2220 3619 2284 contendit,
3673 2236 3814 2275 cum

2160 2311 2385 2367 fervere
2416 2326 2477 2365 se
2504 2308 2689 2364 nimio
2716 2324 2917 2364 amore
2941 2308 3239 2364 mentitur.
3272 2310 3421 2364 Nam
3450 2324 3589 2363 cum
3622 2308 3818 2364 Domi-

2160 2414 2275 2454 nus
2299 2399 2639 2469 loqueretur
2680 2397 2983 2469 passionis
3014 2412 3138 2452 sum
3182 2396 3457 2466 gloriam,
3505 2396 3820 2468 respondit

2160 2504 2267 2560 per
2296 2489 2534 2542 Petrum
2569 2506 2580 2539 :
2611 2487 2739 2543 Non
2773 2486 2875 2541 tibi
2919 2486 3031 2542 hoc
3068 2486 3181 2541 erit
3212 2485 3477 2543 Domine.
3509 2487 3817 2541 Venenum

2160 2592 2345 2649 quam
2371 2576 2543 2631 dulce
2568 2578 2859 2647 serpentis
2888 2592 2900 2630 :
2934 2582 3069 2631 ante
3101 2574 3240 2630 facit
3269 2574 3515 2630 militem
3543 2574 3694 2645 regis
3721 2575 3816 2630 sui

2163 2676 2382 2736 negare
2404 2664 2940 2731 victoriam,servus
2956 2664 3084 2736 ipse
3107 2664 3425 2720 Dominum
3450 2678 3621 2735 quam
3636 2678 3819 2735 nega-

2162 2759 2267 2811 ret.
2286 2754 2449 2810 Unde
2470 2755 2753 2809 Dominus
2767 2770 3001 2808 servum
3021 2758 3152 2825 post
3166 2768 3227 2808 se
3249 2753 3443 2818 mittit,
3462 2752 3817 2809 scandalum

2165 2842 2405 2899 remittit
2426 2841 2649 2898 auctori
2671 2858 2682 2897 :
2708 2842 2963 2897 dicendo
2987 2842 3062 2897 ad
3078 2844 3310 2897 Petrum
3336 2858 3349 2896 :
3382 2842 3533 2898 Vade
3549 2848 3678 2910 post
3694 2858 3774 2897 me
3796 2860 3813 2914 ;

2166 2930 2469 2987 etdiabolo
2492 2942 2544 2985 :0
2571 2930 3205 2996 Satanas,scandalum
3219 2929 3368 2984 mihi
3380 2944 3434 2985 es
3446 2929 3816 2999 (Matthxvr,

2166 3021 2281 3091 23).
2308 3022 2518 3074 Etvere
2531 3024 2664 3091 post
2690 3018 3008 3074 Dominum
3032 3018 3195 3074 vadit
3208 3020 3429 3082 Petrus,
3444 3016 3582 3090 quia
3603 3023 3821 3073 uteum

2167 3110 2507 3180 sequeretur
2518 3108 2587 3162 ad
2603 3108 3080 3171 cmlum,crucem
3096 3106 3406 3178 resupinus
3419 3105 3824 3162 ascendit.Sed

2168 3201 2225 3252 et
2254 3195 2397 3251 illud
2429 3202 2518 3251 est
2538 3196 2890 3252 scandalum
2917 3195 3051 3262 tale,
3071 3196 3234 3267 quod
3251 3194 3388 3251 fecit
3410 3195 3641 3250 Judmis.
3666 3197 3825 3251 Nam

2167 3284 2429 3356 lapidem
2447 3283 2761 3340 ﬁrmandis
2776 3284 3034 3353 vestigiis
3047 3284 3256 3347 latum,
3270 3284 3330 3338 in
3345 3288 3525 3340 totam
3549 3282 3823 3348 suleavit,

2169 3377 2227 3429 et
2237 3373 2606 3445 exasperavit
2619 3372 2908 3429 oﬂ‘ensam
2919 3416 2933 3439 ,
2948 3378 3004 3429 et
3015 3374 3191 3429 totius
3205 3371 3576 3428 fundamenti
3591 3376 3826 3443 petram

2168 3462 2340 3518 vertit
2354 3463 2413 3517 in
2428 3461 2877 3527 scandalum,ut
2889 3468 3044 3517 esset
3056 3461 3288 3517 miseris
3301 3462 3378 3516 ad
3399 3462 3654 3517 ruinam.
3671 3460 3830 3518 Ecce

2167 3566 2343 3620 pono,
2371 3551 2581 3623 inquit,
2611 3553 2672 3606 in
2700 3551 2846 3607 Sion
2871 3551 3128 3620 lapidum
3152 3550 3491 3621 o/fensiom's
3515 3557 3567 3606 et
3587 3556 3825 3619 petram

2169 3640 3015 3711 scandali(lsai.vui,t4).Hinc
3028 3644 3113 3696 est
3137 3638 3303 3711 quod
3317 3638 3630 3693 Psalmista
3642 3637 3829 3694 anxia

2173 3728 2595 3801 supplicatione
2609 3728 2903 3799 deposcit:
2925 3727 3172 3784 Custodi
3184 3743 3268 3784 me
3279 3743 3315 3784 a
3331 3728 3529 3799 laqueo
3540 3742 3697 3798 quem
3709 3733 3828 3783 sta-

2174 3823 2416 3873 tuerunt
2440 3818 2605 3885 mihi,
2626 3825 2679 3874 et
2698 3834 2733 3874 a
2752 3819 3054 3874 scandatis
3070 3820 3446 3887 operantium
3465 3817 3829 3889 iniquitatem

2173 3908 2355 3979 (Psal.
2386 3924 2513 3974 ch,
2546 3907 2623 3979 9).
2658 3907 2720 3962 Et
2749 3908 2894 3979 quia
2924 3907 3277 3964 transilierat
3305 3907 3622 3971 offensam,
3656 3921 3831 3961 scan-

2173 3994 2379 4051 dalum
2405 3996 2641 4060 vicerat,
2672 3994 2859 4050 taliter
2884 3994 3170 4066 gloriatur
3197 4013 3210 4051 :
3248 3996 3320 4050 In
3348 4002 3519 4064 petra
3540 3994 3832 4051 exaltasti

2173 4100 2281 4154 me,
2298 4090 2348 4139 et
2362 4084 2661 4141 deduxisti
2675 4099 2782 4151 me,
2805 4084 2943 4155 quia
2955 4084 3156 4154 factus
3170 4099 3225 4140 es
3239 4099 3367 4153 spes
3380 4098 3507 4139 mea
3527 4084 3715 4154 (Psal.
3733 4099 3826 4148 ιι,

2176 4177 2226 4239 3,
2258 4174 2334 4243 4).
2362 4172 2629 4227 Diximus
2657 4170 2918 4243 primum
2948 4187 3137 4242 genus
3164 4170 3455 4237 scandali,
3479 4170 3753 4225 dicamus
3773 4176 3833 4226 et

2176 4261 2511 4316 secundum
2531 4260 2695 4332 quod
2712 4260 2787 4317 de
2808 4261 3075 4317 humana
3087 4260 3404 4317 calliditate
3426 4258 3685 4316 diximus
3698 4275 3835 4315 eve-

2175 4349 2321 4405 nire.
2333 4348 2695 4405 Scandalum
2708 4348 2933 4421 populo
2947 4348 3264 4406 Israelitico
3290 4347 3313 4391 τ
3348 4351 3592 4404 Balaam
3605 4347 3835 4404 divina-

486 4510 512 4541 ι
541 4496 595 4574 ll_
615 4496 763 4574 Petr.
785 4496 921 4560 11,21
943 4513 954 4550 :
975 4496 1171 4553 Melius
1195 4496 1338 4574 enim
1363 4502 1481 4550 erat
1508 4496 1620 4574 illis
1637 4514 1741 4551 non
1762 4513 2070 4574 cognoscere
2099 4515 2143 4574 ι)
2176 4497 2389 4574 Satanas
2419 4503 2881 4574 autempomen,
2910 4500 3065 4574 quod
3103 4499 3595 4574 Aestadversarius,
3636 4497 3837 4574 iistri-

415 4567 557 4623 viam
560 4568 708 4636 justi
712 4568 820 4629 tiae,
837 4584 997 4691 (Luam
1009 4574 1125 4638 post
1140 4568 1463 4648 agnitionem
1477 4572 1779 4622 retrorsum
1801 4572 2063 4626 converti.

487 4638 517 4681 ιι
543 4637 776 4691 Tertull.
808 4637 845 4691 li
894 4679 905 4691 .
935 4640 1006 4691 de
1033 4642 1255 4691 PCBDlt..
1289 4639 1598 4691 ignorantes
1631 4640 1913 4691 Dominum
1943 4642 2063 4691 nul-

487 4638 517 4681 δ
543 4637 776 4693 Tertull.
808 4637 905 4691 lib.
935 4637 1017 4693 de
1033 4637 1255 4703 Posuit,
1289 4639 1598 4709 ignorantes
1631 4640 1913 4696 Dominum
1943 4642 2068 4697 nul-

394 4710 476 4765 "la
503 4709 736 4791 enuptio
762 4715 977 4791 tutatur
1000 4727 1035 4763 a
1054 4726 1230 4791 pana.

486 4793 511 4823 ο
538 4780 740 4852 Prima
770 4780 958 4852 vigilia
980 4781 1233 4837 cubitum
1256 4780 1389 4849 itur,
1422 4784 1478 4836 et
1500 4798 1627 4837 eam
1663 4798 1776 4837 non
1804 4783 2069 4839 nominat

415 4850 691 4907 Christus.
719 4850 984 4924 Secunda
1004 4852 1197 4924 vigilia
1219 4856 1343 4924 erat
1360 4856 1638 4908 nocturna
1663 4858 1846 4916 nocte,
1876 4859 1932 4909 et
1952 4856 2067 4910 alto

416 4924 534 4994 iam
567 4939 791 4996 somno.
840 4922 1029 4979 Tertia
1070 4922 1296 4996 vigilia,
1333 4923 1523 4979 media
1571 4927 1697 4996 jam
1738 4930 1942 4980 nocte:
1994 4927 2067 4981 ad

415 4996 576 5066 cujus
606 4995 780 5067 ﬁnem
811 4999 1016 5065 quarta
1042 4995 1480 5066 appropinquat,
1525 4995 1676 5065 quod
1716 5001 1801 5051 est.
1846 5002 2067 5067 tempus

415 5066 774 5137 exsurgendi.
807 5067 937 5121 Vult
981 5082 1113 5138 ergo
1144 5067 1396 5122 Christus
1430 5083 1531 5121 nos
1564 5067 1795 5137 vigilare
1826 5068 1949 5137 ipso
1970 5066 2068 5123 eo-

416 5138 547 5191 dem
576 5142 853 5208 tempore,
883 5154 995 5208 quo
1026 5154 1227 5193 omnes
1252 5138 1564 5203 dormiunt,
1593 5139 1842 5193 secunda
1857 5139 2068 5196 scilicet

414 5211 472 5262 et
500 5207 670 5279 tertia
700 5207 906 5279 vigilia.

487 5278 513 5316 ά
545 5277 687 5353 Vide
708 5277 1077 5353 _Basilium‘in
1112 5278 1305 5353 Regul.
1342 5278 1657 5335 Breviorib.
1694 5296 1840 5352 resp.
1871 5282 1944 5336 ad
1984 5281 2069 5336 in-

485 5429 511 5457 ο
539 5419 666 5472 Non
696 5419 817 5474 haec
842 5438 973 5477 vere
1029 5422 1278 5487 diabolo,
1330 5422 1427 5477 sed
1476 5423 1637 5477 Petro
1670 5422 1822 5478 dicta
1851 5428 1985 5478 sunt
2031 5441 2066 5480 ι

414 5487 664 5565 Christo.
705 5490 1112 5565 Intelligendus
1155 5510 1288 5563 ergo
1332 5493 1733 5564 Cbrysologus,
1766 5496 1918 5565 quod
1949 5495 2067 5551 haec

416 5509 664 5545 onusto.
705 5509 1112 5615 intelligendus
1155 5510 1288 5563 ergo
1332 5509 1733 5564 Carysmogus,
1766 5509 1918 5565 quoa
1950 5509 2066 5551 haec

416 5558 680 5642 dicantur
727 5560 987 5642 diabo_o,.
1023 5564 1136 5642 qui
1168 5582 1267 5642 per
1312 5566 1681 5642 tentationem
1724 5567 2066 5642 suggerebat

415 5630 577 5708 Petro
611 5646 622 5684 :
657 5646 719 5686 ea
745 5647 859 5703 qua:
888 5633 989 5708 Dei
1011 5630 1405 5708 sunt—minime
1438 5638 1698 5708 sapienti,
1729 5630 1911 5692 sed'ea
1934 5653 2062 5708 quos

414 5702 686 5762 hominum
710 5709 861 5773 sunt,
895 5703 1081 5779 inquit
1125 5704 1395 5781 Origenes
1433 5702 1720 5766 in'Matth.
1768 5724 1899 5784 pag.
1930 5702 2059 5769 286.

2178 4570 2473 4634 buebatur,
2495 4570 2589 4640 qui
2607 4569 2815 4624 divinae
2840 4569 3117 4626 voluntati
3139 4572 3610 4625 adversabantur.
3636 4569 3836 4641 Orige-

2176 4658 2277 4714 nes
2315 4645 2515 4714 contra
2546 4640 2771 4714 Celsum
2805 4640 2900 4697 lib.
2937 4659 2989 4697 Vl
3023 4660 3150 4714 pag.
3181 4643 3321 4714 306:
3350 4642 3615 4697 Caeterum
3636 4640 3833 4697 Satan.

2175 4713 2398 4767 Hebraea
2426 4712 2637 4784 lingua
2674 4712 2867 4777 dictus,
2911 4719 2961 4767 et
3007 4731 3038 4767 a
3067 4712 3398 4784 quibusdam
3431 4714 3613 4784 forma
3656 4714 3835 4784 magis

2177 4728 2398 4767 ueorwa
2447 4728 2637 4837 lingua
2674 4728 2867 4777 uictus,
2911 4728 2961 4767 et
3007 4731 3038 4767 a
3067 4728 3398 4784 qutousaam
3431 4728 3613 4783 [arma
3656 4729 3833 4784 magis

2177 4783 2493 4855 Grtecanica
2552 4786 2745 4838 atanas
2774 4785 3108 4855 nominatus,
3135 4786 3407 4855 signiﬁcat
3431 4783 3833 4839 adversarium.

2175 4854 2253 4908 De
2307 4853 2462 4926 vocis
2488 4858 2725 4926 Aetymo,
2760 4854 2971 4910 mirum
3000 4853 3200 4926 quam'
3223 4853 3431 4911 blande
3485 4855 3838 4911 allucinatur

2175 4924 2450 4998 Justinus,
2484 4924 2540 4998 in
2576 4925 2810 4996 Dialogo
2835 4944 2965 4982 cum
2997 4924 3296 4998 Tryphone
3327 4943 3455 4998 pag.
3487 4927 3610 4981 331.

2247 4995 2269 5038 τ’
2303 4995 2702 5068 Chrysologus,
2724 4995 2861 5052 dum
2897 4995 3131 5052 Balaam
3151 4995 3531 5053 divinatorem
3555 4996 3833 5068 appellat,

2176 5082 2374 5140 eorum
2407 5068 2698 5124 sententiae
2730 5069 2949 5124 videtur
2978 5068 3263 5133 assentiri,
3307 5068 3666 5140 opinantium
3710 5070 3837 5140 Da-

2177 5138 2332 5212 laam
2361 5155 2471 5193 non
2501 5141 2837 5212 prophetam
2855 5156 2995 5203 esse,
3026 5142 3125 5196 sed
3144 5141 3327 5196 virum
3347 5138 3589 5212 'magicis
3611 5139 3839 5212 artibus

2176 5211 2453 5265 deditum.
2487 5210 2713 5266 Ariolus
2741 5216 2973 5267 vocatur
3000 5214 3168 5267 Num.
3211 5228 3343 5277 xxu,
3373 5213 3428 5265 5.
3464 5210 3611 5265 'Vide
3640 5210 3841 5281 Orige-

2178 5297 2311 5353 nem
2338 5287 2534 5337 contra
2565 5283 2785 5338 Celsum
2813 5299 2826 5349 ;
2850 5288 3067 5338 auctor.
3103 5283 3268 5353 Oper.
3294 5282 3523 5353 Imperf.
3550 5282 3607 5337 in
3626 5282 3835 5336 Matth.

2177 5350 2377 5408 homil.
2412 5354 2475 5419 2;
2515 5353 2787 5423 Cyrillum
2840 5350 3286 5409 Alexandrinum
3340 5350 3435 5409 lib.
3470 5372 3524 5408 iv
3577 5357 3636 5409 et
3676 5369 3731 5407 v1
3763 5354 3839 5409 de

2174 5424 2343 5478 Ador.
2375 5425 2429 5478 in
2454 5425 2605 5495 Spir.
2634 5442 2647 5488 ;
2671 5424 3034 5480 Ambrosium
3058 5425 3231 5495 Epist.
3256 5425 3353 5480 lib.
3385 5439 3406 5481 Ι
3427 5424 3591 5480 class.
3611 5429 3834 5479 recent.

2173 5495 2309 5567 edit.
2337 5512 2350 5560 ;
2376 5498 2661 5565 Lyranum
2684 5496 3059 5567 ;Cajetanum
3084 5514 3099 5561 ;
3124 5498 3333 5551 Lucam
3357 5498 3603 5567 Brugen.
3633 5497 3840 5551 Janse~

2173 5566 2354 5639 nium,
2378 5567 2631 5622 'l‘irinum
2666 5566 2773 5639 hic.
2798 5566 3182 5639 Hieronymus
3206 5584 3335 5623 vero
3369 5584 3435 5622 ex
3462 5566 3835 5622 Hebraeorum

2172 5636 2458 5708 Opinione,
2481 5643 2642 5709 putat
2661 5638 2996 5694 Balaamum
3015 5636 3216 5695 verum
3239 5638 3840 5696 Deumcoluisse.Cer-

2170 5712 2225 5769 te
2248 5711 2427 5768 Moses
2441 5711 2615 5769 Num.
2629 5726 2765 5779 χχιι,
2785 5712 2839 5777 8,
2858 5710 3020 5783 9,12,
3047 5712 3135 5779 18,
3158 5712 3245 5780 19,
3264 5710 3354 5777 20,
3373 5726 3635 5786 expresse
3654 5714 3837 5771 testa»
