3978 6184
355 272 471 331 295

1653 268 1711 329 S.
1760 266 1970 329 PETRI
2014 260 2487 327 CHRYSOLOGI.

3652 268 3768 334 296

356 400 738 457 immundam
755 396 1002 457 Iudaica
1024 397 1117 456 lex
1149 404 1406 465 notarat,
1438 400 1669 457 dicens:
1696 397 2007 457 Immunda
2038 399 2087 459 A
2118 396 2450 456 vulneratos
2481 416 2711 465 curare,
2752 402 2857 474 qui
2900 401 3180 459 latentem
3211 401 3524 460 muﬁerem
3562 412 3771 477 praete-

354 492 486 555 erit,
502 498 551 546 et
574 496 841 547 sanctum
866 507 979 546 non
998 491 1296 560 continget
1314 489 1470 561 (Lev.
1489 491 1612 562 xw)
1629 509 1646 563 ;
1664 491 2007 559 contingere

356 584 648 647 metuens,
664 596 737 635 ne
762 578 1078 635 Judaicum
1096 580 1378 649 furorem,
1400 578 1631 651 nelegis
1645 585 1850 651 posset
1871 578 2008 634 sub-

354 668 438 723 ire
464 667 1040 724 sententiam.Dicere
1075 683 1188 722 non
1215 672 1301 722 est
1327 683 1584 733 ausa,ne
1615 668 2005 724 circumstan—

355 757 501 813 tium
528 756 917 812 confunderet
946 761 1000 811 et
1031 760 1301 811 oneraret
1335 757 1716 823 auditum,ne
1729 757 2009 827 ﬁeretpo—

355 845 635 918 pulorum
665 844 1040 916 fabula,quae
1063 848 1149 900 tot
1170 847 1342 901 annis
1374 856 1401 887 ει
1432 846 1691 902 stadium
1710 851 1765 902 et
1789 848 2010 918 σκάμμα

355 933 546 989 fuerat
576 933 1261 1006 passionum.Siquidem
1285 940 1341 991 et
1365 934 1627 1008 amplius
1659 934 1807 991 ferre
1838 939 1894 990 et
1913 950 2006 989 su-

356 1021 570 1077 stinere
597 1021 1101 1079 dolordiuturnus
1121 1025 1509 1079 etcontinuus
1522 1040 1643 1080 non
1669 1023 1920 1088 sinebat,
1955 1028 2010 1078 et

355 1110 717 1165 deliberandi
732 1116 953 1183 tempus
967 1111 1179 1167 Christi
1195 1114 1601 1183 praetereuntis
1615 1112 1881 1168 celeritas
1894 1127 2010 1166 am-

355 1200 626 1271 putabat,
654 1205 710 1255 et
734 1216 765 1255 e
792 1207 997 1256 contra
1020 1206 1268 1257 noverat
1296 1203 1461 1275 quod
1475 1202 1709 1271 tacenti,
1731 1200 1895 1273 quod
1914 1217 2010 1257 oc-

355 1289 619 1354 cultanti,
650 1288 929 1345 morbum
962 1306 1138 1345 suum
1164 1291 1388 1346 sanitas
1418 1307 1539 1346 non
1561 1290 1820 1346 daretur.
1858 1294 2010 1345 [nter

354 1378 481 1434 haec
520 1377 678 1434 bella
689 1378 1145 1448 cogitationum,
1161 1378 1349 1435 solam
1376 1379 1583 1434 salutis
1598 1379 1758 1435 viam
1775 1378 2004 1442 mulier,

354 1482 559 1523 curam
593 1472 655 1522 nt
693 1466 1010 1537 furaretur,
1033 1467 1275 1532 invenit,
1302 1473 1612 1540 utraperet
1642 1467 1817 1524 tacita
1842 1466 2010 1540 quod

353 1562 550 1630 petere
580 1571 697 1611 non
724 1555 1048 1621 valebat,et
1072 1572 1179 1628 pro
1205 1556 1681 1612 suaverecundia
1710 1562 1766 1612 et
1790 1572 1899 1628 pro
1922 1571 2011 1611 re-

352 1646 615 1701 verentia
630 1644 966 1717 praestaturi
990 1661 1002 1710 ;
1019 1650 1075 1700 et
1095 1661 1229 1717 quae
1247 1661 1367 1701 non
1381 1645 1723 1701 merebatur
1739 1660 2004 1717 corpore,

354 1734 532 1791 corde
561 1734 987 1806 perveniretad
1006 1735 1326 1801 medicum,
1341 1736 1458 1791 tide
1476 1738 1860 1801 Deum,manu
1882 1740 2010 1789 tan-
2039 1762 2085 1820 Β

356 1827 481 1880 tum
505 1828 770 1895 tangeret
798 1823 1260 1878 vestimentum:
1295 1823 1488 1878 sciens
1531 1824 1687 1879 hanc
1736 1823 2009 1879 fraudem

354 1929 476 1970 non
507 1914 697 1969 solum
720 1913 977 1978 veniam,
1005 1913 1109 1968 sed
1133 1919 1188 1969 et
1210 1913 1542 1969 remedium
1568 1918 2005 1985 praestaturam,

352 2018 539 2075 quam
567 2019 687 2059 non
700 2001 1105 2067 volnntas,sed
1130 2002 1453 2058 necessitas
1474 2001 1815 2059 verecunda
1835 2016 2011 2073 gene-

352 2093 536 2162 ravit;
567 2092 897 2166 praesertim
928 2108 1067 2148 cum
1094 2091 1664 2148 etfurantislucrum
1694 2094 2007 2164 quaereret,

354 2184 411 2237 et
433 2182 485 2238 ei
510 2182 604 2238 cui
622 2181 1003 2237 auferebatur
1016 2180 1252 2239 nullum
1273 2181 1540 2253 gigneret
1562 2181 2005 2249 detrimentum,

353 2268 382 2312 ι)
406 2271 572 2326 Pium
595 2268 994 2337 latrocinium,
1028 2270 1188 2342 quod
1223 2270 1497 2326 ministra
1520 2269 1662 2333 ﬁde,
1688 2269 1806 2325 ﬁde
1831 2274 2006 2324 attra-

352 2357 528 2415 hente
557 2359 1117 2415 committitur.Ecce
1147 2358 1247 2413 ubi
1272 2360 1455 2414 virtus
1481 2364 1566 2414 est
1592 2357 1847 2429 quaesita
1870 2373 2007 2413 con-

353 2448 566 2514 trariis,
584 2447 684 2503 nbi
707 2447 867 2502 fraus
882 2446 994 2502 ﬁde
1007 2447 1395 2502 conveniente
1415 2447 1577 2519 quod
1594 2446 1891 2501 nitebatur
1903 2446 2004 2501 ob-

353 2536 748 2594 tinuit.Mulier
777 2536 928 2591 inter
957 2535 1436 2608 comprimentes,
1463 2542 1525 2590 ut
1559 2534 1885 2590 nesciretur
1914 2550 2007 2590 ac-

354 2624 529 2695 cedit,
556 2626 1010 2698 etprmsumpsit
1026 2624 1205 2681 furari
1226 2640 1289 2680 se
1310 2639 1483 2697 posse
1495 2639 1702 2679 curam
1720 2622 1837 2679 ﬁde
1855 2623 2004 2692 sola,

355 2720 420 2771 ut
447 2716 653 2772 habitu
678 2715 885 2771 lateret
915 2720 968 2769 et
998 2718 1429 2785 corpore;retro
1452 2713 1698 2781 accedit,
1717 2718 1770 2768 et
1806 2712 1885 2768 ad
1921 2712 2008 2767 vi-

354 2804 613 2861 dendum
633 2820 694 2860 se
717 2802 1032 2877 judicabat
1058 2801 1392 2872 indignam.
1416 2801 1654 2857 Curavit
1675 2800 1822 2856 ﬁdes
1855 2800 2009 2856 intra

354 2891 541 2951 ictum
572 2893 879 2966 temporis,
899 2892 1063 2964 quod
1089 2891 1408 2948 duodecim
1422 2893 1594 2947 annis
1620 2906 1717 2945 ars
1737 2890 2009 2945 humana

354 2998 564 3039 curare
597 2997 717 3037 non
746 2982 954 3053 potuit.
984 2980 1119 3035 Post
1158 2980 1271 3035 hoc
1308 2978 1651 3050 exemplum
1709 2994 1818 3034 suo
1868 2978 2008 3034 vitio

353 3072 537 3140 longa
562 3070 739 3126 trahit
762 3070 819 3124 in
851 3068 1239 3138 languoribus
1280 3074 1569 3139 tempora,
1603 3072 1658 3122 et
1690 3084 1797 3123 sua
1819 3067 2011 3138 negli-

355 3121 990 3228 geminatae:
1006 3121 1269 3227 qius,
1286 3121 1625 3212 iamest
1651 3121 1866 3227 curari,
1896 3121 2006 3211 ;gd
2035 3121 2081 3181 ο

353 3250 693 3303 aromatum
711 3242 1043 3316 dispendiis
1055 3244 1341 3299 onerari.c
1368 3244 2006 3315 Tetigitvestimentum

351 3334 583 3401 mulier,
617 3339 673 3389 et
697 3339 903 3389 curata
928 3338 1055 3389 est:
1084 3338 1141 3389 et
1169 3334 1247 3389 ab
1294 3336 1542 3406 antiquo
1600 3340 1687 3390 est
1730 3334 2007 3391 absoluta

349 3422 655 3496 languore.
673 3423 877 3493 Miseri,
903 3422 1282 3495 quiquotidie
1304 3438 1522 3495 corpus
1544 3422 1781 3478 Domini
1794 3426 2004 3479 tracta-

348 3530 485 3569 mus
515 3517 571 3569 et
601 3511 916 3576 sumimus,
949 3518 1004 3567 et
1034 3528 1069 3567 a
1096 3511 1315 3567 nostris
1332 3511 1674 3567 vulneribus
1694 3526 1815 3566 non
1838 3527 2005 3567 cura-

350 3617 502 3657 mur.
536 3603 659 3658 Non
692 3600 956 3656 Christus
986 3600 1455 3667 inﬁrmantibus,
1491 3599 1598 3655 sed
1622 3600 1769 3654 ﬁdes
1790 3599 1960 3655 deest
1986 3618 2000 3654 :

349 3705 494 3745 nam
523 3690 700 3745 multo
728 3690 920 3758 magis
953 3688 1133 3745 modo
1156 3690 1215 3745 in
1250 3689 1423 3745 nobis
1451 3688 1477 3729 εἰ
1507 3703 1759 3744 manens
1790 3689 2003 3760 poterit

419 3835 447 3867 ι
476 3824 746 3878 Scamma
774 3822 1127 3893 passionum,
1175 3823 1367 3878 Italico
1398 3822 1673 3878 vocabulo
1708 3822 1999 3893 bersagtio,

350 3894 521 3967 Mirs.
550 3923 619 3934 —
649 3897 721 3948 At
745 3894 1460 3967 uappafrequentissima
1484 3910 1595 3967 vox
1648 3894 1799 3967 apud
1851 3894 2002 3967 Grae-

348 3982 443 4020 cos
471 3964 763 4021 dicebatur
793 3964 949 4020 locus
975 3966 1031 4019 in
1062 3966 1272 4034 stadio,
1298 3966 1414 4021 sive
1449 3966 1618 4029 circo,
1680 3966 1771 4020 ubi
1821 3965 2002 4020 athle-

347 4041 420 4093 tae
450 4040 769 4093 certabant.
803 4038 861 4094 S.
896 4038 1140 4107 Ephrem
1172 4040 1280 4091 sub
1312 4036 1473 4091 initio
1530 4036 1659 4092 libri
1708 4038 1779 4091 de
1809 4037 1999 4092 Certa-

348 4110 500 4164 mine
530 4108 810 4179 spirituali
840 4125 851 4163 :
879 4126 1115 4163 scamma
1168 4116 1243 4163 est
1297 4112 1440 4163 locus
1497 4110 1728 4179 medius,
1792 4110 1849 4162 in
1894 4125 1999 4179 quo

346 4178 574 4236 athletae,
587 4180 892 4237 certabant.
928 4180 1299 4251 Frequentius
1328 4182 1501 4235 etiam
1551 4178 1857 4251 locusipse
1883 4196 2001 4234 cer-

345 4252 577 4307 taminis
611 4269 623 4305 :
657 4252 1094 4321 Chrysostomns
1116 4252 1173 4305 in
1207 4251 1412 4305 Psalm.
1447 4267 1621 4306 XLVIII
1655 4269 1669 4307 :
1727 4250 1996 4320 Scamma,

345 4322 438 4374 ubi
465 4322 700 4375 stadium
730 4330 781 4376 et
806 4322 948 4375 lucta
977 4329 1077 4378 est.
1110 4323 1463 4391 Quandoque
1512 4328 1677 4377 notat
1705 4327 1999 4375 certamen

345 4391 731 4471 ipsum."liinc
751 4392 1029 4471 Hesychia
1075 4395 1363 4471 σὲξὲμμῑατα
1410 4397 1543 4471 sunt
1581 4394 1787 4471 almus;
1824 4397 1999 4471 certa-

2116 486 2274 543 riens
2298 489 2380 545 sic
2396 491 2639 546 curavit.
2676 489 2899 547 Snﬁicit
2924 490 3119 555 hodie,
3153 491 3381 558 fratres,
3429 492 3579 551 furta
3608 495 3771 564 ﬁdei,

2116 581 2172 632 et
2196 578 2429 634 Domini
2450 579 2856 651 praetereuntis
2883 595 3159 636 narrasse
3190 581 3465 638 virtutem
3501 600 3513 635 :
3547 598 3654 639 cur
3670 600 3777 642 au-

2117 668 2235 721 tem
2256 667 2539 723 Dominus
2568 668 2741 724 veluti
2775 669 3059 738 ignorans
3094 671 3324 742 quaerit,
3357 687 3542 743 quam
3586 673 3775 730 virtu-

2118 754 2188 810 tis
2215 771 2337 811 suae
2368 771 2547 827 opere
2570 756 2677 813 scit
2708 762 2998 824 curatam,
3029 756 3174 829 quia
3198 774 3359 814 nunc
3380 758 3631 832 longum
3662 766 3773 833 est,

2118 844 2384 915 sequenti
2416 860 2689 901 sermone
2715 844 3119 900 narrabimus.

2689 934 2924 990 SERMO
2968 935 3193 990 XXXIV.

2766 1024 2851 1079 De
2878 1023 3110 1079 eisdem.

2189 1111 2409 1167 Omnes
2436 1111 2796 1181 evangelicae
2827 1111 3129 1179 lectiones,
3161 1111 3371 1169 fratres
3411 1114 3774 1189 charissimi,

2118 1214 2344 1268 magna
2374 1198 2544 1255 nobis
2574 1200 2969 1271 etprmsentis,
2992 1206 3048 1255 et
3072 1199 3283 1256 futurae
3297 1202 3426 1258 vita:
3455 1205 3778 1262 commoda

2115 1286 2469 1357 largiuntur.
2504 1287 2618 1343 Sed
2650 1287 2936 1344 hodierna
2963 1288 3155 1354 lectio,
3189 1294 3247 1345 et
3272 1295 3460 1347 totum
3502 1294 3661 1365 quod
3684 1300 3779 1351 est

2118 1378 2265 1449 spei,
2298 1378 2563 1447 contulit,
2581 1383 2637 1434 et
2655 1378 2948 1451 quidquid
2971 1379 3464 1451 estdeperationis
3494 1384 3775 1441 exclusit.

2119 1469 2214 1522 Est
2244 1467 2420 1523 nobis
2441 1467 2592 1523 dura
2622 1473 2675 1523 et
2705 1466 2980 1523 deﬂenda
3008 1468 3271 1525 conditio
3302 1486 3313 1525 :
3360 1486 3607 1543 peccare
3660 1489 3777 1530 nos

2118 1567 2143 1596 ο
2172 1555 2631 1627 cogitfragilitas
2659 1557 2887 1621 innata,
2919 1557 3253 1613 etconﬁteri
3274 1559 3551 1630 prohibet
3568 1562 3781 1618 confu-

2119 1646 2207 1700 sio
2230 1650 2489 1716 cognata
2518 1646 2738 1717 peccati
2762 1663 2775 1713 ;
2808 1645 3026 1701 malum
3040 1648 3197 1702 enim
3229 1646 3421 1704 facere
3439 1652 3636 1721 pudor
3648 1667 3777 1707 non

2120 1738 2224 1805 est,
2258 1740 2312 1789 et
2339 1734 2530 1805 pudor
2559 1739 2647 1790 est
2668 1733 2935 1790 conﬁteri
2970 1749 2983 1789 :
3018 1735 3301 1792 timemus
3339 1737 3554 1806 dicere,
3603 1741 3778 1813 quod

2118 1824 2473 1879 committere
2504 1838 2625 1878 non
2658 1823 2950 1878 timemus.
2972 1824 3085 1879 Sed
3112 1824 3291 1880 hodie
3314 1824 3336 1866 ί
3376 1826 3606 1893 mulier,
3631 1845 3776 1885 cum

2116 1918 2408 1985 quaereret
2433 1911 2794 1967 medicinam
2820 1912 3052 1968 tacitam
3071 1925 3101 1965 8
3129 1913 3361 1970 vulneri
3404 1918 3773 1988 verecundo,

2117 1999 2341 2056 invenit
2355 1999 2398 2055 si
2408 2000 2961 2072 lentium,perquod
2975 2000 3162 2072 possit
3173 2007 3444 2073 peccator
3456 2005 3525 2059 ad
3544 2007 3773 2060 veniam

2122 2088 2647 2162 pervenire.Prima
2677 2094 2767 2145 est
2797 2088 3779 2166 felicitasinpeccatorumturpitu-

2116 2177 2321 2233 dinem
2354 2193 2474 2233 non
2505 2178 2757 2243 venisse,
2788 2177 2888 2232 sed
2914 2176 3157 2233 felicitas
3176 2185 3263 2233 est
3285 2182 3547 2236 secunda
3561 2198 3780 2253 pecca-

2116 2274 2310 2322 torum
2326 2265 2563 2322 veniam
2578 2266 2837 2336 peccatis
2850 2265 3165 2320 latentibus
3179 2267 3492 2323 invenisse.
3508 2273 3622 2325 Hoc
3637 2288 3778 2343 pro-

2114 2355 2295 2427 pheta
2315 2360 2601 2424 senserat,
2632 2355 2736 2425 qui
2763 2354 3002 2409 dicebat
3023 2370 3033 2409 :
3057 2354 3240 2420 Beati,
3263 2372 3512 2427 quorum
3524 2374 3780 2416 remissa:

2112 2450 2248 2499 sunt
2273 2444 2643 2514 iniquitates:
2658 2449 2711 2499 et
2732 2458 2985 2514 quorum
3002 2450 3155 2499 tecta
3179 2450 3317 2499 sunt
3329 2452 3573 2514 peccata
3585 2450 3775 2516 (Psal.

2116 2532 2297 2605 xxxx).
2321 2531 3778 2607 Ecce,inquitevangelista,muiier,quarsanguinis

2112 2623 2342 2692 ﬂuxum
2352 2621 2672 2693 patiebatur
2683 2620 2753 2677 ab
2768 2622 2942 2677 annis
2954 2621 3522 2687 duodecim,accessit
3538 2632 3701 2682 retro
3716 2634 3777 2683 et

2119 2714 2305 2782 tetigit
2334 2710 2616 2779 ﬁmbriam
2640 2710 2964 2766 vestimenti
2975 2712 3103 2779 ejus
3128 2712 3367 2783 (Matth.
3385 2714 3776 2785 ix).Confugit

2118 2801 2317 2855 mulier
2340 2800 2420 2856 ad
2441 2798 2622 2854 ﬁdem
2648 2799 2921 2865 subitam,
2950 2800 3045 2854 cui
3072 2799 3254 2869 longa
3280 2800 3770 2860 defeceratcnra:

2116 2903 2253 2961 quae
2283 2887 2756 2944 confundebatur
2769 2887 3129 2943 medicinam
3148 2894 3365 2960 petere,
3386 2889 3567 2946 furari
3585 2892 3779 2949 voluit

2118 2979 2433 3034 sanitatem
2458 2976 2695 3043 ;nesciri
2723 2992 2783 3032 se
2806 2977 2884 3033 ab
2916 2992 2986 3033 eo
3018 2977 3223 3044 voluit,
3250 2994 3419 3051 aquo
3440 2995 3501 3035 se
3523 2982 3779 3038 credidit

2117 3082 2293 3139 posse
2323 3065 2639 3122 salvari.Ut
2668 3081 2769 3121 aer
2782 3071 3090 3122 ventorum
3112 3066 3455 3132 turbinc,sie
3468 3070 3780 3139 cogitatio-

2116 3173 2252 3212 num
2268 3155 2537 3229 procellis
2554 3154 2749 3210 mulier
2763 3156 3495 3227 turbabatnrzconﬂigebat
3510 3175 3639 3213 cum
3653 3160 3778 3216 ﬁde

2116 3261 2318 3313 causa,
2342 3261 2479 3300 cum
2502 3244 2711 3300 timore
2739 3246 3238 3317 spes,necessitas
3265 3261 3400 3301 cum
3427 3247 3653 3319 pudore
3676 3265 3688 3313 ;
3708 3251 3778 3304 ti-

2116 3334 2301 3390 moris
2319 3332 2505 3403 frigus
2533 3334 2945 3403 exstinguebat
2966 3333 3328 3390 crudelitatis
3348 3335 3646 3403 ardorem,
3670 3338 3781 3392 ob-

2117 3421 2595 3479 scurabatlncem
2616 3420 2792 3477 ﬁdeib
2825 3422 2908 3477 vis
2923 3422 3190 3494 pudoris,
3206 3423 3333 3496 spei
3347 3424 3777 3483 conﬁdentiam

2113 3512 2437 3569 necessitas
2451 3511 2781 3566 verecunda
2797 3511 2925 3567 fran
2934 3510 3219 3581 gebat.Sic
3234 3531 3279 3566 m
3290 3513 3436 3569 ulier
3447 3515 3640 3584 magni
3654 3531 3779 3571 ma-

2112 3602 2192 3658 ris
2221 3602 2407 3655 instar
2418 3598 2679 3655 confusis
2696 3600 3780 3674 aestibquactabaturzqumrebatquo-

2114 3689 2296 3746 modo
2322 3688 2540 3744 faceret
2567 3688 2866 3743 occultum
2898 3689 2972 3743 de
2990 3689 3252 3761 publico,
3288 3690 3362 3745 de
3379 3691 3553 3746 turba
3577 3707 3778 3747 secre-

2112 3822 2266 3879 enim
2303 3822 2484 3894 Moses
2511 3822 2739 3894 Denter.
2780 3838 2915 3888 nn,
2952 3822 3036 3888 12,
3068 3826 3130 3877 ut
3170 3822 3391 3878 Hebraei
3423 3822 3480 3878 in
3520 3828 3774 3894 quatuor

2112 3892 2899 3973 palliiangulgs‘panni'culos
2922 3897 2979 3947 et
3014 3893 3163 3949 circa
3211 3894 3447 3973 pallium
3498 3892 3769 3973 ﬁmbrias

2110 3963 2421 4043 gestarent.
2442 3963 2572 4043 -Tali
2607 3964 3077 4043 vestimentorum
3093 3963 3302 4043 genere
3320 3967 3770 4043 u_tebatur_Chri—

2110 4036 2230 4118 stus
2247 4036 3051 4118 legisobservantissimus._Et
3066 4036 3124 4118 si_
3140 4037 3411 4118 mysteria
3426 4038 3765 4118 εἶαρ-τίφης»,

2110 4108 2259 4162 hanc
2283 4106 2470 4179 potius
2503 4107 2825 4179 vestimenti
2857 4111 3079 4177 partem
3110 4106 3313 4179 tetigit,
3346 4106 3482 4179 quia
3531 4109 3769 4166 ﬁmbriis

2109 4178 2231 4235 haec
2253 4177 2475 4249 insigne
2500 4182 2625 4232 erat
2656 4178 2842 4249 gentis
2869 4179 3122 4234 Iudaicae
3151 4177 3404 4234 et'nocta
3434 4179 3767 4237 sanctitatis

2108 4252 2258 4305 Num
2285 4266 2373 4314 xv,
2402 4248 2490 4304 38.

2179 4320 2207 4361 ά
2236 4321 2412 4385 Alias,
2435 4326 2731 4374 manentes.

2178 4404 2204 4431 ο
2234 4393 2382 4445 Dum
2416 4408 2513 4459 per
2544 4390 2727 4463 malas
2757 4390 3205 4463 complacentias
3234 4397 3460 4447 nostros
3508 4392 3648 4463 ligat
3675 4392 3767 4448 af-

346 4459 515 4515 mina.
550 4459 1050 4537 V_ocem_(_}rsecam_
1066 4461 1163 4515 alii
1181 4459 1365 4537 etiam
1409 4461 1593 4514 Latini
1642 4459 1839 4537 Eatres
1868 4459 1999 4537 reti-
2032 4479 2077 4537 ι)
2111 4460 2311 4525 fectus,
2331 4462 2482 4537 unde
2502 4462 2661 4530 quasi
2689 4459 3008 4537 necessario
3040 4464 3439 4537 compellimur
3462 4459 3665 4537 cadere
3699 4465 3763 4519 in

346 4547 543 4587 nnere.
575 4531 975 4595 Tertullianus,
997 4532 1093 4586 lib.
1127 4532 1199 4585 ad
1227 4532 1462 4602 Martyr.
1496 4547 1621 4601 cap.
1654 4532 1686 4585 3
1715 4548 1841 4602 pag.
1871 4530 1995 4587 191.

348 4603 680 4657 Ambrosius
709 4602 806 4655 lib.
837 4620 853 4656 ι
885 4601 1046 4656 Ofﬁc.
1086 4602 1286 4656 Adhuc
1315 4601 1545 4656 athleta}
1576 4603 1634 4656 in
1677 4601 1997 4657 scammate

348 4678 498 4737 sunt,
519 4673 950 4744 proverbialiter
967 4674 1182 4727 dictum
1211 4689 1311 4744 pro
1333 4673 1653 4728 etiamnum
1671 4675 1739 4729 de
1758 4674 1996 4744 praemio

349 4750 601 4801 certatur
628 4762 637 4797 ;
672 4762 737 4799 eo
767 4745 937 4799 modo
971 4762 1082 4815 quo
1106 4744 1485 4799 Tertullianus
1516 4745 1631 4805 ait:
1674 4746 1743 4799 ad
1765 4762 1999 4800 scamma

385 4818 651 4872 reducere.
682 4818 803 4881 Quo
831 4816 885 4870 in
919 4816 1042 4871 loco
1068 4816 1313 4871 advertit
1342 4816 1604 4872 Suicerus
1631 4816 1796 4872 Thes.
1852 4822 1993 4872 tom.

374 4888 682 4962 Ipag.7996
716 4888 864 4962 male
880 4888 1190 4962 iErasmum
1217 4888 1401 4962 legere
1437 4890 1505 4962 ait
1534 4896 1787 4962 stamma.
1818 4888 1999 4962 Pauli-

349 4976 455 5017 nus
481 4960 645 5033 epist.
677 4960 747 5014 24
768 4961 841 5014 ad
868 4961 1079 5033 Seven,
1110 4975 1257 5033 pag.
1280 4960 1372 5013 161
1415 4974 1428 5013 :
1462 4961 1579 5015 Noti
1620 4961 1841 5015 interim
1870 4960 1996 5014 dum

348 5035 406 5086 in
429 5031 716 5087 scammate
744 5047 956 5099 sumus,
987 5031 1111 5084 dum
1135 5031 1282 5098 foris
1310 5047 1501 5101 pugnae
1540 5033 1693 5086 intus
1757 5040 1996 5086 terrores

347 5104 463 5158 alta
492 5121 592 5174 pro
618 5104 766 5158 nobis
790 5119 992 5173 sapere,
1021 5110 1114 5156 aut
1133 5102 1303 5174 loqui.
1368 5103 1518 5158 Mitae
1574 5101 1996 5173 interpretatio-

349 5172 714 5229 nem'nullibi
747 5172 983 5229 memini
1008 5190 1099 5228 me
1130 5172 1349 5244 legisse.

415 5245 443 5315 Ρ
471 5246 909 5313 Chrysostomns
930 5244 1103 5299 etiam
1134 5244 1333 5298 homil.
1368 5245 1435 5297 32
1459 5259 1588 5315 pag.
1624 5244 1745 5308 262,
1782 5248 1921 5299 tom.
1947 5244 1995 5297 Η

345 5313 485 5369 edit.
518 5316 696 5370 Paris.
731 5318 888 5371 1581.
922 5317 1060 5371 dicit
1086 5317 1387 5371 mulierem
1418 5313 1568 5371 hanc
1618 5315 1755 5370 furti
1808 5330 1988 5370 ream.

345 5384 487 5438 Vide
527 5389 646 5438 not.
690 5387 707 5438 ι
745 5403 915 5441 serm.
946 5388 1033 5441 35.

414 5465 438 5495 ο
470 5455 829 5527 Evangelista
881 5457 1037 5527 dicit
1068 5459 1337 5527 ﬁmbriam
1400 5457 1724 5513 vestimenti.
1801 5457 1993 5511 Graece

345 5529 537 5581 autem
557 5526 789 5602 nomine
805 5525 1114 5602 κρᾳστςέδςρν
1129 5529 1524 5602 intelliguntur
1540 5529 1856 5602 ﬁliamenta
1874 5528 1990 5602 illa,

346 5613 473 5689 quin
501 5597 755 5677 pendent
778 5597 847 5654 ex'
874 5598 1115 5653 ﬁmbriis
1166 5597 1659 5656 vestimentorum.
1712 5600 1996 5656 Sanxerat

2110 4536 2421 4604 peccatum.
2448 4532 2744 4594 Quomodo
2776 4532 3122 4588 inordinata)
3154 4532 3446 4604 passiones
3477 4535 3761 4600 alliciant,

2110 4620 2177 4659 ac
2206 4604 2558 4676 voluntatem
2582 4608 2840 4676 nostram
2871 4607 2944 4659 ad
2971 4605 3166 4659 illicita
3191 4606 3549 4676 protrahant,
3581 4607 3765 4662 habes

2108 4676 2197 4730 hic
2223 4674 2377 4729 infra
2406 4690 2579 4728 serm.
2604 4674 2693 4729 41.
2720 4678 2875 4739 ΜιΤΑ,

2178 4746 2199 4788 f
2236 4745 2813 4818 Pseudo-Ambrosius
2839 4763 3012 4801 serm.
3045 4747 3115 4801 48
3144 4746 3201 4801 in
3240 4747 3552 4818 appendice
3611 4747 3764 4817 Ope-

2108 4834 2235 4872 rum
2267 4820 2326 4872 S.
2359 4817 2643 4870 Ambrosii
2668 4834 2829 4872 novae
2855 4817 3141 4881 editionis,
3172 4817 3338 4874 docet
3374 4820 3520 4873 hanc
3552 4820 3762 4875 mulie-

2106 4905 2227 4943 rem
2270 4888 2442 4942 fuisse
2462 4888 2769 4942 Martham.
2808 4889 2942 4943 Vide
2973 4906 3095 4959 quae
3121 4890 3294 4944 habet
3324 4890 3413 4944 hic
3442 4891 3513 4945 cl.
3534 4890 3765 4947 Calme-

2106 4964 2215 5024 tus,
2249 4959 2580 5030 hnjusmodi
2614 4960 2939 5030 opinionem
2966 4960 3171 5015 merito
3210 4977 3557 5031 expungens.
3612 4962 3763 5018 Vide

2105 5033 2279 5085 etiam
2310 5046 2438 5089 una;
2461 5032 2531 5085 de
2558 5031 2663 5085 hac
2685 5032 2922 5085 muliere
2974 5032 3168 5085 scribit
3214 5032 3483 5087 Eusebius
3542 5032 3759 5089 Histor.

2104 5102 2250 5157 Eccl.
2284 5102 2380 5155 lib.
2414 5118 2622 5173 incap.
2650 5104 2717 5173 18
2742 5106 2797 5173 et
2818 5103 3169 5173 Sozomenus
3194 5103 3295 5159 lib.
3346 5122 3377 5157 v
3407 5120 3531 5173 cap.
3563 5104 3653 5157 2i.

2172 5186 2204 5229 8
2232 5172 2637 5228 tiartliusianus
2668 5172 2772 5226 sibi
2805 5172 2949 5227 falso
2979 5174 3259 5229 persuasit
3315 5172 3671 5229 hanefnisse
3728 5192 3764 5229 a

2103 5244 2339 5298 naribus
2378 5243 2906 5298 haemorrhoissam.
2968 5243 3179 5299 Omnes
3222 5262 3355 5299 vero
3405 5245 3763 5300 conveniunt

2102 5330 2229 5369 eam
2263 5320 2591 5385 importuno
2622 5315 2882 5369 muliebri
2913 5314 3064 5369 ﬂuxu
3102 5316 3412 5371 laborasse.
3448 5316 3677 5371 Fmdum
3710 5322 3762 5373 et

2096 5386 2405 5459 pudendum
2436 5387 2676 5459 morbum
2707 5390 2869 5440 vocat
2894 5387 3198 5457 Brugensis
3226 5392 3287 5443 ut
3335 5391 3393 5443 et
3444 5387 3762 5459 Chrysalo-

2101 5471 2205 5525 gus
2222 5456 2377 5512 infra
2406 5474 2579 5512 serm.
2612 5457 2698 5510 35.

2173 5527 2201 5567 h
2233 5527 2386 5582 Mite:
2413 5528 2675 5583 convenit
2706 5544 2813 5582 ms.
2852 5528 3028 5585 Vatic.
3062 5529 3338 5587 Vallicell.
3379 5534 3437 5586 et
3458 5529 3761 5593 nonnulla

2104 5597 2402 5668 editiones,
2438 5602 2519 5654 vis
2548 5600 2769 5659 amoris.
