3978 6184
414 252 528 313 311

1708 252 1768 314 S.
1816 252 2027 313 PETRI
2054 253 2541 318 ‘CHBYSOLOGI.

3694 256 3798 321 3i!

414 382 519 440 Sed
538 377 716 439 morti
737 374 980 439 tradunt
994 382 1185 454 ?quos
1208 380 1401 453 gallus
1415 382 1535 439 no'n
1548 384 2060 449 commonet,luci-
2095 386 2142 447 A
2173 400 2313 442 cum
2344 385 2587 458 petiero,
2623 384 2936 459 quaesiero,
2957 383 3299 457 pulsavero,
3354 384 3412 439 et
3459 382 3699 455 pervigil
3724 386 3806 443 in-

417 473 502 530 fer
530 487 652 528 non
685 471 948 535 suscitat,
982 471 1207 543 solipse
1220 480 1339 527 non
1354 477 1593 528 revocat
1623 478 1679 528 et
1704 472 2065 545 producitad

415 562 606 618 lucem
624 562 652 617 Ὺ
680 560 779 616 Isti
812 565 1112 632 ettempus
1137 559 1531 632 suppliCandi,
1565 561 1884 633 ethospitis
1915 578 2065 618 mer-

416 650 645 716 cedem,
667 648 1191 720 etipsadieiopera
1205 648 2063 719 perdiderunt.Contristamur,

416 741 646 803 fratres,
665 736 911 810 quando
929 752 1038 792 nos
1054 736 1317 793 diluculo
1331 743 1557 794 stamus
1569 744 1706 795 ante
1728 739 2063 805 Dominum,

416 834 472 884 et
502 827 820 883 nobiscum
846 830 1080 881 nostros
1107 825 1263 881 ﬁlios
1296 842 1415 882 non
1438 826 1732 883 videmus.
1757 828 1855 884 Ille
1872 828 2065 883 noctis

396 916 609 972 Imedio
635 916 717 970 sic
740 913 1025 987 pulsavit,
1056 913 1118 969 in
1135 917 1308 986 cujus
1336 916 1518 972 domo
1549 916 1772 988 hospes
1800 922 2061 972 venerat.

410 1007 599 1075 Rogo,
622 1008 685 1061 tu
716 995 903 1076 quare
934 1019 1055 1059 non
1080 1004 1170 1060 vel
1202 1004 1465 1061 diluculo
1491 1004 1721 1077 vigilas,
1746 1005 1839 1061 cui
1859 1006 2064 1062 estho-

412 1109 544 1166 spes
556 1093 616 1149 in
628 1093 813 1149 domo
830 1094 858 1150 7
869 1091 1033 1164 quod
1045 1092 1139 1147 ille
1153 1092 1380 1162 gratiae,
1401 1098 1460 1149 tu
1476 1093 1668 1150 tribue
1682 1094 1769 1149 vel
1785 1096 1840 1166 pi
1848 1095 2033 1165 gritiaa
2048 1112 2062 1158 ;

411 1182 575 1254 quod
598 1181 692 1238 ille
723 1181 1100 1247 humanitati,
1152 1186 1209 1237 tu
1258 1183 1587 1238 necessitati
1646 1182 1876 1248 saltem,
1928 1183 2063 1255 plus

411 1270 608 1327 somni
639 1285 824 1342 quam
859 1269 944 1324 tui
977 1269 1551 1341 amator,impende.
1583 1271 1747 1326 Certe
1781 1275 1843 1326 ut
1869 1272 2066 1343 possis

409 1358 655 1428 vigilare
686 1357 764 1413 ad
791 1359 995 1422 vitam,
1024 1358 1128 1429 qui
1158 1357 1385 1413 dormis
1412 1358 1488 1414 ad
1514 1364 1785 1421 mortem,
1820 1376 1957 1431 qum
1980 1376 2066 1414 se-

409 1450 691 1517 quuntur,
716 1446 983 1501 ausculta
1007 1463 1020 1501 :
1047 1447 1127 1501 Et
1152 1461 1245 1517 ego
1274 1447 1421 1511 dico,
1442 1445 1656 1519 inquit,
1682 1449 1939 1516 petite,et
1960 1449 2066 1505 da-

412 1528 571 1590 bitur
587 1535 743 1591 vobis
761 1547 784 1606 ;
806 1532 1060 1606 quaerite
1083 1540 1138 1591 et
1149 1536 1497 1605 invenietis;
1526 1536 2065 1607 pulsate,etaperie-

2171 475 2467 546 quietator
2496 474 2758 547 accipere
2788 490 3081 535 meruero,
3116 473 3288 528 vobis
3315 471 3523 528 amicis
3563 473 3674 528 mei
3700 476 3804 531 Do-

2175 565 2320 620 mini
2351 576 2377 606 ει
2405 579 2526 619 non
2553 564 2928 634 negabo,Sed
2944 562 3132 618 dicitis
3146 561 3469 628 mihi,Ecce
3483 561 3697 617 amicus
3711 566 3810 621 Do-

2176 653 2323 709 mini
2345 652 2481 709 tuib
2512 653 2673 708 venit
2703 652 2783 709 ad
2821 657 2908 719 te;
2969 652 3077 708 iste
3129 651 3292 716 dare,
3351 666 3473 706 non
3532 651 3802 723 accipere,

2173 742 2517 807 consuevit;
2563 741 2721 797 hanc
2766 740 3025 813 denique
3068 753 3095 782 ο
3124 738 3473 796 sitarciamd
3500 739 3576 795 de
3629 740 3806 798 viatici

2176 830 2269 886 sui
2298 829 2473 903 copia
2495 835 2697 902 pastor
2722 830 2936 887 avidus
2950 829 3221 901 explevit,
3253 833 3317 884 ut
3341 828 3415 884 de
3441 832 3655 893 nostra:
3676 846 3811 902 pau-

2175 919 2416 991 pertatis
2430 918 2724 975 vilissima
2736 918 3171 991 praeparatione
3184 922 3447 987 gustaret
3462 932 3590 984 ;nec
3603 933 3807 988 passus

2174 1014 2260 1065 est
2272 1009 2612 1080 intempesta
2622 1012 2794 1065 nocte
2807 1023 2894 1063 me
2905 1007 3013 1063 sibi
3029 1006 3262 1064 aliunde
3279 1010 3469 1079 petere
3486 1018 3511 1046 ο
3540 1006 3810 1079 hospitum

2172 1096 2674 1169 locupletissimus
2690 1096 2856 1169 quod
2878 1095 3155 1153 habebat.
3183 1098 3299 1152 Nec
3322 1095 3563 1161 mirum,
3584 1094 3809 1164 fratres;

2172 1201 2409 1257 semper
2438 1185 2580 1242 dare
2612 1185 2733 1240 vult
2759 1184 2927 1241 dives
2949 1185 3021 1241 ad
3044 1199 3535 1256 pauperem,cum
3551 1184 3812 1243 declinat.

2170 1275 2279 1331 Iste
2300 1273 2456 1330 illius
2485 1273 2813 1343 evangelici
2843 1273 3022 1329 amici
3038 1278 3492 1345 sempermanet
3516 1273 3587 1339 in
3598 1274 3783 1344 janua
3795 1293 3811 1346 ;

2172 1361 2229 1416 in
2261 1362 2431 1416 istius
2461 1361 2749 1417 cubiliille
2768 1378 2905 1417 cum
2934 1361 3131 1433 pueris
3170 1361 3290 1416 suis
3310 1360 3551 1429 largitor
3572 1378 3818 1432 evange-

2170 1443 2318 1500 licus
2347 1446 2772 1517 perseverat,in
2790 1446 2963 1517 cujus
2986 1445 3164 1501 corde
3175 1446 3344 1501 Pater
3365 1451 3420 1501 et
3445 1445 3815 1519 ﬁlius,etSpi-

2170 1534 2317 1589 ritus
2330 1537 2572 1589 sanctus
2582 1533 2809 1590 faciunt
2822 1550 3044 1605 semper
3056 1539 3113 1591 et
3124 1536 3420 1590 collocant
3436 1536 3817 1591 mansionem.

410 1631 511 1680 tur
533 1625 717 1681 vobis.
739 1620 935 1680 Omnis
957 1624 1113 1681 enim
1133 1626 1233 1695 qui
1250 1628 1421 1693 petit,
1446 1624 1668 1694 accipit
1686 1642 1703 1695 ;
1721 1632 1770 1680 et
1790 1626 1891 1695 qui
1904 1640 2062 1697 quz-
2097 1640 2144 1699 Β
2174 1622 2327 1688 Quid
2358 1622 2530 1694 plura
2548 1624 2576 1679 ?
2600 1623 2772 1679 Pater
2787 1628 2877 1679 est
2906 1624 3018 1680 :ab
3037 1624 3171 1696 ipso
3187 1628 3402 1695 petere,
3429 1624 3483 1679 in
3508 1624 3645 1697 ipso
3669 1640 3822 1697 qum-

409 1714 510 1777 rit,
525 1711 839 1776 invenit;et
850 1713 1119 1781 pulsanti
1128 1712 1567 1783 aperietur.Sed
1584 1712 1894 1769 dicis.Esto
1907 1713 2061 1785 quod

409 1806 608 1873 petere
622 1800 1092 1873 possim,pulsare
1108 1801 1394 1872 quomodo
1410 1806 1612 1872 potero
1629 1801 1867 1859 sceleste
1879 1817 2065 1858 secre-

408 1889 617 1954 ωηιῬο
626 1905 759 1945 uem
768 1891 839 1945 ad
848 1889 985 1945 mod
994 1889 1401 1945 um?lterando
1417 1893 1708 1961 preces,et
1720 1895 2065 1962 exspectan-

411 1977 490 2033 do
515 1977 809 2049 judicium
835 1977 1155 2047 largitoris,
1191 1993 1392 2033 moras
1413 1978 1612 2033 dantis
1634 1978 2065 2051 patientissime

413 2066 765 2123 sustinendo
786 2082 799 2133 ;
815 2066 959 2139 quia
974 2066 1341 2139 quicumque
1358 2082 1494 2122 cum
1517 2066 1697 2122 semel
1717 2066 2061 2138 pulsaverit,

410 2155 757 2226 indignatur
776 2171 917 2211 mox
944 2155 992 2210 si
1013 2171 1135 2211 non
1164 2154 1341 2210 fuerit
1370 2156 1633 2225 auditus,
1666 2156 1773 2211 iste
1803 2171 1925 2211 non
1978 2161 2067 2213 est

410 2244 626 2316 petitor
656 2244 927 2316 supplex,
957 2244 1063 2299 sed
1087 2249 1178 2299 est
1206 2240 1562 2316 imperiosus
1597 2248 1857 2300 exactor.
1910 2245 2062 2300 Audi

413 2331 767 2404 prophetam
782 2331 1075 2387 dicentem
1100 2349 1113 2384 :
1132 2332 1431 2401 Exspecta
1456 2333 1798 2403 Dominum,
1816 2333 2066 2390 viriliter

412 2435 541 2492 age,
571 2424 624 2477 et
650 2416 1125 2489 confertehorcbr
1156 2422 1523 2491 tuum(Psal.
1548 2422 1689 2493 xvn).
1724 2423 1785 2477 Et
1798 2422 2064 2478 siiterum

411 2508 703 2565 distulerit
730 2508 792 2564 in
822 2509 1109 2576 futurum,
1134 2513 1197 2565 tu
1229 2509 1539 2565 Dominum
1578 2514 1747 2565 tuum
1774 2512 2067 2583 patienter

412 2602 709 2671 exspecta.
738 2598 844 2655 Ubi
874 2602 1075 2654 autem
1088 2599 1230 2670 quid
1247 2614 1514 2670 quaerere
1526 2598 1748 2655 debeas
1764 2600 1848 2654 vis
1862 2614 2062 2665 nosse,

413 2692 552 2743 sunt
571 2686 793 2743 divitia:
819 2687 878 2743 in
910 2687 1045 2743 sinu
1074 2687 1377 2760 pauperis,
1410 2694 1466 2743 et
1492 2702 1746 2757 regnum
1777 2688 2065 2744 caelorum

410 2775 567 2833 intra
594 2780 651 2832 te
677 2780 783 2831 est.
808 2778 965 2832 Intra
988 2791 1096 2832 vos
1140 2779 1227 2833 est
1267 2791 1521 2846 regnum
1563 2775 1875 2844 cmlorum,
1924 2776 2069 2834 dicit

412 2864 703 2921 Dominus
716 2865 877 2935 (Luc.
908 2864 1069 2938 xvii).
1095 2865 1236 2931 Quis
1250 2866 1322 2921 sit
1347 2870 1546 2921 autem
1559 2865 1789 2922 amicus
1814 2866 2067 2939 quidor—

412 2953 540 3019 mit,
569 2958 628 3009 et
655 2954 784 3025 quis
817 2953 1049 3012 amicus
1087 2953 1193 3025 qui
1222 2954 1298 3009 de
1338 2954 1437 3011 via
1466 2955 1647 3020 venit,
1677 2959 1735 3011 et
1784 2955 1889 3028 qui
1936 2959 2069 3010 sunt

411 3042 582 3114 pueri
608 3041 713 3114 qui
735 3041 1059 3112 dormiunt,
1093 3048 1150 3099 et
1177 3043 1312 3115 quis
1343 3048 1430 3098 est
1450 3045 1557 3099 iste
1578 3043 1682 3116 qui
1738 3044 1959 3115 pulsat,
2012 3048 2068 3099 et

413 3145 520 3185 cur
541 3129 652 3185 sub
681 3134 840 3186 certo
868 3145 1122 3187 numero
1152 3135 1268 3187 tres
1294 3137 1529 3188 tantum
1567 3131 1830 3205 postulat
1854 3147 2063 3205 panes,

485 3266 513 3297 ι
544 3254 752 3327 Datam
781 3253 954 3327 tidem
985 3254 1072 3309 vel
1104 3256 1393 3327 exsolvere
1430 3256 1687 3327 nequivit
1714 3257 1943 3322 Auctor,
1979 3255 2066 3310 vel

416 3341 605 3408 sermo
638 3324 751 3391 ille,
785 3324 845 3380 in
867 3342 978 3397 quo
1018 3326 1363 3398 praestiterat
1414 3324 1567 3400 quod
1620 3327 1711 3383 hic
1759 3327 2064 3399 promittit,

415 3400 646 3551 {)fgnltl‘ic
685 3466 890 3551 aliqua
924 3469 1153 3551 desunt,
1206 3486 1309 3525 nec
1351 3487 1563 3550 sensus.
1611 3472 1697 3551 est
1749 3468 2063 3551 absolutus:

414 3540 541 3595 Non
572 3543 768 3594 tamen
800 3540 997 3595 datum
1032 3544 1117 3596 est
1151 3557 1217 3595 ex
1277 3539 1681 3610 manuscriptis
1712 3540 1928 3610 aliquid
1979 3539 2065 3595 vel

417 3610 705 3682 supplere,
732 3610 819 3664 vel
850 3610 1150 3682 corrigere.
1209 3611 1349 3667 Vide
1392 3612 1544 3666 infra
1595 3611 1652 3665 in
1711 3612 1930 3665 observ.
1992 3612 2067 3665 ad

418 3698 589 3735 serm.
625 3680 728 3734 107
750 3685 807 3736 et
836 3682 956 3736 136.
990 3680 1151 3736 Mm.
1174 3714 1239 3721 —
1262 3683 1399 3737 Mihi
1424 3688 1617 3737 autem
1649 3698 1748 3751 pro
1806 3687 1961 3737 certo
1983 3687 2070 3737 est

417 3752 833 3824 Chrysologum
855 3752 1007 3824 loqui
1035 3753 1126 3807 hic
1151 3754 1219 3807 de
1251 3753 1442 3824 aliquo
1469 3753 1582 3807 alio
1634 3752 1920 3823 episcopo,
1972 3753 2067 3824 qui

415 3827 553 3878 tunc
578 3823 851 3892 temporis
879 3826 1031 3895 apud
1056 3824 1219 3879 illum
1253 3823 1442 3879 fuerat
1467 3823 1804 3878 diversatus.

489 3906 513 3966 ρ
543 3895 651 3949 lnI
682 3895 819 3966 Reg.
852 3894 930 3959 1x,
965 3898 1016 3959 7,
1044 3896 1287 3950 habetur
1321 3912 1332 3950 :
1361 3896 1533 3949 Panis
1560 3894 1757 3966 defecit
1803 3896 1861 3948 in
1904 3900 2069 3966 sitar-

417 3964 519 4020 ciis
543 3966 748 4021 nostris
770 3964 834 4020 'et
861 3967 1157 4037 sportulam
1189 3983 1297 4020 non
1336 3966 1620 4032 habemus;
1670 3965 1763 4020 ubi
1818 3966 1949 4020 LXX
1994 3965 2070 4021 le-

416 4041 600 4121 gunt:
636 4037 903 4121 Quoniarn
922 4053 1089 4121 panes
1117 4037 1422 4121 defecerunt
1568 4037 1712 4121 vasis
1752 4039 1973 4121 nostris,
2017 4043 2070 4121 et

412 4109 538 4179 plus
557 4125 664 4162 non
702 4115 777 4163 est
804 4108 1116 4173 nobiscum;
1147 4124 1259 4179 quo
1289 4108 1413 4163 loco
1443 4108 1741 4163 Abulensis
1775 4125 1786 4163 :
1831 4109 2069 4164 Cistario

416 4180 561 4234 cium
588 4186 672 4235 est
702 4196 793 4251 vas
828 4179 897 4234 de
947 4180 1147 4235 vimine
1202 4182 1534 4250 complexum
1591 4180 1663 4234 ad
1711 4180 2069 4251 reponendum

415 4267 627 4374 panem,
659 4250 793 4305 etab
816 4251 1089 4321 aliquibus
1128 4258 1354 4307 vocatur
1377 4253 1648 4307 calathus.
1681 4251 1860 4305 Gloss.
1894 4252 2070 4305 Inter-

442 4321 519 4374 in.
553 4320 820 4374 exnonit:
852 4322 1108 4374 Sitarciis
1121 4324 1340 4374 nostris.
1360 4324 1425 4374 id
1439 4331 1515 4374 est
1537 4323 1788 4374 sacculis.
1818 4321 2064 4374 vvlnera.

442 4321 519 4375 in.
553 4320 820 4388 exponit:
852 4320 1108 4376 Sitarciis
1121 4324 1340 4385 nostris,
1360 4324 1425 4376 id
1439 4331 1515 4376 est
1537 4323 1788 4388 sacculis,
1818 4321 1901 4376 vel
1917 4338 2064 4390 pera.

419 4392 482 4443 In
510 4389 704 4443 Bibliis
733 4392 1054 4445 emendatis
1080 4392 1325 4446 habetur
1352 4393 1609 4451 sitarciis,
1668 4407 1781 4444 non
1849 4389 2064 4454 autem,

2175 1726 2322 1776 rere,
2353 1727 2459 1783 per
2488 1712 2686 1784 ipsum
2718 1712 2959 1783 pulsare
3005 1728 3101 1769 me
3144 1712 3487 1782 credidi;et
3546 1713 3683 1770 ideo
3734 1730 3821 1770 me

2174 1798 2346 1856 vobis
2376 1800 2657 1857 daturum
2686 1816 2808 1857 non
2834 1802 3112 1857 incautus
3142 1802 3479 1874 promissor
3505 1803 3754 1859 asserui.

2816 1892 3043 1947 SERMO
3081 1892 3185 1946 XL.

2738 1979 2825 2034 De
2852 1978 2991 2035 bona
3018 1983 3260 2051 pastore.

2249 2064 2358 2121 Ubi
2388 2065 2645 2121 vernalis
2683 2081 2844 2122 aurae
2870 2072 3108 2139 tempus
3122 2083 3358 2123 annuos
3371 2067 3571 2124 ovium
3586 2069 3830 2140 cmperit

2176 2157 2384 2225 partus
2413 2154 2664 2226 aperire,
2680 2155 2785 2211 ubi
2811 2171 2917 2227 per
2936 2172 3204 2228 campos,
3222 2161 3414 2228 prata,
3446 2157 3572 2212 vias
3592 2158 3835 2229 coeperit

2177 2242 2413 2298 fecundi
2443 2244 2639 2313 gregis
2664 2243 2936 2314 germina
2969 2245 3214 2317 copiosa
3238 2244 3602 2316 dispergere,
3635 2250 3835 2317 pastor

2175 2331 2370 2387 bonus
2403 2331 2425 2372 τ
2448 2332 2699 2403 seponit,
2732 2337 3099 2396 etcantus,et
3126 2345 3157 2387 ε
3186 2333 3658 2389 discursuanxio
3678 2340 3838 2390 tene-

2174 2436 2272 2476 ros
2297 2421 2527 2491 quaerit,
2560 2421 2716 2490 legit,
2747 2421 2968 2491 colligit
2997 2420 3173 2487 fetus,
3204 2426 3376 2494 atque
3407 2437 3507 2477 eos
3525 2422 3707 2491 collo,
3731 2423 3836 2479 hu-

2174 2508 2378 2575 meris,
2411 2509 2773 2574 ulnis,laatus
2798 2515 2999 2565 vector
3026 2509 3296 2582 imponit,
3315 2515 3378 2565 ut
3407 2509 3607 2566 salvos
3619 2526 3833 2567 omnes

2174 2598 2545 2670 perferat,eth
2576 2603 2735 2654 tutas
2750 2597 3024 2669 perducat
3036 2599 3108 2655 ad
3121 2598 3444 2655 caulas.Sic
3456 2599 3830 2670 nos,fratres,

2177 2687 2284 2744 Ubi
2313 2687 2798 2759 Quadragesimaa
2816 2688 3113 2743 arridente
3140 2704 3321 2744 verno
3351 2687 3827 2745 ecclesiasticum

2175 2791 2419 2845 gregem
2451 2776 2725 2831 videmus
2748 2775 2997 2832 fundere
3020 2776 3233 2832 uberes
3256 2778 3506 2848 partus,i
3542 2781 3829 2834 tractatus

2174 2864 2361 2921 nostri
2374 2870 2581 2920 cantus
2597 2864 2681 2920 eti
2715 2864 3296 2920 consuetisermonis
3307 2864 3515 2937 epulas
3536 2882 3831 2939 seponen-

2176 2958 2285 3019 tes,
2312 2958 2496 3009 totam
2510 2969 2717 3010 curam
2748 2954 2805 3009 in
2821 2953 3158 3023 colligendo
3179 2958 3237 3010 et
3255 2956 3694 3026 comportando
3720 2971 3832 3011 co:-

2173 3041 2303 3098 lesti
2326 3041 2613 3112 germine,
2632 3042 2795 3099 anxii
2816 3043 3175 3112 gravissimo
3193 3042 3397 3099 labore
3409 3044 3829 3116 dependimus.

2179 3131 2292 3189 Sed
2320 3130 2511 3203 quiak
2542 3131 3433 3202 agnosredditosgregi,ettotos
3453 3133 3612 3190 intra
3626 3134 3834 3191 ChriSti

2174 3252 2253 3307 cis
2283 3252 2546 3327 excurrit,
2601 3253 2763 3327 cujus
2824 3253 3080 3327 precibus
3128 3254 3359 3327 adjutus
3409 3256 3671 3311 futurum
3715 3255 3834 3311 fore

2175 3334 2364 3395 sperat
2386 3328 2451 3397 ut
2462 3324 2713 3397 alterius
2742 3324 3025 3397 sermonis
3054 3324 3279 3396 expleat
3293 3327 3763 3397 promissionem.

2245 3407 2271 3436 ο
2301 3396 2399 3449 Ms.
2429 3394 2775 3469 Vaticanum
2792 3396 2872 3469 sic
2901 3396 3073 3469 habet
3104 3394 3261 3454 {Nec
3284 3394 3470 3469 passus
3525 3408 3605 3455 est
3640 3401 3831 3454 intem-

2176 3472 2338 3541 pesta:
2365 3469 2539 3520 noctis
2568 3484 2649 3541 ine
2676 3467 2780 3541 tibi
2804 3467 3025 3521 aliunde
3052 3472 3252 3541 petere,
3285 3467 3569 3541 hospitum
3603 3470 3833 3541 locuple-

2175 3539 2431 3661 tissimus,
2464 3538 2601 3608 quod
2632 3537 2871 3592 habebat.
2913 3537 3214 3595 Nonnulla:
3255 3537 3531 3596 editiOnes
3562 3537 3786 3597 habent
3819 3558 3830 3595 :

2211 3624 2482 3661 omnium.

2211 3609 2482 3663 osvitium.

2245 3625 2693 3763 ipgtfiuan‘zscili-cet,
2727 3680 2862 3763 quin
2887 3684 2944 3763 et
2972 3684 3195 3763 cantus,
3227 3681 3431 3763 quibus
3463 3686 3700 3763 tempus
3730 3682 3833 3738 {alo

2176 3750 2292 3807 lere
2325 3752 2623 3816 studebat;
2651 3768 2823 3821 seque
2850 3756 3036 3807 totum
3066 3750 3257 3807 labori
3278 3750 3613 3811 committit:

2177 3836 2275 3948 de
2305 3822 2667 3947 Peragé‘ando
2688 3840 2942 3894 campos,
2976 3828 3032 3879 et
3087 3824 3243 3879 invia
3285 3842 3527 3896 quaeque
3583 3825 3835 3882 sollicite

2218 3910 2463 3947 iscurren
2512 3910 2570 3948 o.

2218 3910 2543 3947 lSCUI‘l‘eﬂGO
2558 3937 2570 3949 .

2248 3964 2273 4035 β
2306 3964 2473 4027 Editi,
2501 3968 2783 4035 corrupte,
2819 3969 2982 4019 totas.

2248 4034 2262 4077 ε
2290 4037 2406 4090 Hoc
2437 4034 2907 4106 nominesaepius
2938 4037 3088 4107 apud
3119 4035 3218 4091 SS.
3273 4037 3469 4093 Patres
3517 4040 3837 4095 audiebant

2177 4108 2477 4162 conciones
2500 4108 2557 4161 in
2578 4106 2838 4163 Ecclesia.
2862 4106 3101 4178 Optatus
3123 4108 3479 4165 Milevitanus
3506 4112 3838 4166 Donatista-

2178 4195 2306 4233 rum
2329 4178 2589 4233 omnium
2603 4182 2659 4232 et
2677 4178 2843 4233 unius
2865 4178 3231 4234 Parmeniani
3246 4180 3841 4237 concionestractatus

2178 4249 2561 4331 appellatione
2588 4266 2700 4330 non
2733 4249 3292 4331 semelnominavit.
3320 4252 3521 4331 Nullus
3568 4262 3837 4317 vestrum,

2178 4320 2258 4373 ait
2285 4320 2379 4374 lib.
2413 4338 2484 4387 iv,
2511 4321 2754 4375 lectiones
2775 4321 3092 4375 Dominicas
3119 4322 3385 4391 incipitis,
3440 4332 3492 4378 et
3554 4331 3839 4381 tractatus

2177 4398 2377 4445 vestros
2400 4392 2469 4445 ad
2497 4398 2726 4446 vestram
2770 4393 3037 4461 injuriam
3058 4393 3361 4462 explicatis.
3396 4395 3463 4449 Et
3490 4395 3584 4450 lib.
3627 4413 3685 4458 v,
3708 4399 3840 4451 Par-

418 4464 483 4514 ut
498 4463 623 4533 erat
647 4459 704 4512 in
723 4459 1157 4533 antiquioribus,
1177 4463 1441 4533 citarciis.
1468 4461 1847 4533 Mialdonatus,
1864 4462 2063 4533 Matth.
2090 4454 2145 4513 ἆ)
2177 4463 2511 4518 menianum
2543 4454 2840 4533 alloquens
2863 4479 2874 4516 :
2900 4464 2973 4517 Et
2994 4480 3112 4517 cum
3126 4454 3245 4518 'hcec
3263 4464 3425 4520 initio
3443 4454 3711 4521 dictionis
3734 4474 3841 4521 tua

416 4547 473 4601 x,
507 4529 729 4601 10,7per
750 4532 997 4585 citareiis
1023 4530 1337 4601 sportulam
1368 4530 1655 4601 intelligit,
1692 4536 1748 4586 et
1805 4531 2070 4587 similiter

418 4600 509 4674 hic
535 4600 702 4674 debet
721 4600 944 4674 exponi.
981 4600 1145 4674 Mira.
1180 4603 1409 4674 —‘Ejus
1438 4600 1633 4657 tamen
1667 4618 1803 4674 pace
1826 4602 2068 4658 dixerim

418 4671 709 4727 sitarciam
736 4671 828 4726 hic
858 4673 1008 4744 apud
1033 4671 1467 4744 Chrysologum,
1500 4678 1562 4728 ut
1588 4672 1845 4744 superius
1892 4692 2064 4729 serm.

415 4743 472 4824 4.,
505 4743 1252 4827 annonam'quotidianam,
1287 4743 1750 4827 valdemensum
1799 4745 2068 4801 diurnum

417 4814 760 4887 signiﬁcare.
783 4814 919 4870 Vide
941 4832 1068 4887 quae
1099 4815 1307 4871 ibidem
1341 4816 1490 4871 dicta
1520 4822 1670 4871 sunt.

490 4885 516 4927 ά
536 4885 849 4943 Obscurum
864 4903 1093 4942 sensum
1108 4886 1909 4943 sicillustrarem.Amicusaui
1923 4905 2070 4942 sem-

416 4973 518 5028 per
544 4958 701 5022 dare,
736 4973 846 5013 non
876 4958 1128 5030 accipere
1158 4959 1468 5021 consuevit,
1494 4958 1789 5030 liancrsibi
1826 4958 2069 5030 familia-

418 5034 622 5110 [φηβί
646 5030 918 5084 diurnam
951 5029 1423 5110 consuetudinem
1452 5031 1519 5085 de
1547 5029 1712 5110 copia
1735 5046 1852 5110 sum
1880 5029 2066 5110 humi-

418 5100 616 5183 litatis,
641 5116 817 5183 quam
842 5117 1036 5183 secum
1068 5106 1495 5183 ut‘consueturn
1518 5099 1628 5183 sibi
1664 5099 1932 5183 viaticum
1982 5099 2065 5154 af-

418 5170 542 5231 fert,
579 5170 779 5243 avidus
809 5172 889 5227 sic
913 5171 1174 5243 explevit,
1210 5178 1271 5227 ut
1294 5188 1407 5227 non
1426 5172 1765 5243 dedignatus
1793 5170 1866 5225 sit
1890 5172 1951 5226 de
1975 5187 2067 5226 n0-

416 5248 549 5295 ανεξδ
579 5242 849 5298 vilissima:
876 5242 1218 5313 paupertatis
1231 5242 1637 5314 prmparatione
1665 5246 1908 5313 gustare,
1965 5259 2067 5297 nec

420 5326 621 5385 passus
649 5317 735 5366 est
765 5330 855 5367 me
875 5314 1104 5369 aliunde
1131 5320 1318 5385 petere
1342 5315 1493 5384 quod
1517 5315 1634 5382 ipsc
1662 5314 1865 5385 virtute
1891 5318 1947 5368 et
1967 5314 2067 5368 hu-

418 5380 683 5457 militate,
712 5387 952 5457 omnium
986 5380 1255 5457 hospitum
1287 5380 1751 5456 locupletissimus,
1784 5384 2057 5457 habebat.

416 5452 505 5527 Ad
526 5450 659 5519 quid
678 5452 831 5527 enim
849 5450 1285 5527 aliunde'petere
1312 5450 1604 5527 quomodo
1621 5456 1914 5526 splendide
1936 5472 2066 5527 aga-

418 5526 513 5596 tur
540 5536 670 5575 cum
699 5522 1064 5596 hospite,iqui
1093 5522 1229 5581 dum
1262 5522 1454 5596 paucis
1484 5532 1571 5582 est
1600 5522 1919 5591 contentus,
1948 5522 2067 5581 oin-

419 5592 519 5650 nia
531 5607 725 5650 secum
744 5592 917 5651 habet
939 5595 967 5651 ?
992 5592 1193 5652 ludein
1207 5592 1384 5669 ipsius
1406 5598 1646 5671 hospitis
1669 5598 1901 5654 laudem
1925 5614 2068 5671 pau-

2178 4536 2501 4589 tractaveris
2528 4535 2589 4587 in
2608 4549 2859 4603 processu
2887 4540 3155 4588 tractatus
3186 4537 3288 4599 tui,
3333 4537 3521 4591 horum
3554 4540 3843 4592 immemor

2168 4605 2351 4675 factus
2373 4622 2447 4658 es.
2478 4604 2615 4658 Vide
2647 4605 3009 4675 Ambrosium
3043 4605 3207 4675 epist.
3244 4608 3328 4671 14,
3354 4608 3427 4661 ad
3469 4609 3795 4664 Marcellin.
3823 4624 3835 4673 ;

2168 4674 2560 4731 Gaudentium
2606 4674 2963 4732 Brixiensem
2994 4675 3051 4729 in
3080 4674 3266 4746 praef.
3329 4680 3402 4733 ad
3454 4680 3837 4743 Benivolum;

2178 4747 2599 4817 Hieronymum
2639 4746 2801 4816 epist.
2830 4748 2936 4811 65;
2971 4749 3266 4817 Augustin.
3303 4766 3475 4805 serm.
3505 4751 3593 4817 20,
3629 4753 3706 4806 de
3754 4752 3841 4806 Di-

2178 4816 2385 4946 Eersis;
2419 4821 2476 4870 et
2498 4816 2622 4871 haec
2661 4834 2922 4888 expresse
2966 4816 3312 4874 traCtantem
3356 4816 3713 4888 Ferrarium,
3768 4824 3838 4876 de

2229 4904 2452 4941 oncion.

2229 4904 2452 4941 ODClOl'l.

2242 4958 2260 5011 .l
2296 4959 2371 5011 Ex
2404 4958 2511 5043 hoc
2542 4958 2872 5043 Chrysologi
2902 4960 3024 5015 loco
3051 4960 3480 5043 colligasnvelim
3501 4963 3842 5043 -episcopos

2181 5033 2435 5099 tempore
2467 5030 2934 5101 Quadragesimte
2964 5049 2997 5085 a
3046 5030 3412 5088 concionibus
3465 5030 3842 5100 abstinuisse,

2179 5117 2488 5183 curamque
2515 5100 2860 5183 impendisse
2887 5119 3119 5183 omnem
3152 5104 3209 5157 in
3241 5105 3573 5183 colligendis
3597 5111 3845 5161 vectan-

2180 5172 2378 5242 disque
2410 5172 2717 5227 Christiani
2747 5174 2933 5244 gregis
2963 5173 3169 5229 fetibus
3201 5176 3273 5230 ad
3318 5172 3650 5231 Ec'clesiam.

2250 5243 2286 5285 Κ
2315 5246 2528 5319 agnos
2561 5244 2809 5314 appellat
2860 5243 3115 5300 recenter
3165 5246 3499 5319 baptizatos.
3551 5250 3850 5319 Tempore

2180 5314 2645 5386 Quadragesimae
2673 5320 2867 5385 pastor
2927 5320 3120 5370 noster
3158 5314 3551 5374 sanctissimus
3590 5320 3650 5373 in
3705 5314 3850 5375 evo-

2179 5386 2377 5461 candis
2394 5387 2465 5439 ad
2489 5386 2659 5461 ﬁdem
2687 5386 2953 5461 gentibus
2970 5387 3277 5457 plurimum
3300 5392 3579 5461 przecipue
3597 5390 3849 5445 insuda-

2179 5457 2363 5519 bat,et
2394 5457 2740 5512 catechismo
2772 5458 3058 5513 instruens
3075 5457 3314 5515 sabbato
3339 5457 3535 5516 sancto
3568 5462 3845 5524 Paschte,

2190 5544 2287 5608 .uo
2317 5531 2576 5608 te_mp_ore
2606 5528 2859 5608 vplenles
2881 5531 3227 5608 baptizabat.
3260 5534 3515 5607 Tumque
3548 5549 3676 5608 mos
3712 5540 3849 5589 erat

2179 5601 2243 5654 ut
2265 5599 2323 5653 in
2356 5599 2602 5656 Ecclesia
2626 5601 2727 5657 Dei
2750 5616 2851 5674 per
2877 5599 3309 5659 iminersionem
3336 5608 3394 5660 et
3424 5599 3849 5662 'emersionem
