3978 6184
383 339 495 403 323

380 565 648 624 naturas,
679 555 939 624 origines
968 553 1586 621 delictorum,radices
1600 551 1914 607 criminum
1939 549 2035 602 mi-

379 645 548 701 rabili
563 645 790 699 ratione
804 642 1118 714 depromit.
1139 641 1229 696 Sic
1242 657 1432 709 tegras
1446 639 1784 696 mortalium
1810 642 2036 692 mentes

380 733 790 789 moderatione
810 730 923 802 pia,
953 747 1060 802 pro
1087 734 1277 795 aetate,
1299 745 1406 801 pro
1427 746 1592 794 sexu,
1623 744 1729 800 pro
1760 733 2032 796 tempore,

379 839 488 896 pro
519 821 746 877 viribus
778 821 855 875 ad
888 819 1140 874 salutem
1175 820 1465 889 perpetim
1497 817 1700 872 divina
1731 815 2036 870 curatione

380 911 676 986 perducit.
699 909 969 964 Psalmus
990 924 1170 980 quem
1197 907 1374 961 hodie
1405 907 1801 970 cantavimus,
1823 915 1848 944 ι
1877 903 2036 957 Psal-

383 1017 618 1056 morum
649 998 918 1070 pra'fatio
938 1002 1042 1061 est,
1065 996 1252 1050 immo
1280 1001 1335 1051 et
1360 995 1725 1051 Psalmorum
1745 992 2031 1064 psalmus,

382 1089 687 1146 titulorum
716 1086 954 1151 titulus;
983 1090 1069 1140 est
1101 1089 1523 1153 argumentum
1553 1097 1845 1154 generans
1863 1096 2036 1152 argu-

383 1182 603 1239 menta,
638 1182 724 1232 est
753 1179 874 1231 tota
905 1190 1086 1229 causa
1125 1173 1503 1244 sequentium
1542 1169 1932 1226 canticorum.
1972 1171 2037 1223 Et

386 1266 734 1323 sicutclavis
748 1263 897 1319 aulae
913 1262 1144 1334 regalis,
1162 1262 1266 1316 ubi
1290 1261 1800 1332 primamjanuam
1820 1258 2035 1330 patefe-

382 1357 478 1422 cit,
505 1355 535 1396 ι)
567 1353 963 1426 penetrabiles
977 1351 1170 1406 reddit
1183 1351 1423 1405 intimas
1439 1366 1506 1405 ac
1523 1349 1866 1420 multiplices
1880 1363 2035 1403 man-

383 1445 580 1500 siones
598 1461 609 1509 ;
627 1445 704 1498 ita
721 1441 990 1515 psalmus
1006 1439 1243 1503 iste,ubi
1257 1440 1606 1494 reseraverit
1621 1437 1816 1493 aditus
1834 1435 2033 1492 intelli-

381 1534 592 1603 gentia:
611 1531 858 1605 primos,
889 1530 1261 1601 psalmorum
1285 1531 1556 1583 omnium
1590 1526 2034 1598 panditmyste-

381 1622 556 1687 rium,
603 1621 811 1693 pandit
858 1625 1171 1674 secretum.
1222 1619 1437 1674 Beatus
1475 1619 1569 1672 vir
1614 1617 1717 1687 qui
1745 1631 1861 1670 non
1891 1614 2036 1668 abiit

383 1711 709 1767 inconsilio
733 1711 1063 1779 impiorum,
1097 1715 1146 1762 et
1174 1708 1232 1761 in
1264 1709 1363 1762 via
1383 1712 1762 1774 peccatorum
1791 1720 1908 1758 non
1931 1708 2038 1757 ste-

383 1800 476 1870 tit,
512 1807 565 1856 et
600 1801 662 1854 in
703 1797 990 1854 cathedra
1039 1796 1390 1865 pestilentia
1431 1811 1548 1850 non
1593 1793 1740 1849 sedit
1787 1792 1970 1864 (Psal.
1998 1791 2039 1862 1)

381 1890 605 1944 Beatus
637 1889 733 1943 vir
766 1903 776 1941 :
813 1888 961 1941 sicut
990 1885 1346 1940 dimicaturo
1377 1900 1514 1938 cum
1559 1882 1778 1945 bestiis,
1813 1886 1868 1936 et
1903 1895 2038 1950 gra-

381 1977 764 2032 vissimorum
789 1976 1178 2031 certaminum
1208 1973 1558 2028 discrimina
1588 1970 1877 2033 subituro,
1907 1984 2041 2041 pro-

382 2067 732 2122 nuntiantur
745 2071 878 2120 ante
901 2063 1129 2127 bravia,
1157 2061 1424 2133 praemia,
1445 2076 1681 2116 coroute
1705 2078 1721 2131 ;
1748 2057 2042 2131 propheta

380 2153 812 2210 beatitudinem
837 2151 918 2206 sic
937 2150 1247 2222 praemisit,
1267 2154 1330 2203 ut
1347 2145 2038 2217 provocarethominem,

381 2255 405 2284 ο
432 2247 637 2306 totam,
672 2256 858 2313 quam
887 2244 1020 2310 post
1064 2243 1393 2306 enumerat,
1437 2236 1756 2290 criminum
1805 2233 2040 2287 vincere

381 2332 691 2387 feritatem.
721 2332 943 2385 Boatus
963 2328 1055 2383 vir
1083 2329 1188 2398 qui
1202 2343 1319 2381 non
1343 2326 1493 2382 abiit
1509 2327 1569 2380 in
1583 2323 1821 2379 consilio
1845 2323 2041 2392 impio-

382 2427 598 2485 1‘um,et
612 2421 673 2474 in
689 2420 787 2474 via
801 2424 1181 2486 peccatorum
1198 2431 1315 2470 non
1329 2414 1509 2470 stetit.
1528 2415 1570 2478 Ο
1583 2413 1699 2468 uod
1715 2413 1772 2466 in
1792 2410 2040 2467 consilio

383 2508 571 2578 abire,
598 2512 654 2563 et
676 2509 736 2562 in
768 2508 865 2562 via
895 2510 1050 2560 stare
1079 2505 1242 2571 dixit,
1269 2503 1517 2559 forsitan
1548 2503 1822 2557 videatur
1837 2501 2044 2556 absur.

383 2599 551 2664 dum,
580 2614 718 2652 cum
740 2597 799 2651 in
821 2594 1068 2651 consilio
1091 2593 1410 2649 consistere
1430 2598 1486 2648 et
1511 2592 1569 2646 in
1592 2592 1688 2646 via
1715 2590 2040 2654 abire,ma-

385 2688 476 2758 gis
500 2686 814 2742 hominum
848 2684 918 2741 sit
945 2685 1004 2738 in
1025 2699 1149 2737 usu.
1175 2682 1458 2736 Perversa
1487 2680 1729 2752 quidem
1760 2684 1897 2734 sunt
1918 2678 2044 2732 uni-

385 2791 563 2832 versa
592 2774 904 2846 perversis,
947 2788 1056 2827 nec
1086 2775 1336 2843 possunt
1354 2776 1553 2824 tenere
1579 2769 1873 2831 ordinem,
1906 2783 2042 2839 quae

386 2879 490 2936 per
507 2863 775 2919 ordinem
799 2876 921 2916 non
941 2865 1220 2929 aguntur.
1245 2860 1466 2913 Tamen
1493 2857 1589 2912 hic
1607 2857 1900 2928 propheta
1922 2870 2043 2910 non

385 2952 460 3008 de
477 2953 744 3024 corporis
767 2949 1159 3023 loquitur,sed
1177 2948 1390 3002 mentis
1408 2949 1639 3002 incessu
1663 2963 1674 3010 ;
1701 2961 1894 3017 neque
1913 2960 2044 3017 pro-

385 3041 782 3113 hibetpedum
798 3037 1134 3111 lapsus,sed
1153 3037 1355 3091 ruinas
1369 3035 2045 3091 arcetanimarum.Bea-

387 3136 480 3185 tus
498 3131 714 3200 vir,qui
733 3145 847 3183 non
865 3127 1011 3183 abiit
1032 3129 1091 3181 in
1115 3125 1358 3181 consitio
1378 3123 2045 3194 impiorum.Abiit,abiit

385 3233 421 3273 ε.
442 3233 522 3282 se,
549 3234 583 3273 a
607 3219 723 3272 Deo
742 3217 956 3286 impius
984 3231 1119 3269 cum
1145 3214 1382 3268 recessit
1406 3229 1418 3278 ;
1439 3229 1547 3268 nec
1562 3218 1672 3268 stat
1689 3212 1748 3266 in
1774 3211 2041 3278 consilio,
2073 3207 2117 3266 C

381 3305 583 3377 impiis
596 3304 1056 3376 cogitationibus
1069 3301 1174 3375 qui
1190 3307 1454 3372 vagatur.
1481 3306 1587 3357 lste
1619 3301 1645 3340 ἀ
1673 3301 1852 3355 modo
1864 3300 2044 3354 fertur

383 3395 460 3452 ad
487 3394 724 3459 ccelum,
757 3392 937 3447 modo
955 3391 1202 3447 refertur
1219 3391 1294 3446 ad
1316 3391 1788 3460 terras,jactatur
1807 3404 1908 3458 per
1921 3404 2042 3442 ma-

381 3481 1040 3549 ria,levaturtluctibus,
1059 3480 1415 3550 mergiturin
1431 3479 1728 3551 profundo
1755 3491 2042 3547 :cumque

382 3589 491 3629 sua
527 3587 766 3643 semper
791 3575 987 3626 mente
1020 3568 1317 3625 volutetur
1340 3575 1402 3624 ut
1427 3567 1649 3632 ebrius,
1669 3582 1788 3621 non
1814 3582 1873 3620 se
1891 3581 2041 3620 com-

381 3666 570 3733 putat,
587 3666 643 3715 et
667 3672 691 3700 ο
723 3658 1281 3730 computatcmlum.
1307 3657 1415 3718 Qui
1438 3658 1458 3697 τ
1492 3671 1554 3710 se
1578 3656 1726 3710 scire
1745 3654 2044 3710 existimat

381 3753 673 3818 totum,se
689 3749 876 3802 nescit
900 3765 914 3816 ;
935 3746 1038 3819 qui
1061 3747 1106 3801 si
1129 3745 1302 3801 sciret
1327 3761 1408 3811 se,
1441 3759 1775 3816 numquam
1801 3743 2040 3811 caelum,

382 3835 589 3902 solem,
632 3836 859 3903 lunam,
910 3835 1095 3908 ligna,
1137 3834 1368 3906 lapides
1401 3833 1697 3899 adoraret,
1739 3849 1873 3904 quae.
1906 3829 2044 3887 sunt

381 3926 586 3981 omnia
600 3942 722 3980 sua:
737 3926 878 3981 data
892 3930 948 3980 et
964 3924 1203 3979 subdita
1220 3922 1484 3977 servituti
1506 3939 1519 3989 ;
1545 3921 1648 3976 sed
1670 3922 1878 3976 adorat
1897 3922 2044 3994 lapi-

380 4013 542 4083 dem,
573 4016 750 4072 servit
779 4015 965 4085 ligno,
1017 4014 1120 4084 qui
1155 4015 1272 4067 Deo
1315 4011 1463 4078 vivo,
1500 4013 1611 4066 Deo
1655 4026 1795 4066 vero
1827 4012 2042 4066 servire

380 4104 754 4177 contempsit.
780 4108 841 4159 Et
864 4110 927 4159 ut
951 4103 1028 4158 ab
1054 4103 1185 4173 ipso
1201 4100 1497 4174 principio
1510 4100 2042 4171 rerum,impietatis

378 4196 535 4252 facta
553 4196 927 4266 replicemus,
947 4205 977 4248 ε
996 4191 1317 4263 impietatis
1334 4190 1648 4246 consilium
1674 4189 1950 4261 perduxit
1967 4190 2044 4266 ad

379 4285 895 4354 inferna,angelum
912 4283 985 4339 de
1000 4283 1277 4354 supernis,
1300 4282 1550 4337 nuntium
1567 4280 1820 4336 caelestis
1837 4261 2045 4334 secret1

379 4376 437 4429 in
454 4373 761 4428 diabolum
776 4371 1504 4436 commutavit,hominem
1519 4371 1592 4424 de
1610 4369 1896 4437 regimine
1911 4369 2041 4422 vitae

380 4461 453 4517 ad
477 4459 733 4514 mortalis
748 4458 1065 4512 habitaculi
1081 4457 1398 4512 transmisit
1414 4472 1481 4509 ex
1491 4455 1773 4523 silium,de
1786 4454 2040 4525 paradisi

1680 327 1736 386 S.
1787 320 1996 385 PETRI
2040 317 2510 388 CHRYSOLOGI.

380 473 513 540 b‘os,
547 466 888 539 iniquitates
914 466 1196 527 ostentat,
1219 467 1510 520 secretum
1541 463 1724 526 virus,
1758 460 2034 516 vitiorum
2068 461 2112 519 A
2150 456 2372 513 sobolis
2403 459 2664 529 gaudeat
2692 458 2765 515 de
2796 475 3100 532 processu.
3132 459 3560 528 Multiplicans,
3588 461 3779 535 inquit,

146 2 820 23 _———F.
820 2 928 18 ὴ
953 0 3935 42 —nm

146 28 1498 46 w-
1519 31 1530 34 --
1635 19 1740 34 “-“’“
1817 19 1862 36 θ’·-
1895 27 1960 35 ““““
2079 27 2376 36 ’δ’-Ἦ
2425 27 2476 32 ’-⁴““
2673 25 2900 32 ᾑ-ην
2961 28 2980 32 ν
3021 28 3032 32 '
3059 29 3062 31 λ
3363 30 3370 32 -

3671 331 3774 393 324

2146 547 2552 616 multiplicabo
2567 550 2838 604 tristitias
2853 556 2973 603 tuas
2986 553 3036 604 et
3049 550 3288 620 gemitus
3304 551 3456 613 tuos;
3483 554 3543 604 in
3557 551 3780 609 tristitia

2145 640 2196 692 et
2221 638 2438 706 gemitu
2471 640 2669 707 paries
2687 641 2843 707 ﬁlios
2866 638 3025 708 (Gen.
3056 641 3159 707 ιιι).
3190 638 3390 703 Qualis
3416 639 3668 708 ﬁnisest,
3690 644 3783 700 ubi

2144 730 2231 780 est
2259 726 2429 792 origo
2465 727 2717 798 pmnalis
2739 728 2766 781 ?
2787 729 2844 782 in
2876 727 2974 782 via
2998 727 3194 782 latitia
3214 744 3394 798 quem
3427 729 3660 795 tenebit,
3693 733 3782 804 qui

2143 814 2276 868 vitae
2309 815 2487 870 sumit
2505 817 2815 871 exordium
2839 817 2912 871 de
2942 832 3194 871 maerore
3212 818 3239 873 i’
3264 819 3377 871 Hoc
3397 817 3676 888 propheta
3691 836 3788 876 no-

2144 905 2412 974 veratqui
2425 905 2650 961 dicebat
2667 924 2678 960 :
2697 907 2763 961 In
2778 906 3178 976 iniquitatibus
3191 913 3486 977 conceptus
3504 924 3641 972 sum,
3675 917 3721 964 et
3734 911 3789 966 in

2142 991 2366 1048 delictis
2376 995 2595 1065 peperit
2618 1012 2707 1051 me
2723 1002 2898 1050 mater
2917 1011 3041 1051 mea
3065 995 3248 1066 (Psal.
3279 997 3350 1067 1.).
3383 996 3434 1052 Si
3463 997 3788 1067 sic,fratres,

2143 1079 2221 1136 ab
2251 1087 2414 1138 utero
2439 1084 2498 1138 in
2521 1084 2675 1139 viam
2707 1083 3057 1156 projicimur
3075 1088 3472 1154 peccatorum,
3489 1090 3544 1141 et
3566 1086 3794 1144 delicto-

2141 1185 2272 1226 rum
2293 1171 2400 1226 iter
2414 1177 2568 1228 totas
2587 1173 2882 1227 currimus
2900 1189 3005 1245 per
3023 1178 3246 1236 aetates,
3267 1173 3594 1244 cogitemus
3615 1175 3795 1233 infan-

2145 1259 2234 1315 tiae
2247 1261 3560 1334 vanitates,adolescentiaelapsus,juventutis
3575 1265 3797 1322 ruinas,

2143 1352 2459 1407 senectutis
2490 1353 2754 1418 morbos,
2789 1361 2843 1408 et
2876 1358 3013 1408 tunc
3047 1369 3158 1408 nos
3188 1369 3308 1408 non
3337 1353 3498 1408 viam
3527 1356 3681 1420 vitae,
3705 1357 3798 1411 sed

2144 1447 2525 1513 peccatorum
2547 1441 2707 1497 viam
2725 1458 2962 1513 carpere
2984 1442 3067 1497 sic
3087 1443 3439 1500 videbimur.
3462 1444 3626 1499 Hanc
3646 1445 3799 1500 viam

2146 1534 2311 1585 notat
2326 1530 2700 1594 Christus,sic
2717 1531 2963 1586 dicendo
2991 1548 3002 1586 :
3027 1531 3203 1598 Quam
3223 1532 3344 1587 lata
3367 1536 3421 1587 et
3436 1535 3692 1601 spatiosa
3714 1536 3802 1590 via

2145 1635 2272 1690 qua:
2284 1620 2438 1674 ducit
2457 1619 2530 1674 ad
2537 1619 3009 1687 perditionem,et
3029 1621 3448 1691 multisuntqui
3471 1623 3699 1678 intrant
3709 1639 3804 1694 per

2147 1724 2275 1764 eam
2302 1709 2537 1777 (Matth.
2566 1710 2687 1779 vn).
2719 1708 2951 1763 Delictis
2972 1709 3110 1773 lata,
3137 1709 3350 1764 diffusa
3374 1708 3676 1777 ﬂuctibus,
3703 1713 3800 1767 cri-

2150 1797 2413 1852 minibus
2463 1797 2743 1868 spatiosa,
2779 1803 2834 1852 et
2863 1812 2997 1852 vere
3029 1796 3124 1852 via
3154 1802 3239 1853 est
3271 1797 3382 1854 vita
3413 1814 3707 1870 prtesens,
3749 1802 3805 1855 in

2148 1901 2326 1962 quam
2351 1885 2572 1940 venitet
2593 1886 2968 1941 vadithomo.
2986 1887 3308 1951 Generatio,
3329 1887 3738 1959 inquit,vadit,
3757 1892 3808 1944 et

2146 1974 2431 2043 generatio
2447 1974 2618 2039 venit,
2643 1982 2693 2030 et
2726 1975 2958 2031 terrain
2978 1981 3255 2030 aeternum
3278 1980 3388 2030 stat
3408 1977 3582 2045 (Eccl.
3609 1979 3730 2047 vn).
3750 1979 3812 2031 Et

2147 2062 2282 2118 ideo
2313 2069 2448 2119 ante
2469 2063 2651 2121 dixit:
2684 2065 2890 2120 Beatus
2920 2064 3004 2117 vir
3023 2064 3122 2134 qui
3151 2080 3270 2119 non
3299 2065 3441 2119 abiit
3468 2065 3528 2120 in
3563 2066 3811 2121 consilio

2151 2150 2544 2220 impiorum,et
2569 2153 2632 2206 in
2647 2151 2736 2206 via
2761 2159 3138 2220 peccatorum
3163 2168 3282 2207 non
3300 2155 3472 2207 stetit.
3500 2156 3624 2208 Non
3646 2155 3810 2216 dixit,

2149 2242 2273 2296 Non
2292 2242 2449 2296 venit
2464 2260 2480 2311 3
2498 2256 2675 2296 nemo
2690 2241 2838 2295 enim
2854 2241 2910 2296 in
2927 2241 3084 2296 viam
3101 2257 3218 2295 non
3236 2243 3808 2313 venitpeccatorum,

2149 2334 2207 2389 in
2231 2348 2350 2403 qua
2373 2346 2482 2385 nos
2507 2331 2599 2385 lex
2628 2331 2763 2401 ipsa
2786 2335 3012 2385 naturae
3045 2329 3314 2400 perducit
3335 2335 3388 2383 et
3421 2333 3633 2386 mortis
3659 2349 3672 2397 ;
3711 2331 3818 2386 sed

2153 2425 2362 2477 Beatus
2395 2419 2486 2473 ille
2517 2419 2622 2490 qui
2649 2433 2768 2473 non
2797 2424 2908 2473 stat
2929 2417 2987 2471 in
3020 2434 3106 2472 ea.
3131 2417 3255 2472 Stat
3286 2417 3400 2483 ille,
3425 2417 3518 2472 ille
3536 2418 3822 2474 demora-

2150 2515 2243 2566 tur
2272 2511 2328 2564 in
2363 2525 2451 2573 ea,
2485 2508 2586 2579 qui
2615 2507 2771 2562 levat
2802 2522 2984 2561 onera
3023 2511 3424 2576 peccatorum,
3467 2513 3523 2561 et
3553 2513 3819 2563 onustus

2151 2600 2334 2656 viator
2346 2595 2513 2653 tarde
2527 2596 2811 2667 pervenit,
2833 2600 2887 2650 et
2910 2594 3206 2650 caelestem
3221 2595 3493 2650 clausam
3519 2594 3631 2650 sibi
3655 2597 3818 2650 inve-

2149 2689 2236 2745 nit
2265 2687 2659 2743 mansionem.
2696 2686 2823 2740 Istis
2854 2683 3219 2756 ponderibus
3267 2683 3590 2755 impeditus
3627 2684 3823 2743 ﬂebat

2150 2779 2463 2851 propheta,
2486 2774 2689 2829 dicens
2723 2792 2734 2829 :
2768 2775 3111 2845 Iniquitates
3137 2788 3277 2829 mea
3305 2782 3820 2842 superposuerunt

2150 2871 2588 2937 caputmeum,et
2609 2864 2749 2918 sicut
2765 2878 2903 2917 onus
2915 2877 3092 2931 grave
3103 2867 3364 2931 gravata
3378 2866 3508 2916 sunt
3522 2877 3701 2931 super
3722 2880 3819 2916 me.

2153 2958 2214 3010 Et
2241 2955 2381 3027 quia
2414 2959 2533 3008 toto
2563 2951 2695 3005 vitte
2729 2956 2990 3022 tempore
3040 2951 3148 3004 has
3179 2949 3421 3013 ferebat,
3456 2949 3769 3005 exclamat
3801 2967 3814 3005 :

2150 3045 2332 3100 Miser
2355 3043 2558 3113 factus
2578 3056 2723 3104 sum,
2755 3045 2808 3094 et
2827 3039 3165 3093 incurvatus
3196 3054 3323 3093 sum
3341 3052 3520 3109 usque
3549 3041 3616 3093 in
3637 3039 3822 3105 ﬁnem

2150 3133 2326 3200 (Psal.
2346 3129 2970 3192 xxxvu).Peccatorum
2985 3127 3140 3180 viam
3157 3127 3348 3181 viator
3365 3126 3456 3181 ille
3473 3127 3826 3197 pertransit,

2150 3222 2254 3294 qui
2279 3220 2436 3276 mala
2464 3219 2643 3287 hujus
2672 3216 2803 3270 vitae
2832 3216 3006 3285 videt,
3043 3215 3144 3270 sed
3177 3215 3448 3286 despicit,
3477 3217 3683 3282 sentit,
3718 3216 3826 3269 sed

2151 3311 2370 3381 calcat;
2401 3311 2639 3380 patitur,
2693 3305 2797 3360 sed
2829 3305 3046 3369 vincit;
3082 3309 3134 3359 et
3165 3305 3310 3359 dum
3343 3305 3490 3374 fugit
3522 3304 3651 3369 illa,
3689 3305 3832 3376 plus

2151 3400 2332 3456 currit
2360 3396 2640 3453 :undeilli
2664 3396 2916 3450 occurrit
2933 3393 3437 3463 cmlestisjanitor,
3463 3393 3737 3449 caelestis
3755 3393 3834 3448 illi

2151 3488 2384 3545 mansio
2399 3502 2458 3541 se
2474 3501 2592 3540 non
2608 3483 2846 3540 claudit.
2859 3482 2969 3539 Sed
2986 3483 3132 3554 quid
3143 3488 3232 3537 est
3247 3483 3410 3554 quod
3428 3488 3832 3554 peccatorum

2152 3572 2916 3649 viaaimpietatisconsilium
2936 3572 3017 3626 sic
3035 3571 3350 3642 praemisit:
3379 3573 3591 3627 Beatus
3610 3573 3717 3628 vir
3737 3570 3837 3643 qui

2151 3679 2269 3724 non
2301 3666 2446 3722 abiit
2470 3664 2533 3719 in
2561 3662 2803 3719 consitio
2816 3660 3213 3730 impiorum,et
3231 3661 3293 3715 in
3315 3661 3406 3716 via
3426 3667 3832 3728 peccatorum

2151 3774 2268 3814 non
2282 3756 2440 3812 stetit
2459 3751 2643 3819 tQuia
2657 3751 2762 3806 etsi
2777 3756 2952 3806 natus
2963 3751 3147 3805 homo
3167 3765 3304 3804 mox
3317 3753 3721 3820 peccatorum
3738 3766 3835 3804 ve-

2150 3847 2237 3902 nit
2257 3847 2316 3901 in
2339 3845 2519 3907 viam,
2539 3841 2697 3912 jacet
2726 3845 2926 3895 tamen
2951 3838 3243 3910 primum:
3271 3853 3390 3892 non
3413 3853 3552 3892 mox
3578 3836 3831 3908 peccati

2151 3937 2330 3991 currit
2354 3934 2413 3988 in
2447 3931 2626 3996 viam,
2663 3930 2768 3984 sed
2801 3928 2900 3983 ubi
2947 3928 3190 3999 coeperit
3228 3926 3549 3998 impietatis
3577 3942 3838 3982 venena

2151 4029 2408 4095 gustare,
2433 4025 2576 4074 tunc
2602 4019 2629 4060 δ
2648 4033 2925 4090 saporem
2943 4015 3205 4072 trabitde
3228 4014 3592 4086 pinguedine
3612 4031 3838 4087 pecca-

2153 4121 2366 4169 torum.
2399 4107 2694 4181 lmpiusin
2729 4111 2910 4162 Deum
2937 4105 3140 4167 tendit,
3163 4120 3198 4158 a
3225 4105 3343 4158 Deo
3366 4102 3702 4159 vaditcum
3731 4103 3840 4158 de-

2148 4202 2390 4274 linquit;
2424 4203 2763 4271 peccatores
2794 4199 2943 4251 Deus
2970 4193 3309 4258 contemnit,
3342 4192 3439 4263 qui
3467 4199 3612 4249 ante
3653 4209 3843 4248 man-

2150 4291 2316 4347 davit
2337 4306 2457 4345 non
2487 4287 2702 4343 debere
2725 4300 2988 4357 peccare.
3021 4284 3234 4338 Lucem
3259 4282 3516 4337 tenebrae
3549 4280 3837 4352 fugiunt,

2153 4377 2557 4436 tenebrteluce
2575 4372 3194 4430 redeuntabscedente
3228 4387 3239 4426 :
3268 4370 3366 4425 ubi
3391 4373 3566 4434 Deus,
3604 4387 3844 4442 pecca-

2151 4474 2274 4524 tum
2290 4467 2553 4536 nullum;
2573 4464 2672 4518 ubi
2689 4469 3018 4534 peccatum,
3037 4476 3156 4516 non
3176 4460 3258 4514 ibi
3279 4460 3528 4514 Deus.Et
3545 4466 3617 4514 ut
3638 4461 3836 4523 scias,

380 4548 998 4604 deliciisaerumnosos
1016 4541 2042 4615 saeculipepulitadlabores;mulie-
2076 4541 2118 4598 D
2148 4557 2349 4626 homo,
2397 4571 2432 4610 ἃ
2461 4556 2786 4623 conspectu
2834 4550 2933 4604 Dei
2963 4550 3271 4605 hominem
3319 4547 3479 4602 viam
3513 4549 3842 4603 cursitare

382 4654 508 4694 rem
535 4637 608 4691 de
633 4635 979 4705 virginitatis
1016 4633 1202 4703 gloria
1233 4633 1491 4702 gemitus
1524 4633 1800 4687 conscios
1828 4631 2039 4701 dejecit

386 4726 462 4783 ad
485 4730 708 4797 partus.
733 4723 871 4778 Inde
889 4729 976 4778 est
995 4723 1158 4794 quod
1181 4727 1502 4794 antequam
1522 4722 1929 4792 gaudeat,non
1950 4719 2039 4789 ig.

385 4821 556 4872 norat
585 4812 841 4878 dolores,
870 4817 926 4868 et
949 4812 1124 4868 solvit
1146 4817 1281 4867 ante
1305 4810 1380 4866 de
1397 4815 1562 4866 reatu
1585 4825 2039 4882 pmnam,quam

455 4996 482 5026 ι
510 4983 726 5038 Revera
756 4998 789 5036 a
815 4981 1086 5051 pluribus,
1121 4984 1176 5035 et
1197 4983 1422 5033 tantum
1447 4977 1847 5051 nongomnibus
1873 4991 2036 5031 enar-

383 5055 688 5118 ratoribus,
722 5049 976 5124 psalmus
1007 5051 1096 5105 hic
1139 5051 1378 5105 habetur
1408 5049 1580 5105 veluti
1608 5050 1952 5120 prommium
1982 5051 2038 5103 et

383 5143 612 5182 summa
643 5125 902 5179 omnium
938 5124 1311 5194 psalmorum.

453 5199 481 5239 b
509 5200 584 5252 Ex
613 5198 716 5252 Ms.
752 5191 953 5250 Vaticf
974 5195 1122 5248 Editi
1155 5210 1376 5262 omnes,
1399 5191 1722 5264 penetrales.

452 5281 475 5308 ε
501 5271 598 5322 Ms.
636 5273 906 5336 Ciesenaa,
946 5267 1206 5321 Tantam.

453 5338 479 5376 ἀ
512 5339 618 5391 Alii
649 5356 871 5408 quoque
895 5329 1239 5408 interpretes
1281 5351 1348 5390 ex
1379 5335 1570 5408 phrasi
1600 5335 1835 5408 Hebrtea
1865 5329 2037 5408 expli—

380 5411 516 5462 cant
536 5401 722 5462 locum
751 5401 954 5478 psalmi
1011 5401 1079 5463 de
1106 5407 1314 5478 impiis,
1345 5401 1438 5478 qui
1468 5407 1715 5478 inquiete
1747 5409 1803 5459 et
1825 5401 2038 5478 indesi-

382 5484 582 5556 nenter
606 5476 765 5556 male
788 5484 991 5556 agunt,
1013 5476 1321 5556 tamquam
1355 5476 1532 5542 mare,
1548 5476 2036 5556 'quodnquiescere

381 5547 598 5620 nequit,
645 5547 1181 5620 inquit’Vatablusf
1208 5566 1433 5620 unaque
1474 5547 1664 5603 secum
1719 5547 1934 5602 Pineda
1983 5548 2039 5600 et

384 5619 668 5682 Cocceius.
704 5619 838 5675 Vide
870 5619 999 5676 lsai.
1031 5637 1162 5688 LVII,
1190 5623 1299 5688 20;
1331 5619 1596 5675 Proverb.
1627 5635 1700 5684 iv,
1736 5620 1824 5675 16.

2149 4640 2705 4718 peccatorum,audi
2725 4639 3111 4711 prophetam:
3143 4639 3276 4692 Non
3303 4642 3384 4692 est
3413 4639 3568 4691 Deus
3595 4642 3667 4691 in
3695 4654 3844 4691 con-

2147 4739 2334 4805 spectu
2351 4730 2837 4800 ejus,polluuntur
2850 4729 2958 4784 viae
2972 4730 3092 4797 ejus
3110 4728 3174 4782 in
3192 4726 3344 4781 omni
3359 4732 3624 4792 tempore
3637 4725 3842 4797 (Psal.

2146 4824 2250 4893 ix).
2273 4819 2524 4874 Gravius
2550 4832 2691 4887 ergo
2711 4817 2895 4872 homo
2926 4822 3064 4871 tunc
3090 4817 3149 4870 in
3168 4817 3264 4871 via
3290 4814 3511 4870 labitur
3535 4821 3846 4885 peccato-

2217 4985 2243 5012 ο
2267 4968 2500 5024 Plurimi
2542 4968 2751 5023 cmlum
2806 4967 2941 5021 facit
2973 4967 3125 5038 quod
3154 4966 3374 5030 adorat,
3410 4967 3544 5029 etc.,
3587 4980 3746 5018 cum
3785 4968 3849 5020 te

2146 5042 2286 5098 nihil
2319 5040 2510 5095 faciat.
2540 5043 2700 5095 MITA.

2218 5115 2238 5155 f
2261 5112 2663 5184 Arrogantiam
2691 5113 3048 5184 peccatorum
3076 5106 3343 5184 describit
3364 5123 3377 5171 ;
3398 5109 3452 5184 et
3477 5105 3532 5159 in
3559 5103 3680 5184 hoc
3708 5105 3856 5184 qui-

2145 5187 2275 5240 dem
2304 5176 2508 5254 psalmi
2555 5176 2700 5245 loco,
2734 5182 2792 5254 in
2847 5181 3100 5242 Hebraeo,
3137 5179 3564 5254 pro_impiorum
3599 5176 3855 5254 legitur

2143 5247 2472 5312 derisorum.
2508 5253 2634 5307 Mali
2661 5253 2814 5306 enim
2848 5267 2946 5322 per
2968 5247 3358 5321 arrogantiam
3392 5249 3513 5319 pios
3542 5247 3850 5315 irrident,

2145 5328 2389 5398 explicat
2414 5327 2502 5398 Du
2538 5323 2848 5398 [lamelius.

2217 5390 2246 5452 ἒξ
2275 5396 2544 5450 Videlicet
2571 5394 2875 5461 sententia,
2920 5393 3270 5456 institutum,
3305 5390 3678 5462 propositum
3723 5391 3854 5446 im-

2186 5485 2393 5523 torum.

2147 5489 2180 5542 Ρ
2218 5541 2243 5581 h
2266 5539 2474 5610 Impius
2505 5555 2634 5593 cum
2676 5537 2733 5591 in
2766 5535 3117 5610 profundum
3143 5535 3378 5605 venerit,
3417 5534 3475 5588 in
3508 5532 3864 5605 impietate

2148 5627 2252 5669 sua
2278 5609 2527 5682 laetatur,
2559 5615 2614 5665 et
2643 5609 2877 5684 gaudet.
