3958 6182
152 292 273 361 3’9

1624 282 1863 351 SERMO
1906 291 2094 352 XLVI.

3451 310 3563 369 330

147 431 229 487 ris
251 422 1590 501 graminishortaturcupiditateconscendere,
1619 418 1811 477 autad
1845 424 1892 483 Α
1920 422 1993 478 tis
2024 425 2363 496 quaesitum,
2388 424 2717 495 inventum,
2743 428 2800 484 et
2830 442 2950 484 non
2995 444 3032 487 a
3059 432 3176 486 Deo
3224 433 3560 496 conditum.

149 519 381 576 devexa
407 518 658 575 vallium
674 518 897 574 sensim
918 521 1040 573 tota
1060 516 1413 572 necessitate
1426 510 1806 568 descendere.

154 610 262 667 Sed
292 610 489 665 beatae
514 614 651 663 sunt
684 623 824 663 oves
854 607 1137 678 illm,quee
1159 607 1252 661 sui
1272 620 1469 661 vocem
1494 601 1813 658 admittunt

152 700 433 771 pastoris,
468 698 793 762 attrahunt,
827 696 1112 759 nutriunt,
1155 697 1540 765 congregant,
1572 696 1629 746 et
1674 703 1811 745 vere

155 788 379 860 pastori
408 802 519 842 suo
535 786 796 856 jubilant
826 800 991 857 :quaa
1014 784 1286 853 germina
1301 784 1390 837 sui
1406 782 1602 851 gregis
1622 777 1814 835 Domi-

155 892 233 932 no
249 874 634 947 multiplicare
647 873 983 929 moliuntur.
994 873 1445 929 Prceveniamus
1452 871 1670 939 faciem
1684 868 1813 936 ejus

157 967 218 1021 in
244 966 620 1034 confessione.
639 963 847 1035 thuis
862 960 1142 1033 prmvenit
1155 964 1536 1031 peccatorum
1550 955 1815 1028 cognito-

159 1070 303 1117 rem,
321 1057 717 1108 scrutatorem
729 1049 1021 1119 cordium,
1036 1050 1463 1118 cogitationum
1482 1044 1813 1112 conscium,

160 1142 497 1197 futurorum
512 1140 849 1212 praescium,
866 1142 1211 1210 prmsentem
1229 1151 1468 1207 semper
1480 1140 1535 1190 et
1552 1134 1775 1205 ubique
1788 1132 1817 1187 ?

161 1230 275 1287 Sed
302 1228 759 1302 praeveniendus
790 1234 882 1283 est
902 1242 1022 1283 non
1045 1242 1333 1281 sensuum
1364 1223 1683 1289 vicinitate,
1714 1220 1817 1277 sed

158 1319 383 1391 ingenii
430 1319 790 1388 sagacitate;
850 1332 973 1371 non
1033 1315 1343 1372 velocitate
1391 1314 1638 1385 pedum,
1710 1310 1819 1369 sed

160 1408 416 1481 provido
426 1406 819 1463 confessionis
839 1405 1163 1477 obsequio:
1182 1404 1483 1475 siquidem
1506 1417 1628 1458 non
1646 1400 1815 1468 dixit,

160 1498 532 1553 Praeveniam
542 1512 609 1550 us
621 1510 760 1551 eum
776 1492 1139 1559 tantum,sed
1151 1493 1589 1550 Praeveniamus
1598 1490 1817 1561 faciem

158 1589 279 1654 eius
300 1588 365 1641 in
384 1585 758 1656 confessione.
773 1585 893 1639 Hoc
909 1588 1014 1648 est,
1031 1598 1163 1637 cum
1189 1593 1215 1624 ι
1247 1598 1384 1654 spes
1399 1578 1819 1637 misericordia

160 1682 268 1742 est,
299 1690 443 1729 cum
474 1679 713 1745 tempus
742 1678 829 1728 est
850 1672 1056 1735 venias,
1092 1686 1231 1727 cum
1264 1670 1619 1742 paenitentia
1649 1668 1818 1726 locus

161 1736 265 1831 est,
292 1736 693 1819 conﬁteaniur
717 1761 890 1833 patri,
914 1776 984 1816 ne
1010 1736 1279 1831 judicem
1305 1760 1635 1816 sentiamus
1661 1772 1823 1829 ;pro-
1856 1736 1902 1795 Β

161 1852 383 1908 damus
399 1867 539 1924 qua:
568 1850 819 1905 fecimus
839 1850 1061 1923 pietati,
1092 1865 1166 1905 ne
1189 1849 1483 1905 severitati
1533 1862 1825 1917 cogamur

161 1941 472 1997 exsolvere
484 1946 923 2012 quaatacemus:
943 1938 973 1981 ιδ
1000 1938 1275 1994 dicamus
1288 1936 1675 2007 indulgentias
1690 1941 1825 1991 tem-

165 2046 309 2102 pore
330 2028 549 2085 delicta
569 2034 793 2094 nostra,
822 2042 897 2083 ne
920 2027 969 2082 si
997 2032 1284 2093 tacemus,
1316 2026 1392 2083 ad
1420 2023 1825 2097 excipiendam

164 2118 531 2175 sententiam
561 2116 913 2179 deﬂeamus.
934 2116 1000 2172 Et
1022 2115 1171 2187 quid
1194 2115 1384 2187 plura,
1412 2114 1621 2170 fratres
1640 2116 1667 2169 ?
1701 2127 1825 2171 non

160 2207 454 2278 iudicem,
489 2204 594 2261 sed
614 2205 907 2276 judicium
936 2220 1047 2260 nos
1079 2204 1350 2260 hortatur
1372 2202 1663 2275 propheta
1708 2200 1824 2258 cle-

166 2295 579 2352 mentissimus
610 2293 955 2365 prmvenire.
980 2294 1058 2348 Et
1089 2295 1153 2349 in
1172 2293 1444 2362 psalmis,
1499 2290 1710 2364 inquit,
1724 2292 1827 2360 ju-

164 2387 414 2443 bilemus
441 2387 515 2441 ei.
540 2387 619 2439 Ne
646 2383 866 2439 indicta
897 2382 1122 2454 pectori
1154 2386 1352 2437 nostro
1395 2379 1825 2437 irrationabilis

155 2474 437 2547 jubilatio
462 2474 822 2529 crederetur.
850 2471 922 2527 In
947 2472 1197 2543 psalmis
1207 2470 1555 2540 jubilemus.
1591 2470 1661 2525 Ut
1690 2481 1715 2511 ο
1764 2468 1826 2524 in

162 2564 421 2637 psalmis
444 2562 716 2619 divinum
737 2566 972 2617 resonet
996 2564 1463 2623 sacramentum,
1492 2564 1547 2614 et
1569 2557 1731 2631 quod
1748 2557 1826 2614 ad

163 2659 519 2726 provectum
551 2650 761 2707 salutis
791 2650 1027 2706 animos
1051 2653 1409 2721 promoveat
1430 2647 1824 2704 audientium.

161 2742 456 2807 Quoniam
489 2741 660 2804 Deus,
684 2738 895 2810 inquit,
915 2753 1160 2809 magnus
1184 2738 1491 2792 Dominus.
1520 2735 1619 2791 Hic
1640 2734 1829 2790 domi-

162 2831 278 2885 nici
312 2827 587 2900 corporis
604 2827 793 2898 aperit
818 2832 1282 2895 sacramentum,
1312 2826 1456 2896 quia
1487 2824 1826 2879 Deusetiam

164 2920 221 2974 in
234 2924 449 2974 nostro
463 2932 714 2989 corpore
727 2930 984 2985 magnus
1013 2914 1319 2969 Dominus.
1339 2914 1429 2982 fEt
1457 2928 1567 2975 rex
1583 2926 1829 2982 magnus

164 3024 341 3079 super
366 3020 571 3062 omnes
603 3005 935 3061 deosJuxta
956 3003 1097 3058 illud
1128 3019 1137 3056 ε
1163 3003 1305 3069 Quis
1332 3001 1545 3057 similis
1572 3002 1684 3056 erit
1713 3002 1830 3056 Deo

1920 515 2103 587 Ipsius
2132 524 2215 572 est
2230 532 2409 582 mare,
2428 521 2482 574 et
2504 520 2625 588 ipse
2645 519 2791 589 fecit
2815 518 2984 584 illud,
3014 524 3066 576 et
3088 521 3326 579 aridam
3358 539 3567 582 manus

1920 608 2044 675 ejus
2066 606 2492 674 formaverunt.
2524 607 2632 662 Ubi
2650 613 2788 662 sunt
2815 620 2840 649 ο
2871 609 2974 681 qui
2996 612 3179 666 Deum
3203 610 3277 667 de
3301 613 3570 686 materia,

1921 699 1977 749 et
1991 693 2334 763 maximefde
2347 710 2508 766 aqua
2529 693 2550 735 τ
2576 695 2873 752 mundum
2888 697 3177 769 ﬁgurasse
3191 700 3576 770 conﬁngunt?

1925 784 2075 838 Deus
2097 788 2299 838 noster
2324 784 2381 838 in
2403 783 2573 849 caelo,
2604 789 2659 840 et
2684 784 2743 839 in
2778 790 2947 857 terra,
3004 802 3126 843 non
3155 793 3218 845 ut
3274 789 3570 859 inventor,

1924 871 2029 926 sed
2054 876 2115 927 ut
2143 872 2412 929 conditor
2443 874 2724 940 materiai,
2758 891 2828 930 ex
2858 875 3043 932 nihilo
3069 884 3283 934 cuncta
3297 879 3566 950 perfecit.

1935 961 2155 1025 Venite,
2176 960 2384 1033 inquit,
2413 962 2742 1018 adoremus.
2769 965 2906 1029 Quae
2937 972 3284 1038 sequuntur,
3340 967 3574 1039 fratres,

1924 1048 2343 1120 ignorantibus
2357 1050 2535 1107 veluti
2558 1050 2974 1109 immemorem
2988 1054 3341 1127 prophetam
3355 1056 3577 1116 exulta-

1925 1138 2103 1194 tionis
2126 1155 2245 1194 sua:
2267 1138 2466 1204 fuisse,
2495 1140 2928 1211 demonstrant,
2957 1142 3103 1199 dum
3130 1151 3483 1215 provocatos
3498 1146 3577 1204 ad

1927 1227 2144 1297 gaudia
2175 1244 2313 1283 mox
2334 1234 2540 1285 evocat
2569 1230 2645 1285 ad
2674 1229 2960 1301 ploratus.
2981 1232 3180 1290 Venite
3203 1234 3413 1305 inquit,
3442 1236 3577 1292 ado-

1926 1332 2121 1372 remus
2146 1317 2585 1388 etprocidamus
2608 1325 2741 1375 ante
2775 1335 2924 1386 eum,
2962 1326 3015 1376 et
3047 1322 3337 1392 ploremus
3376 1338 3575 1382 coram

1930 1408 2167 1461 Domino
2196 1407 2300 1477 qui
2317 1407 2465 1475 fecit
2485 1422 2601 1462 nos.
2628 1407 2897 1463 Dixerat:
2930 1410 3142 1475 Venite,
3208 1413 3538 1470 erultemus
3562 1429 3583 1481 ;

1926 1509 2125 1551 verum
2138 1494 2234 1550 hic
2246 1495 2523 1567 propheta
2538 1511 2731 1552 secum
2750 1523 2782 1564 κ
2811 1496 2983 1553 ﬂetus
2996 1514 3229 1555 Suorum
3244 1515 3354 1556 nos
3368 1502 3581 1574 deside,

1926 1587 2018 1639 rat
2048 1582 2288 1640 fundere
2311 1584 2700 1653 gaudiorum:
2724 1586 2867 1658 quia
2891 1588 3417 1662 semperlacrymae
3434 1592 3586 1647 sicut

1928 1670 2136 1728 dolore
2166 1688 2410 1742 magno,
2443 1674 2526 1730 ita
2556 1674 2969 1746 producuntur
2998 1682 3054 1733 et
3070 1677 3312 1748 gaudio,
3329 1694 3464 1750 quae
3478 1679 3586 1736 uti-

1930 1775 2047 1833 que
2061 1761 2271 1816 interni
2288 1762 2541 1833 pectoris
2566 1769 2893 1835 exponunt,
2910 1769 2968 1821 et
2980 1770 3269 1823 testantur
3279 1765 3587 1825 affectum.

1932 1850 2042 1916 Qui
2067 1864 2210 1920 ergo
2238 1849 2543 1923 lapidibus
2574 1853 3119 1923 prosternebantur,
3145 1862 3200 1912 et
3221 1857 3418 1928 lignis,
3442 1871 3585 1914 vero

1933 1937 2175 1994 tandem
2200 1937 2319 1993 Deo
2345 1938 2603 2009 cognito,
2630 1941 2758 1995 vult
2778 1955 2887 1996 nos
2912 1941 3162 2001 adorare
3193 1943 3502 2015 procidere
3532 1947 3590 2000 et

1932 2026 1960 2068 δ
1990 2026 2790 2101 νερεηςατεξὶαετγωὶεβῑᾳυε
2806 2030 3077 2086 continuo
3089 2030 3407 2089 devotionis
3422 2030 3587 2089 obse-

1933 2115 2257 2189 quio,quod
2268 2114 2367 2169 diu
2381 2115 2625 2188 etilongo
2640 2121 2891 2189 tempore
2905 2118 3490 2189 negleximus.Plorat
3500 2135 3589 2179 er-

1934 2204 3167 2277 go,dumdefprmteritispmnitet,gaudetde
3181 2210 3586 2281 praesentibus,

1934 2297 2148 2349 mstuat
2167 2298 2224 2349 et
2250 2294 2457 2349 metuit
2478 2294 2551 2348 de
2583 2293 2810 2349 futuris.
2844 2294 3125 2352 Perfecta!
3154 2302 3355 2354 autem
3376 2298 3589 2355 lmtitim

1934 2381 2106 2438 ﬂetus
2121 2381 2299 2437 fuisse
2320 2398 2392 2437 ex
2414 2382 2807 2455 sequentibus
2822 2382 2908 2440 sic
2920 2383 3353 2445 demonstrant:
3369 2386 3585 2453 Venite,

1934 2471 2232 2528 adoremus
2254 2476 2309 2527 et
2319 2472 2693 2540 providemus
2703 2477 2845 2533 ante
2856 2480 3064 2539 eum,et
3072 2475 3365 2545 ploremus
3386 2492 3589 2534 coram

1935 2561 2300 2632 Dominofqui
2306 2561 2450 2630 fecit
2465 2576 2587 2616 nos.
2606 2562 2672 2616 Et
2684 2562 2857 2632 quasi
2874 2562 3548 2637 interrogaretur,quare
3560 2566 3590 2625 7

1934 2650 2129 2709 reddit
2141 2665 2379 2717 causas,
2402 2650 2593 2721 aperit
2606 2650 3048 2719 rationeszouia
3072 2654 3189 2722 ipse
3210 2659 3291 2709 est
3310 2654 3470 2711 Deus
3489 2669 3592 2710 no-

1924 2745 2134 2813 ,ster,et
2159 2753 2266 2793 nos
2282 2738 2539 2806 populus
2559 2752 2797 2806 pascua
2825 2740 2946 2807 ejus
2977 2744 3030 2795 et
3050 2755 3177 2795 oves
3200 2756 3401 2797 manus
3438 2744 3588 2810 ejus.

1939 2831 2019 2882 Ex
2035 2827 2150 2881 hoc
2181 2826 2384 2897 utique
2405 2830 2700 2897 quantum
2716 2825 2971 2882 devotus
2989 2832 3077 2883 est
3101 2826 3196 2883 ille
3217 2829 3321 2901 qui
3346 2829 3588 2900 gaudet,

1939 2920 2169 2975 tantum
2200 2918 2353 2969 certe
2373 2913 2475 2985 qui
2488 2914 3300 2985 contristaturingratus.Sed
3320 2917 3439 2989 jam
3457 2934 3588 2991 qua

1939 3001 2554 3060 admonetaudiamus
2565 3000 2865 3058 intentius:
2880 3004 3062 3060 Hodie
3076 3004 3127 3060 si
3140 3020 3331 3062 vocem
3346 3009 3473 3076 ejus
3489 3022 3589 3061 au-

168 3099 334 3153 inter
355 3096 514 3163 filios
550 3096 657 3150 Dei
675 3094 857 3164 (Psal.
886 3095 1166 3162 Lxxxvm)
1184 3092 1212 3147 ?
1240 3091 1614 3163 quia'omnes
1632 3104 1833 3162 super-
1861 3098 1906 3159 ο
1938 3090 2817 3158 dieritis,noliteobdurarecorda
2830 3095 3192 3161 vestra,sicut
3207 3095 3265 3149 in
3278 3096 3597 3151 irritatione

171 3203 261 3241 nae
294 3185 323 3225 ἀ
355 3186 607 3241 virtutes
645 3199 782 3238 cum
815 3188 1023 3252 regant
1053 3186 1315 3244 cmteros,
1354 3181 1497 3251 ipsas
1520 3185 1722 3235 tamen
1747 3194 1831 3234 re-

170 3280 396 3345 guntur
419 3290 457 3329 a
496 3272 751 3328 Christo.
786 3271 934 3336 Quia
958 3273 1019 3326 in
1044 3285 1225 3326 manu
1264 3271 1392 3339 ejus
1447 3275 1586 3324 sunt
1635 3282 1833 3323 omnes

169 3365 309 3431 ﬁnes
343 3370 545 3420 terra.
575 3362 726 3426 Quia
754 3376 891 3432 quin
918 3360 977 3415 in
1011 3374 1195 3416 manu
1222 3357 1317 3413 Dei
1346 3362 1503 3426 sunt,
1536 3358 1664 3413 sine
1714 3357 1834 3413 Deo

170 3450 748 3525 nequeuntobtineri
778 3450 825 3503 si
854 3448 1102 3505 dilatare
1126 3447 1296 3513 ﬁnes,
1326 3448 1712 3518 siprorogare
1732 3452 1837 3503 ter-

174 3545 394 3609 minos,
428 3540 481 3594 si
510 3538 926 3595 desideramus
948 3537 1171 3593 amissa
1192 3551 1471 3591 revocare
1502 3536 1681 3591 lleum
1697 3550 1838 3605 ergo

174 3631 317 3687 ﬁdei
356 3629 586 3685 viribus
617 3628 1028 3700 deprecemur,
1046 3641 1151 3699 per
1175 3624 1838 3697 cujusoﬂ'ensamnobis

179 3722 289 3775 ista
307 3718 673 3791 depereunt;
706 3723 762 3772 et
791 3715 982 3788 ipsius
997 3714 1417 3787 propitiatione
1441 3714 1687 3769 redeunt
1716 3728 1841 3769 am-

182 3809 384 3881 pliata,
415 3807 524 3880 qui
555 3806 660 3863 dat
680 3806 829 3862 sicut
858 3805 1002 3871 vult,
1028 3803 1193 3869 tollit,
1226 3808 1432 3859 etcum
1458 3802 1583 3859 vult
1611 3803 1689 3871 ;si
1712 3802 1842 3859 red-

184 3898 323 3953 dere
353 3913 480 3953 non
501 3900 717 3969 potest,
740 3895 1120 3967 omnipotens
1148 3908 1270 3951 non
1310 3891 1601 3957 habetur;
1656 3892 1843 3948 multa

190 3986 414 4043 iacitad
437 4002 565 4042 suae
579 3984 905 4055 majestatis
921 3980 1301 4046 indicium,ad
1320 3985 1539 4036 nostra;
1564 3979 1845 4037 emenda-

189 4076 367 4132 tionis
381 4080 441 4131 et
453 4073 839 4131 correctionis
854 4071 1223 4143 exemplum.
1244 4072 1469 4125 Vacant
1484 4070 1678 4125 aliena
1698 4084 1846 4141 pras-

192 4165 364 4230 sidia,
398 4164 449 4218 si
474 4162 662 4219 nostri
709 4163 865 4232 regis
915 4176 1037 4216 non
1094 4158 1475 4216 subvenerint
1526 4158 1842 4229 adjutoria.

194 4253 472 4319 Quoniam
499 4252 686 4322 ipsius
699 4256 784 4306 est
804 4264 990 4315 mare,
1018 4254 1071 4305 et
1086 4250 1210 4318 ipse
1228 4246 1375 4317 fecit
1407 4246 1849 4317 illud.Nepute-

260 4382 285 4411 ι
314 4370 441 4423 Non
474 4366 909 4438 praeveniendus
926 4363 1311 4438 estDominus
1355 4362 1414 4438 i_n
1464 4378 1632 4416 sensu
1690 4360 1848 4438 Pelaf

190 4431 515 4514 gianoruni,
550 4438 646 4514 qui
673 4438 909 4492 alibero
950 4434 1188 4514 arbitrio
1245 4433 1495 4505 gratiam
1546 4431 1847 4514 praeveniri

232 4518 430 4577 utaut;
464 4506 694 4566 sedcum
725 4517 927 4578 tempus
950 4511 1027 4562 est
1059 4506 1240 4571 veniae,
1274 4512 1321 4578 et
1351 4522 1468 4559 cum
1516 4506 1848 4575 panitentiae

276 4602 336 4637 us
366 4591 459 4647 est,
490 4588 548 4636 ut
573 4582 744 4654 paulo
775 4577 1457 4654 superiust-rysologus.

263 4656 290 4696 Ι)
324 4654 417 4709 llis
442 4658 499 4708 et
528 4646 896 4723 sequentibus
924 4646 1261 4723 auricularis
1286 4646 1685 4723 confessionis
1714 4646 1847 4723 dog-

202 4744 290 4780 ma
315 4743 383 4781 ex
406 4718 755 4796 Cbrysologo
789 4726 980 4796 aperte
1009 4721 1291 4796 ﬁrmatur,
1347 4718 1622 4796 quidquid
1675 4718 1852 4771 blate-

204 4802 325 4853 rent
356 4790 754 4857 hetherodoii,
788 4790 884 4864 qui
924 4794 1049 4847 loca
1086 4792 1209 4864 haec
1252 4792 1310 4844 in
1352 4790 1569 4844 malum
1620 4805 1853 4864 sensum

202 4870 560 4937 detorquent,
590 4872 647 4921 ut
676 4861 820 4919 inde
839 4864 1098 4919 nutantia
1133 4862 1315 4916 fulcra
1341 4867 1558 4933 petant,
1597 4861 1745 4916 unde
1763 4876 1857 4914 eo-

206 4958 326 4994 rum
356 4939 658 4994 mendacia
681 4937 937 4991 funditus
962 4938 1311 4990 evertuntur.

272 5012 703 5073 cMs.Cassen.,
776 5011 835 5063 in
912 5007 1124 5075 primis.
1202 5007 1494 5061 Consonat
1572 5001 1854 5059 Vallicell.

207 5083 567 5137 Adhaesimus
599 5079 836 5134 editioni
870 5080 1091 5132 Bonon.
1134 5078 1192 5133 1.

274 5156 297 5193 ἀ
329 5152 550 5223 Angeli,
578 5151 793 5205 scilicet
822 5148 1253 5223 superioresque
1278 5149 1607 5223 potestates.

272 5238 295 5265 θ
324 5219 603 5302 Mundam
631 5224 701 5276 de
720 5222 1118 5302 praeexistente
1150 5219 1393 5302 materia
1425 5219 1607 5302 aPeo
1630 5231 1859 5302 compa-

212 5300 354 5351 ctum
372 5296 548 5351 fuisse
580 5287 826 5349 sensisse
850 5292 1191 5346 Marcionem
1212 5294 1453 5345 testatur
1475 5287 1859 5343 Tertullianus

213 5368 303 5421 lib.
332 5386 360 5417 v
393 5368 616 5421 advers.
643 5367 912 5420 eumdem
930 5380 1053 5433 cap.
1090 5362 1175 5415 19.
1203 5363 1262 5415 ln
1292 5362 1396 5433 hac
1448 5362 1659 5433 pariter
1690 5357 1856 5433 blan-

217 5439 383 5494 dienti
414 5437 621 5493 haeresi
654 5436 812 5491 fuere
842 5429 1240 5504 Hermogenes,
1272 5432 1476 5504 eodem
1508 5429 1860 5500 astipulante

216 5510 555 5565 Tertulliano
583 5512 785 5563 contra
817 5502 1185 5559 Valentinum
1235 5519 1361 5565 cap.
1404 5502 1491 5563 13,
1560 5504 1616 5554 et
1662 5504 1863 5554 contra

221 5584 477 5637 eumdem
502 5584 920 5649 Hermogenem
940 5592 1070 5649 cap.
1095 5576 1175 5649 __l,
1206 5578 1263 5629 et
1285 5570 1354 5649 de
1402 5570 1858 5649 praescriptione,

224 5668 336 5726 cap.
370 5653 469 5723 33;
500 5657 557 5708 et
571 5642 897 5715 Manichmi,
919 5648 989 5705 de
1014 5642 1219 5719 quibus
1246 5644 1374 5704 vide
1393 5642 1865 5717 Chrysostomum

499 5740 741 5803 Ριπιοι..
782 5735 906 5798 LII.

1940 3180 2263 3238 secundum
2274 3179 2423 3234 diem
2434 3181 2774 3235 tentationis
2791 3181 2855 3235 in
2867 3180 3209 3245 deserto,ubi
3221 3187 3594 3241 tentaverunt

1942 3285 2033 3327 me
2045 3274 2241 3341 patres
2255 3268 2957 3340 vestri-:probaverunt,et
2970 3270 3236 3327 viderunt
3249 3287 3427 3343 opera
3447 3289 3600 3332 mea.

1946 3359 2263 3429 Quadragin
2272 3364 2330 3413 ta
2341 3358 2508 3414 annis
2518 3358 2743 3429 proxim
2753 3374 2815 3416 us
2824 3360 2918 3429 fui
2927 3361 3266 3431 generationi
3284 3361 3394 3431 illi,
3402 3362 3600 3418 etdixi:

1944 3449 2172 3519 Semper
2184 3448 2249 3503 hi
2257 3453 2450 3503 errant
2466 3447 2634 3503 corde
2643 3448 2693 3519 ;i
2688 3448 2785 3520 psi
2798 3464 2922 3504 vero
2938 3465 3058 3505 non
3072 3457 3469 3520 cognoverunt
3482 3452 3601 3507 vias

1946 3553 2099 3595 meas
2110 3536 2319 3610 quibus
2326 3538 2473 3607 jura
2481 3537 2539 3592 vi
2550 3552 2615 3592 in
2628 3539 2722 3594 ira
2731 3553 2849 3594 mea
2859 3538 2929 3603 ,si
2940 3538 3273 3599 introibant
3284 3539 3347 3595 in
3360 3541 3602 3611 requiem

1946 3642 2142 3684 meam.
2177 3628 2324 3683 Cum
2349 3624 2508 3691 dicit,
2534 3625 2732 3695 hodie,
2764 3631 2821 3682 te
2834 3627 3127 3693 convenit,
3160 3628 3231 3685 ad
3258 3634 3309 3685 te
3327 3628 3601 3702 loquitur,

1948 3715 2524 3789 quicumquehomo
2549 3730 2611 3771 es
2642 3716 2899 3782 auditor,
2933 3732 3009 3774 ne
3033 3718 3234 3775 audita
3262 3734 3410 3775 voce
3450 3719 3603 3791 ejus,

1950 3810 2327 3877 contemptus
2350 3808 2601 3873 reatum,
2631 3806 3025 3862 contumaciae
3047 3809 3274 3863 crimen
3303 3808 3601 3877 incurras,

1950 3910 2132 3968 quem
2158 3908 2279 3949 non
2311 3897 2630 3965 prmcepta,
2656 3909 2838 3966 quem
2851 3909 2971 3950 non
2985 3896 3236 3951 correxit
3260 3897 3608 3968 exemplum

1952 3988 2099 4040 Nam
2111 3982 2191 4038 ob
2203 3982 2349 4036 hocJ
2362 3981 2622 4036 udaicam
2635 3982 2905 4039 duritiem
2922 3983 3103 4052 longo
3118 3998 3389 4040 sermone
3406 4000 3613 4041 narra.

1952 4072 2127 4140 vit,ut
2156 4075 2230 4134 te,
2258 4069 2848 4141 Christiane,'_faceret
2866 4072 3311 4141 cautiorem,cui
3327 4088 3451 4128 non
3464 4088 3611 4145 qua-

1954 4160 2226 4231 draginta
2239 4157 2403 4213 annis
2417 4160 2638 4213 tantum
2650 4163 3116 4225 conversatur,et
3125 4160 3426 4218 cohabitat
3439 4164 3608 4229 Deus,

1956 4248 2061 4305 sed
2078 4252 2199 4304 toto
2226 4246 2359 4302 vitm
2390 4251 2657 4318 tempore
2686 4253 2870 4321 paret.
2892 4253 2950 4305 et
2978 4248 3190 4306 militat
3209 4249 3288 4305 ad
3317 4250 3605 4310 salutem.

1957 4362 2157 4437 homil.
2182 4362 2210 4437 1
2240 4365 2383 4437 tom‘.
2417 4362 2459 4414 V
2488 4380 2501 4429 ;
2534 4362 2771 4437 Theod.,
2796 4366 3015 4437 literas.
3051 4364 3247 4420 Fabul.
3289 4364 3387 4437 lib.
3416 4382 3435 4422 ι
3481 4382 3611 4437 cap.

1958 4436 2027 4509 26
2053 4453 2066 4501 ;
2096 4432 2509 4509 Epiphanium,
2534 4432 2743 4509 haeres.
2780 4436 2892 4509 66;;
2916 4432 3243 4509 ANyssenum
3297 4435 3365 4492 de
3406 4432 3612 4509 Opiﬂc.

1960 4504 2349 4577 Homin.‘cap.
2380 4504 2467 4569 22,
2498 4506 2679 4577 tom.l
2710 4522 2837 4577 pag.
2875 4504 3057 4561 lOS'et
3094 4507 3212 4562 l06.

2033 4583 2055 4624 ἰ
2091 4578 2285 4650 Cicero
2318 4576 2419 4631 lib.
2455 4592 2491 4630 ιι
2522 4576 2591 4630 de
2610 4576 2826 4650 Natura
2856 4578 3094 4632 deorum
3117 4595 3241 4650 cap.
3274 4580 3343 4634 10
3377 4596 3388 4635 :
3428 4579 3619 4634 Thales

1962 4648 2233 4726 Milesius,
2255 4652 2351 4726 qui
2363 4650 2578 4726 primus
2607 4648 2667 4702 de
2699 4648 2901 4726 talibus
2920 4650 3075 4703 rebus
3106 4648 3381 4720 quaesivit,
3413 4667 3620 4722 aquam

1964 4720 2106 4773 dixit
2132 4735 2237 4772 esse
2270 4720 2498 4773 initium
2528 4736 2729 4785 rerum,
2787 4720 2956 4774 Deum
2984 4727 3161 4776 autem
3228 4740 3342 4777 eam
3396 4720 3622 4776 mentem

1966 4808 2081 4871 quae
2102 4790 2568 4871 denaquacuncta
2591 4789 2850 4871 fingebat.
2967 4798 3165 4871 autern
3190 4793 3446 4871 hausisse
3474 4793 3625 4871 vide.

1968 4861 2058 4916 tur
2089 4861 2458 4932 philosOplius
2490 4864 2561 4915 ab
2589 4861 2687 4914 illo
2721 4861 2844 4915 loco
2876 4863 3039 4917 Mosis
3072 4880 3084 4917 :
3130 4863 3373 4933 Spiritus
3403 4863 3622 4933 Domini

1966 4931 2243 5005 ferebatur
2265 4950 2426 5005 super
2452 4950 2638 5005 aquas.
2665 4934 2907 5005 Consule
2935 4934 3085 5003 apud
3114 4931 3372 4988 Tilladet.
3400 4937 3539 5005 tom.
3575 4931 3623 4985 ll

1970 5003 2228 5078 pagﬁil
2261 5003 2562 5073 epistolam
2596 5003 2804 5078 Huetii,
2844 5004 3099 5059 Gilberto
3125 5010 3366 5078 ⁸βιιρειῇο
3399 5004 3619 5056 datam.

2042 5075 2070 5128 εξ
2103 5076 2178 5127 Ex
2208 5075 2497 5144 insperato
2527 5078 2738 5144 gaudio
2768 5075 3053 5146 lacrymas
3080 5075 3292 5129 effundi
3318 5076 3444 5145 jam
3471 5090 3627 5127 com-

1972 5150 2196 5217 pertum
2228 5150 2330 5217 est.
2362 5145 2649 5217 Laudatur
2680 5148 2835 5217 locus
2868 5145 2975 5209 hic,
3002 5151 3059 5199 et
3088 5146 3407 5217 illustratur
3438 5145 3627 5200 αραι-

1974 5215 2107 5286 pare
2136 5215 2367 5269 Barthio
2398 5216 2634 5269 Advers.
2678 5216 2769 5269 lib.
2814 5234 2923 5271 an
2954 5232 3078 5285 cap.
3112 5218 3173 5269 21
3210 5216 3319 5273 col.
3350 5216 3512 5274 1911.

2044 5288 2070 5328 h
2103 5288 2418 5357 Observant
2441 5286 2538 5339 alii
2570 5302 2698 5339 cum
2730 5286 3080 5357 Chrysologo
3124 5288 3212 5343 his
3240 5289 3420 5343 tribus
3472 5287 3629 5343 Psal-

1976 5358 2161 5431 mistie
2195 5356 2397 5431 verbis,
2438 5357 2745 5431 adoremus,
2797 5356 3143 5431 procidarmus
3194 5360 3481 5431 ploremus,
3518 5361 3626 5415 do-

1976 5429 2091 5485 ceri
2116 5445 2238 5493 nos,
2267 5429 2326 5481 1ο
2358 5427 2811 5482 venerationem’
2834 5434 2891 5484 et
2945 5430 3164 5486 cultum
3195 5427 3339 5487 'Deo
3379 5434 3635 5487 tribuen-

1977 5501 2150 5577 dum;
2182 5499 2388 5577 2°Anon
2409 5498 2600 5577 solum
2634 5500 2841 5577 cordis,
2882 5502 2981 5558 sed
3003 5518 3071 5559 ex
3101 5502 3366 5561 exteriori
3399 5520 3635 5577 compo~

1979 5572 2184 5627 sitione
2204 5587 2218 5639 ;
2236 5570 2296 5625 3°
2324 5573 2381 5626 et
2407 5569 2700 5646 lacrymis.

3292 5728 3375 5843 ις

3302 5866 3351 5878 ο...
