3958 6182
380 241 495 300 335

1771 238 1976 297 PETRI
2021 233 2498 297 CHRYSOLOGI.

3670 240 3779 298 336

375 371 479 444 qui
496 369 925 428 elementorum
941 372 1210 428 membra
1223 386 1344 427 non
1369 369 1773 441 ingenio,sedj
1785 368 2023 424 ussione
2055 374 2104 432 Α
2133 373 2221 425 tas
2237 385 2373 440 qum
2389 368 2713 440 permansit
2728 368 2888 439 virgo
2903 365 3426 440 postpartum,sed
3447 370 3776 425 materterse

372 461 794 532 compegit;qui
814 477 1069 517 massam
1115 460 1318 515 saeculi
1347 455 1718 525 auctoritate,
1749 473 1871 513 non
1898 473 2024 513 car-

370 547 524 604 bone
542 551 822 604 contlavit
847 566 859 614 ;
887 549 989 620 qui
1010 549 1200 603 solem
1220 563 1340 602 non
1365 552 1595 602 terreno
1614 550 1771 616 igne,
1796 546 1900 600 sed
1927 563 2021 601 su-

371 653 558 709 perno
582 637 776 692 calore
807 636 1113 691 succendit
1143 654 1155 702 ;
1188 635 1290 707 qui
1318 637 1546 707 lunam,
1581 636 1879 700 tenebras,
1910 652 2021 691 no-

370 733 522 782 ctem
539 725 841 793 formavit,
874 730 930 778 et
959 729 1247 793 tempora;
1279 724 1382 796 qui
1409 724 1604 782 stellas
1631 725 1860 780 variata
1890 727 2018 778 luce

368 813 635 867 distinxit
662 830 676 878 ;
704 813 802 883 qui
829 816 1044 866 cuncta
1073 811 1208 867 fecit
1237 828 1309 867 ex
1357 813 1562 879 nihilo,
1592 819 1647 869 et
1673 813 1825 878 fecit,
1854 829 1890 867 o
1913 812 2019 867 ho-

365 917 488 967 mo,
524 900 645 965 tibi,
681 906 742 954 ut
771 899 1047 971 opiﬁcem
1073 901 1271 972 operis
1289 902 1680 958 aestimatione
1710 917 2017 972 pensares.

367 989 483 1046 Sed
531 992 612 1053 tu,
660 988 882 1051 Judaae,
915 989 1099 1060 hujus
1125 988 1277 1045 fabri
1323 989 1512 1045 filium
1538 996 1734 1059 notas,
1774 989 1870 1046 cui
1908 1005 2016 1061 pro

366 1077 548 1134 tantis
578 1077 882 1132 beneficiis
905 1093 1219 1148 repensare
1241 1079 1429 1133 vicem
1446 1080 1694 1134 deberes
1715 1080 1773 1135 in
1794 1080 2013 1134 tilium:

361 1167 502 1222 hinc
533 1171 638 1231 est,
671 1166 836 1238 quod
866 1182 988 1222 non
1013 1167 1237 1238 accipis
1268 1167 1638 1239 futura,quia
1665 1169 1738 1223 de
1760 1184 2017 1239 praesen-

363 1255 524 1310 tibus
553 1255 756 1310 existis
807 1256 1095 1324 ingratus.
1129 1256 1334 1311 Nonne
1388 1255 1479 1310 hic
1500 1261 1580 1311 est
1608 1257 1778 1325 fabri
1800 1257 1957 1324 ﬁlius
1986 1258 2015 1312 ἵ

360 1344 573 1400 Nonne
595 1350 777 1398 mater
797 1343 911 1412 ejus
937 1344 1158 1397 dicitur
1171 1343 1652 1407 Mariaflterum,
1672 1345 2016 1409 Judaee,ma-

366 1433 465 1488 tris
492 1447 703 1487 nomen
719 1432 1000 1496 clamas,Il
1031 1431 1292 1486 occultas
1324 1433 1506 1487 Patris
1539 1449 1551 1497 ;
1586 1439 1814 1502 patrem
1837 1433 2011 1499 dicis,

361 1536 584 1575 nomen
616 1536 738 1575 non
759 1520 936 1578 dicis;
971 1519 1209 1574 fabrum
1243 1520 1571 1591 dicis,opus
1592 1537 1714 1576 non
1741 1521 2016 1576 dicisJu-

366 1609 514 1675 duae,
545 1609 847 1680 decipiunt
888 1614 939 1663 te
985 1609 1112 1674 ista,
1147 1624 1269 1663 non
1317 1608 1622 1680 decipiunt
1651 1611 2006 1665 credituros.

2132 458 2261 527 ejus
2292 457 2428 512 fecit
2484 457 2944 528 propinquitatis
2998 455 3268 512 assertio.
3303 458 3478 510 Beata
3503 456 3704 525 Maria,
3731 457 3778 512 si

2131 547 2280 602 alios
2313 545 2467 600 ﬁlios
2493 546 2800 601 habuisset
2835 561 2871 600 a
2903 544 3131 600 Christo
3155 549 3342 599 mater
3368 546 3422 598 in
3441 545 3569 615 ipso
3591 548 3780 602 crucis

2131 642 2408 706 tempore,
2429 636 2488 689 in
2515 634 2765 690 articulo
2791 634 2921 704 ipso
2942 634 3148 688 mortis
3171 632 3191 672 ῖ
3217 648 3338 688 non
3365 633 3654 704 discipulo
3672 640 3782 692 tra-

2127 725 2387 790 deretur,
2421 739 2539 778 non
2578 722 3101 778 commendaretur
3122 728 3424 778 extraneo.
3457 723 3684 780 Invidia
3707 725 3780 780 de

2129 812 2280 869 caelo
2292 812 2511 882 abjecit
2531 810 2801 881 angelum
2828 812 2960 881 (Isa.
2977 811 3114 881 xxv),
3149 811 3223 866 de
3237 811 3513 882 paradiso
3534 812 3782 869 exclusit

2127 901 2413 957 hominem
2427 900 2590 972 (Gen.
2613 902 2713 970 ill).
2735 902 2868 971 Ipsa
2888 900 3147 970 primum
3162 899 3780 958 contaminavitterras

2126 1005 2417 1060 germano
2450 989 2744 1058 sanguine
2785 989 2942 1058 (Gen.
2977 989 3072 1060 iv).
3107 992 3239 1060 Ipsa
3269 1003 3588 1057 germanos
3617 1007 3777 1047 com-

2126 1079 2276 1150 pulit
2303 1077 2668 1133 venumdare
2681 1092 3018 1147 germanum
3039 1077 3595 1150 (Gen.xxxvn).lpsa
3613 1080 3779 1151 Moy-

2125 1183 2231 1222 sen
2249 1166 2471 1237 fugavit
2490 1167 2710 1236 (Exod.
2737 1167 2825 1236 ll),
2857 1173 3054 1221 Aaron
3085 1166 3146 1220 in
3168 1166 3360 1223 fratris
3390 1167 3660 1223 excitavit
3690 1171 3776 1223 in-

2119 1254 2605 1327 juriam,Mariam
2621 1254 3140 1310 maculavitlivore
3158 1257 3417 1323 germani
3433 1256 3739 1326 (Num.xu)
3761 1274 3775 1323 ;

2124 1361 2194 1400 ac
2219 1361 2293 1400 ne
2311 1344 2535 1408 multis,
2569 1344 2734 1415 quod
2764 1350 2940 1415 pavet
2955 1359 3148 1411 mens,
3171 1344 3333 1415 quod
3363 1345 3524 1399 visus
3561 1345 3777 1410 tremit,

2121 1435 2287 1506 quod
2317 1434 2559 1490 auditus
2585 1449 2707 1488 non
2730 1433 2905 1504 capit,
2930 1442 2962 1484 ε
2987 1432 3184 1503 ipsum
3204 1432 3416 1488 Christi
3447 1434 3700 1489 attendit
3720 1439 3773 1490 et

2124 1523 2392 1595 pervenit
2409 1524 2487 1578 ad
2500 1522 2866 1589 sanguinem.
2877 1521 3094 1577 invidia
3107 1521 3377 1577 omnibus
3394 1521 3569 1578 malis
3581 1524 3768 1594 pejor:

2120 1627 2274 1682 quos
2295 1613 2527 1682 ceperit,
2553 1610 2784 1666 liberari
2804 1615 3108 1681 nequeunt
3128 1628 3144 1680 ;
3168 1625 3322 1682 quos
3353 1611 3770 1677 vulneraverit,

364 1699 577 1756 Nonne
601 1707 780 1752 mater
804 1700 930 1766 ejus
953 1698 1174 1752 dicitur
1191 1699 1410 1762 Maria,
1438 1706 1491 1754 et
1517 1699 1740 1766 fratres
1770 1701 1894 1767 ejus
1923 1699 2015 1754 Ja-
2043 1735 2086 1791 Β
2123 1700 2199 1756 ad
2224 1716 2430 1754 curam
2458 1715 2578 1754 non
2603 1699 2998 1765 veniunt,non
3016 1698 3265 1754 redeunt
3285 1698 3364 1754 ad
3385 1699 3649 1754 salutem.
3680 1702 3771 1756 In-

363 1788 532 1844 cobus
550 1794 602 1844 et
633 1786 661 1828 b
687 1787 978 1857 Joseph,et
1006 1789 1306 1852 Simon,et
1337 1787 1539 1852 ludas;
1557 1794 1608 1842 et
1640 1803 1865 1843 sorores
1885 1791 2013 1857 ejus

361 1893 548 1934 nonne
585 1893 774 1932 omnes
799 1877 950 1947 apud
966 1893 1059 1930 nos
1085 1882 1212 1931 sunt
1241 1876 1268 1930 ?
1299 1875 1356 1929 Si
1385 1881 1596 1940 mater,
1626 1878 1672 1932 si
1699 1876 1929 1943 fratres,
1965 1877 2013 1932 si

363 1983 593 2023 sorores
625 1965 788 2039 apud
814 1982 917 2021 vos
938 1964 1404 2036 sunt,pater,ubi
1428 1965 1556 2019 est?
1576 1965 1876 2022 vobiscum
1891 1983 2014 2022 non

363 2063 469 2125 est,
496 2073 640 2129 quta
669 2058 822 2111 Deus
847 2056 971 2111 odit
1002 2055 1188 2122 tictos,
1220 2053 1457 2109 invidos
1485 2054 1718 2125 deserit,
1757 2057 2018 2113 declinat

363 2145 654 2214 ingratos,
675 2144 786 2199 sibi
816 2160 937 2200 non
961 2143 1096 2198 sinit
1127 2142 1396 2196 crudeles
1423 2149 1479 2198 et
1505 2143 1721 2214 impios
1739 2160 2013 2202 commo-

362 2233 508 2289 rari.
559 2235 636 2288 Et
663 2233 886 2302 fratres
912 2234 1034 2300 ejus
1065 2235 1117 2286 et
1140 2245 1371 2286 sorores
1412 2233 1556 2299 ejus,
1590 2248 1779 2288 nonne
1815 2249 2014 2290 omnes

363 2322 520 2391 apud
540 2336 639 2376 nos
661 2322 824 2375 sunt?
854 2319 1073 2375 Callide
1090 2319 1552 2389 fratresingeris,
1570 2327 1833 2378 ostentas
1857 2340 2016 2379 soro-

363 2426 478 2474 res,
513 2415 577 2466 ut
604 2425 924 2465 numeroso
962 2414 1138 2480 partu
1169 2416 1388 2464 sanctae
1420 2413 1631 2464 matris
1664 2423 1688 2450 ο
1714 2411 2016 2481 virginitas

361 2499 563 2563 lateat,
593 2499 942 2554 obscuretur
971 2497 1361 2568 integritas,et
1386 2499 1674 2554 sentiatur
1690 2500 1764 2555 de
1789 2501 1912 2556 tilio
1929 2507 2019 2557 to.

364 2597 494 2644 tum
514 2588 673 2660 quod
694 2588 1032 2644 humanum
1048 2587 1308 2657 est,nihil
1327 2586 1636 2643 divinumJ
1649 2589 1835 2655 udaae,
1861 2607 2016 2662 quos

365 2677 514 2734 dicis
555 2678 763 2734 fratres
814 2683 870 2733 et
896 2693 1129 2733 sorores
1162 2677 1393 2740 Christi,
1438 2677 1711 2748 Cleophae
1745 2677 1772 2718 ά
1795 2680 2015 2736 sororis

365 2769 556 2825 Mariae
576 2767 682 2822 filii
703 2772 861 2835 sunt,
880 2779 904 2808 ο
927 2782 1050 2822 non
1081 2765 1302 2834 Marias;
1332 2764 1649 2822 etfratrum
1666 2773 1724 2823 et
1742 2783 2014 2826 sororum

2123 1788 2284 1844 vidia
2305 1788 2656 1843 delictorum
2675 1803 2996 1853 venenum,
3023 1787 3344 1842 criminum
3373 1791 3775 1860 virus,pecca-

2122 1884 2316 1934 torum
2336 1884 2544 1944 mater,
2560 1878 2728 1946 origo
2747 1876 3022 1932 vitiorum
3046 1893 3057 1931 :
3079 1876 3235 1932 hanc
3251 1877 3358 1948 qui
3388 1892 3510 1932 non
3538 1877 3769 1950 viderit,

2121 1966 2284 2022 bona
2311 1965 2498 2032 videt;
2527 1966 2682 2020 hanc
2708 1967 2810 2037 qui
2842 1966 3130 2031 nescierit,
3159 1964 3319 2022 malo
3350 1967 3536 2023 nescit
3562 1985 3575 2035 ;
3611 1969 3771 2024 hanc

2124 2055 2220 2125 qui
2251 2055 2481 2126 fugerit,
2513 2054 2668 2108 vivit.
2702 2052 2933 2108 invidia
2962 2055 3131 2108 vitari
3183 2052 3325 2123 fuga
3374 2061 3587 2125 potest,
3647 2071 3772 2112 non

2124 2150 2316 2214 potest
2337 2144 2604 2214 superari
2635 2142 3060 2198 conﬂictu.Sed
3076 2143 3195 2212 jam
3211 2143 3357 2213 quid
3384 2145 3668 2199 Dominus
3682 2161 3773 2200 re-

2124 2231 2449 2302 sponderit,
2475 2231 2793 2287 audiamus
2819 2248 2830 2285 :
2858 2232 2971 2285 Non
3000 2237 3082 2287 est
3100 2231 3388 2300 propheta
3412 2235 3539 2289 sine
3553 2234 3776 2291 honore

2124 2321 2240 2376 nisi
2284 2323 2344 2376 in
2362 2323 2563 2390 patria
2591 2336 2697 2376 sua
2718 2326 2770 2376 et
2797 2320 2856 2373 in
2883 2320 3049 2376 domo
3076 2336 3205 2376 sua.
3238 2321 3498 2376 Christus
3522 2323 3776 2394 quidem

2127 2410 2351 2465 venitin
2375 2409 2629 2480 patriam
2651 2425 2822 2466 suam
2842 2409 2978 2464 etin
3007 2408 3254 2464 domum
3273 2425 3440 2465 suam
3463 2412 3608 2482 quia
3634 2413 3778 2468 scri-

2127 2505 2296 2569 ptum
2327 2503 2440 2553 est:
2468 2499 2538 2553 In
2572 2514 2682 2553 sua
2703 2497 2872 2563 venit,
2905 2503 2959 2553 et
2988 2498 3076 2553 sui
3123 2514 3252 2554 eum
3277 2515 3395 2554 non
3425 2507 3774 2568 receperunt

2124 2588 2363 2658 (Joana,
2390 2589 2501 2653 11).
2518 2587 2737 2643 Verum
2761 2587 3051 2655 dicendo;
3074 2589 3205 2644 Non
3233 2594 3318 2643 est
3344 2591 3630 2658 propheta
3649 2594 3781 2647 sine

2127 2678 2367 2744 honore,
2396 2678 2505 2732 nisi
2529 2680 2590 2733 in
2620 2677 2822 2745 patria
2868 2692 2974 2733 sua
3004 2683 3058 2732 et
3084 2677 3255 2734 domo
3280 2693 3407 2742 sua,
3431 2679 3603 2735 docet
3628 2682 3778 2752 quia

2124 2768 2276 2822 inter
2296 2782 2436 2821 suos
2463 2781 2638 2836 posse
2655 2780 2894 2820 morsus
2915 2771 3022 2831 est,
3045 2765 3280 2821 adustio
3306 2771 3426 2834 est;
3450 2767 3597 2822 inter
3615 2768 3775 2825 cives

363 2857 520 2914 filios
551 2858 756 2914 fratres
769 2861 1168 2928 nuncupatyet
1188 2855 1392 2911 divina
1413 2854 1505 2910 lex
1535 2863 1590 2912 et
1618 2857 1892 2914 humana
1922 2876 2018 2916 co—
2105 2856 2385 2912 eminere
2397 2855 2709 2926 proximos,
2733 2854 3120 2925 proximorum
3137 2853 3297 2909 urith
3321 2855 3571 2924 gloriam
3597 2873 3611 2912 :
3635 2874 3773 2929 pro-

367 2948 750 3017 gnatio.Ergo
781 2945 989 3001 Christi
1015 2944 1225 2999 fratres
1250 2943 1385 3000 fecit
1405 2959 1525 2999 non
1549 2946 1749 3001 matris
1779 2947 2017 3018 virgini-

371 3079 601 3154 phontis
631 3080 701 3132 de
722 3076 1078 3154 Cyropmdia.
1241 3075 1528 3154 Justinum
1549 3077 2014 3154 antiquissimum
2051 3095 2094 3154 ρ
2126 3077 2407 3154 Origenes
2426 3076 2483 3130 in
2505 3076 2728 3154 Matth,
2754 3075 3100 3154 tis-editione
3134 3075 3326 3154 Huet-ii.
3345 3094 3472 3148 pag.

372 3147 708 3227 scriptgrem
741 3147 926 3227 patria
952 3147 1439 3227 i’alsastinum,qui
1477 3147 1789 3227 Josephum
1819 3152 2018 3206 habuit

372 3219 497 3292 pro
525 3221 712 3276 Fabro
765 3219 1003 3288 lignario
1057 3219 1114 3272 in
1145 3219 1372 3289 dialogo
1399 3237 1529 3274 cum
1557 3224 1596 3276 Τ
1599 3223 1856 3292 ryphone
1883 3240 2012 3295 pag.

371 3293 494 3358 316,
529 3292 682 3362 quod
725 3290 883 3344 novit
903 3290 1078 3364 etiam
1101 3289 1309 3360 impius
1343 3290 1438 3345 ille
1459 3292 1748 3358 Libanius,
1782 3293 1870 3347 cui
1891 3310 2016 3364 per-

371 3361 623 3436 lepidum
674 3363 992 3431 Paadagogo
1026 3361 1254 3436 datum,
1286 3378 1623 3436 responsum
1672 3366 1865 3436 videre
1892 3361 1911 3364 “
1932 3369 2018 3420 est

371 3433 522 3507 apud
550 3436 967 3491 Theodoretum
1024 3433 1119 3487 lib.
1153 3450 1205 3485 ιιι
1241 3433 1448 3507 Ηρξῐοτ.
1496 3450 1619 3503 cap.
1652 3435 1720 3507 23
1749 3452 1877 3505 pag.
1914 3437 2014 3490 142

369 3504 506 3563 edit.
541 3507 752 3573 Vales.,
783 3511 841 3561 et
865 3509 1246 3560 Sozomenum
1279 3504 1375 3559 lib.
1417 3522 1467 3558 vi
1499 3521 1621 3574 cap.
1654 3506 1706 3559 2.
1751 3504 1860 3561 Sed
1886 3508 2016 3578 jam

369 3586 523 3635 notae
554 3578 694 3634 fines
729 3578 1093 3632 excessimus.

440 3663 466 3692 τι
497 3652 559 3703 id
582 3650 798 3703 factum
843 3649 1094 3718 plerique
1147 3645 1497 3712 existimant,
1531 3647 1681 3716 quod
1711 3647 1900 3704 adhuc
1957 3649 2014 3704 in

369 3721 509 3774 vivis
541 3738 653 3775 non
685 3721 916 3789 degeret
944 3719 1247 3788 Josephus.

439 3793 466 3833 ι)
498 3792 678 3847 Graeci
708 3788 928 3846 codices
952 3791 1100 3844 hunc
1136 3791 1305 3843 Josen
1359 3788 1444 3843 vel
1497 3791 1776 3844 Joannem
1831 3791 2017 3846 nomi-

367 3870 529 3919 nant.
574 3867 669 3919 Est
698 3869 892 3918 autem
919 3877 1090 3932 quem
1124 3860 1371 3915 Ecclesia
1401 3861 1679 3916 Jacobum
1732 3863 2014 3919 Minorem

369 3937 522 3992 dicit.

439 4022 462 4049 ε
488 4006 724 4062 Etiamsi
775 4007 1002 4060 Iudaeos
1033 4002 1246 4074 alloqui
1303 4003 1564 4077 videatur
1601 4003 2008 4077 Chrysologus,

370 4079 612 4135 fortasse
653 4079 738 4134 vel
763 4077 1074 4139 Ebionitas,
1110 4079 1194 4130 vel
1229 4075 1567 4141 Helvidium,
1602 4075 2012 4146 qui'anteriori

366 4154 576 4207 satculo
605 4151 841 4217 vixerat,
870 4149 956 4204 vel
1006 4147 1372 4203 Jovinianum
1430 4147 1708 4218 respicere
1765 4153 2008 4218 poterat.

367 4225 612 4299 Uterque
644 4224 708 4299 in_
728 4222 973 4275 Mariam
994 4218 1467 4299 virginemimpie
1492 4218 1860 4299 blasphemus
1882 4237 2010 4299 eam

368 4291 658 4362 aliospost
685 4295 880 4346 Jesum
920 4291 1206 4362 peperisse
1232 4291 1378 4343 tilios
1402 4307 1572 4343 ausus
1623 4295 1706 4362 est
1765 4291 2008 4362 effutire.

366 4359 851 4432 Vide—Epiphan.
909 4359 1050 4414 tom.
1078 4364 1129 4432 ll
1175 4360 1324 4432 libri
1375 4362 1583 4432 Haeres.
1608 4359 1741 4432 edit.
1777 4361 2006 4426 Petavii,

2125 2945 2334 3017 pinqui
2347 2944 2660 3014 propinquo
2676 2942 3016 2998 sihonorem
3028 2943 3780 3016 debeant,computantser-

3537 3079 3658 3146 223,
3698 3082 3776 3135 ad

2125 3150 2182 3202 id
2207 3150 2483 3202 adductos
2505 3152 2669 3217 putat
2699 3148 3005 3202 traditione
3042 3148 3330 3218 Evangelii
3379 3150 3530 3219 quod
3561 3167 3774 3206 secun-

2125 3222 2261 3274 dum
2293 3221 2524 3274 Petrum
2572 3219 2924 3274 inscribitur.
2965 3219 3298 3273 Rectissime
3337 3227 3531 3275 autem
3563 3223 3771 3277 Hiero-

2125 3308 2301 3364 nymo
2325 3294 2524 3364 contra
2551 3290 2871 3364 Helvidium
2903 3290 3144 3364 videtur,
3176 3292 3572 3364 ipsumiloseph
3592 3296 3778 3364 virgi-

2125 3361 2242 3419 nem
2266 3363 2457 3431 fuisse,
2512 3369 2570 3415 ut
2601 3379 2667 3415 ex
2695 3361 2966 3432 virginali
3012 3361 3273 3416 connubio
3315 3363 3467 3434 virgo
3489 3361 3638 3434 ﬁlius
3666 3361 3779 3420 na-

2124 3440 2390 3488 sceretur.

2197 3503 2221 3547 f
2240 3505 2365 3577 (Hoc
2395 3505 2596 3559 eodem
2631 3508 2972 3577 argumento
3000 3504 3074 3558 ad
3095 3505 3463 3577 asserendam
3521 3505 3778 3577 Virginis

2123 3576 2433 3651 puritatem
2464 3577 2642 3651 utitur
2668 3575 2913 3651 Hilarius
2937 3577 3260 3651 Comment.
3285 3576 3343 3630 in
3384 3576 3579 3651 Matth.
3599 3575 3770 3651 tom.

2125 3647 2146 3702 1
2175 3650 2337 3718 Oper.
2367 3663 2499 3717 pag.
2535 3647 2660 3714 671,
2691 3647 2746 3700 in
2792 3647 2924 3712 fine,
2958 3664 3024 3700 ex
3050 3648 3169 3701 edit
3225 3650 3425 3702 Veron.
3482 3648 3640 3704 1730.
3685 3651 3779 3705 Li-

2124 3724 2211 3774 cet
2241 3736 2306 3773 ex
2336 3719 2578 3788 Josepho
2611 3724 2940 3788 procreatos
2960 3718 3132 3773 fuisse
3159 3718 3363 3774 fratres
3393 3719 3620 3773 Domini
3652 3738 3778 3777 cre-

2125 3791 2242 3846 dat.
2278 3790 2428 3854 Quod
2463 3791 2509 3842 si
2552 3792 2760 3844 Mariae
2783 3791 2894 3856 filii
2923 3792 3175 3858 fuissent,
3223 3796 3275 3844 et
3304 3806 3410 3845 non
3456 3793 3642 3860 potius
3669 3795 3778 3847 Jo-

2121 3863 2244 3932 seph
2269 3879 2334 3914 ea:
2362 3862 2549 3930 priore
2577 3863 2818 3933 conjujio
2840 3863 3088 3931 suscepti,
3110 3877 3407 3931 numquam
3437 3864 3495 3916 in
3526 3870 3774 3933 tempore

2118 3935 2394 4004 passionis
2441 3932 2644 4004 Joanni
2699 3933 2930 4001 apostolo
2975 3939 3312 4002 transcripta
3363 3939 3494 3989 esset
3549 3932 3777 3989 inulla-

2123 4003 2282 4067 trem,
2302 4006 2535 4058 Domino
2553 4003 2629 4056 ad
2642 4012 2932 4076 utrumque
2943 4005 3153 4059 dicente
3178 4021 3192 4057 :
3225 4004 3435 4058 Mulier.
3454 4005 3591 4059 Ecce
3620 4007 3780 4076 ﬁlius

2123 4079 2250 4130 tuus
2275 4092 2286 4140 ;
2321 4082 2370 4129 et
2396 4076 2618 4139 Joanni,
2647 4075 2777 4129 Ecce
2807 4077 2984 4130 Mater
3012 4082 3106 4129 tua
3135 4092 3147 4140 ;
3187 4076 3301 4130 nisi
3332 4075 3474 4145 quod
3526 4079 3594 4129 ad
3619 4075 3785 4132 deso-

2123 4147 2249 4201 lata:
2277 4147 2533 4201 solatium
2560 4146 2880 4218 charitatem
2910 4147 3017 4216 ﬁlii
3042 4149 3097 4200 in
3121 4146 3381 4217 discipulo
3402 4147 3781 4218 relinquebat.

2123 4218 2332 4290 Hilario
2386 4217 2752 4290 consentiunt
2804 4222 2860 4290 et
2887 4288 2897 4290 _
2928 4218 3276 4290 Chrysologo
3318 4217 3781 4290 Chrysos’tomus

2118 4289 2276 4343 hom.
2323 4289 2435 4344 Sin
2479 4290 2698 4355 Matth,
2747 4288 3087 4359 Epiphanius
3141 4288 3247 4344 loc.
3278 4289 3395 4354 cit.,
3430 4288 3780 4347 Ambrosius

2257 4378 2312 4440 ll“
2342 4361 2412 4440 in_
2448 4361 2604 4440 Luc.”
2633 4377 3007 4440 quamquam,
3043 4365 3103 4414 ut
3129 4363 3393 4415 observat
3430 4361 3780 4440 scholiastes

363 4423 696 4488 Tertulliani
754 4432 858 4504 lib.
893 4432 961 4485 de
995 4430 1206 4485 Velam.
1245 4429 1461 4499 Virgin.
1511 4446 1634 4499 cap.
1677 4430 1709 4483 6
1749 4448 1875 4502 pag.
1907 4423 2010 4488 368
2043 4423 2085 4480 D
2120 4431 2335 4497 Hilarii,
2388 4431 2594 4504 Joseph
2649 4423 2931 4501 passionis
2984 4423 3239 4504 tempore
3278 4432 3644 4502 superstitem
3671 4451 3782 4504 po-

364 4507 601 4560 edition.
640 4503 815 4558 Paris.

434 4576 460 4617 d
488 4574 840 4629 Probabilior
868 4572 1063 4642 utique
1091 4571 1212 4626 haec
1252 4571 1537 4626 sententia
1571 4588 1581 4626 :
1618 4572 1851 4637 scilicet,
1908 4573 2008 4628 hos

363 4648 458 4720 qui
488 4649 694 4702 fratres
724 4644 950 4700 Domini
983 4642 1357 4720 nominantur
1381 4642 1437 4696 in
1471 4644 1796 4720 Evangelia,
1836 4645 2008 4720 fuisse

363 4715 413 4776 ei
436 4720 697 4775 sobrinos
729 4735 795 4773 ex
815 4722 998 4771 matre
1023 4715 1494 4788 sororeDeiparre
1523 4733 1695 4770 uxore
1718 4717 2007 4788 Cleophae,

361 4795 447 4849 vel
470 4792 659 4863 Alphi,
683 4791 815 4845 licet
843 4805 973 4844 eam
1006 4786 1381 4863 Chrysologus
1425 4787 1730 4863 Cleophem
1771 4786 2007 4863 _et7non

358 4859 598 4921 Mariam
618 4865 828 4918 dictam
857 4864 1038 4932 putet.
1073 4862 1467 4932 Hieronymus,
1493 4861 1561 4932 de
1584 4859 1742 4932 _V'iris
1770 4859 2004 4932 Illustr.;

357 4940 604 4994 Jacobus
635 4936 730 5006 qui
775 4929 1319 5006 appellaturufrater
1370 4929 1619 5006 Domini,
1653 4935 1715 4985 ut
1745 4930 2006 5006 nonnulli

358 5001 693 5065 existimant
721 5001 951 5075 Josephi
978 5021 1043 5059 ex
1065 5001 1178 5055 alia
1210 5017 1402 5075 uxore,
1429 5005 1490 5075 ut
1521 5005 1720 5075 (autem
1753 5002 1893 5075 mihi
1926 5003 2004 5075 vi-

357 5083 539 5147 detur,
565 5080 756 5136 Maria:
810 5072 1020 5132 seroris
1075 5073 1277 5147 matris
1305 5072 1531 5147 Domini
1556 5073 1700 5147 filia.
1759 5073 2004 5147 Consule

355 5142 599 5224 Basnag.
657 5153 716 5205 in
769 5148 977 5224 anna].
1011 5153 1152 5201 tom.
1182 5146 1359 5224 I‘pag.
1407 5145 1503 5224 fit,
1547 5143 1727 5224 fusius
1750 5161 1877 5215 pag.
1912 5142 1999 5198 95.

356 5227 493 5286 Quae
548 5216 745 5276 narrat
786 5223 1073 5291 Nyssenus
1114 5221 1255 5270 orat.
1306 5217 1374 5268 de
1403 5216 1732 5291 Nat._Dom.
1760 5233 1826 5271 ex
1867 5233 2003 5286 apo-

354 5295 580 5365 cryphis
602 5286 908 5363 desumpta
932 5291 1150 5365 nullam
1175 5291 1459 5365 merentur
1484 5286 1677 5365 fidem.

425 5357 662 5418 b'linmo
688 5381 791 5418 nec
813 5357 1068 5432 'Joscphi,
1095 5361 1220 5432 licet
1274 5358 1435 5432 illum
1461 5375 1526 5411 ex
1551 5359 1664 5432 alia
1684 5375 1877 5432 uxore,
1897 5357 1998 5432 cui

351 5452 585 5490 nomem
619 5436 812 5490 Eschae
838 5451 903 5488 ex
935 5429 1167 5487 arbitrio
1198 5430 1453 5484 indidere
1511 5430 1809 5496 Ebionitui,
1857 5429 1999 5483 alios

351 5508 635 5576 accepisse
663 5506 807 5558 filios
831 5505 1086 5576 filiasque
1110 5499 1371 5576 nonnulli
1412 5507 1650 5576 veteres
1680 5501 1996 5576 innuerint.

350 5572 594 5636 Consule
637 5576 914 5632 Hilarium
945 5572 1406 5642 in’Mattthag.
1440 5572 1565 5628 6⁵11.
1611 5573 1996 5643 Epiphamum

347 5653 554 5714 haeres.
587 5652 654 5707 '18
679 5663 841 5705 num.
869 5649 898 5701 ἰ
927 5661 946 5718 ;
975 5643 1464 5722 'l‘heopbylactum
1517 5644 1576 5698 in
1619 5644 1827 5702 Matth.
1881 5644 1997 5700 Hos

2120 4519 2279 4568 nens,
2314 4519 2378 4556 eo
2411 4503 2576 4574 aliter
2602 4508 2820 4574 utatur.
2877 4502 3144 4557 Paulinus
3176 4504 3313 4559 item
3345 4504 3515 4574 epist.
3547 4505 3621 4558 ad
3655 4502 3780 4562 Ᾱιι-

2117 4574 2409 4644 gustinum
2433 4573 2634 4641 l,alias
2656 4573 2723 4626 43
2754 4574 2995 4644 pag.295
3016 4575 3152 4630 edit.
3187 4573 3394 4629 Veron;
3419 4591 3430 4629 :
3457 4575 3569 4639 Quo
3593 4580 3783 4631 osten-

2118 4648 2275 4701 deret
2304 4661 2430 4700 eam
2458 4651 2664 4714 praeter
2683 4659 2756 4708 se,
2780 4647 2874 4714 qui
2904 4663 2969 4699 ea:
2997 4662 3058 4699 ea
3101 4646 3336 4716 Virgine
3388 4651 3554 4701 natus
3607 4657 3774 4716 esset,

2117 4733 2215 4771 nec
2270 4716 2514 4769 habuisse
2541 4717 2741 4782 ﬁlium,
2770 4733 2891 4788 inec
2924 4718 3116 4772 habere
3145 4736 3156 4786 ;
3201 4718 3337 4788 quia
3365 4733 3463 4772 nec
3513 4718 3779 4773 Salvator

2117 4793 2393 4856 tantopere
2423 4802 2612 4841 curam
2636 4787 2986 4844 desolationis
3018 4787 3286 4844 habuisset
3315 4789 3503 4858 ejus,si
3517 4789 3609 4844 illi
3638 4791 3780 4845 uni-

2114 4875 2206 4912 cus
2226 4875 2331 4911 non
2357 4858 2568 4927 fuisset.

2184 4941 2215 4983 8
2248 4930 2350 4983 Ms.
2383 4930 2623 4996 Caesen.,
2655 4931 2797 5000 ipsa.

2185 5001 2212 5040 h
2243 5001 2520 5070 Perquam
2543 5001 2798 5072 apposite
2824 5002 2892 5056 de
2923 5001 3138 5058 invidia
3162 5021 3324 5060 urere
3353 5005 3582 5062 dicitur.

2236 5115 2338 5182 Urit
2367 5117 2499 5164 enim
2531 5116 2719 5182 fulgore
2755 5131 2859 5174 suo,
2881 5119 2965 5181 qui
2988 5128 3267 5182 praegravat
3287 5129 3431 5179 artes,

2239 5179 2368 5227 Intra
2398 5193 2448 5227 se
2481 5179 2654 5242 posita.

2110 5283 2438 5360 bibitis,
2470 5302 2540 5340 ιι.
2573 5285 2758 5360 :_Quia
2809 5293 2884 5351 tu,
2939 5291 3141 5360 omissa
3196 5290 3304 5344 ista
3355 5298 3620 5346 nocturna
3675 5290 3786 5360 fa—

2110 5355 2252 5443 bula,
2281 5358 2358 5436 ad
2385 5357 2438 5409 id
2458 5357 2594 5443 quod
2617 5358 2780 5443 doles,
2813 5359 2948 5428 quod
2986 5361 3375 5443 invidia-urit,
3403 5355 3784 5443 peruerteris:

2108 5429 2448 5482 Ammianus
2480 5429 2853 5492 Marcellinus,
2880 5431 3104 5487 urebant
3125 5433 3341 5487 Juliani
3361 5429 3599 5488 virtutes
3628 5450 3640 5487 :
3664 5435 3785 5490 ubi

2110 5499 2386 5574 Valesius
2421 5500 2683 5574 observat
2713 5502 2863 5570 quod
2889 5503 3164 5573 quidquid
3211 5504 3633 5574 pulchritudine
3665 5521 3790 5560 ex-

2108 5569 2258 5624 cellit
2287 5571 2643 5698 agitoculos,
2677 5569 2744 5626 ut
2768 5569 2923 5645 apud
2958 5569 3285 5631 Terentium
3319 5597 3332 5629 :
3371 5577 3496 5636 Urit
3528 5591 3612 5633 me
3645 5576 3789 5632 Gli-

2108 5656 2249 5698 cerae
2269 5657 2326 5698 ni
2355 5657 2440 5698 or.

2106 5656 2249 5701 certe
2269 5656 2440 5700 nitor.
