3958 6182
362 268 476 329 δι’]

1651 255 1712 316 S.
1759 255 1967 316 PETRI
2013 249 2482 316 CHRYSOLOGI.

3769 133 3808 156 μ

3659 257 3770 314 3L8

361 401 608 456 veniens
633 416 699 456 ex
723 379 998 467 gentibus
1027 411 1052 441 ι
1079 392 1459 470 impositidne
1481 408 1700 450 manus
1728 395 1780 447 et
1800 391 1832 432 δ
1854 404 2016 446 exor-
2048 383 2095 442 A
2129 384 2465 457 prohibere,
2501 383 2695 452 gregis
2719 383 2927 439 audire
2950 397 3019 438 ac
3034 380 3183 438 velle
3208 397 3282 438 ne
3296 383 3401 438 ﬁat
3424 399 3437 439 :
3464 387 3711 458 utraque
3728 385 3773 442 si

363 489 564 546 cismis
581 494 715 545 ante
737 489 1058 544 adtemone
1077 489 1485 558 purgatur,etC
1510 482 1896 555 aperitionem
1918 496 2019 535 au-

361 580 515 634 rium
538 579 804 650 percipit,
825 582 888 632 ut
906 577 1041 631 fidei
1061 591 1272 646 capere
1295 573 1487 646 possit
1504 573 2017 642 auditum,utpos-

365 668 437 724 sit
468 668 542 723 ad
567 666 818 722 salutem
843 668 1242 737 prosequente
1266 663 1518 718 Domino
1547 660 1870 734 pervenire.

967 788 992 827 ἀ
1015 789 1238 844 SERMO
1281 787 1416 842 Llll.

1054 905 1142 961 De
1165 919 1331 972 pace.

437 1021 606 1076 Beati
624 1019 963 1090 paciﬁci,ait
982 1019 1360 1082 evangelista,
1379 1017 1734 1082 charissimi,
1750 1016 1890 1086 quia
1903 1015 2022 1084 ipsi

360 1110 1219 1179 ﬁliiDeivocabuntur(Matth.
1235 1109 1313 1169 vi.
1333 1108 1529 1162 Merito
1547 1106 1894 1162 Christiana;
1909 1105 2017 1159 vir-

363 1204 515 1254 tutes
552 1199 851 1254 virescunt
880 1199 935 1253 in
961 1215 1030 1254 eo
1061 1199 1161 1270 qui
1195 1197 1649 1253 unanimitatem
1676 1195 2016 1251 Christianas

361 1289 543 1343 habet
573 1289 759 1359 pacis,
779 1305 888 1343 nec
916 1288 1250 1358 pervenitur
1276 1286 1351 1342 ad
1381 1285 1743 1341 vocabulum
1774 1282 1874 1338 ﬁlii
1896 1282 2014 1349 Dei,

364 1378 476 1432 nisi
509 1394 614 1447 per
645 1393 864 1432 nomen
894 1377 1149 1447 paciﬁci.
1197 1377 1319 1431 Pax
1362 1380 1468 1439 est,
1497 1372 1852 1435 charissimi,
1882 1388 2016 1442 quin

365 1466 575 1536 spoliat
598 1467 905 1521 hominem
949 1467 1251 1528 servitute,
1286 1465 1388 1519 dat
1419 1479 1635 1519 nomen
1667 1463 2016 1534 ingenuum,

365 1559 553 1610 mutat
576 1555 732 1624 apud
757 1555 942 1609 Deum
969 1571 1103 1610 cum
1130 1553 1468 1609 conditione
1485 1567 1826 1623 personam,
1844 1567 1913 1606 ex
1937 1550 2019 1605 fa-

366 1643 525 1700 mulo
562 1644 768 1705 ﬁlium,
805 1644 1056 1698 liberum
1088 1643 1227 1698 facit
1270 1660 1338 1698 ex
1377 1659 1563 1697 servo.
1609 1644 1724 1696 Pax
1769 1640 2017 1694 fratrum

2129 472 2508 536 conveniant,
2542 473 2704 529 salva
2728 477 2864 528 sunt
2887 473 3092 527 omnia
3118 492 3130 528 :
3155 487 3265 527 nec
3298 475 3448 528 Deus
3472 474 3694 530 invenit
3718 475 3775 531 in

2125 563 2299 635 plebe
2317 561 2480 632 quod
2508 562 2850 633 puniat,nec
2879 559 3152 615 sacerdos
3171 565 3361 631 potest
3380 562 3602 618 habere
3614 565 3776 637 quod

2127 651 2342 706 doleat.
2375 652 2688 706 Servemus
2710 666 2871 720 ergo,
2893 650 3120 718 fratres,
3157 650 3462 717 mandata,
3494 668 3627 723 quae
3652 654 3776 709 vita

2129 745 2297 804 sunt;
2318 743 2511 794 teneat
2532 757 2594 794 se
2608 740 2916 812 profundae
2934 740 3097 811 pacis
3119 739 3370 794 nexibus
3383 739 3659 812 colligata
3674 742 3781 798 fra-

2129 829 2389 893 ternitas,
2422 832 2479 884 et
2507 829 2749 885 salutari
2775 829 3012 884 vinculo
3038 829 3337 884 charitatis
3369 834 3575 886 mutua
3598 846 3658 886 se
3691 831 3781 886 di-

2127 917 2376 973 lectione
2407 919 2793 988 constringat,
2823 935 2957 991 qute
2980 918 3170 988 operit
3187 918 3624 975 multitudinem
3647 936 3783 991 pec-

2129 1010 2419 1062 catorum.
2454 1006 2690 1062 Dilectio
2724 1023 2865 1076 ergo
2895 1007 3179 1062 omnibus
3225 1007 3530 1063 desideriis
3559 1009 3782 1081 ample-

2129 1095 2341 1150 ctenda
2353 1100 2456 1152 est.
2473 1112 2608 1167 quas
2630 1100 2712 1152 tot
2741 1096 2858 1151 bon
2869 1112 2902 1150 a
2914 1095 3337 1167 potesthabere
3356 1102 3501 1169 quot
3512 1099 3777 1169 praemia.

2129 1185 2530 1240 Custodienda
2555 1201 2677 1256 prce
2704 1185 2988 1241 omnibus
3020 1185 3334 1240 virtutibus
3359 1202 3474 1257 pax
3497 1191 3605 1251 est,
3635 1204 3783 1260 quo-

2129 1274 2289 1328 niam
2319 1275 2473 1329 Deus
2505 1290 2740 1346 semper
2767 1275 2825 1330 in
2859 1291 3004 1347 pace
3029 1280 3138 1331 est.
3173 1278 3391 1330 Locum
3422 1291 3540 1331 non
3569 1277 3783 1332 demus

2129 1362 2390 1427 inimico,
2416 1379 2488 1418 ne
2513 1364 2754 1418 intritici
2782 1367 2976 1433 segete
3002 1363 3199 1418 valeat
3221 1363 3515 1419 seminare
3534 1365 3782 1435 zizania,

2130 1456 2206 1517 et,
2241 1467 2452 1507 securo
2488 1453 2612 1522 jam
2646 1452 2894 1516 rustico,
2927 1457 2980 1507 et
3007 1468 3113 1523 spe
3155 1451 3317 1521 longi
3343 1452 3565 1508 laboris
3593 1453 3784 1521 eluso,

2131 1545 2502 1605 exspectatos
2535 1541 2760 1596 fructus
2794 1542 2923 1613 ipsa
2944 1540 3153 1596 messis
3178 1542 3513 1597 maturitate
3544 1543 3786 1614 perdat;

2134 1634 2235 1684 aut
2255 1628 2460 1684 vinum
2489 1633 2780 1685 vetustate
2805 1645 2986 1685 suave
3014 1629 3072 1684 in
3095 1629 3384 1701 liquorem
3405 1631 3668 1701 perﬁdiae
3685 1631 3790 1686 de.

363 1734 639 1788 voluntas
674 1740 759 1787 est
797 1735 917 1794 Dei.
961 1732 1308 1804 jucunditas
1354 1732 1582 1794 Christi,
1624 1730 1907 1801 perfectio
1939 1745 1982 1782 ea

2202 1721 2428 1773 utatum
2445 1718 2640 1774 infusa
2660 1718 2816 1774 faecis
2830 1718 3218 1789 permixtione
3232 1719 3542 1775 conturbet
3566 1739 3578 1789 ;
3599 1721 3794 1775 autin-

368 1823 720 1883 sanctitatis,
746 1824 988 1890 justitiie
1017 1823 1242 1891 regula,
1263 1822 1547 1889 magistra
1570 1820 1874 1884 doctrinas,
1897 1836 2023 1874 mo-

366 1926 499 1964 rum
549 1912 839 1973 custodia,
874 1915 1051 1981 atque
1102 1913 1158 1967 in
1192 1912 1370 1967 rebus
1401 1911 1675 1966 omnibus
1714 1909 2025 1964 laudabilis

366 1999 812 2070 disciplina.Pax
830 2002 1172 2067 suffragium
1192 2017 1414 2070 precum
1431 1997 2024 2070 est,supplicationum

370 2087 765 2160 factlis,atque
782 2090 1171 2160 impetrabilis
1186 2089 1742 2150 via.desideriorum
1763 2087 2022 2142 omnium

367 2181 715 2244 competens
728 2179 1057 2246 plenitudo.
1078 2182 1191 2233 Pax
1208 2179 1540 2234 dilectionis
1556 2181 1744 2232 mater
1761 2181 1867 2238 est,
1888 2192 2026 2231 con-

364 2265 576 2319 cordim
593 2266 874 2319 vinculum
887 2283 975 2328 ,ac
991 2282 1144 2336 puras
1159 2268 1358 2320 mentis
1373 2266 1630 2320 indicium
1647 2265 2022 2330 manifestum,

365 2371 483 2424 quae
497 2353 601 2408 sibi
618 2355 788 2421 exigit
804 2355 871 2408 de
886 2357 1004 2410 Deo
1019 2355 1166 2424 quod
1184 2355 1342 2418 velit;
1361 2373 1477 2425 quae
1491 2354 1752 2424 quidquid
1769 2353 2024 2421 voluerit,

364 2442 499 2513 petit
521 2459 534 2506 ;
555 2442 816 2513 quidquid
836 2443 1400 2512 petierit,sumit.Pax
1416 2443 1718 2513 praeceptis
1734 2440 2025 2509 regalibus

364 2533 775 2587 conservanda
788 2533 1032 2602 est,ipso
1050 2533 1296 2588 Domino
1314 2533 1538 2587 Christo
1551 2533 1775 2588 dicente
1794 2548 1804 2586 :
1822 2531 2029 2586 Pacem

364 2621 620 2690 relinquo
637 2621 1003 2690 vobis,pacem
1024 2637 1198 2676 meam
1209 2622 1278 2676 do
1295 2621 1445 2677 vobis
1460 2620 1781 2692 (Joan.xiv)
1799 2641 1811 2680 ;
1827 2620 1932 2673 hoc
1945 2622 2029 2674 est

368 2707 561 2762 dicere
581 2725 592 2763 :
611 2710 671 2763 In
690 2725 837 2779 pace
850 2726 958 2765 vos
973 2710 1258 2775 dimisi,in
1273 2726 1419 2782 pace
1442 2725 1548 2765 vos
1565 2709 1856 2764 inveniam
1872 2723 2030 2779 :pro—

365 2794 636 2852 ﬁciscens
659 2798 841 2853 voluit
859 2799 1003 2854 dare
1022 2799 1183 2871 quod
1206 2798 2032 2854 desiderabatrediensinom.

363 2884 541 2939 nibus
565 2885 1099 2944 invenire.Cceleste
1122 2889 1479 2944 mandatum
1504 2892 1842 2942 estservare
1862 2886 2028 2958 quod

362 2975 524 3032 dedit
558 2994 570 3031 :
599 2993 716 3031 una
740 2994 855 3033 vox
878 2983 987 3042 est,
1009 2978 1311 3034 inveniam
1334 2979 1496 3050 quod
1511 2977 1729 3033 dimisi.
1754 2978 2026 3031 Plantare

2131 1813 2220 1863 ter
2249 1807 2447 1863 dulcia
2476 1807 2652 1862 mella
2683 1807 2812 1864 felle
2852 1823 3082 1863 venena
3109 1808 3409 1864 amariora
3441 1809 3792 1866 confundat.

2136 1896 2345 1952 Procul
2372 1896 2802 1962 contentiones,
2828 1897 3032 1968 procul
3059 1897 3210 1960 lites,
3243 1897 3448 1969 procul
3481 1898 3797 1955 maledicta

2135 1985 2446 2040 mittantur
2471 2005 2481 2042 :
2509 1989 2564 2040 et
2593 1986 2735 2057 quia
2762 1986 3014 2058 laqueus
3036 1991 3123 2040 est
3147 1986 3355 2041 mortis
3377 1987 3581 2055 lingua
3597 2003 3798 2043 susurb

2133 2074 2292 2129 ronis
2311 2079 2364 2129 et
2391 2073 2696 2138 bilinguis,
2721 2080 2927 2146 parcat
2958 2075 3374 2146 unusquisque
3401 2075 3618 2130 animae
3645 2092 3790 2145 sum,

2135 2178 2208 2217 ne
2240 2163 2297 2216 in
2334 2163 2697 2233 supplicium
2733 2180 2908 2219 suum
2941 2163 3178 2218 vincula
3208 2163 3318 2218 sibi
3364 2165 3568 2219 mortis
3593 2163 3796 2220 innec-

2134 2254 2237 2305 tat.
2266 2253 2474 2306 Amate
2503 2267 2733 2322 pacem,
2766 2257 2818 2306 et
2845 2251 3164 2324 tranquilla
3198 2257 3336 2307 sunt
3365 2253 3566 2307 omnia
3595 2268 3606 2306 :
3641 2258 3704 2308 ut
3733 2257 3796 2310 et

2135 2338 2308 2393 nobis
2339 2339 2607 2410 praemia,
2643 2345 2698 2394 et
2720 2340 2890 2395 vobis
2913 2341 3133 2409 gaudia
3155 2340 3483 2405 reservatis,
3508 2345 3571 2395 ut
3601 2341 3795 2397 Eccle-

2136 2428 2222 2482 sia
2241 2429 2340 2483 Dei
2354 2430 2411 2483 in
2426 2429 2588 2500 pacis
2613 2429 2836 2484 unitate
2856 2429 3123 2494 fundata,
3144 2428 3466 2501 perfectam
3490 2429 3547 2485 in
3563 2430 3793 2487 Christo

2137 2521 2334 2572 teneat
2363 2516 2764 2588 disciplinam.

2769 2632 2996 2689 SEBMO
3036 2633 3166 2688 LIV.

2774 2750 2861 2806 De
2884 2750 3155 2806 Zachaeo.

2211 2873 2426 2926 Beatus
2439 2871 2843 2939 evangelistae
2868 2870 3125 2942 proxime
3138 2872 3268 2926 dum
3289 2872 3402 2927 divi
3413 2871 3794 2928 tisinhumani

2137 2960 2322 3016 vitam
2348 2960 2631 3015 describit
2646 2967 2700 3016 et
2720 2961 2924 3027 ﬁnem,
2941 2961 3239 3017 humanos
3257 2963 3444 3017 movit
3461 2966 3513 3017 et
3532 2961 3796 3018 maestiﬁ-

362 3081 573 3135 pacem
598 3067 880 3121 radicitus
914 3075 999 3122 est
1025 3069 1122 3123 Dei
1149 3086 1160 3134 ;
1195 3049 1442 3124 evellere
1479 3069 1733 3140 penitus,
1771 3067 2016 3122 inimici.
2061 3099 2105 3160 C
2139 3050 2302 3160 ξεινίὲ
2318 3049 2575 3160 imbellis
2605 3067 2616 3104 ³
2647 3051 2752 3160 δ’θά
2779 3050 2956 3160 Ῑλῗάίθ
2977 3051 3204 3160 Ζδξδδξὲί
3226 3051 3428 3160 άίνίίίξ
3455 3051 3798 3160 Ῐξξξωξηίῖθθ

361 3155 509 3209 Nam
543 3156 691 3210 sicut
714 3171 884 3210 amor
907 3156 1287 3212 fraternitatis
1315 3173 1382 3211 ex
1419 3159 1536 3211 Deo
1566 3161 1669 3219 est,
1701 3155 1780 3210 ita
1819 3155 2024 3210 odium

369 3259 438 3298 ex
461 3244 704 3299 diabolo
733 3262 745 3309 ;
771 3250 1138 3316 quapropter
1168 3245 1520 3300 damnanda
1549 3244 1861 3308 suntodia,
1881 3259 2028 3311 quo-

365 3331 527 3387 niam
551 3333 834 3404 scriptum
853 3338 938 3387 est
955 3350 966 3386 :
986 3333 1234 3399 Ouiodit
1249 3335 1503 3402 fratrem
1521 3349 1711 3397 suum,
1734 3332 2028 3388 homicida

365 3429 448 3478 est
495 3422 535 3493 (l
586 3422 760 3479 Joan.
795 3424 866 3490 3).
902 3422 1116 3477 Videtis
1174 3438 1335 3490 ergo,
1382 3422 1593 3478 fratres
1638 3420 2029 3489 dilectissimi,

366 3525 552 3582 quare
579 3527 695 3582 pax
720 3511 984 3567 amanda
1004 3515 1108 3577 est,
1138 3515 1194 3568 et
1214 3511 1519 3577 diligenda
1541 3509 1892 3579 concordia;
1914 3509 2029 3564 ista

367 3599 675 3652 suntenim
697 3615 832 3669 quae
857 3604 1142 3666 generant
1159 3603 1215 3655 et
1245 3600 1510 3654 nutriunt
1537 3597 2032 3653 cbaritatem.Sci-

368 3687 442 3742 tis
463 3687 1011 3750 autem,secundum
1031 3688 1391 3759 apostolum,
1408 3689 1550 3758 quia
1565 3689 1900 3744 charitasea:
1913 3688 2030 3743 Deo

369 3781 450 3832 est
474 3774 519 3843 (I
547 3775 716 3829 Joan.
753 3776 866 3841 iv);
895 3775 1021 3831 sine
1062 3780 1180 3834 Deo
1219 3792 1360 3842 ergo
1397 3780 1504 3841 est,
1551 3778 1651 3848 qui
1698 3791 1815 3830 non
1848 3775 2031 3831 habet

369 3863 738 3920 charitatem.
757 3865 880 3921 Pax
901 3865 1089 3936 plebis
1109 3867 1442 3922 charissimi
1459 3866 1745 3933 estgloria
1763 3865 2031 3920 sacerdo-

367 3950 458 4016 tis,
486 3954 542 4006 et
570 3952 733 4020 pacis
765 3953 943 4023 plena
973 3953 1174 4009 laetitia
1205 3959 1292 4010 est
1319 3954 1840 4026 perfectacharitas
1884 3952 2030 4007 ﬁlio-

361 4057 517 4096 rum.
542 4041 875 4098 Sacerdotis
892 4047 980 4098 est
994 4044 1324 4100 admonere
1349 4045 1512 4117 quod
1529 4044 1718 4109 decet,
1738 4041 1926 4112 plebis
1943 4047 2029 4096 est

365 4129 572 4184 audire
591 4130 754 4202 quod
774 4136 1010 4203 monet;
1033 4133 1322 4204 quidquid
1351 4149 1469 4188 non
1492 4132 1643 4199 licet,
1664 4130 1917 4202 pastoris
1938 4136 2027 4185 est

435 4301 459 4330 ι
493 4287 706 4342 Alludit
742 4292 818 4360 ad
852 4296 1105 4346 veterem
1149 4291 1414 4346 Ecclesiae
1459 4291 1632 4346 ritum
1689 4290 2022 4360 imponendi

365 4374 570 4412 manus
599 4359 903 4426 gentilibus
927 4363 998 4414 ad
1031 4361 1199 4414 fidem
1219 4362 1644 4415 accedentibus.

2140 3143 2251 3192 tem
2268 3138 2572 3209 ﬁdemque
2602 3139 2930 3204 referendo,
2957 3139 3190 3195 cmleste
3214 3155 3323 3195 nos
3341 3139 3556 3205 extulit,
3579 3145 3633 3195 et
3658 3156 3799 3211 pro-

2138 3227 2293 3282 vexit
2315 3226 2388 3280 ad
2415 3226 2721 3298 gaudium.
2757 3229 2833 3282 Et
2857 3230 3173 3298 ingressus,
3204 3228 3413 3300 inquit,
3447 3229 3629 3289 Jesus.
3653 3245 3801 3298 per-

2137 3316 2482 3372 ambulabat
2522 3317 2750 3372 Jericho
2778 3317 2938 3388 (Luc.
2982 3321 3121 3380 xxx).
3169 3319 3362 3382 Quare
3391 3317 3793 3390 perambulat,

2137 3419 2258 3459 non
2291 3404 2605 3460 ambulat?
2647 3404 2796 3472 Quia
2827 3406 2849 3447 τ
2871 3405 3037 3477 quod
3098 3409 3325 3477 Moyses
3357 3405 3794 3472 ambulaverat,

2137 3492 2597 3564 perambulabat
2627 3493 2923 3559 Christus;
2956 3499 3010 3548 et
3036 3494 3324 3566 populum
3355 3510 3530 3566 quem
3567 3497 3797 3566 Moyses

2137 3581 2369 3637 induxit
2391 3583 2451 3636 in
2467 3583 2758 3652 via,Jesus
2780 3583 2855 3638 ad
2869 3583 3129 3655 quietem
3145 3585 3452 3654 promissae
3467 3584 3801 3639 mansionis

2139 3670 2407 3726 adduxit.
2433 3673 2889 3728 Perambulabat
2912 3672 3409 3729 Jericho.Jericbo
3431 3673 3640 3728 civitas
3663 3673 3800 3744 ipsa

2141 3766 2244 3820 est,
2277 3775 2460 3831 quam
2501 3759 2670 3815 Jesus
2714 3764 2868 3816 Nave
2901 3765 3146 3833 septeno
3183 3761 3463 3817 tubarum
3512 3760 3797 3831 clangore

2141 3847 2430 3902 subvertit
2466 3849 2607 3916 (Jos.
2641 3849 2736 3919 V1).
2773 3849 2883 3905 Sed
2907 3850 3047 3922 quia
3084 3850 3348 3905 Christus
3376 3850 3533 3905 venit
3558 3850 3798 3906 salvare

2139 3935 2299 4007 quod
2321 3936 2591 4006 perierat,
2627 3937 2952 4006 ingreditur
2975 3937 3226 4001 Iericho,
3247 3943 3308 3992 ut
3333 3937 3495 4009 quod
3514 3938 3604 3993 lex
3630 3939 3799 3993 terri-

2137 4023 2240 4079 bili
2263 4023 2684 4080 vociferatione
2706 4026 3018 4095 dejecerat,
3042 4028 3209 4081 Jesus
3227 4026 3488 4082 clamore
3506 4027 3620 4097 piae
3644 4042 3798 4098 prm-

2134 4113 2450 4169 dicationis
2470 4115 2718 4170 attollat.
2733 4116 2910 4179 Jesus,
2929 4115 3138 4188 inquit,
3156 4115 3450 4184 ingressus
3465 4129 3672 4184 peram
3683 4117 3798 4171 bu-

2138 4202 2567 4268 la'batJerzcho,
2585 4211 2636 4259 et
2652 4220 2778 4260 ecce
2800 4206 2886 4259 vir
2901 4203 3453 4270 nomineZacha’us,
3474 4211 3526 4259 et
3547 4204 3645 4260 hic
3657 4213 3795 4260 erat

2135 4359 2232 4413 lib.
2267 4360 2336 4413 de
2365 4359 2436 4432 iis
2466 4360 2561 4431 qui
2611 4363 2887 4432 Mysteriis
2921 4361 3218 4416 initiantur
3247 4379 3369 4431 cap.
3405 4364 3455 4426 t,
3491 4367 3547 4417 et
3583 4365 3654 4419 de
3683 4365 3799 4418 Sa-

434 4427 930 4522 b(.Ioncilium‘f‘IP.
966 4430 1221 4522 primum!
1270 4433 1469 4522 eam"?
1653 4430 1797 4522 38οέ
1827 4431 2022 4511 Primo
2060 4465 2102 4522 D
2133 4448 2316 4522 cram.
2352 4427 2512 4522 Alibi—1‘
2560 4427 2742 4522 caput
2775 4436 2957 4522 ;litem
3092 4427 3457 4522 {Augusti—nus,
3501 4436 3799 4522 [sgmx-ad

361 4499 452 4552 die
483 4500 640 4568 ipsos,
681 4501 920 4566 gentiles
961 4499 1076 4556 eive
1115 4503 1364 4564 Iudaeos,
1401 4502 1738 4558 Christianos
1765 4501 2019 4570 facimus,

361 4586 573 4624 nomen
608 4587 774 4625 suum
809 4573 862 4624 in
897 4572 1104 4626 tabulis
1134 4573 1476 4636 referimus;
1511 4573 1738 4628 secundo
1773 4574 2022 4627 catechu-

360 4658 558 4695 menos.
592 4641 796 4696 Deinde
824 4643 916 4697 die
945 4645 1104 4698 tertio
1126 4647 1518 4707 exorcisamus,
1547 4651 1631 4700 ter
1662 4644 1824 4699 simul
1855 4646 1910 4698 in
1938 4647 2016 4712 fa-

359 4713 463 4766 cies
487 4729 672 4766 eorum
710 4718 758 4767 et
787 4731 943 4768 aures
970 4715 1306 4784 insufﬂando
1335 4733 1346 4770 :
1392 4723 1443 4771 et
1471 4717 1546 4770 sic
1595 4734 1677 4770 eos
1717 4716 2017 4769 catechiza-

359 4801 496 4846 mus,
529 4791 588 4838 ut
619 4785 778 4852 longo
801 4789 1034 4855 tempore
1059 4794 1348 4843 versentur
1370 4789 1427 4842 in
1457 4789 1689 4851 ecclesia,
1717 4794 1765 4840 et
1791 4787 2019 4840 audiant

358 4855 721 4928 Scripturas;
751 4864 800 4928 et
851 4862 978 4912 tunc
1025 4860 1163 4927 ipsos
1222 4859 1579 4928 baptizamus.
1618 4860 1694 4912 Ex
1743 4858 1830 4911 his
1864 4863 2020 4927 patet

357 4927 736 5000 exorcismum
760 4927 933 5000 fuisse
955 4927 1356 4985 cmremoniam
1383 4947 1481 4999 per
1501 4931 1714 5000 aliquot
1732 4929 1852 4983 dies
1877 4945 2018 4998 prae-

356 4999 1062 5072 cedentembaptismum,
1095 5006 1157 5055 ut
1186 5003 1330 5056 bene
1362 4999 1742 5072 Chrysologus

427 5070 756 5142 ciPameliuVs
783 5072 855 5124 ad
889 5072 1299 5128 Tertullianum
1335 5075 1403 5126 de
1434 5069 1728 5142 Baptismo
1755 5069 2014 5124 referens

356 5141 528 5194 verba
544 5141 762 5196 concilii
792 5143 1152 5199 Bracarensis
1166 5162 1288 5213 cap.
1307 5144 1363 5198 3:
1386 5145 1496 5198 Nos
1522 5141 2009 5210 Omnimodepnrci-

347 5213 528 5282 pimus
553 5219 612 5264 ut
639 5217 772 5265 ante
793 5214 1111 5272 baptismum
1135 5215 1203 5268 20
1225 5215 1337 5270 dies
1360 5215 1429 5268 ad
1452 5217 1833 5282 purgationem
1859 5229 2011 5265 exor-

354 5279 509 5332 cismi
555 5283 917 5339 catechumeni
943 5289 1181 5344 veniant,
1228 5292 1282 5341 et
1315 5288 1372 5339 in
1397 5287 1508 5340 illis
1537 5279 1716 5340 diebus
1757 5285 1824 5337 20
1845 5284 2010 5352 juxta

351 5352 675 5424 canonicum
706 5365 1031 5424 praceptum
1052 5357 1387 5412 erudiuntur
1417 5362 1466 5411 et
1490 5360 1886 5412 consecrentur.
1921 5357 2005 5409 To-

353 5419 523 5498 νη
541 5423 686 5498 {nim
703 5419 830 5498 :dies
847 5419 1229 5498 computantur
1241 5446 1276 5483 a
1291 5429 1512 5482 sabbato
1541 5426 1875 5482 hebdomadi?
1899 5431 2008 5481 ter-

353 5493 459 5573 tiae.
497 5493 838 5573 Adheadem,
866 5502 920 5573 et
950 5493 1312 5573 potissimum
1340 5499 1664 5573 ad_tertiu_m
1698 5499 1848 5573 diem
1872 5515 1884 5560 ;
1911 5497 2006 5573 qui

352 5563 410 5619 in
442 5563 758 5635 aperitione
779 5563 1002 5626 aurium
1025 5570 1339 5635 dicebatur,
1363 5569 1568 5626 alludit
1586 5571 1650 5626 B.
1676 5563 2005 5625 Ambrosius

2134 4504 2391 4571 Compet.
2415 4507 2470 4556 et
2500 4501 2601 4557 loc.
2632 4501 2731 4556 'cit.
2763 4505 2831 4558 ab
2857 4501 3261 4558 Amalariofde
3290 4504 3471 4558 Divin.
3499 4505 3665 4560 Offic.
3693 4506 3793 4560 lib.

2132 4589 2291 4642 icap.
2313 4572 2377 4636 8;
2414 4577 2468 4627 et
2499 4574 2777 4642 Rupertus
2796 4577 2864 4628 de
2889 4575 3243 4629 Divin.0ffic.
3269 4576 3363 4629 lib.
3389 4591 3446 4628 iv
3471 4577 3793 4646 θυμω-21.

2133 4644 2419 4696 Hactenus
2448 4644 2756 4696 Pamelius.

2185 4660 2419 4698 8CICDUS
2451 4660 2756 4699 Pamelius.

2202 4715 2227 4754 ἀ
2260 4715 2698 4787 Deuhujusmodi
2731 4732 2994 4771 sermone
3040 4713 3169 4771 vide
3196 4732 3324 4786 quae
3353 4716 3467 4772 late
3499 4717 3555 4771 in
3587 4717 3798 4787 praefa-

2130 4785 2284 4839 tione
2317 4785 2467 4839 dicta
2498 4791 2648 4841 sunt.

2198 4869 2222 4896 θ
2254 4857 2313 4908 Id
2344 4860 2430 4910 est
2455 4857 2622 4926 paulo
2651 4863 2801 4912 ante.
2840 4858 3035 4913 Cicero
3066 4859 3301 4914 Lucceio
3333 4857 3429 4912 lib.
3464 4876 3493 4911 v
3522 4873 3532 4910 :
3564 4857 3800 4914 Littera-

2125 4943 2257 4998 quas
2287 4945 2320 4979 a
2349 4934 2396 4980 te
2419 4930 2666 4997 proxime
2695 4930 2894 4998 accepi.

2199 4996 2219 5071 ξ
2247 4996 2558 5054 Ambu1are
2579 4996 2862 5071 signiﬁcat
2882 5017 3104 5069 semper
3121 5016 3242 5055 esse
3266 5000 3322 5053 in
3342 5005 3497 5054 motu
3525 5017 3540 5064 ;
3566 5016 3802 5070 peram-

2124 5067 2328 5141 bulare
2347 5075 2540 5126 autem
2574 5067 2658 5126 est
2685 5071 2938 5134 circuire,
2965 5067 3059 5126 sed
3087 5072 3158 5125 ad
3193 5076 3408 5125 metam
3437 5076 3492 5124 et
3512 5067 3796 5141 quietem.

2127 5140 2458 5195 Ambulavit
2480 5159 2614 5211 ergo
2647 5144 2863 5213 Moyses
2894 5142 2987 5212 qui
3031 5142 3302 5212 populum
3337 5158 3434 5212 per
3472 5140 3624 5196 viam
3659 5146 3797 5196 tan-

2123 5213 2424 5283 tummodo
2453 5215 2612 5268 duxit
2643 5231 2652 5268 :
2691 5213 3116 5268 Perambulavit
3142 5215 3323 5277 Jesus,
3380 5213 3471 5282 qui
3507 5213 3792 5283 populum

2122 5282 2283 5354 duxit
2311 5285 2380 5336 ad
2413 5285 2682 5354 quietem.
2721 5288 2874 5340 Mm.
2911 5317 2974 5324 —
3021 5287 3091 5338 At
3119 5284 3280 5339 Jesus
3320 5301 3435 5338 non
3465 5282 3656 5354 plures
3692 5286 3800 5339 ob-

2120 5353 2240 5406 ibat
2272 5353 2514 5408 civitatis
2549 5357 2686 5423 vias,
2721 5362 2776 5410 et
2820 5356 3057 5425 plateas,
3109 5360 3170 5408 ut
3215 5353 3474 5409 nonnulli
3507 5355 3798 5425 colligunt

2119 5440 2184 5477 ex
2219 5426 2446 5498 vulgata
2466 5427 3046 5498 verbiperambulabat
3077 5426 3528 5498 signiﬁcatione;
3558 5428 3658 5481 sed
3685 5443 3798 5497 per

2118 5495 2369 5568 mediam
2418 5495 2699 5552 transibat
2747 5497 3062 5561 civitatem,
3105 5495 3162 5552 ut
3206 5497 3648 5568 Jerosolymam,
3685 5495 3790 5553 _sui

2118 5565 2336 5622 itineris
2367 5575 2603 5634 metam,
2638 5585 2696 5624 se
2725 5569 3032 5625 conferret.
