3958 6182
365 288 475 346 351

1650 280 1711 345 S.
1761 280 1972 341 PETRI
2016 280 2488 343 CHRYSOLOGI.

3642 288 3745 347 352

363 413 899 479 medicus,sedmale
910 413 1250 471 habentibus
1261 414 1748 486 (Matth.1x).0uo
1761 413 2010 471 anhelus
2043 413 2092 475 Α
2120 414 2255 486 plus
2268 414 2467 471 dando
2480 414 2875 489 diripitquam
2892 416 3283 481 furando;nec
3296 415 3614 486 compescit
3624 416 3750 474 inde

362 509 587 577 pastor,
609 503 723 559 nisi
753 504 832 559 ad
861 517 1031 559 ovem
1065 506 1355 574 perditam
1378 506 1407 561 ?
1444 506 1698 574 Quando
1721 517 1749 547 ι
1800 521 1862 561 se
1909 520 2013 560 rex

361 592 632 648 hostibus
650 592 971 658 immiscet,
987 594 1099 649 nisi
1121 610 1249 650 cum
1270 596 1397 651 vult
1410 594 1660 651 liberare
1677 592 2015 667 captivum?

364 682 433 737 Et
459 682 560 753 qui
586 681 909 743 pretiosam
940 683 1131 755 perdit
1161 684 1568 753 margaritam,
1590 683 1723 740 loca
1738 682 2014 755 squalida

363 784 482 827 non
515 769 875 839 dedignatur
904 771 1144 837 intrare,
1175 778 1229 828 et
1258 788 1392 829 eam
1423 774 1573 828 inter
1605 777 1860 829 stercora
1880 772 2012 845 ipsa

364 858 708 931 perquirere
722 874 842 914 non
856 860 1153 916 abhorret.
1164 864 1225 916 ln
1240 861 1397 933 quod
1412 877 1673 933 praeceps
1685 860 2012 933 postﬁlium

363 962 485 1003 non
516 963 582 1002 se
602 948 706 1003 dat
731 949 1020 1005 materiEt
1039 949 1304 1021 arguitur
1335 952 1506 1019 Deus,
1544 952 1650 1023 qui
1671 951 1885 1007 creavit
1924 950 2017 1005 ho-

364 1036 579 1093 minem
599 1037 677 1092 ad
700 1038 1004 1109 imaginem
1035 1045 1088 1093 et
1110 1040 1544 1096 similitudinem
1577 1055 1735 1095 suam
1768 1038 1924 1105 (Gen.
1950 1039 2011 1110 1),

364 1136 551 1197 quare
576 1125 883 1181 hominem
914 1126 1066 1182 inter
1101 1131 1347 1199 peccata
1377 1128 1661 1183 charitate
1691 1127 2017 1183 conditoris

364 1212 608 1285 inquirit
629 1213 1026 1279 7Murmuras,
1057 1216 1258 1285 homo,
1298 1232 1482 1287 quare
1515 1217 1820 1273 hominem
1864 1217 2016 1271 Deus

364 1300 518 1356 inter
546 1309 791 1373 peccata
821 1308 1050 1374 quaerat
1080 1322 1101 1358 :
1125 1304 1274 1376 quid
1296 1304 1474 1360 facies
1497 1321 1633 1360 cum
1652 1304 1864 1359 videris
1886 1320 2015 1357 eum

365 1395 606 1460 propter
624 1391 931 1447 hominem
958 1393 1123 1463 ipsas
1141 1393 1417 1449 tenebras
1437 1394 1633 1449 tartari
1663 1399 1971 1465 penetrare
1988 1391 2018 1445 7

365 1478 516 1534 Audi
546 1485 745 1536 tamen
768 1481 908 1552 quid
937 1480 1236 1551 ingressus
1264 1482 1341 1537 ad
1395 1488 1763 1555 peccatorem
1818 1481 2019 1537 fecerit

365 1566 648 1623 Christus.
681 1568 873 1634 Stans,
915 1570 1434 1642 inquit,Zacharus
1462 1572 1636 1637 dixit,
1670 1571 1840 1626 Vides
1870 1585 2019 1642 quo-

366 1654 552 1711 modo
577 1661 806 1712 erectus
829 1663 935 1725 est,
970 1658 1075 1730 qui
1110 1659 1366 1730 jacebat.
1387 1661 1667 1715 Jacemus
1691 1660 1749 1714 in
1768 1658 1937 1725 vitiis,
1963 1660 2020 1713 et

2120 503 2428 561 dolentum
2451 506 2725 576 gemitus,
2750 506 2853 561 sed
2872 505 3159 578 producit.
3198 503 3403 560 Audeo
3431 502 3634 571 dicere,
3655 508 3750 577 qui

2121 592 2195 647 de
2210 592 2418 649 fraude
2431 594 2548 649 Deo
2561 594 2750 659 offert,
2767 593 3445 657 cumulatcrimina,non
3458 593 3721 649 emundat
3732 611 3748 664 ;

2122 682 2263 754 quia
2278 682 2434 737 Deus
2449 683 2507 738 in
2522 683 2621 739 tali
2637 698 2882 739 munere
2895 684 3141 739 exuvias
3155 698 3397 737 suorum
3413 696 3751 754 pauperum,

2122 787 2242 827 non
2261 783 2286 813 ο
2316 770 3039 828 misericordiasintuetur.
3062 772 3197 828 Sine
3213 785 3396 826 causa
3418 770 3536 825 Deo
3556 770 3756 841 plorat.

2124 863 2331 916 contra
2355 876 2535 933 quem
2566 861 2724 933 juste
2754 875 2941 917 causa
2971 859 3253 933 pauperis
3280 858 3601 931 ploraverit
3628 861 3755 915 Deo.

2124 949 2224 1004 Dei
2252 965 2367 1004 vox
2398 953 2484 1005 esl
2502 966 2515 1004 :
2533 949 2593 1004 Si
2601 950 2807 1020 pignus
2821 950 3025 1006 tuleris
3034 949 3223 1019 fratri
3243 953 3343 1004 tuo
3357 949 3763 1011 tunicam,ante

2122 1038 2264 1094 solis
2290 1053 2561 1094 occasum
2608 1038 2814 1095 reddes
2843 1038 2939 1094 illi
2976 1037 3191 1101 (Exod.
3221 1038 3319 1104 xi).
3373 1036 3533 1091 Sicut
3585 1034 3762 1091 furem

2123 1127 2369 1183 lucerna
2394 1128 2610 1199 prodit,
2645 1128 2726 1183 ita
2756 1127 2959 1183 soleos
2981 1127 3083 1199 qui
3106 1126 3484 1190 fraudantur,
3513 1129 3761 1181 accusat.

2125 1216 2180 1270 Si
2211 1215 2491 1271 volumus
2512 1217 2631 1273 Deo
2663 1215 2876 1272 offerre
2907 1220 3132 1279 nostra,
3159 1215 3207 1271 si
3240 1216 3397 1285 apud
3443 1216 3625 1269 Deum
3647 1228 3765 1284 quin

2124 1308 2325 1359 nostra
2338 1309 2480 1359 sunt
2497 1304 2794 1376 possidere
2818 1305 2911 1360 vol
2922 1322 2953 1358 u
2964 1320 3115 1366 mus,
3132 1318 3471 1359 mereamur
3483 1306 3657 1357 etnos
3671 1315 3767 1357 au-

2124 1392 2249 1447 dire
2267 1391 2427 1457 talia,
2451 1394 2655 1465 qualia
2672 1392 2953 1449 Zachmus
2968 1392 3167 1447 audivi
3177 1394 3225 1447 t’:
3238 1392 3421 1447 Hodie
3431 1391 3631 1446 domui
3643 1384 3772 1445 huic

2124 1481 2284 1536 salus
2304 1481 2710 1553 advenit,quia
2736 1487 2791 1538 et
2817 1483 2914 1538 hic
2942 1482 3099 1553 ﬁlius
3120 1480 3487 1537 estAbrahae.
3506 1479 3773 1534 Inhuma-

2126 1584 2240 1624 nus
2257 1568 2418 1624 dives
2444 1585 2581 1624 cum
2609 1573 2762 1625 esset
2790 1568 2947 1625 filius
2978 1569 3253 1633 Abrahae,
3309 1568 3505 1624 factus
3536 1572 3622 1623 est
3676 1580 3772 1635 ge-

2128 1658 2339 1713 hennae
2366 1658 2559 1724 ﬁlius;
2594 1660 2701 1714 iste
2727 1674 2863 1714 cum
2896 1662 3053 1714 esset
3086 1659 3313 1730 rapinae
3344 1656 3524 1726 ﬁlius,
3580 1654 3773 1711 dando

362 1743 2021 1817 jacemusOppressi;stamus,cumbonisoperibus,erigi-
2056 1768 2102 1827 Β
2130 1761 2259 1811 sua,
2285 1746 2481 1803 aliena
2494 1747 2858 1812 reddendo,d
2892 1747 3146 1803 Abrahae
3171 1746 3567 1818 adoptaturin
3581 1743 3771 1799 ﬁlium.

366 1847 503 1888 mur
533 1833 611 1888 ad
643 1834 994 1905 profectum.
1015 1834 1206 1903 Stans,
1242 1836 1453 1909 inquit,
1496 1838 1806 1903 Zachzus,
1837 1836 2016 1900 dixit,

368 1921 691 1978 Dimidium
724 1923 1265 1981 bonorummeorum
1290 1926 1357 1980 do
1368 1925 1737 1996 pauperibus.
1760 1925 1873 1980 Iste
1885 1929 2022 1996 post

367 2015 614 2065 mortem
638 2026 698 2065 se
717 2011 1048 2068 creditesse
1072 2014 1389 2076 victurum,
1406 2014 1817 2085 quidimidium
1836 2012 2023 2068 bono-

365 2112 500 2153 rum
528 2100 653 2169 jam
687 2100 939 2156 futuram
980 2103 1323 2159 transmittit
1344 2103 1419 2158 ad
1445 2104 1625 2159 viam.
1656 2103 1737 2159 Sit
1769 2102 1903 2158 licet
1928 2101 2022 2157 ille

366 2186 803 2258 perfectus,qui
835 2195 1021 2245 totum
1042 2191 1207 2263 quod
1226 2191 1407 2247 habet
1431 2192 1588 2257 illuc,
1622 2191 1726 2246 ubi
1756 2191 2021 2245 victurus

367 2278 477 2341 est,
506 2289 744 2346 semper
768 2276 906 2331 hinc
925 2278 1257 2348 prsemittit;
1290 2279 1498 2334 estiste
1516 2285 1718 2334 tamen
1742 2279 2019 2333 virtutum

368 2362 587 2428 socius,
613 2378 863 2418 consors
887 2365 1234 2435 prudentiae,
1276 2365 1415 2421 ﬁdei
1449 2368 1761 2438 particeps.
1806 2367 1907 2437 qui
1941 2366 2019 2422 ad

368 2450 557 2505 Deum
586 2449 681 2505 vel
700 2450 1014 2507 dimidium
1030 2453 1223 2518 mittit,
1243 2454 1388 2526 quia
1407 2454 1590 2510 homo
1602 2455 1760 2527 quod
1775 2454 1872 2510 hic
1888 2453 2019 2510 reli-

369 2538 579 2610 querit,
608 2540 718 2594 hoc
743 2540 977 2596 amittit.
1011 2543 1075 2597 Et
1102 2556 1331 2607 revera,
1365 2542 1597 2608 fratres,
1630 2544 1781 2599 sicut
1812 2560 1876 2599 se
1910 2543 2020 2600 iste

368 2625 451 2682 ibi
479 2626 665 2682 credit
694 2629 908 2695 vivere,
927 2629 1023 2700 qui
1052 2628 1191 2685 illuc
1211 2630 1543 2686 transmittit
1565 2646 1703 2698 sua;
1738 2633 1820 2688 ita
1842 2631 1937 2688 ille
1956 2646 2021 2688 se

366 2714 473 2770 tibi
502 2730 621 2771 non
654 2716 837 2771 credit
860 2731 993 2773 esse
1007 2718 1316 2782 victurum,
1344 2718 1447 2791 qui
1466 2719 1572 2774 sibi
1591 2718 1705 2775 illic
1739 2721 1900 2792 quod
1915 2720 2022 2776 ha-

366 2802 503 2859 bere
533 2804 839 2860 debeatnil
869 2808 1257 2877 pararit.Nam
1274 2808 1323 2863 si
1344 2810 1859 2881 paupertatem'vix
1872 2809 2021 2865 ferre

366 2907 685 2963 possumus
711 2896 1123 2967 temporalem,
1155 2896 1218 2952 in
1244 2902 1524 2954 aeternum
1553 2898 1864 2954 mendicus
1894 2898 2020 2954 ﬁeri

366 2982 505 3053 quis
529 2982 968 3051 durabit‘lQuis
992 2985 1257 3041 militans
1290 3002 1410 3042 non
1438 2987 1513 3042 ad
1531 2987 1791 3059 patriam
1825 2988 2015 3053 mittit,

2132 1838 2208 1891 Nc
2240 1835 2372 1906 quis
2422 1839 2622 1891 tamen
2680 1841 2845 1907 putet
2892 1837 3209 1892 Zaehmum
3261 1834 3563 1891 offerendo
3616 1832 3776 1887 dimi-

2130 1923 2297 1979 dium
2329 1925 2620 1980 bonorum
2646 1924 3024 1997 perfectionis
3050 1924 3307 1981 tenuisse
3339 1918 3776 1994 fastigium,qui

2130 2016 2267 2084 post
2322 2012 2528 2068 omnia
2566 2028 2677 2069 sua
2706 2018 2761 2068 et
2815 2015 3076 2086 seipsum
3145 2013 3230 2067 sic
3286 2011 3449 2067 dedit
3507 2008 3775 2073 Domino,

2131 2105 2195 2156 ut
2221 2112 2249 2142 ο
2279 2101 2662 2172 episcOpatus
2684 2103 2911 2158 honore
2937 2102 3142 2165 fultus,
3174 2117 3209 2156 a
3247 2115 3457 2156 mensa
3481 2094 3779 2172 publicani

2129 2192 2394 2259 quaestus
2422 2188 2500 2242 ad
2530 2204 2805 2244 mensam
2828 2189 3112 2244 dominici
3127 2188 3392 2260 corporis
3419 2185 3779 2258 perveniret;

2131 2280 2185 2330 et
2219 2275 2629 2332 fraudulentas
2678 2277 2876 2332 saeculi
2934 2277 3169 2332 divitias
3218 2275 3668 2346 derelinquens,
3725 2272 3781 2326 in

2128 2368 2479 2436 paupertate
2500 2364 2709 2420 Christi
2731 2380 2901 2421 veras
2946 2364 3146 2420 saeculi
3200 2362 3439 2419 divitias
3472 2362 3779 2417 inveniret.

2753 2455 2981 2510 SERMO
3023 2453 3136 2509 LV.

2129 2543 2217 2598 De
2234 2547 2481 2613 paterna
2510 2542 2614 2598 Dei
2631 2543 2694 2598 in
2720 2558 2815 2597 nos
2835 2542 3161 2606 dilectione,
3186 2542 3257 2598 de
3276 2548 3520 2611 patrum
3538 2541 3604 2595 in
3631 2540 3782 2609 ﬁlios

2378 2630 2695 2699 charitate;
2727 2632 2878 2689 etde
2938 2632 3284 2688 Judaeorum
3329 2643 3531 2699 paena.

2201 2720 2601 2790 Posteaquam
2632 2723 2933 2791 praecepta
2953 2719 3100 2789 legis
3130 2718 3350 2774 diﬁusa
3376 2714 3778 2774 voluminibus

2131 2812 2414 2877 congesta
2432 2806 2618 2871 libris,
2638 2823 2905 2864 amorem
2925 2809 3101 2863 nobis
3114 2823 3236 2863 non
3253 2806 3783 2861 suﬂ‘eceruntcom-

2132 2895 2411 2951 mandare
2428 2895 2709 2960 divinum,
2730 2896 2896 2952 duris
2917 2896 3228 2952 hominum
3251 2894 3785 2968 prmonrdiis,com-

2131 2984 2565 3057 parationibus,
2600 2985 2894 3057 exemplis,
2930 2985 3209 3040 inseritur
3230 2984 3331 3039 Dei
3361 2987 3417 3039 et
3444 2984 3783 3038 insinuatur

364 3069 657 3140 quidquid
683 3070 902 3127 bellico
930 3074 1149 3128 sudore
1171 3074 1487 3146 conquirit,
1518 3080 1581 3129 ut
1601 3075 2018 3131 adolescentiae
2054 3124 2094 3147 η
2129 3073 2391 3129 affectus.
2419 3073 2577 3140 Quis,
2607 3074 2815 3147 inquit,
2838 3088 2912 3131 ea:
2932 3075 3098 3133 vobis
3120 3081 3350 3143 patrem
3373 3072 3531 3141 petit
3551 3083 3778 3141 panem.

364 3155 599 3212 labores
614 3163 885 3214 senectus
896 3160 1174 3215 deliciosa
1189 3163 2018 3234 compenset‘lEtChristianus
2052 3155 2097 3183 υ
2127 3163 2417 3233 numquid
2428 3163 2676 3230 lapidem
2702 3163 3099 3219 dabitillifaut
3117 3164 3353 3232 piscem,
3371 3159 3780 3232 numquidpro

365 3245 459 3299 oui
483 3244 736 3301 militare
764 3252 851 3301 est
880 3247 960 3314 id,
992 3250 1157 3319 quod
1185 3250 1321 3306 vivit
1351 3251 1410 3305 in
1443 3251 1683 3316 seculo,
1711 3252 2016 3325 quomodo

364 3348 483 3389 non
513 3334 806 3403 cogitatut
827 3336 1088 3408 pericula
1113 3343 1347 3394 terrena
1373 3339 1508 3394 otiis
1523 3340 1865 3397 caelestibus
1878 3355 2019 3396 con-

366 3421 628 3478 soletur?
658 3424 918 3489 Qualiter
949 3426 1077 3481 haec
1107 3426 1284 3482 faciat
1323 3428 1707 3495 Christianus,
1733 3431 2014 3488 Zachasus

365 3510 493 3583 ipse
512 3516 570 3567 et
598 3512 777 3569 verbo
790 3514 962 3570 docet
980 3518 1343 3572 etmonstrat
1371 3516 1663 3589 exemplo.
1696 3519 2013 3579 Dimidium

369 3598 625 3655 bonorum
635 3617 883 3657 meorum
898 3602 967 3657 do
986 3605 1413 3673 pauperibus,et
1431 3606 1585 3660 sicui
1598 3606 1812 3677 aliquid
1821 3610 2016 3677 fraude

368 3688 610 3752 abstuli,
642 3689 820 3745 reddo
846 3691 1276 3762 quadruplum.
1306 3691 1336 3734 δ
1366 3694 1477 3759 Qui
1498 3693 1693 3750 aliena
1710 3704 2011 3768 prorogat,

436 3822 463 3854 ι
493 3812 578 3867 lta
602 3828 670 3868 ex
700 3830 810 3871 ms.
852 3817 1069 3871 Cresco.
1103 3816 1457 3874 restituimus
1488 3836 1618 3874 cum
1678 3818 1829 3876 Mita.
1887 3822 2018 3879 Om-

367 3884 649 4007 ἓξὲηὲωά
672 3884 918 3940 vidimus
938 3885 1234 3953 editiones,
1258 3905 1315 3944 se
1339 3906 1408 3945 ea:
1437 3890 1694 3957 hostibus,
1730 3892 1823 3948 vel
1850 3910 1903 3948 se
1924 3894 2016 3949 ho-

360 3968 551 4009 sucus.

386 4022 1236 4115 hillisgbopisslienisfaciens
1261 4030 1386 4101 quis
1420 4034 1847 4115 eleemosynam
1885 4036 2016 4115 plus

361 4095 561 4177 diripit
589 4096 645 4177 i_n
676 4098 936 4177 faciendg
961 4095 1388 4177 eleemosynam
1420 4121 1594 4174 quam
1625 4095 1925 4177 diripuerit
1957 4108 2015 4164 in

361 4166 565 4244 alienis
597 4168 878 4244 fui-audis.
905 4172 1070 4228 Ratio
1094 4178 1181 4228 est
1205 4166 1338 4244 quia
1358 4166 1601 4231 furendo
1629 4166 1889 4233 fraudem
1924 4178 2013 4233 in-

362 4238 494 4293 tulit
519 4239 739 4295 homini
770 4258 782 4305 ;
818 4243 887 4297 de
926 4260 986 4297 re
1026 4238 1238 4299 autem'
1267 4244 1415 4299 furto
1482 4247 1706 4301 sublata
1752 4248 2013 4305 faciendo

362 4309 810 4387 eleemosznam,
838 4312 967 4387 sibi,
984 4318 1048 4387 _et
1074 4316 1355 4384 proximo,
1377 4320 1435 4370 et
1461 4318 1575 4387 Deo
1597 4318 1717 4387 ipso
1750 4318 2011 4375 fraudem

363 4378 876 4461 intulitxﬂomini,
909 4383 997 4461 cui
1029 4378 1145 4437 rem
1189 4401 1304 4438 non
1339 4378 1638 4461 restituit}
1693 4388 1818 4461 sibi,
1878 4390 2012 4461 quia

484 4449 749 4541 fagiendo
775 4451 880 4531 sibi
921 4450 1067 4541 falsp
1112 4447 1815 4541 persuadet‘satisfecisse'
1842 4447 2010 4532 justi-
2045 4480 2088 4537 D
2121 4462 2335 4532 longum
2366 4447 2562 4541 tempe)
2586 4462 2997 4541 {sintervallum
3028 4461 3289 4541 hominem
3316 4462 3437 4541 jam

363 4519 459 4574 tim
484 4536 497 4585 ;
531 4519 1159 4599 Deo,._qui.a,_quantufn
1189 4541 1255 4579 ex
1281 4542 1341 4579 se
1360 4529 1476 4599 est,
1504 4529 1734 4599 propria
1757 4519 2008 4585 sic'com-

363 4589 984 4717 Eemoravitcrimina,
1028 4598 1084 4649 et
1119 4594 1336 4650 furtum
1359 4589 1473 4652 Deo
1504 4589 1699 4673 'judici
1741 4602 2007 4657 ostendit.

439 4678 521 4715 τΑ.

439 4678 521 4715 τΑ.

433 4744 459 4775 ο
477 4731 890 4813 Misgicordias
918 4751 1021 4806 pro
1049 4737 1452 4813 eleemosynis.
1484 4741 1569 4796 lta
1594 4741 1923 4813 Fulgentius
1953 4744 2011 4799 in

362 4801 461 4859 lib.
496 4806 565 4860 de
593 4804 793 4884 Trinit.
827 4801 1002 4884 libgiv
1032 4824 1164 4884 cap.
1188 4810 1257 4864 24
1289 4801 1778 4884 ε’Μίεσνὶοθνάίἇνη
1797 4815 2013 4884 dispen-

359 4891 487 4956 gare
508 4877 870 4956 pauperibus.
905 4877 1132 4956 Laudat1
1152 4880 1303 4956 hunc
1329 4881 1517 4956 locum
1566 4877 1892 4956 Ducangius
1928 4886 2009 4942 in~

359 4945 774 5025 Glossarftom.
808 4948 853 5004 II
873 4968 1001 5023 pag.
1035 4950 1137 5006 638
1165 4952 1345 5025 antiq.
1374 4953 1510 5009 edit.

430 5017 457 5059 ἀ
491 5017 978 5094 Yeteres_magn6
995 5038 1269 5079 censensu
1294 5017 1808 5081 ioluntZaclueum
1838 5027 2010 5084 fuisse

396 5092 651 5148 cntilem.
683 5092 822 5148 Aliis
846 5092 1228 5150 verosimilius
1270 5100 1358 5152 est
1388 5096 1557 5151 fuisse
1593 5098 1879 5162 Judaeum,
1909 5099 2011 5153 sed

399 5162 750 5236 ublic_anum,
781 5170 837 5219 et
874 5166 955 5221 uti
1015 5166 1404 5236 publicanum,
1448 5167 1651 5222 vixisse
1707 5170 1889 5223 usuris
1955 5174 2013 5225 et

398 5233 673 5291 uasstibus
702 5233 1030 5293 addictum:
1044 5238 1169 5291 Non
1188 5238 1338 5293 enim
1369 5239 1550 5294 Judaei
1580 5238 1867 5294 Christum
1898 5246 2012 5295 tra-

402 5308 661 5381 uxerant,
694 5321 760 5381 eo
800 5308 950 5377 quod
990 5309 1138 5378 apud
1167 5308 1629 5381 incircumcisum
1661 5311 2007 5381 epularetur,

361 5368 471 5453 hoc
499 5374 755 5453 profecto
773 5368 1376 5453 n§n_prt£termissuri,
1401 5382 1499 5436 sed
1533 5381 1683 5453 quod
1697 5368 1861 5452 ἀρυά
1888 5368 2012 5453 pec;

362 5444 639 5523 catorem.
653 5446 779 5523 _Nec_
807 5444 1020 5523 Iudicis
1042 5444 1483 5523 interdicebatur
1535 5444 1762 5523 publica
1793 5444 2012 5509 condu-

366 5527 491 5569 cere
514 5515 840 5586 vectigalia.
868 5519 1009 5575 Vide
1040 5521 1299 5577 Grotium
1331 5522 1439 5577 hic.

439 5594 466 5626 ³
494 5585 705 5643 Auctor
734 5590 924 5645 Const.
958 5588 1135 5647 Clem.
1168 5591 1266 5648 lib.
1296 5609 1369 5648 vn
1393 5609 1517 5666 cap.
1546 5593 1615 5650 ιθ
1643 5610 1774 5667 pag.
1802 5595 1889 5661 88,
1916 5612 1967 5651 a.
1996 5612 2010 5651 :

2121 3252 2279 3323 pisce
2289 3257 2599 3322 serpentem
2613 3252 2769 3309 dabit
2780 3252 3009 3308 illifaut
3020 3254 3073 3307 si
3080 3251 3310 3323 petierit
3323 3267 3504 3315 ovum,
3514 3246 3781 3319 numquid

2124 3342 2386 3411 porriget
2397 3342 2495 3397 illi
2513 3339 2533 3380 τ
2556 3341 2903 3410 scorpionem
2920 3342 2950 3395 ν
2962 3341 3020 3395 Si
3030 3356 3169 3411 ergo
3181 3356 3299 3411 vos,
3318 3356 3449 3396 cum
3478 3341 3615 3395 sitis
3628 3336 3777 3399 mali,

2125 3431 2304 3487 nostis
2316 3429 2458 3483 bona
2470 3428 2608 3483 data
2620 3428 2908 3498 dareﬁliis
2921 3432 3142 3496 vestris,
3163 3436 3379 3502 quanto
3388 3444 3531 3499 mag
3540 3432 3587 3483 is
3624 3427 3781 3482 Pater

2126 3524 2313 3576 vester
2340 3519 2585 3574 caelestis
2613 3519 2887 3587 spiritum
2935 3519 3143 3574 bonum
3169 3518 3330 3573 dabit
3360 3517 3707 3587 petentebus
3728 3528 3782 3569 se

2125 3608 2364 3677 (Luc.xi
2389 3607 2417 3659 Ῡ
2448 3605 2589 3672 Quis
2618 3620 2692 3661 ea:
2705 3606 3096 3675 vobispatrsm
3110 3602 3782 3678 petitpanem,numquid

2127 3695 2383 3765 lapidem
2414 3694 2576 3750 dabit
2600 3696 2692 3749 illi
2701 3695 2730 3749 Υ
2750 3696 3017 3751 Charitas
3028 3696 3225 3751 dolum
3248 3709 3369 3751 non
3382 3694 3609 3761 habet;
3635 3694 3781 3749 frau-

2126 3821 2390 3899 Qaesareas
2434 3820 2743 3899 Ralestinq
2781 3821 2996 3891 primus
3060 3820 3348 3899 ordinatus
3368 3824 3462 3899 est
3499 3822 3779 3899 episcopus

2124 3894 2177 3948 Ζ
2180 3894 2405 3956 aclueus,
2424 3891 2557 3947 olim
2572 3890 2912 3946 Publicanus
2934 3896 3087 3961 ;post
3100 3909 3225 3947 eum
3245 3890 3571 3959 Cornelius}
3595 3890 3781 3945 tertius

2130 3965 2468 4032 Theophilus.
2485 3962 2814 4017 Audiendus
2828 3968 3019 4018 autem
3048 3962 3300 4018 Latinius
3314 3964 3385 4017 ad
3412 3962 3575 4017 hunc
3596 3962 3778 4016 locum

2124 4035 2453 4106 Chrysologi
2491 4051 2503 4088 :
2527 4034 2799 4106 Quadium
2819 4034 3315 4105 Hierosolymorum
3330 4034 3667 4104 episcopum,
3680 4048 3779 4106 rno-_

2123 4104 2269 4187 mine
2286 4104 2498 4187 quidem
2537 4105 2828 4187 lac/imum
2855 4106 3020 4175 fuisse
3072 4104 3308 4187 constat,
3334 4112 3411 4186 ,ει
3467 4106 3501 4158 4
3562 4104 3780 4187 Trajani

2124 4175 2434 4260 ᾶηηοίροει
2469 4178 2630 4260 iusti
2660 4186 2929 4260 morlemA'
2962 4194 3079 4258 eam
3124 4176 3434 4260 Ecclesium
3485 4175 3777 4260 regendam

2122 4245 2426 4314 suscepisse,
2460 4248 2515 4301 id
2556 4253 2632 4299 ut
2661 4265 2806 4303 anno
2867 4248 3076 4303 Christi
3116 4248 3242 4303 114.
3302 4247 3502 4302 Fuisse
3559 4245 3777 4302 tandem

2120 4318 2359 4375 eumdem
2376 4320 2469 4402 qui
2485 4320 2581 4397 Plu
2602 4318 2814 4375 licanus
2837 4320 2894 4400 in
2923 4319 3214 4402 Evangelia
3238 4318 3548 4388 descriptus
3564 4318 3772 4402 estmim,

2119 4397 2216 4445 aut
2247 4409 2309 4445 ne
2335 4389 2431 4445 vix
2455 4390 2547 4460 qui
2566 4398 2662 4445 tem
2685 4390 2985 4446 verosimile
3035 4389 3283 4446 videtur:
3327 4404 3449 4444 eum
3487 4396 3618 4513 gest
3668 4392 3776 4441 tam

2121 4462 2335 4515 lonaum
2366 4470 2562 4515 (emno:
2586 4462 2997 4515 lsintervallum
3028 4461 3289 4515 hominem
3325 4462 3437 4515 iam
3540 4458 3777 4515 ublicans'

3540 4475 3775 4515 uoucam

2118 4531 2348 4609 munere
2371 4537 2533 4601 fungd
2557 4537 2681 4609 item
2702 4550 2820 4587 cum
2852 4540 3070 4609 uocatus
3088 4549 3121 4609 ᾳ
3139 4531 3180 4587 ϐ
3188 4532 3371 4609 {triste
3386 4536 3479 4595 est,
3510 4538 3568 4587 et
3592 4545 3774 4609 super-

2115 4604 2311 4674 fuisse,
2338 4611 2387 4658 et
2416 4618 2551 4672 usqu
2605 4605 2682 4659 ad
2690 4603 2978 4673 regendam
2993 4602 3289 4658 Ecclesiam
3316 4601 3567 4674 idoneum
3588 4601 3773 4674 existi:

2117 4669 2320 4729 malum
2341 4692 2463 4739 esse,
2486 4669 2593 4726 nm
2622 4669 2787 4745 facile
2810 4674 2957 4729 credi
2983 4681 3171 4744 potest.
3206 4681 3403 4728 Annus
3428 4672 3639 4745 Christi
3662 4669 3773 4745 Al”

2118 4746 2547 4816 conjungendus
2578 4742 2669 4817 est
2699 4762 2829 4800 cum
2859 4742 3087 4817 Trajani
3119 4745 3360 4817 imperio
3379 4746 3467 4817 l6,
3501 4744 3567 4808 Ο.
3602 4742 3771 4817 Nicco

2120 4818 2295 4870 Hasta
2322 4814 2378 4871 et
2406 4820 2460 4871 P.
2487 4816 2713 4872 Manilio
2746 4814 2987 4886 chisco
3016 4833 3159 4870 coss.
3202 4814 3279 4871 De
3310 4815 3641 4885 episcopatu
3672 4814 3772 4868 Za-

2119 4888 2258 4942 chaai
2282 4888 2636 4942 concordant
2660 4888 2775 4942 alia
2795 4888 3005 4957 scripta
3028 4887 3303 4941 Clementi
3324 4886 3641 4950 attributa;
3671 4899 3773 4939 nec

2120 4974 2234 5012 non
2268 4958 2522 5022 Ruﬁnus,
2556 4959 2613 5013 in
2636 4958 2795 5029 praef.
2825 4959 2897 5013 ad
2928 4958 3219 5029 Recognit.
3248 4974 3260 5018 ;
3289 4962 3346 5011 et
3397 4957 3773 5029 Haeresiogra-

2120 5029 2283 5100 phus,
2317 5028 2775 5089 Sirmondianus.
2800 5030 2999 5084 haeres.
3031 5028 3119 5093 Hi,
3152 5028 3237 5082 12.
3265 5029 3485 5083 Pseudo
3514 5028 3775 5100 Clemen-

2120 5098 2191 5155 tis
2216 5101 2685 5173 scriptaautnon
2737 5100 2892 5173 legit,
2934 5100 3213 5173 autlecta
3255 5100 3468 5171 sprevit
3498 5098 3773 5155 Eusebius

2120 5172 2501 5233 Caesariensis,
2520 5172 2664 5226 alias
2696 5171 2916 5226 tantum
2940 5171 3198 5226 Ecclesiae
3216 5187 3330 5225 sua:
3362 5174 3773 5225 ornamentum

2119 5242 2175 5297 in
2216 5243 2478 5313 operibus
2510 5243 2623 5297 suis
2656 5259 2767 5297 non
2800 5243 3133 5297 omissurus.
3169 5243 3302 5307 Quae
3349 5242 3407 5296 in
3457 5238 3774 5313 epistola}

2119 5310 2456 5384 supp'osititii
2489 5314 2753 5371 Anacleti
2783 5313 2839 5369 in
2884 5313 3185 5369 Concilior.
3237 5314 3429 5370 tom.I
3479 5310 3610 5383 pag.
3670 5310 3769 5365 451

2119 5384 2404 5454 leguntur,
2439 5386 2508 5441 de
2548 5387 2874 5456 episcopatu
2903 5384 3258 5439 Antiocheno
3303 5384 3546 5447 Zachasi,
3611 5396 3777 5452 nugae

2119 5460 2273 5518 sunt,
2308 5455 2509 5526 quibus
2537 5457 2722 5512 omnis
2753 5456 2941 5511 obstat
2965 5456 3296 5526 antiquitas.

2153 5595 2165 5608 .
2191 5525 2214 5567 ί
2237 5526 2614 5652 ξοοπρίοηιιω
2635 5544 2813 5599 genus
2853 5532 2939 5583 est
2960 5525 3253 5597 quoddam
3302 5525 3519 5591 album,
3551 5539 3781 5594 ovoque

2153 5612 2251 5652 mn
2277 5613 2331 5652 e.

2121 5612 2331 5659 simne.
