3958 6182
189 239 308 299 369

1527 271 1540 316 ε
1636 225 1878 294 SERMO
1918 225 2058 287 LXI.

3484 234 3601 292 370

180 373 498 428 οοηγειιείο
527 373 748 443 (Actor,
780 377 884 444 lx),
929 373 1026 430 vix
1056 375 1358 432 crederem
1389 379 1510 431 tam
1539 371 1707 428 facile
1738 383 1843 424 vos
1874 363 1922 423 Α
1951 359 2299 416 contradicit
2329 363 2466 417 Deo.
2501 361 2724 418 Servire
2758 358 2858 416 uni
2882 358 3121 416 libertas
3151 363 3255 429 est,
3290 362 3599 433 captivitas

175 461 241 515 de
257 465 496 516 terrena
511 461 642 517 labe
657 462 716 516 in
733 463 1024 519 caelestem
1041 481 1210 536 posse
1225 464 1467 533 gloriam
1481 459 1838 518 commutari.

173 549 344 604 Illum
379 566 650 623 namque
673 551 746 606 de
769 559 1146 623 persecutore
1169 570 1308 608 mox
1335 552 1675 624 apostolum
1695 565 1836 621 pra;-

169 637 308 692 stitit
331 639 648 708 repentina
666 639 1044 706 confessio,et
1067 641 1337 697 Ecclesia:
1358 640 1517 696 dedit
1544 639 1836 707 insignem

169 729 561 795 magistrum,
585 745 768 800 quem
798 729 1089 786 furentem
1123 731 1436 788 Christiani
1459 729 1719 785 nominis
1751 729 1835 782 in-

166 822 417 871 venerat
449 823 838 875 vastatorem.
878 822 992 874 Nec
1022 820 1229 875 minus'
1254 821 1483 875 animat
1502 835 1597 874 me
1622 830 1648 859 ι
1676 816 1834 872 illius

166 904 456 975 spadonis
489 907 850 977 exemplum,
876 924 1058 980 quem
1088 908 1236 963 ﬁdes
1249 913 1384 964 ante
1397 907 1593 980 rapuit
1617 907 1689 962 ad
1703 921 1834 977 gra-

168 994 535 1064 tiam,quam
551 1011 756 1049 currus
776 995 804 1036 b
834 996 902 1050 ad
920 996 1147 1051 Indiam
1162 998 1524 1067 domumque
1535 997 1834 1051 revocaret

168 1084 393 1147 (Actor.
433 1084 586 1152 vui).
621 1084 857 1139 Accedit
879 1085 1022 1139 illud
1053 1086 1231 1140 etiam
1282 1085 1525 1140 latronis
1566 1082 1834 1139 mirabile

168 1169 315 1224 docu
328 1172 736 1244 mentum,qui
753 1178 893 1228 tunc
906 1175 1102 1244 rapuit
1116 1171 1736 1244 paradisum,quando
1753 1171 1835 1226 la-

171 1259 402 1313 trocinii
436 1261 528 1314 sui
562 1277 772 1332 pmnas
806 1267 893 1316 est
924 1278 1250 1334 appensus,
1287 1269 1350 1317 ut
1387 1261 1634 1317 solveret
1663 1261 1827 1329 (Luc.

167 1350 343 1413 xxm).
378 1348 542 1403 Unde
567 1365 697 1418 nos,
725 1349 918 1416 ﬁlioli,
938 1351 1080 1422 quia
1097 1352 1180 1405 sic
1199 1356 1432 1422 tempus
1449 1355 1662 1404 vestrae
1674 1363 1832 1417 rege-

167 1435 496 1491 nerationis
530 1439 798 1508 aptastis,
831 1446 893 1492 ut
927 1455 1121 1510 neque
1153 1455 1262 1495 nos
1295 1440 1598 1510 possimus
1636 1438 1831 1492 dicere

165 1524 325 1596 quod
360 1541 610 1580 necesse
641 1532 750 1593 est,
779 1543 973 1598 neque
1004 1543 1110 1582 vos
1147 1528 1378 1598 possitis
1411 1528 1574 1598 quod
1600 1529 1831 1597 oportet

165 1611 388 1675 audire,
418 1612 602 1668 ﬁdem
624 1613 760 1668 ﬁdei
786 1615 1241 1681 committentes,
1267 1615 1557 1670 tradimus
1578 1615 1832 1669 breviter

166 1700 312 1769 quod
329 1713 352 1741 ε
377 1700 564 1756 latius
578 1703 1000 1758 commendare
1015 1719 1127 1758 non
1143 1706 1618 1775 possumus.Nam
1633 1717 1834 1774 quem-
1860 1717 1905 1775 Β

167 1788 505 1843 admodum
531 1792 970 1861 exponentibus
997 1793 1171 1847 nobis
1197 1793 1439 1864 potestis
1469 1806 1832 1862 cognoscere

163 1877 422 1948 symboli
440 1881 1012 1952 sacramentum,qui
1026 1883 1224 1953 ipsum
1243 1881 1582 1953 symbolum
1599 1895 1832 1935 memo-

164 1967 242 2020 ria
255 1983 480 2038 capere
505 1969 601 2022 vix
619 1969 829 2024 valetis
851 1972 879 2026 7
899 1973 1014 2025 Hoc
1035 1986 1352 2026 monemus
1371 1970 1587 2034 solum,
1607 1985 1680 2024 ne
1696 1967 1834 2040 quis

165 2057 502 2111 committat
519 2056 746 2122 litteris,
772 2058 934 2129 quod
956 2064 1042 2112 est
1062 2058 1625 2113 cordimandaturus
1640 2061 1833 2112 utere-

166 2145 570 2216 dat,Apostolo
585 2147 940 2201 sicmonente
962 2166 972 2204 :
995 2147 1168 2203 Corde
1179 2147 1832 2216 credituradjustitiam,

167 2248 258 2288 ore
274 2240 480 2289 autem
503 2235 792 2302 confessio
807 2237 874 2302 ﬁt
893 2236 973 2290 ad
989 2237 1240 2291 salutem
1256 2237 1444 2304 (Rom.
1460 2237 1537 2302 x).
1555 2233 1832 2288 Audituri

168 2320 424 2376 formam
451 2321 980 2386 ﬁdei,eredulitatis
1010 2339 1306 2386 normam,
1337 2323 1724 2378 confessionis
1740 2338 1831 2378 or-

168 2408 358 2464 dinem
373 2415 610 2481 ,parate
629 2410 804 2464 simul
819 2412 1077 2482 corporis
1092 2412 1353 2466 etcordis
1371 2411 1831 2468 auditum.Sicut

169 2497 288 2552 fons
303 2513 410 2553 ore
429 2503 693 2567 angusto
707 2515 962 2554 manans
981 2499 1210 2570 magnis
1227 2499 1544 2555 ﬂuviorum
1561 2499 1829 2554 laticibus

168 2587 609 2658 ampliatur,sic
626 2587 768 2642 ﬁdes
783 2589 1038 2660 symboli
1050 2588 1319 2643 breviato
1341 2604 1612 2644 sermone
1625 2588 1830 2642 credu-

167 2674 332 2729 litatis
365 2675 702 2730 latissimos
732 2676 828 2731 dat
857 2682 1106 2731 meatus.
1130 2679 1194 2730 Et
1224 2676 1372 2731 sicut
1395 2676 1691 2731 radixaite
1710 2675 1830 2730 ﬁxa

169 2765 221 2818 in
242 2765 553 2819 excelsum
580 2781 822 2835 germen
854 2783 916 2819 se
936 2765 1253 2836 protendit,
1283 2766 1432 2820 ﬁdes
1455 2765 1536 2819 sic
1563 2765 1830 2820 radicata

167 2854 414 2921 pectoris
429 2853 491 2907 in
508 2853 794 2923 profundo
811 2855 866 2907 in
882 2853 1167 2908 excelsum
1191 2852 1543 2909 credulitatis
1556 2868 1828 2907 cacumen

166 2941 635 3008 attollitur.Ergo
651 2941 718 2996 de
738 2940 1011 2996 cordibus
1026 2943 1232 2996 vestris
1249 2945 1568 3013 expurgate
1580 2940 1829 3012 perﬁdiae

168 3046 426 3095 ccenum,
464 3037 528 3085 ut
561 3047 710 3102 pura
752 3047 855 3102 per
880 3047 987 3085 vos
1020 3031 1156 3086 ﬁdei
1188 3031 1410 3086 ﬂuenta
1444 3035 1826 3102 percurrant;
1866 3069 1909 3127 Ο

167 3119 595 3175 incredulitatis
625 3119 840 3175 fruteta
866 3120 920 3175 in
967 3121 1137 3175 vobis
1166 3120 1450 3176 radicitus
1500 3124 1826 3190 amputate,

171 3213 222 3262 ut
246 3213 609 3263 excrescant
658 3208 735 3263 ad
781 3209 898 3264 alta
932 3208 1292 3264 credulitatis
1335 3214 1540 3262 vestrae
1584 3208 1830 3264 robusta

171 3296 486 3366 plantaria.
512 3297 578 3351 Et
598 3297 756 3368 quia,
783 3302 1022 3352 auctore
1041 3296 1344 3367 Apostolo,
1370 3297 1541 3352 corde
1562 3296 1830 3351 creditur

166 3386 240 3438 ad
254 3387 592 3454 justitiam,
626 3401 727 3441 ore
756 3387 1044 3455 confessio
1060 3387 1126 3454 ﬁt
1155 3386 1234 3442 ad
1259 3387 1508 3441 salutem
1529 3386 1716 3453 (Rom.
1741 3385 1826 3453 x),

167 3474 219 3527 in
249 3473 654 3528 confessionis
685 3489 893 3528 vocem
937 3475 1118 3529 modo
1159 3475 1292 3529 date
1317 3474 1480 3545 quod
1507 3474 1635 3543 jam
1655 3474 1827 3528 corde

167 3563 419 3618 creditis.
463 3563 656 3620 Credo
673 3567 734 3618 in
758 3565 941 3619 Deum
967 3566 1198 3619 Patrem
1225 3563 1698 3630 omnipotentem.
1719 3563 1825 3627 Qui

167 3652 342 3706 credit
388 3652 455 3706 in
509 3654 715 3716 Deum,
747 3653 927 3706 Deum
968 3653 1262 3707 discutere
1304 3667 1423 3706 non
1458 3658 1822 3722 prmsumat;

168 3739 313 3794 Deus
345 3741 519 3812 quod
547 3740 642 3807 sit,
675 3740 890 3795 sufﬁcit
926 3741 1106 3805 scire;
1141 3740 1242 3811 qui
1273 3740 1516 3810 requirit
1549 3740 1704 3794 unde
1732 3741 1822 3808 sit,

167 3835 426 3898 quantus
455 3829 528 3882 sit
563 3829 733 3892 Deus,
768 3829 921 3882 Deus
952 3828 1096 3899 quid
1117 3829 1208 3894 sit,
1243 3828 1337 3882 hic
1364 3828 1550 3883 nescit
1575 3845 1588 3892 ;
1609 3828 1696 3883 sol
1720 3829 1825 3883 im~

171 3924 492 3985 portunum
526 3917 790 3970 tenebrat
823 3922 1153 3986 aspectum,
1189 3916 1265 3971 ad
1304 3920 1487 3971 Deum
1518 3917 1825 3972 inconces-

172 4022 259 4059 sus
291 4011 557 4060 caecatur
587 4021 900 4070 accessus;
947 4005 1134 4059 Deum
1181 4005 1284 4076 qui
1319 4005 1442 4059 vult
1484 4005 1702 4069 videre,
1739 4005 1823 4060 vi-

172 4095 342 4149 sionis
370 4095 423 4163 ej
438 4110 506 4147 us
547 4093 736 4148 discat
768 4099 964 4148 tenere
1008 4109 1353 4148 mensuram
1380 4111 1393 4159 ;
1430 4095 1614 4147 Deum
1642 4109 1820 4146 suum

170 4183 262 4252 qui
291 4183 416 4237 vult
447 4183 618 4248 scire,
643 4184 864 4237 nesciat
889 4181 1153 4252 gentium
1173 4182 1315 4236 deos
1339 4197 1350 4245 ;
1373 4181 1467 4252 qui
1492 4180 1635 4234 deos
1657 4181 1817 4245 dicit,

169 4324 480 4394 ctissimum
528 4323 1007 4394 archiepiscopum
1060 4327 1318 4376 nostrum
1361 4321 1818 4392 quamplurimos

170 4393 477 4476 baptizqsse
512 4393 770 4476 inﬁdeles
803 4395 1046 4476 adultos,
1081 4395 1527 4476 tumibarbarosl,
1563 4397 1682 4476 tum
1713 4394 1820 4448 lta-
1854 4419 1896 4476 Ι)

171 4465 240 4517 los
271 4484 334 4520 ac
356 4469 742 4520 Ravennates.
769 4466 862 4534 qui
882 4468 1024 4519 adeo
1052 4465 1262 4518 sanctis
1285 4465 1560 4533 exemplis
1583 4470 1634 4518 et
1658 4481 1819 4517 sacra

172 4536 392 4605 hujusce
422 4537 670 4606 pastoris
701 4537 960 4589 doctrina
991 4537 1060 4589 ad
1097 4536 1264 4588 {idem
1293 4535 1713 4604 suscipiendam
1739 4535 1820 4588 in-

172 4611 512 4670 ritabantur,
535 4611 590 4660 ut
611 4624 711 4661 nec
739 4607 964 4661 diil'erre
991 4606 1351 4674 baptismatis
1374 4607 1817 4674 succeptionem,

172 4687 318 4745 prout
345 4678 518 4731 multi
562 4679 842 4736 solebant,
878 4679 948 4730 ob
977 4694 1247 4746 magnam
1290 4677 1532 4746 Spiritus
1558 4677 1734 4730 sancti
1762 4678 1817 4730 in

171 4751 424 4804 cordibus
444 4765 644 4803 eorum
672 4749 1118 4802 commotionem
1138 4753 1384 4816 possent.
1411 4750 1570 4811 Quod
1594 4765 1721 4802 cum
1748 4749 1818 4802 ab

170 4823 404 4875 externis
435 4820 660 4873 indiciis
689 4822 881 4873 beatus
909 4819 1144 4872 antistes
1171 4825 1686 4887 argumentaretur.
1722 4836 1818 4873 eos

170 4891 652 4970 quamplurimum
701 4890 984 4970 baptizare
1035 4889 1341 4970 nitebatur,
1375 4890 1507 4970 ﬁsus
1545 4889 1818 4970 exemplis

172 4959 442 5022 adductis,
483 4962 639 5014 Pauli
671 4959 900 5023 scilicet,
935 4977 1001 5012 ac
1033 4959 1325 5028 spadonis,
1360 4965 1415 5014 et
1447 4961 1701 5013 latronis.
1740 4961 1816 5013 Ea

173 5037 502 5103 tempestate
529 5036 583 5085 et
617 5033 810 5085 Nomm
839 5030 1000 5084 multi
1020 5031 1091 5084 ad
1115 5030 1283 5083 ﬁdem
1299 5031 1500 5103 Christi
1521 5036 1818 5103 converte-

176 5101 385 5160 bantur.
411 5108 556 5158 teste
604 5104 669 5155 Ι).
705 5103 888 5155 Leone
939 5118 1082 5170 papa
1119 5103 1332 5155 lserm.
1369 5106 1401 5152 2
1428 5102 1495 5153 de
1517 5101 1754 5156 Nativit.
1799 5118 1812 5154 :

176 5176 291 5228 Cum
324 5176 511 5244 utique
542 5173 612 5225 ad
661 5173 814 5240 ﬁdem
843 5177 1085 5241 primum
1141 5172 1477 5226 venientibus
1507 5173 1618 5223 oris
1643 5175 1816 5225 nostri

176 5248 395 5312 officium
429 5245 737 5298 debeamus.
773 5246 930 5297 Mm.

235 5329 256 5357 ι
279 5318 365 5370 Vel
404 5332 536 5369 vere
557 5315 736 5383 spado
767 5314 968 5372 fuerit:
999 5313 1086 5366 his
1124 5313 1275 5367 enim
1323 5313 1630 5383 utebantur
1672 5311 1816 5381 regi-

183 5401 249 5438 na:
279 5390 343 5440 ad
374 5382 722 5440 evertendas
753 5385 1134 5454 suspiciones;
1168 5385 1318 5438 unde
1347 5382 1642 5437 Terentius
1677 5401 1688 5439 :

341 5458 639 5507 Eunuchum
672 5469 814 5517 porro
842 5457 970 5503 dixit
1000 5455 1126 5502 velle
1153 5462 1212 5510 te,

357 5520 481 5578 Quia
501 5521 630 5568 solm
651 5525 851 5567 utuntur
876 5517 954 5566 bis
973 5517 1181 5578 regina;

1952 450 2171 504 multis.
2195 451 2379 515 Quem
2409 451 2591 506 Deum
2615 450 2923 505 confessus
2953 465 3032 517 es,
3057 449 3229 504 crede
3249 451 3472 505 Patrem
3497 471 3512 521 ;
3537 457 3600 509 ut

1950 537 2196 592 credens
2227 541 2481 604 Patrem,
2500 554 2636 593 esse
2652 538 2856 593 Filium
2876 536 3076 592 discas
3101 553 3115 602 ;
3139 537 3343 591 dicens
3367 538 3596 603 Filium,

1947 625 2210 694 genitum
2245 642 2576 696 cognoscas
2602 643 2730 681 esse
2759 626 2832 680 de
2865 626 3066 690 Patre;
3113 639 3486 693 cognoscens
3525 625 3599 682 de

1945 713 2114 768 Patre
2143 715 2433 782 genitum,
2457 715 2765 786 quomodo
2792 714 2865 769 sit
2896 713 3128 784 genitus
3159 729 3276 768 non
3305 715 3594 786 requiras,

1943 803 2087 872 quia
2115 802 2336 868 dixisti,
2373 804 2558 859 Credo
2591 806 2651 858 in
2675 805 2858 858 Deum
2882 805 3115 858 Patrem
3137 809 3595 872 omnipotentem.

1945 891 2328 963 Omnipotens
2345 897 2540 963 potest
2560 893 2784 955 omnia,
2811 895 2868 946 et
2889 891 2934 946 si
2961 890 3166 946 omnia
3204 897 3401 962 potest
3430 893 3597 962 quod

1941 978 2001 1033 in
2034 996 2115 1043 se,
2150 996 2220 1034 ex
2255 996 2336 1044 se,
2377 985 2430 1035 et
2463 996 2698 1051 semper
2728 995 2930 1034 secum
2962 979 3180 1034 habeat
3211 979 3418 1034 Filium
3456 981 3594 1053 quis

1941 1068 2226 1137 negabit?
2252 1069 2565 1123 Generatio
2585 1068 2686 1123 Dei
2705 1067 2938 1122 initium
2961 1083 3080 1122 non
3101 1067 3302 1133 habet,
3330 1069 3597 1124 nescitﬁ-

1941 1172 2100 1220 nem,
2118 1173 2240 1211 non
2255 1155 3108 1227 admittitexcessum,quando
3126 1157 3184 1210 in
3203 1156 3476 1212 Genitore
3495 1160 3594 1214 Ge-

1942 1245 2101 1298 nitus
2127 1260 2475 1315 permanere
2499 1244 3013 1316 persistit,dicente
3030 1244 3160 1315 ipso
3185 1245 3452 1300 Domino.
3469 1247 3595 1315 Ego

1940 1333 2000 1387 in
2032 1335 2223 1398 Patre,
2257 1341 2309 1390 et
2330 1336 2512 1390 Pater
2537 1335 2599 1390 in
2621 1350 2711 1390 me
2740 1340 2821 1390 est
2847 1335 3044 1404 (Joan.
3073 1335 3154 1401 x).
3187 1334 3311 1403 Ego
3342 1340 3394 1389 et
3416 1336 3597 1390 Pater

1940 1438 2124 1478 unum
2139 1439 2340 1478 sumus
2356 1423 2953 1493 (Joan.x).Confessus
2965 1439 3029 1478 es
3043 1423 3596 1487 Patrem,cont‘essus

1941 1526 2002 1565 es
2023 1511 2226 1566 Filium
2238 1513 2566 1576 ,coniessus
2579 1529 2641 1567 es
2653 1511 2974 1568 divinitatis
2988 1528 3297 1575 arcanum,
3317 1512 3596 1568 conﬁtere

1940 1599 2355 1656 incarnationis
2371 1601 2682 1656 Dominicas
2702 1601 3225 1656 sacramentum.Et
3242 1601 3300 1654 in
3315 1601 3597 1657 Christum

1938 1687 2133 1743 Iesum
2156 1689 2377 1745 Filium
2407 1693 2552 1760 ejus.
2585 1689 2850 1746 Christus
2873 1705 2909 1744 a
2926 1704 3190 1759 superno
3223 1694 3470 1745 vocatur
3491 1705 3597 1745 un-

1942 1783 2277 1846 guento,est
2294 1778 2450 1833 enim
2476 1783 2598 1834 tota
2615 1779 2974 1850 plenitudine
2991 1777 3308 1833 divinitatis
3322 1778 3554 1833 infusus
3579 1794 3594 1843 ;

1940 1867 2113 1920 Jesus
2135 1882 2354 1922 nomen
2384 1871 2468 1922 est
2501 1883 2536 1922 a
2567 1867 2775 1932 salute,
2804 1866 2969 1937 quod
2993 1882 3210 1920 nomen
3239 1882 3416 1921 omne
3433 1866 3597 1938 quod

1940 1954 2001 2008 in
2029 1954 2200 2020 caelo,
2227 1955 2392 2025 quod
2415 1955 2472 2010 in
2504 1955 2732 2010 inferno
2754 1960 2862 2019 est,
2884 1959 3161 2020 tremens,
3187 1954 3593 2023 genuﬂexum,

1942 2043 2266 2097 summisso
2297 2043 2511 2098 vertice
2543 2043 2855 2098 conﬁtetur
2874 2042 3122 2111 (Philip.
3142 2044 3226 2110 tl).
3253 2043 3328 2096 Et
3347 2042 3412 2097 in
3431 2043 3595 2098 Chri-

1941 2132 2278 2186 stumlesum
2293 2131 2506 2185 Filium
2525 2133 2651 2199 ejus
2667 2131 2900 2185 unicum
2920 2130 3218 2184 Dominum
3239 2136 3507 2185 nostrum.
3531 2133 3598 2186 Ut

1941 2219 2129 2274 Patris
2164 2224 2218 2274 et
2250 2219 2370 2274 Filii
2395 2224 2482 2273 est
2514 2218 2688 2274 nobis
2719 2234 2839 2273 una
2868 2218 3077 2282 deitas,
3113 2219 3191 2274 ita
3215 2217 3241 2258 ἀ
3268 2219 3598 2274 dominatio

1940 2323 2060 2363 una
2088 2309 2158 2362 sit
2176 2307 2488 2374 nobis.Qui
2505 2313 2683 2364 natus
2714 2314 2796 2363 est
2816 2307 2887 2362 de
2904 2306 3127 2378 Spiritu
3155 2313 3361 2363 sancto
3383 2322 3457 2363 ex
3472 2307 3599 2362 Ma-

1939 2396 2030 2452 ria
2063 2397 2303 2467 virgine.
2338 2397 2652 2468 Spirituset
2667 2396 2830 2465 virgo
2860 2395 3068 2466 copula
3091 2399 3320 2451 terrena
3337 2411 3458 2450 non
3489 2399 3596 2458 est,

1938 2484 2172 2540 caleste
2205 2485 2308 2540 sed
2336 2493 2426 2540 est
2457 2491 2749 2540 secretum
2787 2504 2798 2544 :
2829 2484 2967 2539 hinc
2997 2489 3110 2551 est,
3141 2484 3307 2556 quod
3335 2484 3600 2540 nascitur

1939 2578 2029 2628 est
2057 2572 2350 2628 divinum.
2373 2577 2525 2645 Ergo
2544 2572 2708 2644 quod
2738 2578 2910 2628 natus
2940 2577 3030 2628 est
3059 2572 3468 2628 conﬁtendum
3486 2578 3596 2636 est,

1938 2661 2247 2731 quomodo
2273 2665 2448 2716 natus
2481 2667 2566 2715 est
2580 2660 2901 2716 tacendum
2920 2665 3009 2715 est
3036 2678 3050 2727 ;
3074 2659 3218 2730 quia
3236 2660 3394 2729 quod
3413 2676 3598 2715 secre-

1940 2755 2066 2803 tum
2094 2754 2180 2803 est
2210 2747 2346 2802 sciri
2376 2763 2497 2803 non
2531 2751 2743 2818 potest,
2775 2747 2940 2818 quod
2987 2746 3259 2801 clausum
3306 2753 3393 2800 est
3413 2747 3600 2802 nescit

1939 2835 2344 2908 aperiri,quod
2360 2835 2659 2904 singulare
2672 2840 2760 2890 est
2775 2837 2892 2889 non
2917 2835 3163 2889 refertur
3176 2834 3598 2904 exemplo.Qui

1938 2927 2042 2982 sub
2065 2927 2278 2981 Pontio
2308 2925 2502 2980 Pilato
2534 2923 2860 2992 cruciﬁxus
2881 2929 2962 2978 est
2989 2929 3042 2978 et
3073 2923 3347 2991 sepultus.
3373 2923 3596 2978 Judicis

1940 3031 2157 3071 nomen
2173 3014 2367 3079 audis,
2385 3029 2458 3068 ne
2481 3019 2718 3084 tempus
2737 3013 2974 3082 ignores
2999 3025 3012 3068 ;
3032 3012 3380 3067 cruciﬁxum
3394 3012 3593 3076 audis,

1941 3103 2119 3158 uttibi
2138 3102 2342 3158 mortis
2363 3101 2624 3173 qualitas
2647 3103 2976 3156 innotescat
3004 3119 3017 3163 ;
3046 3105 3102 3155 et
3131 3100 3432 3168 intelligas
3455 3100 3598 3171 quid

1939 3189 2430 3263 impenderittibi,
2456 3189 2560 3261 qui
2585 3194 2825 3260 propter
2842 3193 2894 3243 te
2917 3203 3160 3259 poenam
3187 3192 3367 3244 tantm
3391 3189 3596 3244 mortis

1939 3279 2188 3351 excepit.
2213 3278 2395 3334 Audis
2414 3277 2804 3348 sepultum,ut
2829 3277 2982 3332 scias
3002 3281 3254 3332 mortem
3279 3293 3397 3331 non
3416 3277 3597 3333 fuisse

1939 3367 2424 3438 perfunctoriam,
2457 3380 2482 3408 ο
2511 3365 2611 3420 sed
2628 3380 2919 3420 veracem.
2944 3365 3082 3421 Mori
3095 3363 3253 3421 nolle
3271 3369 3358 3419 est
3376 3365 3594 3419 timoris

1936 3455 2430 3521 humani,divina=.
2447 3453 2678 3509 virtutis
2701 3457 2789 3508 est
2811 3452 3133 3507 surrexisse
3149 3451 3223 3506 de
3242 3458 3428 3506 morte
3452 3471 3467 3518 ;
3496 3452 3594 3507 hic

1937 3559 2079 3614 ergo
2106 3559 2225 3599 non
2242 3541 2506 3597 offendat
2522 3541 2725 3596 mortis
2745 3540 3004 3604 auditus,
3025 3539 3128 3594 ubi
3144 3539 3592 3595 resurrectionis

1937 3633 2125 3702 gloria
2150 3631 2459 3688 abscondit
2491 3629 2694 3684 mortis
2719 3629 3024 3699 injuriam.
3062 3628 3257 3684 Tertia
3277 3627 3372 3684 die
3403 3644 3592 3684 resur-

1936 3724 2111 3777 rexit.
2145 3718 2570 3787 Quiahominis
2600 3723 2688 3774 est
2708 3718 2874 3790 quod
2899 3717 3168 3782 moritur,
3187 3716 3485 3773 Trinitatis
3503 3720 3594 3774 est

1935 3807 2100 3879 quod
2121 3808 2394 3876 resurgit.
2422 3807 2699 3862 Ascendit
2732 3808 2793 3860 in
2825 3807 3018 3862 rwlos.
3061 3806 3370 3862 Hominem
3398 3805 3593 3862 ferens

1934 3897 2052 3962 illo,
2089 3895 2190 3950 ubi
2221 3911 2457 3964 semper
2489 3894 2725 3949 mansit.
2755 3894 2915 3949 Sedet
2937 3895 3018 3950 ad
3041 3896 3343 3950 dexteram
3367 3897 3588 3950 Patris.

1931 3985 2020 4040 Ad
2046 3984 2349 4039 dexteram
2371 3982 2552 4046 sedet,
2583 3982 2727 4053 quia
2746 3982 2926 4036 habet
2942 3982 3131 4036 deitas
3153 3981 3234 4036 nil
3259 3982 3587 4037 sinistrum.

1930 4074 2077 4129 Inde
2089 4079 2367 4129 venturus
2385 4077 2467 4126 est
2471 4071 2754 4139 judicare
2766 4070 2924 4124 vivos
2937 4075 2991 4124 et
3005 4076 3284 4124 mortuos.
3299 4067 3324 4121 J
3339 4069 3590 4125 udicabit

1931 4161 2100 4216 vivos
2130 4165 2185 4215 et
2215 4163 2501 4224 mortuos,
2529 4157 2672 4229 quia
2696 4160 3003 4226 resurgent
3034 4155 3111 4211 ad
3136 4156 3450 4226 judicium,
3481 4155 3586 4226 qui

1930 4301 2016 4356 vel
2050 4300 2234 4372 regius
2264 4299 2539 4363 minister,
2569 4302 2624 4372 et
2646 4297 2905 4372 princeps
2930 4296 3222 4372 Palatinus
3247 4315 3258 4358 ;
3293 4297 3586 4372 eunuchus

1931 4372 2088 4427 enim
2116 4367 2194 4425 'in
2228 4371 2518 4440 Scriptura
2567 4369 2719 4423 idem
2747 4369 2842 4437 qui
2893 4368 3171 4440 princeps,
3207 4372 3267 4422 ut
3313 4367 3511 4440 Daniel
3543 4369 3581 4422 Ι.

1930 4443 2071 4497 Hinc
2101 4439 2456 4512 Putipharus,
2517 4441 2648 4494 licet
2697 4444 2987 4504 uxoratus,
3022 4439 3228 4493 dicitur
3287 4439 3582 4494 eunuchus

1998 4585 2027 4625 δ
2047 4583 2348 4653 Αἰώίορίεε
2379 4582 2635 4652 reginam
2666 4586 2721 4636 et
2755 4580 2904 4635 illius
2956 4597 3085 4652 quae
3116 4580 3385 4653 Africana
3413 4598 3582 4653 voca-

1927 4655 2114 4718 batur,
2146 4649 2351 4708 docent
2377 4649 2518 4707 Ac'ta
2549 4649 2989 4722 Apostolorumf
3013 4653 3157 4716 Quid
3197 4669 3332 4721 ergo
3351 4649 3378 4704 ?
3407 4652 3582 4705 Num-

1929 4726 2064 4795 quid
2113 4725 2398 4794 A-lthiopia
2437 4725 2492 4778 in
2545 4724 2746 4795 India?
2781 4724 3116 4795 Hujusmodi
3154 4739 3389 4795 nomen
3423 4739 3582 4795 usur-

1929 4792 2092 4865 passe
2122 4792 2462 4852 crediderim
2504 4792 2940 4865 Chrysologuin,
2991 4810 3056 4849 eo
3083 4795 3234 4864 quod
3288 4792 3574 4860 Ethiopes

1928 4868 2262 4922 dicebantur
2292 4866 2838 4938 ultimiuhominum.
3415 4929 3447 4938 η

1997 4950 2022 4979 c
2045 4940 2288 4992 Adverte
2320 4936 2510 4991 saeculi
2541 4936 2924 5005 disciplinam,
2953 4949 3322 5005 qumrarcana
3349 4930 3578 4999 religio-

1927 5008 2014 5062 nis
2030 5009 2448 5063 catechumenis
2461 5002 3179 5076 aperire'vetueratmtalibi
3199 5002 3576 5076 observatum.

1997 5079 2028 5120 d
2054 5079 2388 5133 Ambrosius
2410 5078 2467 5130 in
2490 5071 2613 5146 cap.
2639 5095 2691 5129 vi
2724 5078 2887 5131 Lucae
2911 5075 3053 5127 dixit
3079 5091 3090 5126 :
3114 5073 3262 5127 Unus
3283 5071 3573 5146 Dominus,

1923 5151 2018 5219 qui
2047 5167 2186 5203 unus
2209 5151 2393 5210 Deus;
2422 5153 2480 5202 et
2504 5143 2792 5217 quomodo
2843 5146 2898 5199 id
2926 5147 3242 5214 exponetur
3282 5143 3455 5196 habes
3494 5143 3577 5196 lo-

1924 5237 1989 5274 co
2013 5221 2208 5274 citato.
2247 5221 2412 5274 Mm.

1995 5303 2019 5330 ο
2042 5289 2312 5359 Apposite
2341 5291 2404 5342 D.
2437 5285 2765 5359 Thomasin
2794 5283 2966 5354 Epist.
3001 5285 3128 5359 [_ad
3161 5283 3414 5359 _C_orinth.
3445 5300 3574 5359 p_ag.

1925 5362 1991 5414 15
2020 5355 2161 5415 toni.
2187 5361 2259 5412 Vl
2283 5361 2430 5428 Oper
2453 5374 2581 5428 pag.
2618 5356 2718 5410 193
2743 5359 2954 5428 recent.
2980 5355 3128 5428 pedit.
3162 5355 3358 5410 Venet.
3386 5373 3399 5428 _:
3445 5356 3578 5410 Evi-

1922 5432 2049 5557 clieg‘s
2106 5431 2253 5486 enim
2305 5425 2500 5484 mortis
2532 5425 2773 5498 'signum
2821 5425 3082 5496 alicujus,
3128 5433 3206 5482 est
3253 5426 3397 5498 quod
3435 5443 3577 5500 sepe-

1958 5519 1972 5555 ι
2037 5517 2126 5556 ur.
