3958 6182
347 267 459 330 371

1633 269 1693 329 S.
1741 258 1950 324 PETRI
1994 255 2471 318 CHRYSOLOGI.

3640 259 3756 320 372

349 414 472 456 non
493 401 778 472 putantur
794 413 921 458 esse
938 405 1076 473 post
1091 403 1368 467 mortem,
1389 414 1543 470 quos
1561 394 1856 468 gentilitas
1875 390 1996 446 exi-
2028 387 2071 445 A
2105 401 2178 442 ne
2191 388 2519 458 loquantur
2529 388 3123 445 dolum.Sicutautem
3135 386 3434 444 vitiantcri
3444 390 3605 447 mina
3617 408 3757 449 con-

353 491 557 545 stimat
587 491 829 560 periisse
855 507 991 545 cum
1015 489 1249 545 saeculo.
1283 487 1467 548 Credo
1495 490 1554 542 in
1580 485 1851 555 spiritum
1871 496 2001 535 san-

353 584 533 634 ctum.
570 580 635 634 Ut
667 578 726 633 in
754 573 918 633 Patre
945 582 999 632 et
1029 577 1192 641 Filio,
1227 581 1283 630 et
1329 575 1542 646 Spiritu
1581 579 1785 629 sancto
1815 584 1998 625 unam

2107 476 2438 541 scientiam,
2459 478 2540 532 sic
2558 477 2730 533 dolus
2743 477 2907 532 labia
2924 476 3424 547 polluit.linguam
3441 480 3759 539 maledicta

2109 565 2552 631 contaminant;
2577 582 2645 621 ac
2667 566 2750 620 sic
2772 567 2890 620 Deo
2917 564 3181 620 conﬁteri
3211 581 3329 621 non
3369 573 3562 636 potest
3586 570 3760 626 labiis

353 666 564 722 credas
597 669 651 720 et
695 664 989 735 intelligas
1021 679 1152 718 esse
1198 663 1496 718 deitatem.
1530 663 1711 718 Credo
1737 664 2000 715 sanetam
2109 652 2458 723 inQuinatus
2481 654 2999 724 etlingua.thuia
3015 654 3178 710 corde
3199 656 3460 710 creditur
3489 659 3563 714 ad
3580 661 3758 728 justi-

352 751 1127 809 Ecclesiam.Utconﬁtearis
1142 751 1460 805 Ecclesiam
1484 750 1694 805 Christi
1714 759 2002 820 sponsam

355 841 414 896 in
438 845 724 910 perpetua
756 831 969 909 Christi
991 838 1262 893 societate
1296 853 1667 892 mansuram.
1694 836 1877 892 Credo
1911 848 2004 888 re-

354 929 691 982 missionem
717 925 1111 1004 pec‘c‘atorum,
1139 927 1336 982 carnis
1365 926 1864 983 resurrectionem.
1900 920 2007 986 Qui

354 1013 763 1070 remissionem
780 1013 1178 1086 peccatorum,
1196 1015 1297 1086 qui
1313 1016 1502 1072 carnis
1516 1013 2006 1070 resurrectionem

356 1113 480 1158 non
499 1101 700 1167 credit,
722 1102 911 1158 aufert
928 1103 1160 1158 veniam
1190 1103 1323 1168 sibi,
1354 1105 1480 1176 ipse
1495 1101 1787 1158 subtrahit
1804 1100 2005 1154 vitam.

359 1189 532 1255 Quod
558 1190 808 1246 audistis
821 1196 877 1246 et
903 1191 1428 1265 credidistis,quod
1459 1190 1709 1246 confessi
1727 1189 1889 1251 estis,
1909 1201 2010 1241 cor

357 1277 591 1342 habeat,
624 1280 914 1336 memoria
955 1284 1167 1348 teneat,
1219 1281 1426 1336 charta
1471 1279 1715 1342 nesciat,
1762 1277 2011 1347 scriptor

357 1365 690 1436 ignoret,ne
702 1372 1127 1422 sacramentum
1140 1365 1679 1438 ﬁdeidivulgeturin
1700 1363 2006 1436 publicum,

357 1468 432 1508 ne
463 1451 540 1508 ad
571 1453 871 1508 inﬁdelem
894 1454 1028 1510 ﬁdei
1071 1455 1367 1510 derivetur
1395 1469 1703 1510 arcanum.
1739 1456 1888 1508 Deus
1909 1449 2012 1521 qui

358 1539 536 1596 vobis
563 1546 1008 1597 sacramentum
1035 1541 1150 1599 ﬁde
1171 1549 1226 1598 et
1246 1543 1451 1599 audire
1464 1542 1647 1608 dedit,
1671 1547 1727 1597 et
1750 1539 2009 1604 credere,

359 1629 487 1702 ipse
508 1645 616 1686 vos
642 1634 925 1686 (sternam
959 1633 1263 1704 pervenire
1289 1632 1468 1689 faciat
1492 1632 1570 1688 ad
1596 1631 1868 1687 salutem.

967 1721 1194 1777 SERMO
1250 1721 1402 1779 LXII.

1058 1809 1130 1864 In
1160 1810 1336 1866 idem.

435 1905 460 1937 ι
482 1894 740 1950 Nutritor
762 1895 897 1967 pius
913 1896 1030 1951 nisi
1062 1899 1216 1952 totus
1233 1896 1403 1952 fuerit
1421 1895 1700 1951 redactus
1721 1896 1780 1950 in
1803 1908 2014 1965 parvu-

364 1981 513 2046 lum,
542 1997 875 2054 numquam
904 1983 1222 2055 parvulum
1245 1983 1570 2054 perfectum
1584 1983 1925 2056 perducitin
1939 1981 2019 2036 vi-

365 2087 501 2126 rum
523 2090 539 2142 ;
561 2071 819 2144 denique
843 2077 981 2128 tunc
1002 2089 1206 2129 vocem
1228 2079 1450 2143 tenuat,
1485 2075 1666 2129 verba
1697 2073 1882 2146 ponit,
1900 2071 2021 2140 agit

368 2158 848 2226 nutibus,sensus
862 2160 2016 2232 seponit,inﬂrinatviscera,abjicitvires,

369 2247 641 2303 membra
658 2248 944 2312 dissolvit,
969 2263 1238 2319 gressum
1255 2251 1465 2312 tardat,
1485 2250 1653 2319 gestit
1670 2265 1788 2304 non
1813 2247 2020 2303 ambu-

368 2335 512 2402 lare,
547 2335 651 2391 sed
675 2352 876 2408 repere
911 2338 1130 2392 :ridere
1155 2337 1417 2406 simulat,
1443 2339 1649 2392 timere
1671 2338 1857 2405 ﬁngit,
1881 2335 2020 2390 ﬂere

369 2424 669 2490 mentitur,
699 2426 841 2496 quia
869 2430 958 2480 est
987 2425 1046 2479 in
1078 2425 1178 2480 illo
1207 2427 1588 2481 mendacium
1630 2426 1834 2496 pietas,
1873 2423 2019 2477 desi-

367 2512 569 2585 puisse
599 2513 913 2585 prudentia
941 2519 1048 2582 est,
1077 2518 1163 2569 est
1192 2513 1501 2569 inﬁrmitas
1519 2516 1719 2569 virtus.
1751 2516 1870 2568 Hoc
1890 2526 2023 2568 reor

366 2599 612 2656 beatum
635 2599 881 2656 Paulum
900 2600 1126 2672 fecisse,
1151 2617 1290 2656 cum
1312 2601 1454 2657 dicit
1479 2617 1490 2657 :
1515 2602 1730 2656 Factus
1747 2617 1872 2656 sum
1889 2614 2024 2671 par-

366 2689 538 2744 vulus
559 2688 616 2742 in
635 2689 826 2745 medio
849 2692 1356 2762 vestri,tamquam
1377 2693 1427 2745 si
1437 2692 1645 2745 nutrix
1661 2690 1857 2759 foveat
1873 2689 2024 2757 ﬁlios

365 2777 556 2846 suasa
584 2776 751 2832 Thes.
773 2776 854 2847 ιι).
881 2777 992 2832 Sed
1011 2777 1155 2833 forte
1171 2777 1384 2848 aliquis
1402 2781 1654 2849 stupent,
1675 2792 1813 2832 cum
1829 2776 2025 2830 videat

365 2863 732 2920 nutriculum
751 2864 867 2919 ista
885 2864 1197 2922 facientem
1221 2881 1232 2917 :
1264 2879 1383 2921 non
1406 2865 1664 2921 irridetsi
1688 2871 2020 2936 estparens,

367 2953 417 3008 si
449 2957 617 3023 pater
641 2957 731 3008 est
751 2968 872 3008 non
899 2954 1150 3011 miratur
1183 2969 1195 3007 :
1224 2954 1337 3008 hoc
1369 2955 1673 3009 stultitiam
1688 2955 1882 3010 dicere
1903 2969 2024 3008 non

367 3044 561 3112 potest
583 3040 687 3112 qui
718 3041 826 3095 scit
856 3045 1081 3095 amare.
1101 3041 1268 3096 Unde
1283 3056 1388 3096 vos
1401 3042 1526 3110 jam
1543 3048 1760 3112 patres,
1772 3043 1898 3110 jam
1913 3042 2026 3095 for-

370 3134 481 3196 tes,
497 3130 630 3201 jam
653 3128 975 3199 prudentes
998 3129 1283 3198 deprecor
1298 3135 1358 3184 ut
1378 3145 1470 3184 me
1484 3130 1792 3200 patiamini
1811 3144 2024 3198 parvu-

367 3217 689 3273 lisDomini
713 3217 830 3271 mei
852 3215 1192 3287 dependere
1215 3215 1428 3270 debitas
1454 3215 1484 3257 ι)
1508 3216 1842 3270 nutritionis
1858 3217 2026 3270 obse-

369 3305 511 3376 quia
527 3322 538 3359 :
555 3310 610 3358 et
626 3303 1050 3358 blandimentis
1063 3303 1240 3358 hodie
1256 3304 1448 3372 magis
1461 3318 1914 3374 congruaquam
1933 3319 2025 3373 pe-

369 3392 518 3448 ritiae
545 3391 732 3447 verba
762 3391 1150 3463 depromere;
1176 3407 1296 3446 non
1327 3391 1640 3462 quadrare,
1666 3391 1769 3445 sed
1799 3391 2026 3461 liquare

371 3494 695 3544 sermones,
725 3483 781 3534 et
815 3494 917 3534 eos
948 3479 1146 3534 adhuc
1173 3479 1384 3534 teneris
1411 3478 1762 3532 faucibusin
1777 3478 2024 3533 modum

369 3567 540 3621 lactis
557 3567 886 3630 effundere,
917 3566 1170 3622 docente
1193 3568 1502 3638 Apostolo,
1523 3567 1639 3622 Lac
1657 3567 1809 3622 vobis
1825 3573 2026 3637 potum

371 3652 522 3717 dedi,
543 3668 661 3706 non
689 3668 881 3708 escam
911 3656 950 3722 (l
967 3653 1093 3708 Cor.
1113 3655 1212 3724 Ill),
1240 3660 1472 3709 mutare
1490 3669 1681 3721 voces,
1703 3669 1908 3710 amare
1927 3670 2028 3711 va-

369 3739 491 3794 rios
509 3737 779 3806 affectus,
803 3745 859 3795 et
890 3741 1038 3811 quid
1061 3741 1231 3812 plura
1252 3741 1280 3797 ‘t
1304 3747 1518 3808 mente,
1545 3743 1740 3806 corde,
1778 3757 2027 3815 corpore

370 3825 685 3882 imbecillis
711 3830 1098 3899 parvulorum
1126 3830 1427 3885 mentibus
1451 3832 1748 3902 occupari.
1773 3833 1881 3887 Sed
1895 3834 2026 3903 jam

370 3929 478 3969 vos
500 3913 777 3972 Ecclesiae
799 3917 897 3988 pia
920 3918 1185 3986 germina
1206 3919 1553 3989 prophetico
1574 3935 1849 3975 sermone
1872 3935 2027 3975 com-

360 4002 546 4076 pello.
577 4003 796 4072 Venite,
812 4005 926 4072 ﬁlii
947 4021 959 4071 ;
977 4006 1184 4062 audite
1198 4022 1288 4062 me
1304 4007 1486 4076 (Psal.
1507 4008 1911 4078 'xxxm),immo
1925 4023 2029 4079 per

371 4105 489 4158 me,
521 4096 576 4147 et
597 4107 915 4164 permeam
928 4107 1160 4162 vocem,
1170 4097 1346 4165 jussa
1365 4097 1486 4151 veri
1504 4097 1784 4166 genitoris
1808 4097 2024 4163 audite,

371 4181 516 4252 quia
537 4197 644 4237 vos
671 4197 805 4237 meo
827 4195 929 4238 ore
954 4186 1104 4238 Deus
1127 4189 1319 4240 vocat.
1349 4185 1546 4241 Venite
1568 4187 1701 4254 ﬁlii.
1728 4188 1852 4251 Quo
1876 4187 2031 4241 veni-

373 4269 468 4325 te?
495 4273 550 4324 et
567 4269 642 4323 ad
661 4270 807 4340 quid
822 4271 850 4325 ?
879 4271 1164 4327 Timorem
1182 4273 1440 4338 Domini,
1462 4275 1668 4344 inquit,
1690 4274 1892 4330 docebo
1911 4289 2025 4330 vos.

373 4357 440 4410 Et
465 4356 599 4426 quis
623 4357 820 4410 veniat
841 4357 917 4410 ad
942 4358 1212 4412 timorem
1232 4359 1258 4412 ?
1278 4359 1368 4412 ille
1400 4360 1501 4429 qui
1534 4359 1654 4414 vult
1682 4363 1884 4431 vitam,
1928 4361 2027 4417 illo

2113 740 2278 806 tiam,
2301 756 2402 796 ore
2426 742 2714 811 confessio
2737 743 2805 810 ﬁt
2821 743 2902 797 ad
2921 743 3169 798 salutem
3195 744 3375 811 (Rom.
3395 747 3472 816 x),
3500 749 3759 804 sanctiﬁ-

2113 833 2239 884 cate
2252 829 2748 893 corda,mundate
2763 830 3259 900 labia,justiﬁcate
3277 833 3632 902 linguam,ut
3645 854 3764 894 vox

2113 917 2250 972 ﬁdei
2264 916 2468 986 bajula
2481 918 2553 974 de
2572 935 2716 988 puro
2739 926 2973 990 pectore
3001 924 3121 976 tota
3137 922 3468 978 sanctitatis
3485 926 3767 996 procedat

2115 1005 2658 1076 exemplo.Signate
2678 1007 3102 1063 vox.Placitum
3120 1009 3207 1064 vel
3223 1014 3466 1080 pactum
3479 1053 3492 1076 ,
3508 1015 3666 1084 quod
3683 1015 3768 1070 lu-

2117 1093 2197 1148 cri
2217 1109 2386 1164 spem
2417 1095 2702 1150 venientis
2734 1096 3009 1162 continet,
3035 1096 3126 1152 vel
3153 1096 3351 1166 futuri,
3370 1113 3394 1141 ο
3419 1102 3768 1171 symbolum

2118 1183 2454 1252 nuncupari
2477 1189 2782 1239 contractu
2803 1185 2977 1239 etiam
2991 1185 3560 1246 docemurhumano
3579 1207 3592 1245 :
3613 1191 3769 1262 quod

2119 1275 2317 1325 tamen
2333 1269 2667 1340 symbolum
2684 1271 2836 1326 inter
2851 1271 2998 1326 duos
3011 1271 3208 1328 ﬁrmat
3221 1290 3453 1346 semper
3464 1277 3772 1345 geminata

2119 1358 2559 1430 conscriptio,et
2573 1359 2631 1414 in
2654 1359 3033 1431 stipulatione
3046 1367 3283 1417 cautum
3298 1364 3776 1423 reddithumana

2120 1445 2370 1511 cautela,
2393 1462 2468 1502 ne
2498 1449 2593 1502 cui
2625 1453 2918 1519 surrepat,
2946 1464 3021 1504 ne
3051 1465 3232 1520 quem
3249 1451 3778 1526 decipiatperﬁdia

2121 1534 2522 1590 contractibus
2536 1551 2772 1606 semper
2784 1536 3042 1592 inimica.
3054 1537 3165 1592 Sed
3184 1538 3296 1594 hoc
3313 1540 3464 1596 inter
3474 1541 3773 1607 homines,

2123 1621 2274 1678 inter
2293 1639 2446 1694 quos
2484 1623 2672 1688 fraus,
2692 1629 2796 1679 aut
2825 1640 2861 1679 a
2881 1641 3002 1696 quo
3029 1625 3186 1682 facta
3219 1632 3322 1691 est,
3357 1632 3462 1684 aut
3484 1630 3579 1685 cui
3618 1630 3780 1686 facta

2046 1743 2090 1801 Β
2123 1715 2230 1776 est,
2253 1726 2492 1801 semper
2509 1711 2669 1801 laedit
2689 1731 2704 1783 ;
2724 1713 2875 1801 inter
2890 1715 3075 1768 Deum
3100 1730 3239 1771 vero
3259 1722 3314 1771 et
3329 1717 3600 1774 homines
3616 1735 3783 1790 sym-

2126 1798 2328 1854 bolum
2342 1798 2475 1855 ﬁdei
2490 1800 2617 1856 sola
2629 1801 2740 1856 ﬁde
2760 1800 3046 1857 ﬁrmatur:
3069 1818 3187 1858 non
3205 1803 3531 1870 litteras,sed
3549 1807 3780 1878 spiritui

2125 1888 2383 1944 creditur
2415 1905 2427 1942 :
2458 1893 2514 1943 et
2535 1889 2854 1945 mandatur
2875 1891 3058 1956 cordi,
3086 1907 3208 1947 non
3231 1892 3450 1949 chartas
3476 1910 3489 1948 :
3523 1897 3669 1966 quia
3695 1895 3788 1950 di-

2127 1977 2334 2033 vinum
2359 1977 2648 2032 creditum
2664 1978 2934 2033 humana
2955 1980 3787 2049 nonindigetcautione.Deus

2127 2065 2321 2120 facere
2334 2065 2420 2120 fra
2431 2065 2604 2122 udem
2620 2068 2821 2127 nescit,
2833 2067 2944 2137 pati
2960 2083 3074 2122 non
3090 2071 3439 2140 potest,quia
3451 2087 3569 2127 non
3583 2073 3786 2128 exclu-

2121 2153 2286 2218 ditur
2302 2159 2587 2225 tempore,
2608 2171 2728 2210 non
2759 2162 2929 2210 astate
2952 2157 3222 2223 vincitur,
3243 2160 3630 2216 occultatione
3655 2178 3786 2216 non

2130 2241 2369 2306 fallitur,
2389 2242 2920 2307 videtabscondita,
2945 2244 3135 2300 furata
3153 2251 3326 2311 tenet,
3353 2254 3562 2316 negata
3592 2250 3790 2320 possi-

2129 2330 2248 2384 det.
2281 2331 2401 2385 Deo
2423 2332 2588 2386 salva
2615 2337 2703 2386 est
2725 2333 2871 2386 ratio
2895 2349 3002 2388 sua
3037 2349 3290 2404 semper,
3309 2335 3586 2405 quiaille,
3614 2337 3793 2409 quod

2129 2417 2396 2483 credidit,
2426 2418 2528 2472 ubi
2550 2423 2751 2489 pereat
2779 2435 2896 2474 non
2921 2425 3006 2474 est
3017 2440 3036 2491 ,°
3061 2437 3130 2476 ac
3153 2423 3199 2475 si
3222 2423 3470 2488 homini,
3491 2441 3613 2480 non
3640 2424 3791 2494 Deo,

2129 2507 2372 2575 neganti
2398 2507 2566 2576 perit,
2599 2522 2718 2561 non
2771 2509 2921 2578 perit
2945 2509 3250 2566 feneranti.
3301 2512 3415 2567 Sed
3451 2512 3636 2568 dicis:
3671 2513 3791 2581 Qui

2131 2593 2251 2650 falli
2269 2609 2390 2650 non
2405 2600 2616 2667 potest,
2635 2595 2780 2666 quid
2794 2601 2900 2661 est,
2923 2599 3084 2668 quod
3103 2599 3281 2667 exigit
3295 2599 3578 2670 placitum
3595 2601 3622 2654 ?
3642 2602 3796 2673 quid

2132 2681 2474 2752 symbolum
2489 2682 2705 2753 quaerit
2721 2681 2748 2736 ?
2762 2685 3082 2748 Queeritille
3095 2692 3324 2757 propter
3338 2693 3537 2753 te,non
3556 2696 3795 2761 propter

2135 2785 2199 2826 se
2224 2786 2236 2834 ;
2252 2786 2372 2826 non
2389 2770 2528 2841 quia
2543 2770 2634 2825 ille
2649 2771 2679 2824 d
2691 2771 3004 2838 ubitat,sed
3027 2779 3086 2828 ut
3099 2779 3157 2828 tu
3171 2774 3374 2830 credas
3391 2794 3402 2833 :
3418 2778 3619 2846 querit
3631 2794 3794 2848 sym-

2131 2857 2363 2920 bolum,
2381 2859 2636 2931 quiaqui
2654 2860 2728 2915 ad
2752 2866 2912 2916 tuam
2939 2870 3160 2917 sortem
3177 2863 3354 2928 venit,
3373 2862 3448 2918 ad
3465 2871 3628 2918 tuum
3659 2880 3793 2919 non

2132 2947 2474 3016 dedignatur
2487 2948 2675 3002 venire
2689 2954 3042 3004 contractum
3066 2952 3793 3023 ;quaeritsymbolum,quia

2131 3035 2236 3106 qui
2259 3051 2395 3089 cum
2416 3040 2601 3090 totum
2621 3051 2860 3106 semper
2881 3037 3006 3108 ipse
3026 3040 3391 3108 commodat,
3409 3041 3744 3096 vultdeberi
3771 3059 3785 3106 ;

2131 3123 2342 3192 quaerit
2372 3122 2732 3192 symbolum,
2748 3123 2890 3193 quia
2919 3129 2973 3179 te
2996 3125 3179 3180 modo
3196 3143 3316 3182 non
3340 3129 3415 3183 ad
3433 3145 3542 3183 rem
3566 3145 3789 3186 convo-

2132 3214 2245 3271 cat,
2279 3210 2382 3264 sed
2403 3210 2480 3265 ad
2511 3210 2691 3265 ﬁdem
2715 3216 2771 3266 et
2793 3227 2897 3282 per
2916 3213 3202 3283 placitum
3227 3232 3493 3285 praesens
3517 3217 3788 3274 futurum

2133 3297 2410 3367 pertrahit
2439 3303 2493 3353 et
2523 3298 2730 3356 invitat
2755 3301 2830 3357 ad
2855 3301 3109 3357 lucrum.
3147 3307 3264 3360 Hoc
3281 3306 3596 3376 Apostolus
3617 3323 3789 3362 com-

2131 3391 2446 3451 memorat,
2477 3403 2614 3441 cum
2646 3387 2788 3444 dicit
2823 3410 2836 3444 :
2865 3392 2962 3446 Ea:
2979 3392 3092 3458 ﬁde
3112 3393 3169 3446 in
3193 3394 3363 3462 ﬁdem
3404 3397 3586 3462 (Rom.
3624 3396 3686 3466 ι).
3720 3399 3794 3453 Et

2135 3472 2273 3529 alibi
2309 3491 2320 3528 :
2348 3477 2554 3530 Justus
2571 3490 2645 3531 ea:
2662 3477 2781 3544 ﬁde
2810 3479 2954 3533 vivit
2979 3480 3184 3544 (Hebr.
3209 3483 3283 3548 χ).
3305 3485 3487 3538 Nemo
3518 3499 3657 3556 ergo
3680 3483 3790 3541 im-

2132 3575 2366 3615 memor
2397 3562 2656 3632 symboli
2689 3563 2781 3627 sit,
2812 3580 2988 3620 nemo
3015 3566 3144 3622 initi
3174 3584 3310 3623 cum
3334 3570 3454 3625 Deo
3485 3571 3681 3641 placiti
3713 3573 3795 3628 sit

2133 3647 2350 3704 oblitus
2375 3667 2390 3716 ;
2418 3665 2595 3705 nemo
2619 3667 2756 3706 cum
2781 3653 2956 3707 ﬁdem
2983 3655 3166 3711 modo
3187 3660 3528 3730 susceperit,
3553 3676 3677 3716 rem
3700 3676 3794 3716 re-

2133 3737 2333 3808 quirat
2358 3757 2370 3805 ;
2402 3754 2538 3793 cum
2570 3740 2646 3796 ad
2675 3757 2842 3812 spem
2867 3745 3107 3808 venerit,
3140 3761 3325 3816 quare
3343 3763 3464 3804 non
3495 3765 3635 3804 mox
3658 3766 3794 3822 spe-

2133 3831 2263 3882 rata
2291 3827 2574 3898 percipiat
2598 3837 3016 3901 conqueratur.
3041 3833 3189 3888 Audi
3222 3835 3571 3905 Apostolum
3590 3838 3794 3894 dicen-

2135 3919 2285 3971 tem:
2310 3916 2424 3985 Spe
2448 3917 2602 3972 salvi
2619 3917 2776 3985 facti
2796 3935 3019 3984 sumus,
3045 3937 3173 3990 spes
3190 3931 3381 3980 autem
3407 3942 3531 3997 quae
3555 3927 3794 3982 videtur

2136 4019 2254 4059 non
2267 4011 2512 4072 estspes;
2535 4007 2693 4074 quod
2714 4007 2866 4062 enim
2888 4009 3042 4064 videt
3061 4011 3212 4080 quis,
3231 4012 3368 4080 quid
3390 4018 3613 4080 speratt
3625 4016 3787 4069 Rom.

2136 4091 2252 4163 vui)
2275 4091 2301 4144 ‘I
2319 4091 2374 4148 Si
2389 4096 2589 4146 autem
2610 4095 2772 4164 quod
2793 4110 2910 4148 non
2933 4096 3204 4151 videmus
3221 4115 3663 4171 speramus,per
3686 4118 3792 4172 pa-

2137 4180 2400 4236 tientiam
2425 4188 2862 4251 exspectamus.
2888 4184 3033 4253 Spes
3066 4184 3140 4238 ad
3177 4184 3372 4240 futura
3398 4188 3604 4253 tendit,
3637 4189 3791 4243 ﬁdes

2137 4269 2210 4324 ad
2241 4269 2535 4339 promissa
2561 4270 2940 4337 transmittit;
2969 4289 3104 4326 cum
3123 4290 3216 4327 res
3237 4277 3517 4339 venerint,
3536 4277 3795 4333 advene-

2135 4357 2250 4412 rint
2275 4361 2330 4411 et
2355 4358 2816 4429 promissa,spes
2841 4359 3239 4426 desinit,ﬁdes
3259 4370 3466 4418 cessat.
3497 4365 3795 4421 Dulcisest

373 4441 470 4512 qui
499 4441 656 4511 cupit
674 4441 870 4496 videre
889 4441 1014 4496 dies
1044 4442 1238 4498 bonos
1262 4463 1274 4508 ;
1301 4444 1396 4498 ille
1422 4445 1526 4516 qui
1555 4446 1677 4500 vult
1701 4446 1924 4501 bonum
1944 4448 2025 4503 fa-
2057 4437 2102 4494 D
2137 4445 2407 4516 epistola,
2444 4445 2548 4499 sed
2579 4463 2768 4517 usque
2797 4447 2942 4503 dum
2964 4450 3164 4504 veniat
3185 4451 3308 4521 ipse
3335 4453 3435 4522 qui
3465 4453 3659 4523 misit;
3683 4471 3795 4510 ne-

373 4543 526 4592 cere,
551 4527 753 4596 fugere
781 4528 1006 4583 malum
1035 4545 1047 4593 ;
1079 4529 1173 4584 ille
1196 4531 1300 4602 qui
1325 4538 1459 4601 post
1489 4534 1683 4588 carnis
1711 4539 1765 4589 et
1787 4535 2027 4605 spiritus

374 4613 716 4671 conﬂictum
731 4616 989 4688 quietem
1015 4617 1232 4674 divinae
1253 4620 1412 4690 pacis
1430 4620 2023 4679 desideratobtinere.

385 4703 726 4773 Venite,ﬁlii
748 4722 770 4767 ;
793 4703 999 4759 audite
1013 4722 1128 4760 me:
1152 4708 1417 4763 timorem
1444 4709 1905 4782 Domini,inquit,
1929 4713 2028 4767 do-

373 4793 505 4850 cebo
527 4793 794 4859 vos.0uis
813 4797 893 4848 est
912 4793 1078 4850 homo
1095 4796 1200 4865 qui
1220 4797 1344 4851 vult
1361 4797 1620 4862 vitam,et
1634 4801 1790 4869 cupit
1812 4801 1928 4856 dies
1949 4801 2028 4855 ci-

372 4881 512 4939 dere
524 4882 691 4938 bonos
705 4882 995 4938 fProhibe
1009 4883 1266 4953 linguam
1285 4890 1441 4941 tuam
1453 4903 1487 4939 a
1499 4888 1729 4952 malo,et
1746 4889 1908 4945 labia
1921 4896 2028 4946 tua

441 5036 469 5067 ι
490 5025 740 5090 Veteres,
777 5023 1083 5080 nutricium
1111 5025 1321 5082 dixere.
1357 5028 1678 5099 Inscriptio.

943 5146 1150 5186 ΜΙΜΜΙΑ
1191 5148 1463 5188 τεμτυιιΑ

995 5218 1249 5258 Νυτιιιοιο
1289 5219 1412 5260 SUO.

442 5303 647 5380 Justiti.
683 5305 864 5380 lns_tit.
891 5305 981 5360 tit.
1009 5306 1042 5361 6
1071 5307 1157 5379 εὖ
1185 5327 1198 5366 :
1245 5309 1361 5363 Aut
1387 5309 1752 5380 paedagogum,
1797 5318 1893 5366 aut
1931 5327 2028 5365 nu-

371 5375 1093 5454 gtciummuteducaloremf
1108 5380 1324 5454 Laudat
1349 5375 1522 5435 verba
1544 5375 1664 5454 hinc
1690 5381 2024 5454 Chrysologi

370 5443 767 5556 Pigugriugng:
785 5446 1153 5556 Jerlnis,lpag:
1189 5451 1293 5507 382
1323 5457 1535 5508 recent.
1569 5452 1707 5510 edit.

499 5514 591 5568 Hs.
627 5515 790 5579 Casa,
833 5514 1195 5578 educationis.

2137 4534 2360 4589 cessari
2374 4551 2473 4588 um
2492 4535 2978 4606 chirographum,
2995 4538 3092 4591 sed
3114 4555 3302 4610 usque
3317 4540 3392 4593 ad
3411 4540 3591 4596 debiti
3609 4542 3790 4597 reddi-

2137 4623 2357 4677 tionem
2384 4640 2396 4688 ;
2418 4623 2566 4690 grati
2589 4622 2894 4689 ﬂores,sed
2913 4641 3103 4696 usque
3121 4630 3264 4681 dum
3287 4629 3557 4683 veniatur
3577 4629 3654 4683 ad
3687 4646 3794 4700 po-

2137 4727 2256 4765 ma.
2292 4710 2403 4766 Sed
2432 4712 2745 4781 praesentia
2771 4714 3083 4783 epistolam
3113 4715 3283 4777 delet,
3328 4717 3552 4786 rumpit
3574 4717 3793 4773 solutio

2136 4799 2498 4866 cautionem,
2521 4799 2696 4855 ﬂores
2725 4809 3209 4858 consumuntura
3236 4804 3430 4876 pomis
3462 4824 3473 4857 :
3498 4811 3553 4859 et
3575 4807 3712 4860 ideo
3738 4813 3794 4861 te

2136 4887 2381 4960 superni
2397 4888 2578 4942 Patris
2594 4887 3104 4955 ﬁlium,hasredem
3121 4891 3244 4956 Dei,
3259 4893 3623 4948 coheeredem
3639 4895 3796 4948 Chri-

2208 5027 2590 5105 $=Symbolum
2631 5028 2721 5105 hic
2759 5034 2845 5084 est
2881 5030 3158 5105 scriptura
3201 5049 3308 5105 seu
3341 5033 3792 5105 chirographum

2138 5100 2286 5177 inter
2315 5101 2459 5154 duos
2499 5102 2900 5177 contrahentes
2943 5101 3195 5177 factum;
3228 5104 3314 5177 vel
3349 5111 3434 5159 est
3482 5100 3688 5177 p'ign’us
3721 5124 3793 5163 ex

2137 5176 2378 5241 utraque
2410 5171 2655 5250 partium
2688 5173 2907 5250 datum,
2944 5189 3013 5250 ne
3041 5173 3114 5250 _a_b
3161 5174 3322 5228 initio
3349 5171 3645 5250 contractu
3685 5178 3798 5232 im-

2137 5259 2285 5311 pune
2316 5241 2531 5296 resilire
2567 5242 2748 5295 liceat.
2786 5246 2941 5296 ΜιτΑ.
2974 5245 3194 5298 Addam
3224 5250 3425 5300 testem
3447 5248 3681 5302 Suidam
3717 5251 3795 5303 ad

2129 5318 2388 5386 mentem
2423 5313 2753 5386 Chrysologi
2784 5329 2795 5365 :
2843 5313 3123 5382 Symbola,
3164 5318 3444 5384 pactiones,
3480 5335 3614 5386 quas
3641 5320 3796 5373 inter

2133 5399 2184 5435 se
2211 5385 2456 5438 civitates
2486 5385 2823 5456 pepigerunt,
2871 5389 2918 5436 et
2948 5386 3061 5438 suis
3104 5387 3310 5440 civibus
3351 5385 3792 5456 proposuerunt,

2131 5457 2424 5528 statuentes
2451 5462 2509 5528 ut
2541 5455 2677 5528 aliis
2710 5462 2974 5524 praestent
3016 5471 3078 5511 ea
3111 5473 3232 5528 quae
3267 5455 3422 5528 Jussa
3451 5463 3594 5523 sunt,
3633 5467 3685 5513 et
3726 5461 3794 5514 ab

2133 5523 2264 5579 aliis
2290 5525 2526 5581 vicissim
2563 5523 2879 5596 impetrent.
