3958 6182
371 251 486 312 375

1675 258 1733 315 S.
1783 251 1994 313 PETRI
2035 250 2514 312 GHRYSOLOGI.

3662 249 3774 309 376

372 397 618 454 corpore
648 399 685 438 a
724 385 777 439 te
806 383 884 440 ab
916 384 1082 442 initio
1111 385 1269 456 diligi
1323 385 1692 457 perquisivit.
1756 385 1868 452 Qui
1918 382 2024 437 sub
2056 382 2102 442 A
2135 398 2321 453 quam
2359 382 2496 438 facti
2536 382 2668 438 talis
2695 381 3068 438 altitudinem
3097 379 3496 451 penetremus,
3528 393 3786 434 resurre-

371 471 587 527 Pontio
612 473 1147 542 Pilatocruciﬁxus
1162 481 1244 530 est
1265 481 1317 530 et
1345 476 1625 544 sepultus.
1654 486 1681 516 ιι
1711 477 2025 544 Hucusque

371 560 637 624 Iudaeus,
672 561 941 631 sequitur
969 563 1319 628 haereticus;
1343 568 1644 634 exspectet
1678 581 1691 615 :
1719 562 1795 616 ad
1826 563 2027 632 priora

373 649 610 705 illorum
631 649 831 704 nullus
851 650 1114 716 accedat,
1131 651 1233 721 qui
1249 651 1454 706 Christi
1481 657 1828 722 pascuntur,
1856 658 1910 705 et
1937 665 2026 704 sa-

373 738 655 808 ginantur
684 736 932 806 injuriis.
967 737 1081 792 Sed
1106 754 1233 803 vos,
1284 737 1469 803 ﬁlioli,
1524 739 1742 805 audite,
1791 743 1855 792 ut
1893 740 2027 808 post

373 827 709 896 passionem
729 825 958 886 mortis.
989 825 1298 896 sepulturae
1318 843 1625 882 maerorem
1656 826 2027 881 resurrectio-

372 913 466 968 nis
489 913 721 982 gaudiis
744 912 1037 982 eﬂ‘ugetis.
1071 916 1270 970 Tertia
1298 914 1395 970 die
1417 916 1767 970 resurrexit.
1799 916 2027 969 Utesset

370 1003 558 1056 nostri
573 1003 838 1073 corporis
853 1003 1226 1066 resurrectio,
1244 1003 1662 1072 virtus,gratia,
1685 1001 2026 1057 beneficium

369 1089 988 1146 Trinitatis.Ascendzt
1019 1093 1077 1146 in
1099 1093 1282 1147 etetis.
1320 1091 1429 1146 Per
1487 1108 1603 1159 me,
1663 1091 1762 1162 qui
1807 1105 1911 1161 per
1964 1105 2026 1144 se

369 1194 697 1249 numquam
723 1179 1096 1234 defuitcoelo.
1131 1179 1291 1235 Sedet
1321 1180 1403 1234 ad
1455 1180 1757 1235 dexteram
1805 1177 2022 1234 Patris.

372 1266 596 1322 Divina:
624 1265 850 1322 virtutis
877 1267 1106 1333 ordine,
1141 1284 1260 1322 non
1283 1268 1529 1323 honoris
1555 1267 1830 1322 humani.
1876 1265 2026 1321 Dixi-

371 1370 530 1422 mus,
565 1355 647 1410 sic
670 1355 848 1410 Filius
881 1372 915 1410 a
941 1355 1163 1411 dextris
1194 1356 1377 1419 sedet,
1422 1361 1482 1410 ut
1503 1372 1826 1428 numquam
1860 1357 2027 1410 Pater

371 1443 901 1501 sedeatasinistris.
921 1445 1066 1500 Inde
1082 1452 1363 1500 venturus
1387 1451 1468 1500 est
1487 1446 1757 1514 judicare
1787 1447 1945 1500 vivos
1970 1449 2024 1498 et

370 1539 646 1587 mortuos.
681 1535 742 1588 Et
773 1533 917 1603 quid
949 1533 1128 1588 debet
1153 1534 1340 1604 judici
1374 1535 1568 1588 mors?
1599 1534 1734 1588 hinc
1752 1533 2024 1604 estquod

369 1621 957 1691 resurgit,utdebeat.
978 1622 1162 1677 Credo
1182 1622 1240 1676 in
1255 1623 1546 1691 Spiritum
1560 1623 2024 1677 sanctum.llunc

369 1709 430 1763 in
462 1725 634 1779 quem
665 1709 1081 1779 crcdit,negat,
1108 1711 1211 1781 qui
1240 1710 1517 1782 Spiritum
1547 1715 1810 1765 sanctum
1824 1713 2022 1780 negat.
2053 1738 2098 1794 Β

368 1798 442 1852 In
473 1805 738 1854 sanctam
771 1799 1104 1854 Ecclesiam.
1141 1799 1290 1863 Quia
1319 1798 1576 1854 Ecclesia
1610 1802 1670 1853 in
1696 1798 1942 1863 Christo,
1970 1802 2026 1853 et

370 1886 432 1941 in
461 1887 718 1942 Ecclesia
744 1887 1006 1942 Christus
1036 1893 1157 1952 est;
1183 1888 1286 1959 qui
1309 1904 1448 1957 ergo
1474 1887 1792 1942 Ecclesiam
1815 1886 2024 1942 fatetur

367 1973 428 2028 in
460 1974 786 2031 Ecclesiam
820 1991 880 2030 se
900 1973 1209 2030 confessus
1239 1981 1325 2028 est
1350 1973 1694 2030 credidisse.
1723 1974 2026 2030 Remissio—

369 2077 501 2117 nem
525 2069 915 2130 peccatorum.
951 2064 1037 2117 Da
1068 2063 1194 2124 tibi,
1221 2062 1424 2130 homo,
1444 2062 1685 2118 veniam
1703 2066 1764 2117 tu
1791 2063 2027 2117 creden-

368 2149 468 2211 do,
501 2151 603 2220 qui
634 2152 708 2204 ad
726 2151 930 2206 omnia
962 2156 1206 2221 peccata
1235 2150 1507 2222 dilapsus
1541 2165 1602 2204 es
1624 2150 2022 2221 desperando.

371 2236 578 2292 Carnis
592 2238 1107 2294 resurrectionem.
1137 2241 1254 2293 Hoc
1269 2245 1354 2293 est
1376 2244 1549 2294 totum
1568 2239 1706 2294 ﬁdei
1719 2239 2028 2294 documen-

370 2328 499 2379 tum
531 2342 543 2381 :
569 2325 616 2379 si
636 2341 892 2389 carnem,
925 2342 1060 2397 quae
1083 2333 1364 2398 corrupta
1391 2333 1496 2394 est,
1528 2343 1663 2399 quas
1693 2329 2026 2399 putrefacta

370 2418 478 2478 est,
512 2429 641 2485 quae
671 2414 853 2485 periit,
887 2431 995 2486 per
1025 2415 1205 2470 Deum
1241 2432 1569 2485 resurgere,
1602 2416 1631 2457 ι)
1661 2416 2021 2487 repaginari,

369 2501 562 2557 redire
588 2518 764 2573 posse
805 2503 1040 2570 credas,
1071 2519 1251 2575 quem
1293 2521 1467 2576 posse
1499 2505 1723 2572 omnia,
1778 2505 2024 2576 quando

370 2589 823 2661 omnipotentem
848 2591 1158 2647 confessus
1172 2594 1427 2663 es,tuncj
1440 2594 1639 2649 urasti.
1659 2593 1846 2650 Vitam
1864 2601 2027 2650 aeter-

371 2695 532 2734 nam.
565 2682 719 2735 Bene
750 2679 1168 2736 addiditvitam
1201 2686 1498 2745 aeternam,
1522 2686 1654 2738 utse
1673 2688 2027 2738 resurrectu-

369 2783 504 2823 rum
533 2769 815 2834 crederet,
845 2770 949 2842 qui
982 2775 1252 2839 resurget
1281 2785 1386 2842 per
1424 2769 1640 2842 ipsum,
1663 2783 1686 2812 ο
1733 2772 1836 2843 qui
1889 2788 2027 2827 cum

371 2857 492 2911 Deo
525 2856 690 2912 Patre
716 2862 770 2914 et
800 2859 1020 2929 Spiritu
1049 2865 1259 2914 sancto
1281 2858 1426 2914 vivit
1455 2863 1510 2914 et
1529 2864 1758 2930 regnat,
1792 2876 1951 2916 nunc
1972 2865 2028 2916 et

372 2950 681 3018 semper,et
698 2947 1175 3018 perimmortalia
1188 2947 1406 3003 smcula
1420 2947 1795 3004 saeculorum.
1815 2955 2025 3005 Amen.

975 3088 1204 3145 SERMO
1243 3090 1419 3144 LXIII.

698 3232 779 3286 De
815 3231 1036 3287 Lazaro
1088 3245 1124 3286 a
1150 3233 1387 3286 mortuis
1412 3233 1702 3289 suscitato.

446 3392 578 3448 Post
604 3390 994 3462 apostolicam
1025 3390 1339 3446 lectionem
1362 3392 1737 3462 cupientibus
1755 3392 1927 3448 nobis
1945 3393 2024 3448 ad

375 3479 752 3549 evangelicae
774 3479 963 3534 redire
991 3478 1252 3545 virtutes,
1286 3478 1313 3518 ἀ
1343 3495 1484 3534 mox
1502 3483 1752 3535 Lazarus
1768 3481 1845 3536 ab
1875 3481 2024 3537 infe-

375 3568 455 3623 ris
473 3583 741 3622 reversus
758 3567 1011 3621 occurrit
1032 3571 1355 3637 apportans
1371 3567 1672 3624 vincendee
1691 3571 1897 3625 mortis
1913 3570 2025 3625 for-

375 3670 561 3717 mam,
595 3654 868 3708 deferens
904 3654 1349 3710 resurrectionis
1371 3657 1734 3728 exemplum.
1788 3659 1844 3714 Si
1882 3675 2023 3731 ergo

375 3742 582 3813 placet,
619 3742 974 3814 priusquam
1006 3743 1415 3812 ingrediamur
1445 3746 1693 3816 pelagus
1734 3746 2020 3813 lectionis,

373 3829 721 3901 priusquam
742 3831 1166 3901 aggrediamur
1185 3835 1580 3904 quaestionem
1607 3835 1843 3901 ﬂuctus,
1864 3842 2024 3892 ante-

444 3966 471 3997 ι
501 3954 776 4009 Observat
805 3955 940 4009 Mita
967 3957 1140 4011 verba
1170 3957 1294 4012 haec
1323 3958 1632 4012 desiderari
1665 3959 1722 4013 in
1745 3976 1882 4014 mss.
1908 3961 2022 4016 Cae-

375 4041 528 4080 sena:
558 4030 615 4081 et
643 4026 864 4082 Urbini:
894 4032 1121 4082 exstant
1146 4033 1342 4083 autem
1375 4029 1428 4082 in
1473 4030 1646 4084 Vatic.
1679 4036 1732 4085 et
1763 4033 2024 4088 Vallicel-

374 4097 530 4163 lano,
563 4097 655 4170 ubi
677 4115 791 4170 non
823 4098 1046 4170 variant
1067 4100 1137 4154 ab
1171 4100 1479 4170 impressis.
1541 4103 1783 4156 Sensum
1827 4108 2020 4158 tamen

373 4168 634 4223 Auctoris
667 4169 816 4224 eruit
834 4169 990 4234 Mita,
1023 4171 1212 4240 aitque
1245 4168 1334 4225 hic
1360 4188 1489 4226 eum
1521 4189 1688 4241 agere
1704 4179 1904 4228 contra
1928 4176 2020 4229 Ju-

375 4241 525 4294 daeos
555 4245 612 4294 et
641 4241 956 4295 haereticos.
991 4243 1226 4298 Judaaus
1279 4243 1512 4306 etenim,
1573 4247 1628 4297 et
1684 4244 1729 4296 si
1772 4244 2023 4300 fateatur

374 4311 579 4384 Christi
610 4317 856 4384 mortem
884 4315 940 4384 et
959 4312 1332 4384 sepulturam,
1353 4313 1500 4366 ultra
1530 4330 1641 4366 non
1663 4316 2023 4384 progreditur

373 4379 429 4454 in
461 4380 610 4454 ﬁde;
639 4380 819 4454 immo
842 4379 1250 4454 ipsius’CAhristi
1289 4379 1794 4437 resurrectionem'
1817 4391 2011 4454 negat.

2134 471 2343 525 ctionis
2359 471 2833 543 contemplemur
2854 465 3334 542 aspectumzquia
3356 467 3468 521 hoc
3485 480 3510 508 ο
3542 467 3784 536 signum

2137 560 2404 614 videmus
2421 576 2551 614 esse
2565 561 2893 629 signorum,
2910 560 3197 614 virtutum
3210 556 3512 611 cernimus
3528 572 3653 610 esse
3672 555 3791 611 vir-

2135 652 2340 712 tutem,
2369 647 2730 703 mirabilium
2758 665 2883 704 esse
2917 645 3350 702 miriﬁcentiam
3408 644 3786 716 pervidemus

2138 736 2532 791 Suscitaverat
2561 737 2849 791 Dominus
2866 733 3202 790 ﬁliamlairi
3231 731 3516 804 principis
3529 749 3789 804 synago-

2135 839 2244 892 gae,
2280 823 2379 878 sed
2412 824 2608 879 adhuc
2626 824 2830 879 funere
2857 823 3104 892 calente,
3136 837 3238 877 sen
3258 821 3454 876 adhuc
3485 821 3789 876 mediante

2135 918 2343 979 morte,
2371 929 2618 983 corpore
2640 913 2838 968 adhuc
2865 915 3173 983 praesente,
3197 909 3394 964 adhuc
3415 909 3564 965 inter
3593 908 3788 964 homi-

2133 1015 2238 1054 nes
2263 1000 2503 1056 homine
2533 1000 3036 1065 morante,adhuc
3058 998 3080 1039 ί
3105 999 3303 1053 viante
3337 997 3563 1067 spiritu,
3583 997 3786 1052 adhuc

2131 1088 2334 1145 anima
2363 1089 2622 1145 claustra
2651 1089 2850 1145 tartari
2880 1088 3198 1150 nesciente,
3228 1101 3297 1140 ac
3327 1101 3400 1139 ne
3430 1086 3650 1152 multis,
3699 1086 3788 1142 sic

2129 1182 2380 1232 mortuae
2411 1178 2590 1251 vitam
2616 1178 2892 1242 reddidit,
2929 1182 2990 1230 ut
3011 1177 3108 1246 jus
3136 1174 3650 1229 maneretinferni.
3679 1176 3786 1231 Su-

2131 1267 2438 1322 scitavitet
2467 1267 2710 1322 unicum
2742 1267 2948 1321 matris
2977 1282 2990 1330 ;
3016 1264 3119 1319 sed
3153 1263 3616 1327 sic,utretineret
3648 1265 3792 1334 phe-

2131 1357 2375 1417 retrum,
2410 1360 2473 1410 ut
2498 1355 2841 1425 anticiparet
2867 1353 3223 1424 sepulcrum,
3261 1355 3321 1407 ut
3339 1353 3789 1423 corruptionem

2131 1443 2519 1513 suspenderat
2549 1447 2605 1496 et
2634 1443 2987 1514 praeveniret
3003 1441 3269 1509 fetorem,
3293 1446 3355 1495 ut
3381 1445 3516 1495 ante
3548 1446 3791 1497 mortuo

2129 1531 2314 1586 vitam
2345 1531 2637 1596 redderet,
2665 1547 2851 1602 quam
2880 1536 3003 1586 tota
3025 1536 3296 1585 mortuus
3324 1529 3463 1600 jura
3482 1530 3680 1585 mortis
3703 1530 3796 1585 in-

2131 1625 2328 1675 traret.
2363 1622 2526 1677 Circa
2573 1623 2857 1676 Lazarum
2890 1636 3029 1675 vero
3081 1619 3246 1690 quod
3307 1619 3546 1687 geritur,
3601 1625 3796 1674 totum

2130 1709 2429 1778 singulare
2455 1715 2560 1775 est,
2595 1711 2763 1779 cujus
2797 1725 2979 1773 mors,
3006 1709 3178 1778 cujus
3223 1708 3576 1762 resurrectio
3627 1724 3796 1762 com-

2128 1814 2311 1852 mune
2338 1797 2420 1852 nil
2443 1798 2775 1853 habetcum
2799 1797 3098 1869 praedictis
3118 1816 3134 1867 ;
3152 1812 3327 1867 quem
3355 1798 3510 1852 circa
3531 1801 3586 1851 et
3604 1812 3690 1850 VlS
3711 1802 3799 1851 to-

2131 1890 2189 1941 ta
2220 1887 2414 1942 mortis
2445 1887 2688 1958 impleta
2707 1892 2816 1951 est,
2839 1893 2894 1940 et
2915 1886 3106 1940 forma
3128 1885 3573 1940 resurrretionis
3607 1885 3798 1956 plena

2128 1975 2486 2047 resplendet.
2521 1975 2746 2040 Audeo,
2780 1979 2834 2030 et
2863 1974 2996 2029 dico
3018 1987 3048 2027 ιζ
3079 1978 3260 2029 totum
3295 1973 3564 2045 rapuisse
3595 1989 3801 2028 resur-

2129 2065 2407 2120 rectionis
2436 2064 2751 2120 Dominica:
2786 2068 3228 2118 sacramentum
3257 2062 3567 2118 triduanus
3593 2061 3668 2118 ab
3705 2063 3800 2117 in-

2131 2153 2270 2208 feris
2312 2156 2563 2209 Lazarus
2597 2153 2642 2207 si
2669 2152 2942 2208 rediisset
2976 2173 2988 2207 :
3023 2168 3167 2206 nam
3195 2150 3456 2206 Christus
3487 2151 3660 2206 rediit
3687 2153 3799 2208 tri-

2129 2241 2367 2297 duanus
2389 2247 2450 2298 ut
2472 2242 2782 2304 Dominus,
2811 2242 3067 2296 Lazarus
3097 2245 3409 2295 revocatur
3437 2240 3800 2311 quatridua-

2129 2345 2244 2385 nus
2275 2335 2336 2385 ut
2361 2346 2588 2385 servus.
2624 2330 2736 2386 Sed
2759 2330 2833 2385 ad
2867 2328 3182 2400 probanda
3202 2345 3337 2399 quae
3363 2328 3797 2399 diximus,jam

2129 2409 2512 2489 praelibemus
2543 2418 2738 2489 aliqua
2762 2417 3050 2472 lectionis.
3078 2417 3591 2486 Miserunt,inquit,
3624 2434 3798 2472 soro-

2130 2522 2220 2562 res
2241 2509 2367 2576 ejus
2397 2508 2478 2563 ad
2498 2508 2807 2561 Dominum
2845 2505 3114 2570 dicentes,
3139 2506 3410 2570 Domine,
3444 2520 3571 2561 ecce
3611 2522 3797 2576 quem

2130 2585 2289 2651 amas
2318 2597 2670 2661 inﬁrmatur.
2693 2595 2720 2636 δ
2752 2594 2848 2650 Sic
2887 2595 3148 2650 dicentes
3188 2593 3467 2649 affectum
3521 2594 3794 2665 pulsant,

2131 2684 2144 2724 ί
2173 2683 2547 2755 interpellant
2576 2699 2865 2746 amorem,
2900 2683 3261 2737 conveniunt
3293 2682 3658 2747 charitatem,
3688 2699 3800 2739 ne-

2133 2771 2557 2828 cessitudinem
2592 2771 3025 2827 necessitudine
3049 2770 3340 2841 gestiunti
3378 2771 3738 2828 submovere
3779 2790 3793 2827 :

2133 2861 2238 2916 sed
2266 2861 2527 2916 Christus
2558 2861 2650 2915 cui
2675 2860 2803 2931 plus
2824 2864 2912 2914 est
2935 2864 3176 2914 mortem
3205 2859 3435 2914 vincere
3464 2877 3652 2930 quam
3695 2876 3796 2915 re-

2132 2965 2370 3004 movere
2389 2949 2762 3018 languorem,
2797 2948 2960 3018 cujus
2991 2963 3194 3002 amare
3236 2948 3379 3002 illud
3413 2953 3513 3019 est,
3549 2964 3671 3004 non
3725 2955 3797 3004 ut

2132 3037 2413 3092 dilectum
2445 3037 2673 3102 allevet,
2704 3036 2807 3090 sed
2838 3037 2915 3091 ab
2944 3035 3148 3090 inferis
3179 3041 3240 3091 ut
3271 3037 3534 3104 reducat,
3566 3037 3792 3093 dilecto

2131 3141 2252 3180 non
2283 3125 2585 3195 languoris
2627 3124 3010 3190 medicinam,
3047 3124 3154 3179 sed
3191 3126 3637 3180 resurrectionis
3657 3126 3792 3196 glo-

2129 3213 2281 3269 riam
2297 3230 2434 3269 mox
2449 3214 2697 3284 paravit.
2713 3215 2999 3285 Denique,
3036 3215 3107 3270 Ut
3124 3213 3354 3269 audivit
3371 3214 3665 3282 inﬁrmari
3682 3217 3793 3270 La-

2130 3317 2359 3365 zarum,
2392 3301 2543 3356 sicut
2571 3302 2712 3357 dicit
2732 3301 3121 3371 Evangelista,
3155 3303 3367 3358 mansit
3396 3304 3457 3358 in
3480 3304 3678 3359 eodem
3703 3306 3791 3360 lo-

2130 3407 2190 3446 co
2204 3391 2660 3447 duobusdiebus.
2695 3390 2910 3445 Videtis
2923 3391 3434 3462 quemadmodum
3453 3392 3557 3447 dat
3578 3393 3788 3450 locum

2134 3480 2317 3547 morti,
2346 3479 2644 3534 licentiam
2676 3480 2781 3534 dat
2838 3479 3130 3550 sepulcro,
3191 3481 3552 3551 corruptioni
3602 3498 3790 3553 posse

2133 3568 2421 3638 permittit,
2451 3572 2630 3637 negat
2660 3567 2740 3621 nil
2771 3567 3085 3637 putredini,
3128 3567 3207 3622 nil
3233 3567 3436 3633 fetori;
3484 3575 3662 3641 atque
3719 3578 3792 3628 ut

2133 3661 2387 3712 tartarus
2414 3656 2854 3727 rapiat,trahat,
2880 3655 3116 3726 habeat,
3141 3657 3395 3712 admittit
3415 3675 3427 3723 ;
3447 3663 3620 3730 atque
3657 3661 3790 3730 agit

2130 3749 2196 3802 ut
2220 3747 2485 3800 humana
2516 3761 2656 3816 spes
2684 3750 2801 3800 tota
2826 3751 3046 3816 pereat,
3080 3751 3134 3800 et
3166 3751 3285 3801 tota
3310 3747 3397 3801 vis
3453 3749 3789 3805 mundanae

2130 3834 2560 3906 desperationis
2586 3835 2848 3900 accedat,
2890 3839 3186 3906 quatenus
3216 3835 3380 3906 quod
3399 3835 3665 3891 facturus
3694 3845 3789 3896 est

2124 3960 2555 4033 fecitgoominus
2589 3966 2789 4024 noster,
2848 3958 3054 4013 Lazari
3102 3962 3437 4014 resurrectio
3498 3964 3790 4033 praecipue

2125 4031 2483 4102 praedicatur.

2200 4102 2222 4144 ἰ
2249 4101 2457 4156 Omnia
2487 4101 2864 4171 metaphorice
2886 4099 3057 4163 dicta,
3091 4104 3147 4154 et
3175 4101 3471 4157 rhetoricis
3493 4102 3784 4160 coloribus

2129 4174 2430 4227 adornata.
2468 4174 2612 4226 Voce
2638 4173 2786 4225 viare
2809 4189 2908 4241 pro
2933 4174 3036 4224 iter
3051 4175 3226 4241 [arere
3249 4173 3342 4226 alii
3375 4178 3612 4228 utuntur
3639 4177 3780 4229 scri-

2131 4248 2319 4314 ptores
2348 4244 2516 4315 hujus
2534 4243 2658 4297 aevi.
2693 4242 2960 4315 Sidonius
2989 4243 3186 4315 lib.1v,
3207 4244 3368 4313 epist.
3393 4246 3465 4310 3;
3499 4246 3781 4301 Fortuna-

2128 4313 2219 4368 tus
2242 4315 2335 4368 lib.
2368 4313 2432 4387 ix‘
2452 4331 2637 4387 poem.
2666 4313 3053 4387 ;Ambrosius,
3079 4314 3175 4387 lib.
3196 4333 3224 4367 v
3251 4317 3488 4369 Hexam.
3519 4333 3646 4387 cap.
3673 4319 3778 4373 Ἰοῖ

2131 4388 2260 4451 Quis
2293 4386 2485 4439 tribuit
2515 4385 2927 4454 dispositionem
2961 4385 3166 4438 viandi.

373 4450 684 4526 haereticus
711 4449 847 4526 item
862 4451 1050 4526 carnis
1074 4451 1323 4526 futuram
1352 4454 1822 4526 resurrectionem
1854 4449 2022 4525 néga-
2058 4454 2099 4510 D
2147 4449 2160 4451 ἡ
2201 4469 2230 4510 Β
2262 4457 2401 4511 Cum
2427 4449 2690 4509 triduana
2717 4455 2921 4509 Christi
2955 4456 3292 4510 resurrectio
3315 4456 3574 4526 plurimis
3599 4460 3784 4514 abun-

373 4521 489 4591 bat.
532 4521 742 4574 Contra
772 4520 875 4574 hos
905 4520 1150 4591 insurgit
1177 4526 1404 4576 Auctor.
1446 4529 1507 4577 ut
1534 4525 1882 4580 Christianos
1925 4520 2022 4582 au-

372 4589 585 4715 ditorgs
615 4591 919 4714 (iptiﬁrmet
944 4591 998 4645 in
1027 4589 1139 4647 ﬁde
1158 4594 1586 4649 resurrectionis
1612 4596 1798 4650 carnis
1821 4597 2021 4653 huma-

373 4677 480 4715 nae.
561 4678 592 4715 x
678 4679 692 4715 1
724 4679 777 4715 α.

373 4677 480 4715 nte.
517 4663 592 4715 Ex
623 4662 777 4715 Mite.

441 4731 470 4774 ι)
501 4734 697 4806 Denuo
715 4731 939 4806 sociari,
961 4733 1275 4804 pompingi.
1299 4736 1478 4806 Hujus
1505 4737 1655 4792 vocis
1696 4756 1873 4792 unum
1896 4744 2019 4794 tan-

371 4807 591 4880 tumiex
618 4804 966 4880 Chrysologo
997 4805 1321 4880 exemplum
1354 4804 1571 4877 profert
1609 4811 1692 4863 Du
1751 4811 2016 4880 Cengius.

441 4888 464 4916 ε
496 4876 809 4932 Conciones
839 4880 1093 4931 veterum
1127 4876 1364 4932 Patrum
1395 4881 1497 4932 sub
1555 4880 1763 4935 divina:
1786 4899 1850 4935 ac
1875 4876 2016 4936 'san-

367 4946 632 5019 ctissime:
659 4947 950 5002 Trinitatis
980 4947 1340 5003 invocatione
1367 4955 1423 5004 et
1469 4951 1878 5019 gloriﬁcatione
1910 4953 2017 5007 fre-

408 5018 738 5073 uentissime
764 5020 1061 5074 conclusas
1113 5020 1362 5074 ostendit
1410 5018 1701 5076 Ferrarius
1753 5023 1892 5077 lib.i
1947 5025 2016 5080 de

417 5089 478 5144 it.
515 5092 673 5145 Sacr.
702 5091 909 5145 Eccles.
942 5095 1110 5145 Cone.
1145 5092 1273 5145 132.

436 5160 463 5200 ά
496 5162 650 5215 ldem
692 5178 756 5216 ac
781 5162 1188 5228 Eleazarus,ex
1233 5161 1382 5216 vocis
1443 5163 1734 5218 Hebraicm
1789 5169 2014 5219 contra-

364 5230 574 5284 ctione.
617 5233 843 5286 Grotius
870 5232 1298 5287 exTertulliano
1331 5250 1396 5287 ac
1423 5235 1746 5290 l’rudentio.
1771 5235 2013 5290 Lazarus

363 5303 554 5373 autem
581 5301 748 5370 juxta
772 5304 985 5357 Bedam
1013 5304 1163 5373 apud
1191 5304 1251 5357 D.
1287 5304 1564 5358 Thomam
1592 5307 1647 5360 in
1683 5307 1893 5361 Catena
1926 5306 2008 5361 in-

362 5372 708 5447 terpretatur
738 5374 984 5447 adiutus.
1025 5375 1311 5446 Chrysost.
1361 5376 1562 5430 homil.
1623 5377 1678 5430 in
1733 5394 1856 5447 cap.
1916 5394 2009 5431 xvr

361 5441 552 5498 Lucae.
589 5445 727 5496 tom.
758 5444 824 5509 Il,
854 5461 982 5513 pag.
1013 5441 1169 5499 41η.

427 5523 453 5550 ο
483 5513 1054 5590 Augustin.tract.49
1081 5516 1341 5590 inJoan.,
1369 5519 1697 5588 Oper.tom.
1729 5519 1821 5580 III,
1857 5537 1910 5590 p.
1947 5527 2005 5588 ii,

354 5599 484 5658 pag.
527 5582 632 5639 449
657 5585 794 5641 edit.
819 5589 1092 5658 Antuerp.
1132 5605 1143 5642 :
1177 5588 1335 5644 Inter
1364 5582 1552 5646 omnia
1589 5582 2009 5664 miraculdquai

2131 4528 2226 4581 det
2249 4527 2531 4597 mysteriis
2562 4531 2617 4580 et
2637 4527 3033 4581 sacramentis.
3095 4529 3152 4583 Si
3189 4528 3428 4582 Lazarus
3472 4529 3782 4585 triduanus

2129 4597 2482 4658 surrexisset,
2517 4597 2572 4650 id
2599 4598 2750 4666 quod
2793 4597 3106 4651 Dominicaa
3163 4599 3558 4653 resurrectioni
3588 4617 3783 4656 serva-

2129 4673 2248 4722 tum
2285 4673 2409 4722 erat
2437 4668 2536 4721 sibi
2567 4668 2985 4737 assumpsisset,
3023 4673 3078 4722 et
3110 4675 3576 4738 reprmsentasset
3626 4671 3683 4725 in
3719 4691 3781 4728 se

2128 4740 2279 4809 quod
2314 4738 2597 4793 mehercle
2618 4756 2841 4793 servum
2871 4740 3198 4793 dedecehat.
3237 4742 3626 4796 Resuscitatur
3669 4744 3779 4798 ita-

2127 4826 2236 4880 que
2257 4815 2389 4882 ante
2422 4809 2646 4863 Domini
2679 4810 3187 4882 resurrectionem;
3217 4813 3312 4865 sed
3343 4813 3780 4882 quadriduanus

2118 4883 2244 4952 jam
2279 4881 2480 4952 fetens.
2518 4898 2585 4934 ne
2613 4881 2917 4935 Dominicze
2948 4881 3376 4937 resurrectionis
3407 4891 3778 4940 sacramento

2127 4951 2517 5024 praejudicium
2574 4953 2828 5015 inferret,
2870 4952 3180 5024 simulque
3237 4970 3305 5007 ne
3364 4955 3777 5024 discipulorum

2124 5023 2297 5077 ﬁdem
2327 5029 2567 5093 raperet,
2599 5030 2657 5076 ut
2681 5023 2768 5076 hic
2795 5023 2966 5084 infra,
3000 5030 3054 5076 et
3085 5040 3253 5077 serm.
3284 5026 3371 5077 81.
3400 5023 3560 5080 Μιτίς.

2194 5093 2225 5135 h
2255 5097 2323 5148 At
2353 5111 2451 5164 per
2479 5094 2706 5147 nuntios
2736 5095 2808 5146 ad
2837 5095 3027 5147 Jesum
3089 5094 3291 5148 missos
3340 5115 3350 5152 :
3416 5097 3511 5166 qui
3567 5099 3779 5154 absens

2123 5170 2244 5219 erat
2282 5172 2336 5220 et
2365 5170 2524 5219 trans
2543 5167 2870 5219 Jordanem.

2194 5236 2467 5289 iSorores
2499 5236 2687 5289 Lazari
2732 5252 2844 5290 non
2889 5252 3011 5298 sua,
3047 5251 3156 5289 non
3195 5235 3382 5290 fratris
3425 5238 3630 5292 merita
3681 5243 3779 5296 de-

2124 5307 2449 5376 praedieant,
2482 5311 2579 5361 sed
2611 5309 2796 5361 solum
2829 5323 3086 5361 amorem
3115 5308 3243 5361 Jesu
3280 5323 3414 5377 erga
3462 5310 3669 5378 ipsum,
3719 5321 3780 5367 ut

2121 5378 2382 5460 observat
2414 5378 2504 5460 hic
2524 5378 3124 5460 Brugensis.._t_5‘_ufﬁcit
3184 5385 3242 5458 ut
3299 5381 3529 5460 noveris,
3567 5381 3780 5460 inquit

2119 5450 2970 5522 Augustinuslococit.pag.451,
2993 5466 3094 5504 non
3112 5450 3259 5504 enim
3276 5467 3426 5504 amas
3457 5458 3509 5508 et
3545 5450 3776 5522 deseris,

2187 5520 2206 5572 J'
2242 5521 2494 5577 Latinius
2513 5521 2647 5595 legit
2675 5520 3012 5576 submonere.
