3978 6188
192 242 296 304 381

1675 236 1921 313 ε»ωο
1960 240 2122 306 LXV.

3481 255 3600 317 382

189 376 281 437 est,
310 376 366 428 et
393 369 655 442 gaudeo,
688 369 764 426 de
791 386 914 444 quo
934 372 1159 443 gaudet
1190 375 1445 441 mortuo,
1471 374 1675 447 ipsum
1701 389 1840 430 cum
1871 378 1922 439 Α
1949 379 2036 432 ret
2056 377 2209 435 Deus
2239 380 2316 437 ab
2346 380 2550 438 inferis
2581 381 2889 441 hominem
2910 398 3049 440 cum
3074 382 3320 439 reducit.
3349 384 3484 453 Sed,
3505 384 3602 442 Ju-

185 462 488 518 resuscitat
506 465 641 516 tunc
658 458 1045 528 lamentatur;
1064 462 1167 533 qui
1186 479 1323 518 cum
1343 464 1555 518 amittit
1576 478 1696 518 non
1716 462 1835 525 ﬂet,

185 565 307 605 cum
338 548 553 619 recipit
580 553 720 603 tunc
740 548 1010 618 deplorat
1037 568 1049 618 ;
1079 554 1217 605 tunc
1236 550 1430 605 fundit
1454 550 1733 606 mortales
1758 550 1839 605 la-

184 653 433 708 crymas,
466 637 601 691 vitm
618 636 891 707 spiritum
916 653 1053 692 cum
1086 638 1362 693 refundit.
1390 642 1641 704 Fratres,
1666 640 1841 694 habet

180 725 281 781 hoc
312 729 534 781 natura
560 724 826 796 corporis
844 724 1115 792 humani,
1135 732 1199 783 ut
1220 727 1513 799 producat
1540 727 1839 799 lacrymas

183 815 259 869 vis
267 812 594 885 gaudii,vis
610 812 895 869 maeroris.
914 815 1192 879 Quotiens
1203 816 1357 871 einm
1377 816 1613 881 viscera,
1645 815 1841 871 autlaa.

183 901 703 966 titite,auttristitiaa
717 903 901 958 nimio
913 904 1667 977 arctanturimpnlsu,oculi
1682 905 1740 960 in
1756 904 1835 961 la-

184 1007 409 1063 crymas
425 1007 563 1046 mox
575 992 1055 1062 erumpunt.Hinc
1066 992 1317 1064 estquod
1330 992 1591 1048 Christus
1604 1008 1724 1049 non
1738 993 1838 1049 do-

182 1080 322 1137 lores
336 1080 563 1145 mortis,
582 1091 607 1121 ι
633 1078 1121 1136 sedilliuslaatitiie
1139 1081 1542 1138 recordatione
1555 1081 1832 1153 lacryma-

184 1171 271 1232 vit,
299 1169 405 1240 qui
428 1184 579 1225 voce
597 1185 727 1234 sua,
760 1185 905 1225 voce
926 1185 1067 1234 una,
1082 1186 1293 1225 omnes
1314 1176 1399 1226 est
1418 1176 1688 1227 mortuos
1705 1187 1835 1244 per—

182 1264 412 1330 petuam
433 1257 834 1312 suscitaturus
858 1257 934 1312 ad
954 1256 1380 1314 vitam.Fremit
1403 1258 1694 1330 spiritu,et
1712 1264 1835 1315 tota

181 1362 233 1401 se
256 1346 562 1401 viscerum
585 1344 985 1402 commotione
1003 1346 1336 1411 conturbat,
1359 1348 1504 1419 quia
1524 1347 1721 1403 adhuc
1742 1363 1832 1403 so-

179 1433 291 1489 lum
304 1435 690 1497 Lazarum,et
702 1449 819 1489 non
829 1433 955 1504 jam
970 1449 1179 1489 omnes
1198 1442 1464 1491 mortuos
1481 1435 1827 1492 suscitabat.

182 1522 309 1587 Quis
332 1537 483 1591 ergo
520 1537 589 1576 ex
612 1521 879 1577 humana
901 1521 1240 1579 inﬁrmitate
1282 1524 1575 1579 existimet
1611 1524 1704 1580 hic
1734 1524 1830 1579 ﬂe-

184 1612 320 1666 visse
335 1609 803 1672 Christum,cum
822 1609 1070 1665 caelestis
1086 1611 1637 1682 paterluxuriosum
1650 1613 1831 1667 ﬁlium

1949 464 2085 533 daal,
2120 474 2412 541 apparent
2436 470 2618 526 corda
2650 476 2847 526 vestra
2866 470 3261 527 obstructiora
3277 471 3496 539 inferis,
3520 473 3602 529 vi-

1949 572 2116 611 scera
2141 562 2339 614 vestra
2369 559 2611 615 duriora
2639 559 2909 624 mortuis,
2937 559 3091 615 oculi
3122 561 3297 616 vestri
3340 560 3601 617 tetriores

1949 644 2255 715 sepulcris,
2275 662 2411 702 cum
2430 664 2547 706 vox
2571 664 2705 719 quae
2724 648 2998 718 patefecit
3023 654 3241 704 tartara
3262 654 3460 705 vestra
3478 664 3600 704 non

1948 731 2218 803 patefecit
2234 735 2815 806 arcana,cumju55io
2830 752 2963 806 qua
2978 736 3599 791 exsuscitatmortuum

1946 826 2172 875 mentes
2200 826 2421 878 vestras
2450 839 2571 878 non
2603 823 2864 889 suscitat,
2892 838 3029 877 cum
3055 822 3147 877 lex
3178 838 3313 893 quae
3344 822 3599 880 illustrat

1947 908 2287 980 sepulcrum
2320 916 2574 966 vestram
2611 926 2731 966 non
2776 910 3065 965 illuminet
3094 909 3438 965 ctecitatem.
3482 912 3596 966 Sed

1945 996 2060 1051 ista
2098 997 2415 1062 sufﬁciant,
2456 1010 2519 1055 ut
2556 1016 2695 1054 cum
2738 998 2965 1055 Christo
3008 998 3365 1069 resurgentis
3393 999 3597 1055 Lazari

1944 1082 2197 1155 gloriam
2237 1086 2537 1157 patentius
2568 1086 2766 1141 videre
2806 1086 3130 1158 possimus.

2533 1186 2558 1216 ο
2583 1175 2807 1232 SEBMO
2849 1176 3001 1231 LXV.

2607 1264 2693 1319 De
2721 1264 2930 1320 eodem.

2012 1351 2305 1414 Quoniam
2335 1357 2585 1408 mortem
2619 1350 3049 1417 Lazari,Marias
3081 1350 3273 1421 ﬂetus,
3296 1349 3599 1422 lacrymas

1940 1438 2197 1501 Marthae,
2212 1440 2239 1495 ,Ι
2251 1440 2560 1497 udeeorum
2576 1439 2847 1513 planctus
2866 1441 2986 1508 iam
3001 1440 3464 1512 perstrinximus
3484 1454 3600 1494 ser-

1940 1544 2109 1584 mone
2123 1530 2603 1598 geminato,nunc
2615 1546 2993 1586 exoneremus
3006 1528 3597 1600 animos,abjiciamus

1939 1632 2590 1691 curas,exoccupemus
2603 1635 2832 1684 sensus,
2856 1624 2921 1674 ut
2949 1618 3400 1675 resurrectionis
3418 1622 3597 1673 tanta

182 1716 281 1790 non
301 1698 574 1790 quandiu
580 1696 757 1790 abiit,
786 1698 887 1753 sed
905 1699 1141 1790 quando
1166 1700 1373 1790 recipit
1399 1706 1537 1757 tunc
1560 1702 1829 1774 deplorat
1864 1732 1909 1790 Β
1940 1704 2163 1776 gaudio
2179 1707 2309 1761 totis
2321 1706 2625 1762 mentibus
2646 1712 2703 1763 et
2733 1722 2946 1778 capere
2974 1712 3029 1762 et
3049 1705 3254 1763 audire
3277 1705 3593 1777 possimus.

184 1789 333 1857 (Luc.
359 1788 458 1855 xv)
486 1786 513 1840 ?
539 1786 801 1842 Christus
831 1788 1121 1859 recipiens
1152 1787 1309 1844 ﬂevit
1352 1792 1651 1856 Lazarum,
1708 1806 1829 1845 non

185 1873 745 1945 amittens,denique
766 1891 884 1931 non
914 1878 1161 1948 quando
1182 1877 1485 1949 plorantes
1504 1879 1829 1944 videt,tunc

185 1964 367 2034 plorat
384 1963 676 2029 Christus;
704 1963 805 2018 sed
829 1966 1075 2035 quando
1088 1965 1434 2036 interrogat,
1452 1967 1577 2022 etin
1593 1983 1830 2038 respon-

185 2051 784 2108 dentibusvidetﬁdci
807 2052 887 2108 nil
905 2069 1165 2109 manere.
1200 2055 1467 2110 dixerat:
1506 2055 1613 2112 Ubi
1637 2055 1831 2125 posui-

186 2141 272 2195 stis
287 2156 416 2196 eum
443 2140 473 2193 7
491 2144 572 2194 At
603 2139 696 2195 illi
715 2141 1159 2209 responderunt,
1185 2142 1437 2207 Domine,
1466 2145 1598 2199 veni
1618 2147 1671 2200 et
1689 2143 1826 2199 vide.

184 2232 536 2283 Putaverunt
564 2244 700 2285 eum
729 2229 954 2284 nescire
980 2230 1077 2285 ubi
1106 2231 1330 2300 positus
1377 2237 1531 2287 esset
1557 2232 1616 2287 in
1653 2238 1828 2297 terra,

186 2319 277 2388 qui
305 2316 536 2371 sciebat
558 2315 659 2371 ubi
691 2316 855 2371 illum
878 2322 1100 2374 tartara
1122 2320 1251 2374 dira
1271 2320 1713 2376 retinerent.[lle
1746 2322 1830 2376 sic

184 2406 555 2474 interrogans
578 2403 608 2444 b
631 2404 907 2474 exigebat
931 2404 1134 2472 ﬁdem,
1158 2408 1465 2463 scientiam
1490 2407 1830 2478 porrigebat

186 2497 240 2547 ut
252 2509 313 2547 as
323 2498 516 2547 tantes
532 2491 747 2548 scirent
760 2493 925 2564 quod
942 2495 1295 2566 mors,quod
1311 2495 1830 2568 sepulcrum,quod

185 2580 500 2652 corruptio,
524 2579 690 2652 quod
711 2581 1152 2653 putredo;quo«l
1170 2583 1319 2639 fetor
1336 2599 1458 2640 non
1481 2596 1506 2627 ο
1531 2601 1603 2640 ex
1625 2584 1827 2640 condi-

184 2670 330 2725 tione
353 2668 480 2732 Dei,
506 2667 613 2723 sed
634 2684 705 2723 ex
739 2668 954 2726 delicto
986 2670 1249 2726 hominis
1272 2672 1614 2728 hominibus
1636 2689 1830 2729 acces-

185 2759 363 2813 sisset.
392 2760 541 2813 Nam
565 2774 701 2812 cum
734 2757 893 2827 dicit,
922 2758 1026 2814 Ubi
1053 2760 1332 2831 posuistis
1362 2777 1524 2827 eum,
1550 2762 1827 2817 mulieres

182 2846 462 2917 increpat,
490 2844 766 2900 mulieres
786 2846 997 2915 arguit,
1021 2846 1135 2902 hoc
1156 2852 1279 2903 est:
1304 2850 1488 2912 Quem
1515 2865 1627 2921 ego
1651 2853 1827 2920 posui

180 2933 234 2990 in
262 2934 570 3007 paradiso,
601 2933 658 2988 in
688 2934 924 3003 regione
948 2935 1094 3001 vitae,
1128 2951 1265 2993 ecce
1289 2952 1397 2992 vos
1416 2936 1520 2992 ubi
1550 2938 1827 3009 posuistis

181 3039 331 3078 eum.
362 3022 475 3078 Sed
506 3026 563 3077 et
607 3021 797 3077 Judaei
820 3022 895 3077 ad
925 3022 1322 3091 ignorantiam
1356 3026 1708 3096 requirentis
1740 3043 1826 3082 re-

180 3084 1002 3182 spondebant.Domine,veni
1029 3118 1083 3167 et
1103 3084 1595 3177 vide.Quid?illum
1614 3114 1825 3184 jubere
1857 3084 1900 3144 Ο

182 3198 383 3254 morti?
397 3198 548 3271 quid
564 3199 590 3254 ?
604 3198 815 3269 jubere
842 3199 1008 3256 illum
1031 3199 1231 3255 inferis
1253 3202 1690 3275 erederent,qui
1706 3219 1826 3259 cre-

180 3287 399 3343 debant
422 3304 557 3341 eum
576 3287 739 3359 quod
763 3294 885 3341 erat
915 3288 972 3342 in
1011 3287 1199 3343 oculis
1224 3304 1345 3343 non
1369 3288 1583 3355 videre,
1616 3291 1719 3361 qui
1752 3291 1826 3347 de

175 3374 446 3448 lacrymis
459 3375 509 3446 ej
522 3392 589 3430 us
601 3375 791 3430 taliter
804 3375 1207 3447 disputabant?
1240 3376 1348 3444 Qui
1356 3379 1545 3447 potuit
1560 3378 1585 3420 ἀ
1600 3382 1827 3449 aperire

179 3466 315 3521 caeci
325 3464 519 3519 oculos
531 3463 818 3534 quomodo
829 3464 1022 3532 facere
1038 3480 1153 3519 non
1170 3466 1377 3533 potuit,
1390 3471 1451 3520 ut
1465 3467 1549 3521 hic
1569 3483 1689 3522 non
1708 3484 1828 3523 mo-

175 3560 405 3609 reretur
424 3556 450 3605 .9
469 3553 661 3607 Potuit
685 3551 878 3606 facere
906 3557 964 3606 ut
991 3568 1111 3606 non
1140 3559 1486 3621 moreretur,
1533 3555 1635 3610 sed
1676 3555 1825 3611 mori

176 3642 441 3712 permisit
456 3640 505 3694 is
522 3641 624 3711 qui
641 3645 945 3695 mortuum
958 3639 1031 3695 ad
1051 3657 1221 3695 suam
1251 3640 1502 3709 gloriam
1521 3643 1705 3699 voluit
1733 3661 1829 3700 su-

172 3729 382 3784 scitare
405 3746 416 3782 :
439 3729 707 3800 permisit
736 3728 814 3784 ad
836 3728 1069 3784 inferna
1085 3729 1467 3795 descendere,
1499 3737 1560 3785 ut
1582 3748 1828 3804 appare-

239 3883 263 3912 ι
296 3871 397 3925 His
429 3869 585 3943 male
607 3873 946 3943 torquentur
976 3869 1151 3940 impia
1179 3869 1277 3924 illa
1304 3872 1491 3943 capita
1521 3890 1646 3942 quae
1672 3874 1827 3930 Chri-

165 3945 321 4013 stum
356 3942 618 3997 Stoicum
649 3945 704 4013 et
748 3940 1052 3996 affectuum
1079 3940 1389 4013 expertem'
1413 3940 1634 4013 penitus
1667 3946 1829 4001 nobis

168 4012 663 4086 efﬁngereconati
689 4017 838 4086 sunt,
873 4014 945 4086 At
974 4028 1123 4082 aegre
1150 4012 1646 4086 ferebant’veteres
1676 4018 1830 4086 quod

167 4083 516 4164 Christusin
560 4083 883 4164 ‘Evangclio‘
929 4083 1278 4164 lacryrnasse
1322 4083 1829 4164 d_iceretur.__Unde

164 4154 473 4229 Epiphanii
504 4158 693 4229 aetate,
711 4154 847 4229 ipso
871 4154 1428 4229 testeinﬁncorato,
1461 4173 1581 4229 cap.
1610 4157 1671 4229 3i
1694 4176 1823 4229 pag.

162 4224 231 4279 76
262 4224 402 4280 edit.
438 4226 663 4290 Colon.,
708 4225 763 4278 in
791 4224 1224 4294 quampluribus
1256 4226 1414 4279 Lucae
1443 4224 1729 4283 codicibus
1747 4224 1828 4283 er-

161 4302 323 4351 ratus
353 4297 545 4351 fuerat
574 4296 729 4350 locus
752 4296 865 4359 ille,
891 4296 945 4349 in
979 4313 1091 4366 quo
1124 4296 1380 4350 Christus
1420 4296 1538 4350 visa
1573 4299 1829 4354 Hieroso-

162 4367 325 4436 lyma
354 4367 799 4437 collacrymasse
824 4366 1045 4421 dicitur.
1065 4368 1243 4432 Quem
1268 4371 1463 4422 tamen
1489 4368 1830 4426 adhibuerat

162 4435 412 4511 Iraeneus
447 4438 539 4491 lib.
573 4435 775 4511 contra
818 4438 1083 4499 haereses,
1126 4439 1204 4511 ad
1235 4438 1581 4511 refellendos
1609 4458 1703 4495 eos
1733 4443 1828 4511 qui
1863 4435 1907 4492 D

164 4509 459 4590 Christum
488 4508 675 4590 specie
704 4513 871 4590 tenus
894 4508 1231 4590 apparuisse
1254 4508 1439 4590 impie
1457 4508 1754 4590 docebant.

234 4579 266 4622 δ
293 4579 651 4652 Augustinus
685 4581 753 4634 de
786 4580 958 4652 Yerb.
990 4584 1148 4633 Dom.
1195 4595 1369 4634 serm.
1410 4580 1461 4634 3.
1506 4581 1629 4635 Non
1662 4584 1829 4637 locum

164 4654 365 4720 sepulti
392 4650 670 4724 ignorare
700 4650 845 4705 credi
875 4651 1150 4715 debuerat,
1194 4651 1282 4705 sed
1325 4652 1484 4721 ﬁdem
1513 4653 1709 4724 pepuli
1735 4671 1829 4724 ap-

168 4724 403 4789 probare
430 4722 664 4777 volebat.

238 4805 263 4834 ο
294 4793 529 4847 Scilicet
562 4809 627 4846 ex
657 4796 844 4861 pacto,
876 4792 962 4847 vel
1000 4791 1209 4861 placito
1242 4793 1366 4848 Dei.

240 4862 265 4903 ἀ
301 4866 641 4919 Sarcasmus
671 4868 776 4917 est.
812 4863 948 4918 Caeci
981 4862 1465 4918 illuminationem
1498 4865 1553 4920 in
1592 4866 1828 4921 dubium

171 4938 474 4997 revocant;
513 4950 580 4988 ac
611 4933 656 4987 si
688 4934 976 4989 dicerent:
1012 4935 1156 4998 Quid
1189 4934 1508 5004 prodigium
1540 4936 1664 4992 caici
1707 4936 1827 4992 nati

174 5004 532 5124 praedicant?
576 5005 835 5060 Amicum
868 5005 1061 5085 utique
1104 5010 1402 5071 servasset,
1447 5008 1491 5061 si
1517 5025 1727 5062 caecum
1759 5008 1830 5063 il-

197 5077 450 5124 uminare
489 5076 785 5124 noluisset.
824 5076 897 5124 Ex
934 5075 1019 5124 his
1061 5074 1187 5124 vide
1218 5093 1390 5124 nnam
1421 5083 1555 5124 stite
1588 5079 1830 5124 Chrvsn:

197 5077 450 5131 uminare
489 5076 785 5148 potuisset.
824 5076 897 5130 Ex
934 5074 1187 5148 hisﬂvidc
1218 5093 1391 5148 quam
1421 5083 1555 5147 apte
1588 5079 1835 5148 Chryse:

178 5142 334 5214 logus
362 5148 417 5200 in
446 5142 816 5217 sequentibus
863 5147 1161 5217 perfidiam
1211 5142 1275 5202 a'c
1314 5142 1717 5203 infidelitatem
1740 5166 1828 5204 ar-

180 5221 308 5284 guat
335 5219 693 5273 Iudaeorum.

244 5299 267 5326 ο
293 5288 417 5360 Herc
447 5288 704 5342 scribens
730 5287 1109 5360 Chrysologus
1155 5288 1502 5344 verosimilia
1532 5291 1821 5360 quaedam,

182 5354 253 5431 ita
273 5359 567 5414 rhetoricis
590 5354 871 5412 coloribus
895 5354 1221 5431 adumbrat,
1249 5364 1309 5414 ut
1337 5362 1470 5413 dum
1494 5354 1564 5415 de
1587 5354 1825 5431 evange-

180 5424 278 5553 lic:
294 5430 529 5485 historia
549 5432 845 5501 agebatur,
868 5430 1203 5485 nonnemini
1227 5432 1465 5486 modum
1486 5424 1820 5489 transiliisse

180 5514 223 5551 v1
266 5502 340 5553 eri
370 5502 573 5553 nossit.

178 5502 340 5573 videri
370 5502 573 5573 possit.

241 5570 263 5612 τ
283 5570 396 5629 Ηοό
419 5576 510 5630 est
536 5587 551 5629 :
586 5570 843 5628 Christus
872 5571 1150 5628 Dominus
1203 5588 1319 5630 non
1347 5578 1535 5647 potest
1564 5591 1681 5633 non
1704 5579 1821 5632 tur-

1941 1794 2320 1863 Evangelista
2349 1796 2582 1849 venisse
2611 1795 2689 1850 ad
2712 1799 3172 1850 monumentum
3206 1793 3292 1849 sic
3310 1792 3596 1865 prmdicat

1943 1882 2330 1937 Salvatorem.
2355 1884 2544 1947 Jesus,
2569 1883 2777 1954 inquit,
2805 1898 3011 1936 rursus
3029 1882 3366 1951 fremensin
3392 1886 3595 1936 semet-

1940 1972 2085 2040 ipso,
2119 1972 2278 2026 venit
2297 1971 2377 2026 ad
2395 1976 2866 2026 monumentum:
2883 1973 3011 2026 erat
3027 1976 3219 2025 autem
3235 1970 3519 2037 spelunca
3540 1970 3593 2022 ct

1942 2060 2088 2129 lapis
2101 2060 2478 2130 superpositus
2492 2065 2620 2114 erat
2634 2060 2704 2114 ei.
2728 2058 2891 2114 Jesus
2902 2059 3148 2127 fremens
3164 2058 3305 2111 venit
3316 2055 3387 2110 ad
3398 2071 3594 2111 monu-

1940 2153 2222 2203 mentum.
2256 2146 2471 2202 Fremit
2497 2146 2775 2211 Christus,
2798 2151 2860 2201 ut
2877 2161 3017 2202 caro
3046 2144 3359 2201 reviviscat
3379 2161 3392 2210 ;
3410 2144 3598 2201 fremit

1940 2237 2080 2300 vita,
2100 2240 2161 2290 ut
2174 2251 2335 2291 mors
2348 2235 2581 2306 fugetur
2600 2252 2613 2301 ;
2632 2235 2826 2291 fremit
2840 2238 2914 2290 De
2924 2242 3080 2301 us,ut
3096 2239 3364 2303 resurgat
3379 2233 3554 2290 homo
3579 2253 3593 2303 ;

1940 2325 2134 2380 fremit
2155 2324 2542 2394 indulgentia,
2566 2341 2641 2379 ne
2672 2323 2962 2380 sententia
2987 2322 3383 2388 contradicat;
3411 2322 3598 2379 fremit

1941 2414 2202 2469 Christus
2228 2412 2536 2469 debellans
2570 2419 2841 2481 mortem,
2876 2414 3021 2486 quia
3050 2412 3073 2453 ἲ
3096 2427 3219 2467 non
3259 2416 3449 2484 potest
3477 2427 3597 2468 non

1942 2502 2302 2573 fremere,qui
2318 2501 2672 2572 singularem
2688 2502 2831 2573 rapit
2843 2501 2911 2556 de
2927 2502 3089 2556 hoste
3104 2499 3597 2567 victoriam.Quod

1940 2596 2139 2647 autem
2153 2590 2318 2655 dixit,
2338 2591 2854 2659 Rursusfremens,
2874 2588 3409 2657 fremitrursum,ut
3423 2589 3595 2658 gemi-

1937 2683 2079 2734 nata
2102 2678 2548 2733 resurrectionis
2573 2677 2941 2732 demonstret
2960 2676 3220 2744 insignia
3245 2692 3256 2730 ε
3280 2676 3425 2746 quia
3450 2691 3595 2732 voce

1938 2764 2147 2820 Christi
2161 2764 2313 2820 sicut
2328 2764 2543 2819 mortui
2562 2779 2809 2833 corpore
2835 2762 2907 2817 de
2927 2761 3208 2832 sepulcris
3226 2762 3593 2817 suscitantur

1937 2854 2011 2908 ad
2024 2850 2477 2923 vitam,perﬁdia
2491 2850 2705 2907 mortui
2723 2851 2796 2905 ad
2810 2850 2987 2907 vitam
3001 2850 3137 2907 ﬁdei
3152 2849 3234 2905 sic
3247 2855 3587 2918 resurgunt.

1935 2940 2325 3013 Erat,inquit,
2343 2940 2641 3011 spelunca.
2669 2939 2897 2993 Dixisse
2919 2937 3233 2995 suffecerat
3249 2936 3489 2993 venisse
3510 2938 3589 2994 ad

1938 3036 2425 3094 monumentum;
2444 3026 2582 3099 quid
2603 3034 2689 3082 est
2703 3027 2860 3100 quod
2874 3031 3177 3098 tantopere
3195 3038 3225 3079 ε
3250 3026 3589 3099 speluncam

1937 3116 2313 3188 Evangelista
2333 3123 2764 3173 commemorat
2784 3115 2811 3169 ‘i’
2825 3114 3118 3188 Spelunca
3139 3114 3332 3187 plane,
3352 3114 3456 3171 ubi
3486 3114 3591 3171 ho-

1935 3207 2161 3263 minem
2191 3205 2219 3246 h
2250 3203 2474 3261 diaboli
2506 3203 2881 3261 latrocinium
2916 3202 3260 3270 collocavit;
3281 3204 3588 3276 spelunca,

1936 3295 2038 3351 ubi
2059 3293 2253 3349 virum
2268 3293 2429 3349 fraus
2442 3292 2710 3349 condidit
2725 3292 3014 3358 mulieris;
3040 3292 3345 3362 spelunca,
3373 3292 3474 3347 ubi
3494 3292 3594 3348 Dei

1935 3383 2156 3455 plasma
2170 3384 2363 3439 mortis
2377 3384 2670 3454 rapacitas
2686 3380 3134 3437 includebat.Et
3151 3383 3304 3448 lapis
3321 3396 3592 3452 superpo-

1935 3474 2079 3528 situs
2105 3478 2232 3527 crat
2252 3472 2323 3528 ei.
2358 3473 2527 3527 Dura;
2552 3470 2957 3539 mortisjanua
2988 3469 3191 3523 durior
3218 3468 3231 3506 ί
3266 3466 3594 3523 durissimo

1934 3560 2135 3632 lapide
2153 3560 2541 3615 claudebatur
2564 3576 2576 3613 :
2598 3558 2702 3614 sed
2730 3557 2972 3631 plorans
2995 3556 3141 3631 quid
3160 3555 3390 3628 proﬁcit
3414 3555 3492 3611 ad
3507 3571 3596 3611 se-

1938 3649 2234 3721 pulcrum,
2250 3648 2496 3720 quando
2510 3647 2594 3705 sic
2607 3649 2792 3703 duros
2807 3652 2863 3703 et
2884 3647 3223 3717 congestosi
3258 3644 3459 3701 obices
3472 3659 3593 3700 non

1937 3741 2206 3805 penetrat
2218 3753 2328 3791 vox
2342 3736 2631 3808 plorantis
2644 3737 2671 3791 ?
2684 3735 3019 3801 Christiani,
3036 3735 3265 3807 plorem
3274 3751 3339 3789 us
3358 3734 3477 3789 Deo
3490 3748 3593 3805 pro

1939 3877 2061 3932 bari
2093 3876 2310 3931 intimis
2341 3876 2523 3931 animi
2563 3876 2842 3940 sensibus,
2874 3880 2931 3931 et
2956 3877 3216 3931 turbatus
3247 3875 3479 3930 excitari
3519 3875 3594 3930 ad

1941 3948 2257 4004 maximam
2281 3948 2339 4001 in
2357 3949 2575 4001 hostem
2590 3952 2919 4016 protervum
2935 3946 3591 4016 indignationem,quem

1939 4019 2168 4090 speciali
2208 4022 2263 4072 et
2287 4035 2418 4071 raro
2446 4014 2628 4090 modo
2648 4018 2726 4070 sic
2754 4017 2976 4090 vincere
3004 4014 3185 4090 parat.
3220 4014 3314 4068 Vel
3334 4014 3591 4090 Christus

1938 4083 2270 4160 indignatur
2299 4093 2354 4143 et
2383 4087 2677 4160 obstrepit,
2698 4087 2833 4155 quia
2855 4083 3592 4160 unum_solum_resu_scitat,

1938 4154 2298 4215 dumvomnes
2326 4159 2398 4212 ad
2425 4154 2600 4211 vitam
2631 4154 2899 4211 revocare
2929 4156 3174 4211 venisset
3202 4172 3214 4209 :
3246 4154 3593 4223 interimque

1938 4227 2599 4298 detinebatur,quoniam
2614 4232 2839 4297 tempus
2856 4244 2888 4281 a
2905 4226 3098 4281 divina
3113 4224 3596 4298 praeordinatione

1938 4301 2253 4356 stabilitum
2286 4296 2542 4354 nondum
2567 4296 2898 4353 advenerat.
2926 4299 3086 4351 Mm.
3123 4296 3225 4352 Vel
3261 4296 3445 4366 potius
3474 4310 3595 4349 am-

1938 4370 2234 4455 plectenda
2254 4376 2341 4425 est
2357 4369 2637 4455 sententia
2654 4369 2973 4455 A‘ugustini,
2997 4366 3286 4455 Opiuantis
3305 4367 3594 4423 Christum

1936 4439 2297 4499 infremuisse
2328 4443 2398 4496 ob
2429 4445 2659 4512 peccata
2688 4440 3012 4508 hominum,
3038 4439 3074 4495 a
3100 4439 3300 4512 quibus
3331 4455 3513 4494 mors.

1940 4586 1973 4638 Ι)
2008 4515 2219 4638 stitiore
2254 4509 2621 4569 Hebraeorum
2655 4512 2914 4584 sepulcra
2947 4512 3004 4567 in
3049 4509 3330 4581 speluncis
3361 4525 3595 4567 excava-

1978 4602 2049 4638 an
2083 4602 2173 4638 ur.

1978 4589 2173 4641 antur.

2009 4657 2035 4697 ιτ
2064 4655 2346 4720 Quoniam
2376 4654 2597 4709 homini
2639 4655 2817 4709 vitam
2870 4653 3237 4718 innocentiae,
3288 4655 3346 4707 et
3391 4654 3593 4707 caetera

1940 4726 2091 4781 bona
2122 4726 2418 4780 fraudibus
2449 4726 2567 4780 suis
2592 4726 2824 4780 abstulit
2849 4726 3148 4796 ipsumque
3166 4725 3221 4778 in
3242 4723 3444 4778 mortis
3471 4738 3591 4796 spe-

1942 4743 2091 4781 oona
2122 4743 2418 4780 irauaious
2449 4743 2567 4780 suis
2592 4743 2824 4780 austum
2849 4743 3034 4796 ipsum
3080 4743 3221 4779 uein
3242 4743 3444 4778 morus
3471 4743 3591 4791 spe-

1936 4796 2166 4853 luncam
2204 4798 2461 4863 occlusit,
2491 4813 2561 4852 ne
2587 4797 2711 4868 quis
2742 4796 2960 4851 furtum
2988 4743 3225 4864 vigeret,
3258 4798 3358 4848 aut
3381 4792 3591 4863 reperi-

1938 4873 2049 4926 ret.
2088 4871 2244 4923 Mm.

2007 4940 2019 4980 ί
2050 4939 2539 5013 Lapisappositus
2570 4942 2694 5013 erat
2720 4939 2795 5013 _ad
2828 4938 3066 5013 ostium,
3093 4953 3193 5005 per
3222 4934 3375 5004 quod
3407 4934 3589 5013 inan-

1936 5014 2089 5064 trum
2124 5003 2407 5085 speluncae
2438 5010 2906 5085 descendebatur.
2941 5003 3325 5085 Speluncasios
3349 5003 3588 5085 quidem

1938 5098 2052 5135 una
2080 5074 2239 5152 parte
2251 5080 2575 5152 sublimius,
2596 5080 2775 5152 altera
2800 5074 3120 5152 depressius
3146 5078 3269 5130 erat
3298 5089 3310 5129 :
3347 5074 3588 5152 ideoque

1936 5143 2220 5221 lapis'non
2248 5151 2339 5206 hic
2372 5151 2579 5205 dicitur
2603 5148 2813 5204 revolvi
2855 5143 2916 5203 ut
2945 5147 3141 5203 Matth.
3173 5162 3365 5211 xxviii,
3402 5147 3455 5209 2,
3488 5143 3590 5199 sed

1935 5224 2225 5357 auifgblex,
2265 5308 2435 5347 omne
2466 5291 2523 5345 id
2550 5290 2702 5360 quod
2726 5287 2968 5360 obicitur
2989 5286 3330 5360 dicipotest.
3381 5287 3586 5360 Juven-

1932 5356 2253 5427 cus,1ib.1v,
2285 5379 2517 5432 pennas,
2547 5356 2749 5432 quibus
2774 5357 2987 5430 gallina
3010 5356 3191 5432 pullos
3210 5357 3589 5432 suoscircum-

1932 5434 2195 5506 plectitur
2222 5428 2390 5489 obices
2421 5428 2582 5506 dixit;
2613 5428 3121 5506 rVideiCasparem
3163 5428 3459 5506 Barthium
3491 5430 3587 5483 ad-

1932 5500 2086 5631 irlclzrs.t
2118 5504 2215 5629 Ιίέ).
2265 5521 2378 5573 xix,
2409 5520 2532 5575 cap.
2564 5503 2650 5568 14,
2684 5501 2780 5573 qui
2821 5501 2972 5558 hunc
3024 5500 3356 5577 Chrysologi
3397 5500 3585 5555 locum

1930 5592 1947 5631 ι
1997 5593 2059 5632 us
2088 5592 2153 5631 ra
2186 5618 2197 5630 .
