3958 6182
267 267 376 330 ιῢί

1763 260 2004 326 8ΕῆΜο
2045 262 2236 326 LXXI.

3561 281 3678 343 L08

257 398 626 460 latissimam
683 401 885 474 capias
927 403 1344 475 disciplinam;
1375 418 1402 448 ι
1431 403 1613 463 simul
1651 399 1797 473 quia
1840 395 1917 452 ad
1950 389 2000 452 Δ
2031 411 2162 452 esse
2192 398 2265 453 de
2283 398 3138 471 cmlisiErgocoelestemvitam
3153 409 3425 463 monstra
3439 407 3682 469 inhabi.

258 491 487 545 amoris
509 491 800 548 indicium
840 508 942 547 rex
970 493 1097 562 ipse
1124 492 1321 550 ofﬁcio
1352 494 1590 550 functus
1616 495 1706 550 est
1739 488 1921 546 advo~

259 579 395 647 cati,
419 584 483 635 ut
513 597 715 652 preces
749 582 972 653 quibus
993 582 1022 624 δ
1049 599 1450 652 responsurus
1482 587 1606 639 erat
1641 583 1771 653 ipse
1795 579 1919 634 dic-

258 672 432 723 taret.
468 670 776 726 Cunctatio
798 671 1468 744 ablataestimpetrandi
1488 671 1708 734 omnis,
1733 670 1920 725 immo

258 755 487 813 ﬁducia
505 758 723 815 collata
745 763 833 816 est
864 763 984 818 tota
1013 762 1413 833 promerendi,
1439 760 1688 833 quando
1715 760 1919 831 ipsum

262 859 326 898 se
352 843 495 913 legit
534 847 592 902 in
619 847 897 918 precibus
921 848 1024 919 qui
1051 854 1314 918 rogatur.
1347 853 1528 908 Metus
1557 849 1758 904 locum
1797 860 1919 902 non

257 931 461 998 habet,
497 934 600 992 ubi
625 952 662 992 a
708 937 874 994 Patre
904 937 1060 994 ﬁlius
1096 939 1314 1011 pietate
1345 940 1659 1011 interprete
1689 936 1920 994 deside-

258 1024 352 1076 rat
376 1037 515 1094 quae
545 1029 756 1083 sancta
780 1031 919 1082 sunt
937 1028 1277 1100 impetrare.

875 1151 1102 1208 SERMO
1143 1153 1312 1209 LXXI.

899 1267 965 1323 In
1002 1268 1286 1326 eamdem.

325 1385 564 1440 Fratres
591 1381 953 1447 charissimi,
979 1383 1082 1454 qui
1114 1400 1219 1440 vos
1250 1383 1498 1442 donavit
1521 1381 1919 1452 credere,ipse

248 1489 364 1528 vos
394 1472 601 1528 docuit
631 1475 688 1526 et
704 1487 898 1537 orare,
911 1477 970 1528 et
995 1477 1180 1529 totam
1195 1472 1700 1545 petendiformam
1715 1469 1916 1541 paucis

246 1561 484 1633 aptavit
509 1560 569 1616 in
591 1559 788 1616 verbis
813 1575 826 1614 :
855 1560 1002 1632 quia
1025 1578 1160 1618 cum
1182 1567 1410 1633 patrem
1434 1561 1715 1632 postulat,
1733 1558 1919 1615 multa

246 1665 428 1722 prece
457 1648 616 1703 ﬁlius
656 1664 775 1704 non
807 1648 1078 1716 laborat;
1118 1651 1268 1712 sicut
1314 1650 1474 1706 enim
1520 1653 1719 1720 petere
1761 1647 1919 1716 cogit

2029 487 2248 543 tatione
2279 493 2543 547 terrena:
2567 492 2711 562 quia
2742 492 2791 546 si
2815 491 2960 562 quid
2993 492 3053 547 in
3085 496 3138 547 te
3165 493 3415 561 gesserit
3454 500 3680 556 terrena

2030 577 2326 642 cogitatio,
2357 580 2502 636 ccelo
2534 581 2854 645 maculam,
2876 580 3100 637 caelesti
3147 582 3347 649 generi
3398 583 3679 650 iniuriam

2031 663 2300 722 intulisti.
2331 668 2744 737 Sancti/icetur
2761 686 2962 726 nomen
2996 676 3175 725 tuum.
3199 673 3318 726 Nos
3346 674 3604 741 petimus
3617 678 3682 734 ut

2029 756 2355 812 sanctiﬁcet
2374 773 2594 814 nomen
2621 775 2796 814 suum
2824 760 3000 823 Deus,
3031 759 3197 831 quod
3228 761 3539 818 sanctitate
3570 780 3681 822 sua

2030 847 2214 900 totam
2245 846 2433 902 salvat
2460 851 2513 903 et
2534 848 2864 904 sanctiﬁcat
2889 852 3237 905 creaturam.
3272 850 3525 914 Fratres,
3565 853 3680 910 hoc

2029 947 2249 988 nomen
2274 937 2363 989 est
2384 935 2550 1005 quod
2576 951 2845 1006 supernae
2867 939 3187 1006 potestates
3215 942 3458 1007 pavent,
3511 941 3679 1010 quod

2028 1022 2337 1077 tremenda
2356 1023 2693 1094 suscipiunt
2715 1025 2992 1080 servitute
3016 1042 3030 1080 :
3051 1026 3164 1080 hoc
3175 1040 3396 1082 nomen
3410 1029 3676 1098 estquod

2031 1109 2258 1165 mundo
2287 1111 2519 1181 perdito
2539 1112 2643 1167 dat
2658 1113 2937 1169 salutem:
2973 1112 3078 1168 sed
3103 1113 3359 1184 petimus
3376 1119 3437 1170 ut
3454 1128 3676 1174 nomen

2029 1198 2131 1253 Dei
2157 1205 2290 1254 actu
2312 1204 2519 1256 nostro
2545 1202 2946 1257 sanctiﬁcatur
2970 1202 3031 1258 in
3062 1201 3234 1257 nobis
3261 1222 3273 1268 ;
3310 1203 3485 1260 nobis
3516 1205 3677 1264 enim

2031 1286 2181 1342 bene
2203 1289 2514 1356 agentibus
2528 1289 2900 1346 benedicitur
2923 1306 3142 1347 nomen
3165 1292 3287 1360 Dei,
3319 1293 3496 1348 nobis
3521 1295 3677 1351 male

2029 1377 2343 1444 agentibus
2368 1377 2840 1450 blasphematur.
2857 1380 3002 1436 Audi
3017 1381 3366 1451 Apostolum
3380 1382 3677 1443 dicentem

2026 1465 2249 1522 Nomen
2262 1468 2371 1523 Dei
2377 1484 2481 1537 per
2492 1484 2585 1524 vos
2602 1469 3104 1539 blasphematurin
3117 1470 3385 1539 gentibus
3397 1472 3574 1542 (Rom.
3591 1473 3674 1536 ιι).

2028 1553 2284 1610 Petimus
2300 1572 2463 1623 ergo,
2490 1559 2749 1628 petimus
2767 1562 2829 1614 ut
2851 1562 3146 1629 quantum
3165 1574 3388 1616 nomen
3421 1561 3520 1616 Dei
3533 1577 3678 1617 san-

2028 1645 2187 1698 ctum
2218 1648 2322 1708 est,
2340 1649 2571 1702 tantum
2583 1662 2692 1702 nos
2718 1647 2849 1716 ejus
2866 1647 3274 1702 mereamurin
3288 1650 3504 1704 nostris
3524 1665 3678 1706 men-

245 1738 577 1794 necessitas
591 1737 953 1808 genitum,ita
972 1740 1406 1808 urgetcharitas
1422 1739 1560 1794 dare
1574 1737 1912 1807 genitorem.
1950 1747 1996 1808 Β
2028 1731 2184 1787 tibus
2206 1734 2595 1790 sanctitatem.
2630 1736 2821 1792 Veniat
2841 1751 3089 1804 regnum
3113 1743 3293 1791 tuum-
3321 1739 3501 1801 QuaSi
3553 1754 3677 1796 non

245 1828 419 1886 Pater
449 1841 595 1895 ergo
616 1825 720 1897 qui
751 1830 962 1896 sponte
979 1833 1242 1898 praestat,
1277 1844 1396 1883 non
1427 1831 1547 1883 tam
1579 1830 1641 1881 ut
1661 1829 1913 1896 petatur,

246 1931 440 1988 quam
461 1914 608 1986 quid
636 1919 872 1985 petatur
894 1916 1176 1984 ostendit,
1210 1920 1275 1971 ut
1298 1916 1457 1972 ﬁlius
1482 1914 1739 1987 petendo
1755 1914 1775 1984 j
1786 1917 1918 1972 usta

244 2001 510 2073 placeat,
527 2002 631 2073 qui
645 2006 840 2073 potest
856 2002 1032 2058 stulta
1043 2001 1918 2075 postulansdisplicere.Audite

245 2092 508 2154 Patrem,
535 2095 591 2145 et
621 2106 731 2145 vos
759 2090 915 2146 ﬁlios
945 2108 1074 2148 esse
1091 2093 1216 2162 jam
1246 2093 1554 2161 credite,ut
1580 2107 1714 2162 qua:
1736 2089 1914 2160 peties

243 2178 382 2235 ritis
414 2179 832 2235 incunctanter
868 2180 1189 2250 impetrare
1220 2181 1482 2252 possitis.
1521 2179 1674 2245 Quid
1720 2177 1916 2236 valeat

244 2266 423 2332 ﬁdes,
458 2266 783 2323 credulitas
816 2269 960 2340 quid
994 2270 1197 2339 possit,
1240 2270 1447 2341 quanti
1492 2269 1564 2323 sit
1597 2267 1914 2336 confessio,

241 2353 428 2410 hodie
452 2362 822 2412 monstratur
846 2357 904 2412 in
920 2358 1107 2413 vobis.
1141 2361 1283 2414 Ecce
1295 2357 1590 2414 Trinitatis
1611 2357 1761 2413 trina
1771 2371 1916 2412 con-

241 2442 430 2498 fessio
465 2443 525 2498 in
557 2443 860 2500 caelestem
893 2446 1166 2502 sobolem
1193 2446 1267 2502 de
1299 2449 1530 2502 terrena
1554 2461 1657 2500 vos
1679 2443 1919 2500 sustulit

243 2531 561 2597 servitute;
598 2548 733 2588 ecce
763 2532 914 2590 ﬁdes
947 2551 1082 2605 quas
1110 2537 1296 2592 Deum
1327 2535 1524 2592 locuta
1548 2541 1634 2590 est
1657 2538 1913 2605 patrem,

241 2624 486 2690 patrem
500 2620 670 2676 vobis
687 2624 867 2676 Deum
893 2623 1070 2680 hodie
1087 2625 1442 2695 conquisivit
1462 2640 1476 2690 ;
1500 2639 1634 2680 ecce
1649 2639 1761 2678 vox
1774 2638 1914 2693 quas

241 2707 525 2765 confessa
543 2713 629 2778 est
642 2709 1074 2777 Deum'Filium,
1095 2729 1202 2768 vos
1217 2713 1316 2768 Dei
1328 2712 1632 2784 adoptavit
1646 2712 1704 2766 in
1719 2710 1875 2766 ﬁlios
1894 2725 1909 2775 ;

241 2811 384 2850 ecce
415 2796 743 2852 credulitas
763 2814 900 2869 quas
922 2801 1103 2856 Deum
1120 2800 1401 2864 Spiritum
1419 2796 1914 2870 proclamavit,do

240 2885 445 2940 carnis
458 2886 796 2942 substantia
811 2888 1041 2944 mortali
1055 2888 1111 2943 in
1125 2889 1361 2945 vitalem
1378 2888 1624 2959 Spiritus
1637 2885 1914 2942 substan-

240 2975 392 3028 tiam
427 2989 536 3029 vos
564 2975 830 3030 mutavit.
865 2977 1006 3041 Quis
1044 2977 1278 3048 pietatis
1311 2981 1488 3033 tantae
1519 2975 1736 3043 dignus
1758 2974 1914 3028 inve-

239 3063 446 3118 nietur
465 3067 730 3118 assertor
747 3064 774 3118 ?
797 3067 946 3120 Deus
962 3069 1127 3122 Pater
1147 3066 1422 3122 homines
1437 3063 1912 3133 dignaturhtere-

240 3151 351 3206 des
362 3193 375 3214 ,
395 3150 544 3206 Deus
574 3151 748 3208 Filius
765 3168 886 3209 non
900 3153 1260 3224 dedignatur
1273 3154 1542 3211 servulos
1557 3152 1910 3217 cohaeredes,

240 3241 400 3300 Deus
420 3239 671 3311 Spiritus
683 3256 928 3298 carnem
945 3248 1282 3300 consortem
1303 3242 1620 3299 divinitatis
1639 3240 1909 3308 assumit,

239 3326 304 3382 ﬁt
321 3327 534 3382 ccelum
549 3330 846 3400 possessio
859 3334 1210 3388 terrenorum
1221 3331 1500 3398 ,etinferis
1514 3331 1723 3386 addicti
1734 3330 1754 3400 j
1765 3329 1913 3385 uris-

239 3416 504 3471 dictione
517 3416 920 3488 suscipiuntur
931 3419 986 3474 in
1003 3421 1288 3491 supernis,
1300 3419 1581 3492 Apostolo
1595 3417 1906 3490 probante,

241 3520 386 3560 cum
399 3503 544 3560 dicit
563 3521 574 3559 :
593 3507 688 3561 An
705 3507 932 3564 nescitis
946 3510 1088 3579 quia
1101 3510 1344 3579 angelos
1346 3509 1746 3578 judicabimus
1759 3508 1787 3562 i’
1807 3509 1912 3562 Vo-

242 3599 375 3648 cate
407 3607 551 3662 ergo
579 3595 763 3649 Deum
791 3600 1042 3666 patrem,
1077 3613 1302 3668 vosque
1331 3597 1379 3652 si
1409 3595 1680 3652 nondum
1713 3599 1905 3658 natos,

237 3681 374 3749 jam
395 3682 947 3754 tamendesignatos
969 3684 1123 3740 ﬁlios
1145 3701 1271 3740 esse
1287 3686 1412 3755 jam
1437 3685 1674 3752 credite,
1694 3687 1750 3738 et
1769 3683 1910 3738 date

241 3785 500 3840 operam
527 3775 824 3841 quatenus
856 3772 932 3827 sit
953 3772 1122 3829 vobis
1143 3773 1396 3830 caelestis
1429 3774 1569 3837 vita,
1593 3773 1711 3827 sint
1741 3771 1908 3828 vobis

241 3858 430 3912 divini
467 3866 753 3929 mores,et
771 3861 963 3918 forma
975 3862 1206 3918 deitatis
1221 3867 1344 3918 tota
1357 3867 1548 3918 vestra
1563 3861 1910 3933 praeferatur

244 3948 300 4002 in
332 3947 561 4013 forma;
582 3948 721 4019 quia
763 3950 1016 4006 caelestis
1055 3953 1219 4007 Pater
1244 3952 1673 4024 respondentes
1704 3948 1908 4019 generi

240 4036 401 4090 ﬁlios
419 4037 765 4092 muneribus
784 4038 924 4094 ditat
937 4039 1608 4109 divinis,degenerantes
1621 4039 1692 4095 ad
1708 4053 1906 4110 paena-

237 4125 364 4180 lem
395 4132 636 4180 revocat
662 4128 1024 4184 servitutem.
1048 4131 1227 4185 Pater
1240 4136 1438 4185 noster
1449 4129 1551 4200 qui
1570 4144 1627 4184 es
1645 4129 1704 4182 in
1719 4126 1899 4184 caelis.

241 4214 676 4270 Succumberet
702 4216 1064 4273 conscientia
1095 4218 1337 4280 servilis,
1371 4223 1603 4273 terrena
1640 4215 1906 4271 conditio

239 4302 616 4367 solvertetur,
639 4305 748 4359 nisi
770 4321 881 4359 nos
905 4306 982 4360 ad
1000 4305 1159 4362 hunc
1180 4306 1500 4362 clamorem
1516 4305 1701 4377 ipsius
1713 4303 1902 4360 Patris

241 4394 594 4460 auctoritas,
625 4392 812 4463 ipsius
844 4393 944 4449 ﬁlii
983 4395 1222 4466 Spiritus
1257 4396 1554 4452 excitaret.
1584 4394 1766 4459 Misit,
1801 4392 1900 4460 ait,

1945 3109 1992 3174 C

2028 1836 2256 1892 semper
2280 1820 2476 1890 fuerit,
2504 1840 2574 1880 ac
2605 1825 2695 1889 sit,
2729 1825 2812 1880 sic
2842 1839 3096 1891 regnum
3132 1824 3344 1882 Christi
3368 1830 3430 1881 nt
3476 1830 3678 1884 veniat

2025 1926 2188 1968 nunc
2211 1926 2517 1979 rogamus.
2543 1916 2607 1968 Et
2630 1913 2734 1969 ubi
2763 1919 2848 1970 est
2883 1913 3026 1968 illud
3044 1912 3073 1968 i’
3108 1916 3358 1984 Regnum
3385 1916 3491 1971 Dei
3512 1916 3678 1974 intra

2027 2014 2128 2056 vos
2156 1999 2408 2070 ρεταινς.
2440 2001 2602 2069 xvn).
2627 2004 2782 2060 Inter
2807 2017 2918 2058 nos
2933 2005 3027 2058 est
3050 2001 3300 2063 ﬁde,sed
3322 2007 3386 2057 ut
3403 2019 3464 2063 re
3481 2004 3678 2062 veniat

2028 2089 2458 2159 supplicamus.
2492 2093 2740 2154 Fratres,
2765 2090 3057 2161 quamdiu
3082 2091 3360 2146 diabolus
3384 2093 3550 2149 vario
3579 2109 3678 2150 ne-

2026 2176 2351 2249 qultiarum
2385 2194 2618 2248 genere,
2645 2179 2995 2236 multimoda
3024 2183 3148 2235 arte
3179 2179 3421 2236 fallendi
3477 2198 3679 2240 rerum

2027 2266 2216 2322 aciem
2231 2266 3324 2341 turbat,sensushominum,moresque
3337 2269 3676 2335 confundit,

2027 2356 2188 2412 saavit
2207 2356 2402 2421 idolis,
2417 2357 2738 2428 sacrilegiis
2759 2357 2918 2425 furit,
2941 2357 3089 2414 fallit
3117 2359 3399 2429 auguriis,
3449 2358 3681 2416 divina-

2026 2444 2186 2502 tione
2213 2446 2509 2510 mentitur,
2543 2446 2732 2516 signis
2761 2446 3004 2517 decipit,
3023 2445 3420 2511 illuditastris,
3447 2452 3680 2518 specta-

2024 2533 2172 2589 culis
2196 2538 2472 2605 occupat,
2505 2534 2743 2590 ohsidet
2771 2535 2949 2600 vitiis,
2978 2536 3236 2606 peccatis
3253 2535 3540 2601 vulnerat,
3564 2536 3679 2592 cri-

2025 2621 2286 2676 minibus
2315 2622 2562 2686 sauciat,
2607 2622 3022 2692 desperatione
3069 2624 3409 2693 prosternit,
3468 2624 3676 2680 Christi

2022 2723 2260 2780 regnum
2279 2710 2660 2781 prolongatet
2671 2710 2972 2767 absentiat
2992 2727 3028 2767 a
3047 2711 3509 2766 nobis.Petimus
3531 2727 3674 2779 ergo

2024 2801 2087 2852 ut
2114 2797 2310 2852 veniat
2335 2802 2572 2868 tempus
2597 2815 2741 2869 quo,
2777 2797 3076 2855 malitanti
3106 2802 3350 2855 auctore
3365 2803 3670 2865 pereunte,

2025 2884 2765 2950 mundustotus,creatura
2781 2890 2922 2950 tota,
2952 2889 3137 2941 totam
3161 2885 3346 2941 solius
3358 2885 3565 2942 Christi
3587 2899 3675 2942 re-

2023 2977 2160 3045 gnet
2178 2978 2238 3030 et
2253 2975 2576 3046 triumphet
2591 2975 2668 3031 ad
2690 2975 2942 3046 gloriam
2964 2992 2978 3039 ;
3003 2979 3059 3030 et
3077 2975 3180 3030 ﬁat
3201 2975 3364 3044 quod
3381 2975 3670 3045 sequitur,

2023 3066 2086 3118 ut
2117 3063 2270 3118 sicut
2289 3064 2346 3118 in
2375 3064 2544 3130 caelo,
2576 3065 2658 3122 ita
2687 3069 2742 3120 et
2771 3065 2830 3119 in
2859 3069 3016 3120 terra
3035 3079 3158 3120 una
3182 3064 3420 3120 Domini
3452 3064 3526 3120 sit
3577 3081 3676 3120 vo-

2022 3153 2242 3210 luntas.
2275 3152 2357 3208 Sit
2381 3157 2536 3209 terra
2563 3153 2802 3220 caelum,
2834 3152 2959 3210 vita
2975 3154 3146 3218 Deus,
3180 3158 3417 3222 tempus
3445 3154 3676 3210 eterni-

2021 3244 2135 3306 tas,
2160 3241 2352 3313 patria
2372 3242 2626 3314 requies,
2659 3257 2877 3298 census
2930 3241 3291 3307 innocentia,
3323 3243 3518 3300 honor
3563 3243 3680 3300 im-‘

2022 3330 2371 3395 mortalitas,
2401 3330 2426 3371 ά
2453 3331 2644 3399 gloria
2664 3331 2927 3394 castitas,
2961 3332 3117 3386 Deus
3141 3334 3351 3386 totum.
3405 3331 3669 3397 Addidit,

2019 3420 2232 3476 Panem
2253 3427 2520 3476 nostrum
2548 3421 2965 3492 quotidianum
3006 3420 3082 3476 da
3110 3420 3276 3477 nobis
3305 3419 3496 3474 hodie.
3537 3423 3673 3477 Post

2018 3510 2436 3579 paternitatem
2468 3509 2588 3576 Dei,
2620 3513 2755 3580 post
2780 3507 2970 3564 divini
2988 3506 3248 3564 nominis
3274 3506 3667 3568 sanctitatem.

2017 3596 2295 3667 postcmli
2306 3611 2579 3665 regnum,
2609 3596 3032 3665 quotidianum
3046 3611 3259 3667 panem
3276 3594 3670 3665 jubemn‘rex-

2017 3701 2284 3757 poscere.
2318 3686 2579 3741 Christus
2597 3685 2883 3742 oblivioni
2914 3700 3036 3741 non
3068 3684 3358 3754 subiacet,
3405 3684 3675 3741 Christus

2015 3772 2315 3828 mandatis
2345 3773 2466 3828 suis
2495 3773 2794 3829 contraria
2819 3790 2939 3829 non
2962 3772 3289 3829 demandat
3308 3773 3455 3842 ;ipse
3484 3773 3666 3838 dixit;

2016 3860 2214 3918 Nolite
2224 3861 2462 3916 solliciti
2470 3876 2587 3917 esse
2603 3861 2815 3918 anima:
2842 3867 3044 3918 vestrae
3054 3862 3190 3931 quid
3200 3862 3558 3918 manducetis
3569 3869 3668 3918 aut

2016 3949 2162 4021 quid
2183 3949 2390 4004 bibatis
2417 3950 2649 4020 (Matth.
2675 3950 2902 4015 v1).Sed
2926 3950 3072 4022 quia
3097 3949 3224 4018 ipse
3254 3954 3341 4005 est
3365 3949 3539 4019 panis
3563 3949 3667 4020 qui

2014 4038 2090 4093 de
2111 4037 2258 4092 caelo
2287 4037 2594 4094 descendit
2620 4039 2812 4107 (Joan.
2841 4039 2943 4102 v1),
2964 4037 3060 4107 qui
3078 4036 3224 4105 legis
3239 4043 3293 4090 et
3322 4036 3525 4106 gratias
3544 4052 3670 4092 mo-

2014 4127 2072 4183 la
2106 4129 2337 4196 aptatus
2360 4130 2447 4182 est
2471 4126 2530 4181 in
2553 4124 2826 4190 farinam,
2858 4126 2959 4196 qui
2987 4123 3174 4180 crucis
3222 4123 3529 4180 confectus
3579 4129 3670 4180 est

2013 4215 2314 4286 passione,
2329 4215 2433 4286 qui
2459 4229 2696 4282 magnas
2714 4213 2948 4284 pietatis
2969 4211 3357 4268 fermentatus
3375 4215 3672 4268 estsacra-

2015 4308 2229 4368 mento,
2248 4304 2345 4375 qui
2375 4316 2400 4345 ο
2429 4302 2867 4374 conspersionis
2889 4301 3670 4358 levislavamentumsustu-

2014 4392 2076 4450 lit
2098 4393 2172 4448 de
2205 4393 2496 4464 sepulcro,
2528 4392 2624 4463 qui
2657 4391 3200 4447 utdivinitatissute
3231 4389 3426 4446 calore
3453 4405 3670 4462 coque-

240 4483 403 4537 Deus
426 4483 721 4552 Spiritum
745 4483 891 4538 Filii
917 4485 1010 4539 sui
1036 4486 1097 4539 in
1118 4485 1298 4540 corda
1328 4490 1530 4541 nostra
1556 4485 1901 4540 clamantem
1938 4474 1984 4532 D
2014 4486 2193 4547 retur,
2222 4482 2347 4553 ipse
2369 4481 2671 4537 clibanum
2686 4477 3355 4551 decoxitinferni,qniad
3375 4479 3670 4536 caelestem

241 4571 413 4626 Abba
438 4572 637 4626 Pater.
657 4582 680 4610 ο
712 4572 1202 4640 Lassescitmens,
1231 4589 1370 4628 caro
1402 4577 1598 4628 nostra
1620 4570 1904 4628 deﬁcitad

241 4659 472 4722 divina,
506 4659 617 4712 nisi
667 4659 817 4713 Deus
845 4676 981 4730 quae
1014 4661 1140 4715 fieri
1182 4661 1353 4732 jubet
1377 4661 1624 4732 impleat
1650 4660 1775 4729 ipse
1800 4658 1905 4730 qui

241 4747 434 4817 jubet.
461 4747 716 4809 Quando
727 4762 874 4801 ausa
887 4747 1220 4802 mortalitas
1236 4748 1426 4803 Deum
1438 4763 1651 4802 vocare
1673 4752 1904 4818 patrem

245 4834 365 4889 nisi
382 4833 586 4897 modo,
601 4835 847 4905 quando
865 4851 1125 4907 superna
1142 4838 1352 4892 virtute
1366 4837 1623 4892 hominis
1639 4836 1909 4892 animan-

244 4930 339 4979 tur
371 4925 601 4978 interna
620 4924 648 4979 Ἰ
670 4924 842 4979 Pater
853 4931 1053 4980 noster
1073 4927 1177 4995 qui
1191 4941 1246 4981 es
1267 4928 1325 4979 in
1343 4926 1525 4982 ccelis.
1544 4922 1908 4996 llomo,quid

245 5028 572 5068 commune
606 5028 743 5066 cum
776 5011 942 5067 terris
973 5012 1099 5077 tibi,
1132 5013 1232 5085 qui
1264 5013 1560 5069 conﬁteris
1591 5013 1695 5068 tibi
1717 5028 1910 5082 genus

316 5181 343 5209 ει
375 5164 563 5217 Etiam
596 5164 742 5232 quia.

315 5242 344 5281 b
375 5237 462 5289 lta
492 5235 726 5304 corrigit
757 5235 1058 5297 Meursius,
1105 5240 1167 5290 ut
1223 5243 1307 5289 est
1344 5236 1400 5289 in
1434 5235 1682 5290 editione
1721 5235 1910 5305 prima

246 5309 470 5362 Bonon.
506 5306 648 5359 Editi
683 5305 800 5359 fere
830 5323 1049 5375 omnes,
1080 5323 1386 5372 responsus.

321 5390 346 5418 ο
373 5377 654 5432 Meursius
675 5377 1014 5448 corrigebat,
1047 5379 1310 5447 ﬂaccessit
1325 5394 1488 5432 mens.
1517 5377 1912 5433 Sanctiﬁcetur

244 5451 300 5505 in
349 5449 534 5504 nobis.
573 5449 941 5518 Augustinus,
999 5466 1170 5504 serm.
1220 5449 1357 5503 olim
1398 5449 1468 5502 48
1523 5449 1591 5503 de
1639 5449 1904 5514 Diversis,

246 5537 398 5577 nunc
427 5522 579 5574 ὕδει
602 5521 669 5573 57
708 5520 856 5574 :Hoe
895 5536 1075 5590 rogas,
1122 5520 1272 5590 quod
1317 5535 1535 5588 semper
1573 5523 1822 5575 sanctum
1851 5521 1912 5574 in

245 5612 318 5662 se,
350 5592 730 5663 sanctiﬁcatur
760 5593 818 5645 in
867 5597 913 5645 te
945 5608 962 5657 ;
1015 5592 1073 5646 id
1100 5599 1171 5648 est
1204 5599 1448 5648 sanctum
1475 5591 1760 5658 habeatur,
1802 5607 1913 5652 non

2015 4570 2206 4626 cibum
2221 4569 2600 4641 quotidianus
2612 4569 2880 4624 Ecclesiae
2892 4568 3154 4625 defertur
3174 4568 3246 4624 ad
3265 4568 3673 4640 mensam,qui

2015 4661 2070 4714 in
2088 4659 2500 4714 remissionem
2517 4658 2808 4728 frangitur
2819 4661 3225 4729 peccatorum,
3237 4657 3339 4729 qui
3355 4658 3593 4712 edentes
3608 4672 3669 4713 se

2013 4750 2360 4820 perpetuam
2391 4746 2584 4816 pascit
2608 4751 2663 4801 et
2693 4746 2908 4802 enutrit
2938 4746 3015 4801 ad
3039 4746 3243 4810 vitam,
3273 4745 3434 4801 hunc
3453 4761 3668 4817 panem

2016 4835 2280 4908 quotidie
2310 4836 2485 4892 nobis
2499 4836 2628 4891 dari
2652 4835 3125 4907 petimus,donec
3148 4833 3247 4890 illo
3274 4834 3333 4890 in
3357 4834 3451 4890 die
3465 4848 3672 4904 perpe-

2020 4930 2120 4982 tuo
2145 4924 2540 4995 perfruamur.
2567 4926 2642 4980 Et
2663 4925 2889 4980 dimitte
2912 4923 3076 4980 nobis
3104 4923 3301 4979 debita
3315 4929 3508 4977 nostra
3524 4921 3672 4976 sicut

2019 5021 2071 5070 et
2084 5030 2188 5070 nos
2206 5014 2547 5069 dimittimus
2571 5013 2926 5069 debitoribus
2946 5012 3185 5067 nostris.
3203 5012 3412 5074 Homo,
3435 5009 3459 5050 ι
3482 5022 3673 5080 penes

2020 5170 2416 5221 contemnatur.

2093 5235 2120 5277 ἀ
2151 5237 2335 5300 Quam
2364 5234 2701 5300 male,bone
2716 5234 2863 5289 Deus
2888 5232 2900 5286 l
2930 5230 3196 5286 Plurimae
3214 5228 3495 5286 editiones
3529 5248 3540 5286 :
3571 5233 3671 5287 Ve-

2023 5310 2173 5371 neta,
2201 5305 2464 5365 Sarzinae,
2507 5304 2764 5375 Lugdun.
2801 5301 3300 5376 Durandi,_Colon.
3347 5303 3672 5376 Henningii,

2022 5385 2148 5441 etc.,
2175 5377 2333 5446 furia
2354 5373 2880 5446 castitas.‘Lugdun.
2903 5373 3227 5439 Landriani,
3252 5379 3485 5430 curante
3499 5373 3677 5432 Theo-

2023 5445 2181 5520 philo
2211 5447 2545 5520 Raynaudo,
2580 5445 2749 5520 habet
2775 5462 2914 5520 cura
2946 5445 3191 5520 castitas.

2093 5531 2120 5560 ο
2151 5521 2216 5576 In
2249 5516 2557 5582 ncnnullis,
2593 5516 2738 5572 sicut
2767 5521 2824 5573 et
2864 5516 2920 5571 in
2964 5532 3074 5571 ms.
3118 5517 3295 5572 Vatic.
3330 5519 3490 5574 deest
3521 5518 3676 5575 levis.

2095 5589 2121 5635 ἰ
2146 5589 2522 5663 Explicandus
2561 5593 2647 5646 est
2686 5588 3063 5662 Chrysologus
3102 5605 3169 5646 ex
3211 5590 3544 5663 Augustino,
3580 5587 3678 5661 qui
