3958 6182
345 297 458 364 £03

1637 294 1695 356 S.
1743 291 1954 356 PETRI
1995 291 2465 358 CHRYSOLOGI.

3631 293 3745 361 tos

342 439 400 490 te
421 439 506 490 est
531 429 793 505 potestas
817 429 1024 494 venire,
1050 428 1111 485 in
1141 433 1196 486 te
1223 434 1316 485 est
1341 425 1747 498 indulgentia,
1794 429 1856 480 tu
1885 423 1991 479 tibi
2021 423 2070 484 Δ
2099 423 2504 485 hazreditatem
2535 445 2724 487 rerum
2748 429 3021 486 omnium
3040 428 3456 502 possidebunt,
3489 433 3546 485 et
3571 429 3642 486 de
3658 447 3754 488 ex-

343 521 718 580 remissionis
745 526 952 576 auctor
971 536 1033 575 es
1053 517 1423 575 constitutus.
1481 516 1670 572 Gratis
1699 514 1847 586 petis
1889 527 1994 567 ve-

344 611 642 683 niam,qui
656 610 758 665 tibi
771 610 830 664 in
848 609 964 664 alio
987 607 1293 676 indulgere
1310 605 1651 662 contemnis.
1675 607 1860 660 Homo
1873 614 1898 644 ι
1927 605 1993 657 tu

343 701 450 757 tibi
484 696 1105 754 misericordiaefactus
1119 711 1179 749 es
1206 694 1332 766 ipse
1350 709 1665 760 mensura;
1697 694 1992 764 quantum

345 789 564 861 quieris
596 783 1035 847 misericordiae,
1055 783 1143 838 fac
1164 788 1415 839 tantum.
1443 785 1518 840 Et
1535 799 1603 839 ne
1631 797 1736 838 nos
1757 781 1992 836 inducas

346 879 407 932 in
444 877 843 932 tentationem.
864 872 1127 927 Tentatio
1140 878 1243 937 est,
1259 872 1488 942 fratres,
1515 871 1745 944 species
1761 869 1991 936 fallens,

345 980 480 1037 qua:
504 977 789 1035 prospera
817 961 876 1016 in
907 961 1190 1029 adversis,
1219 963 1472 1018 adversa
1497 960 1756 1017 occultat
1780 959 1834 1013 in
1863 972 1994 1029 pro-

346 1053 555 1124 speris,
574 1052 1026 1122 humanamque
1039 1051 1439 1120 ignorantiam
1463 1050 1704 1105 dolosos
1721 1047 1919 1103 educit
1933 1046 1994 1101 in

346 1139 577 1213 lapsus;
605 1140 864 1212 petimus
891 1155 1032 1209 ergo
1053 1155 1126 1195 ne
1157 1140 1416 1211 peccatis
1446 1135 1883 1210 impellentibus
1933 1135 1994 1188 in

346 1229 745 1287 tentationum
760 1228 964 1284 foveas
977 1229 1229 1284 incidam
1239 1228 1618 1283 us.lnducere
1632 1231 1821 1282 autem
1842 1224 1996 1279 Deus

345 1319 579 1385 dicitur,
603 1323 907 1373 currentes
926 1317 1001 1373 ad
1017 1317 1418 1373 criminacum
1432 1315 1730 1388 relinquit.
1747 1313 1850 1371 Sed
1866 1312 1997 1370 libe‘

345 1425 419 1464 ra
441 1424 546 1464 nos
576 1423 611 1464 a
640 1407 820 1463 malo.
842 1405 946 1461 Hic
965 1406 1106 1461 mali
1123 1406 1351 1461 malum
1370 1405 1648 1474 designat
1664 1407 1991 1464 auctorem,

343 1497 460 1554 hoc
489 1501 594 1560 est,
629 1493 1002 1551 diabolum.h
1033 1495 1291 1550 Petimus
1322 1509 1464 1566 ergo
1501 1498 1563 1548 ut
1593 1506 1838 1547 munere
1881 1490 1994 1545 hoc

345 1601 469 1642 uno
489 1584 664 1641 malis
680 1583 964 1640 omnibus
982 1600 1119 1639 cum
1135 1583 1274 1639 mali
1287 1599 1600 1640 careamus
1614 1585 1875 1637 auctore.
1890 1581 1991 1634 Pa-

347 1682 435 1733 ter
461 1680 661 1731 noster
696 1674 802 1745 qui
822 1689 878 1730 es
908 1674 971 1728 in
993 1675 1162 1728 caelis.
1183 1675 1367 1728 Nemo
1399 1687 1536 1727 cum
1563 1686 1625 1726 se
1661 1669 1850 1726 ﬁlium
1875 1668 1990 1724 cla-

2099 529 2268 571 cessu
2301 518 2487 588 patris
2513 519 2706 576 luctus
2735 523 3075 591 temporum
3108 533 3230 575 non
3256 517 3566 575 videbunt.

2686 608 2915 665 SERMO
2959 608 3156 663 LXXII.

2720 696 2790 751 In
2829 696 3087 753 eamdem
3102 738 3116 753 .

2172 781 2339 848 Quod
2353 798 2465 854 ego
2481 784 2665 841 modo
2680 801 2817 841 cum
2836 800 3053 857 magno
3066 789 3312 841 tremore
3324 784 3591 841 dicturus
3604 802 3750 854 sum,

2099 871 2265 942 quod
2293 887 2404 928 vos
2429 873 2567 928 estis
2596 889 2758 930 nunc
2778 873 3111 929 terribiliter
3140 873 3418 941 audituri,
3446 874 3756 932 immoter-

2098 960 2146 1014 ri
2156 959 2344 1016 biliter
2359 963 2894 1034 vocaturi,stupent
2915 962 3132 1032 angeli,
3147 967 3472 1034 pavescunt
3487 963 3753 1032 virtutes,

2101 1064 2429 1120 supernum
2444 1052 2662 1107 coelum
2676 1067 2797 1107 non
2814 1051 2989 1123 capit,
3017 1051 3104 1107 sol
3132 1067 3253 1107 non
3277 1051 3619 1117 videt,terra
3633 1068 3756 1110 non

2102 1137 2370 1203 sustinet,
2403 1144 2526 1195 tota
2557 1155 2666 1196 non
2683 1141 3021 1212 assequitur
3047 1144 3334 1196 creatura.
3357 1139 3510 1209 Quid
3536 1141 3613 1197 ad
3627 1141 3759 1198 haec

2103 1227 2352 1282 mortale
2373 1229 2621 1300 pectus?
2646 1229 2799 1294 Quid
2829 1229 2906 1285 ad
2926 1229 3054 1284 haec
3081 1245 3253 1284 mens
3285 1229 3544 1285 hominis
3570 1230 3766 1286 imbe-

2103 1315 2236 1372 cilla
2255 1316 2283 1371 ?
2305 1316 2458 1381 Quid
2476 1317 2554 1373 ad
2585 1318 2711 1373 haec
2741 1317 2990 1374 humani
3020 1334 3232 1373 sensus
3263 1319 3579 1387 angustia?
3607 1320 3764 1384 Quid

2102 1404 2180 1460 ad
2207 1404 2336 1460 haec
2361 1405 2640 1462 humanae
2665 1405 2831 1462 vocis
2841 1421 2989 1462 aura
3004 1406 3034 1461 ?
3047 1406 3198 1472 Quid
3214 1406 3289 1462 ad
3317 1407 3473 1462 istud
3487 1407 3763 1466 humana

2100 1492 2307 1562 lingua
2336 1494 2451 1550 cito
2480 1494 2775 1551 tacitura?
2803 1495 2921 1551 Hoc
2934 1494 3156 1551 Paulus
3185 1494 3210 1536 ά
3242 1495 3612 1552 invisibiliter
3631 1513 3762 1552 cum

2099 1580 2362 1647 vidisset,
2383 1581 2638 1653 prodidit
2664 1597 2784 1638 non
2806 1582 3141 1654 prodendo,
3157 1582 3353 1638 dicens
3379 1584 3530 1641 :Nec
3559 1586 3762 1641 oculus

2100 1670 2269 1736 vidit,
2292 1685 2393 1726 nec
2422 1671 2578 1725 auris
2590 1670 2839 1736 audivit,
2865 1687 2965 1726 nec
2990 1671 3054 1726 in
3081 1687 3178 1726 cor
3191 1671 3434 1727 hominis
3467 1675 3758 1744 ascendit,

342 1768 487 1829 mat,
519 1777 764 1819 manere
795 1777 856 1817 se
869 1761 1113 1817 miretur
1141 1761 1198 1816 in
1211 1760 1416 1816 habitu
1444 1757 1734 1815 servitutis
1759 1773 1772 1812 :
1803 1756 1881 1812 ad
1902 1756 1991 1811 di-
2021 1784 2067 1843 Β
2099 1775 2222 1832 quae
2248 1766 2611 1832 praeparavit
2640 1762 2790 1816 Deus
2820 1761 3206 1830 diligentibus
3228 1777 3286 1818 se
3307 1765 3350 1828 (l
3376 1761 3505 1818 Cor.
3531 1764 3614 1833 ιι).
3639 1764 3762 1820 Hoc

342 1853 549 1909 vinum
573 1867 814 1922 germen
834 1850 1012 1907 hodie
1027 1850 1374 1917 designatus
1394 1864 1480 1912 es,
1496 1862 1617 1904 non
1639 1850 1950 1919 promotus
1973 1863 1988 1916 ;

345 1958 537 2015 spem,
567 1956 689 1996 non
710 1955 858 2005 rem,
882 1944 935 1995 te
958 1938 1190 1994 noveris
1221 1942 1630 1994 consecutum.
1662 1935 1809 1990 Audi
1839 1937 1993 2006 Apo-

344 2033 564 2089 stolum
589 2046 602 2086 :
624 2031 743 2100 Spe
756 2031 908 2086 salvi
930 2029 1075 2098 facti
1103 2044 1296 2083 sumus
1316 2045 1332 2082 :
1349 2043 1477 2096 spes
1490 2032 1676 2083 autem
1704 2040 1834 2096 quae
1846 2023 1993 2081 vide-

343 2130 444 2178 tur
455 2137 569 2177 non
600 2119 1003 2190 estspes,quod
1014 2120 1166 2174 enim
1190 2117 1345 2173 videt
1372 2114 1675 2188 quis,quid
1685 2117 1926 2183 sperat?
1944 2113 1994 2169 si

344 2215 536 2266 autem
562 2209 715 2279 quod
751 2223 870 2263 non
902 2207 1165 2262 videmus
1181 2219 1503 2273 speramus,
1531 2218 1632 2273 per
1654 2201 1994 2270 patientiam

344 2303 727 2368 exspectamus
740 2293 1250 2366 (Rom.vm).Hodie
1261 2291 1571 2363 adoptionis
1584 2289 1993 2356 estdies,hodie

342 2382 766 2457 promissionis
786 2386 1025 2452 tempus
1036 2387 1152 2436 est:
1174 2379 1336 2444 audi,
1353 2378 1547 2447 crede,
1565 2384 1995 2451 exspecta,cre-

344 2473 420 2529 de
449 2470 721 2528 creditori
747 2474 869 2535 tuo,
888 2469 993 2542 qui
1015 2469 1118 2524 tibi
1160 2468 1409 2523 credidit
1448 2466 1735 2533 debitori;
1788 2482 1995 2538 exspe-

343 2565 435 2618 cta
461 2573 789 2633 parumper
817 2565 880 2614 ut
899 2557 1112 2622 veniat,
1135 2555 1239 2628 qui
1265 2561 1321 2612 te
1346 2555 1443 2611 diu
1455 2556 1811 2611 sustinuitut
1831 2555 1995 2611 veni-

342 2664 471 2715 res;
503 2649 585 2704 da
615 2646 696 2702 illi
718 2645 990 2702 inducias
1015 2645 1090 2700 de
1107 2645 1418 2718 promisso,
1450 2644 1554 2716 qui
1577 2643 1681 2700 tibi
1696 2643 1993 2717 quidquid

340 2742 466 2795 erat
493 2735 677 2792 debiti
711 2735 838 2806 jam
871 2733 1132 2790 donavit.
1161 2737 1272 2789 Aut
1301 2748 1488 2806 quare
1514 2737 1575 2788 tu
1601 2732 1866 2801 fatigaris
1886 2747 1993 2804 spe

340 2827 462 2892 Dei,
501 2841 638 2882 cum
671 2839 860 2894 genus
883 2837 1063 2879 omne
1081 2821 1388 2878 hominum
1413 2821 1700 2878 subsistat
1715 2837 1843 2894 spe,
1867 2821 1994 2879 ﬁde

339 2914 546 2972 vivat?
568 2913 840 2982 Agricola
867 2927 1202 2984 numquam
1225 2915 1444 2967 sereret
1478 2911 1750 2980 anhelus,
1778 2911 1826 2966 si
1877 2911 1994 2966 fru-

341 3009 504 3060 ctum
531 3000 758 3057 laboris
769 3000 858 3055 sui
881 2999 957 3054 de
981 3004 1238 3071 tempore
1265 3013 1385 3054 non
1401 3003 1663 3070 speraret
1682 3014 1697 3064 ;
1716 2998 1995 3053 viatoria-

339 3092 550 3148 borem
572 3089 782 3162 prolixi
805 3087 1028 3143 itineris
1052 3103 1173 3143 non
1207 3086 1452 3150 subiret,
1481 3086 1595 3141 nisi
1623 3101 1684 3140 se
1715 3088 1794 3141 ad
1818 3087 1995 3142 desti-

340 3184 482 3237 nata
504 3178 772 3234 crederet
794 3175 1105 3248 pervenire
1132 3190 1147 3241 ;
1182 3179 1369 3230 nauta
1394 3189 1557 3230 mare
1584 3189 1704 3230 non
1754 3174 1996 3231 intraret

341 3270 622 3333 incertus,
647 3266 693 3321 si
725 3281 786 3321 se
814 3265 993 3320 lucris
1035 3262 1426 3336 sequentibus
1458 3267 1995 3334 compensaturum

340 3358 567 3415 viarum
593 3354 932 3411 discrimina
963 3368 1078 3408 non
1106 3355 1397 3424 speraret;
1431 3351 1591 3407 miles
1631 3356 1754 3408 tota
1784 3351 1996 3422 juven-

343 3449 482 3504 tutis
509 3452 782 3517 tempora
801 3458 919 3499 non
939 3444 1143 3512 ageret
1171 3441 1228 3495 in
1259 3441 1560 3512 periculis,
1600 3441 1647 3496 si
1678 3441 1996 3497 senectutis

342 3535 603 3592 honores
628 3531 1082 3605 copiosissimos
1095 3545 1215 3585 non
1237 3533 1527 3600 speraret;
1550 3529 1704 3584 ﬁlius
1731 3533 1997 3601 paterna

343 3620 767 3678 dominationis
789 3631 814 3661 ο
843 3624 1116 3689 tempora
1131 3633 1253 3674 non
1265 3617 1526 3684 duraret,
1556 3618 1603 3673 si
1637 3633 1698 3673 se
1720 3618 1998 3675 substan-

344 3710 439 3766 tim
468 3713 727 3780 paternas
756 3722 878 3762 non
904 3710 1168 3777 speraret
1198 3705 1524 3761 haeredem.
1558 3708 1624 3761 Et
1648 3711 1710 3762 tu
1732 3706 1854 3762 site
1878 3708 1998 3779 jam

343 3797 523 3853 ﬁlium
550 3795 649 3852 Dei
667 3795 879 3864 credis,
902 3795 1076 3866 juxta
1101 3795 1470 3867 prophetam:
1499 3796 1783 3866 Exspecta
1803 3798 2002 3853 Domi-

342 3902 479 3942 num
491 3885 750 3941 viriliter
759 3889 940 3956 age,et
953 3887 1320 3955 con/“artetur
1331 3900 1429 3940 cor
1442 3891 1603 3941 tuum
1618 3885 1968 3958 (Psal.xxv1)
1981 3909 1998 3963 ;

345 3979 403 4032 et
429 3978 729 4047 exspecta,
758 3978 823 4030 ut
850 3973 1259 4029 haereditatem
1291 3974 1389 4028 Dei
1419 3973 1493 4029 de
1543 3977 2002 4047 exspectationis

344 4065 482 4131 ﬁde,
506 4067 563 4120 et
591 4063 664 4119 de
684 4063 899 4120 virtute
913 4062 1202 4135 patientiae
1234 4063 1638 4135 consequaris.
1666 4064 1815 4119 Audi
1842 4067 2002 4137 Apo-

349 4152 603 4222 stolumﬁ:
619 4153 761 4210 Filii
775 4153 884 4209 Dei
899 4159 1177 4216 sumus,et
1192 4152 1433 4207 nondum
1455 4155 1721 4223 apparuit
1746 4153 1879 4224 quid
1897 4155 2004 4210 eri-

345 4242 716 4310 mus;scimus
735 4243 1008 4312 quoniam
1026 4257 1161 4297 cum
1193 4244 1542 4310 apparuerit,
1571 4241 1785 4297 similes
1819 4244 1878 4298 ei
1897 4245 2006 4298 eri-

348 4347 479 4387 mus
504 4332 735 4400 (lJoan.
769 4329 1244 4398 1i1,2).Etiterum
1275 4346 1288 4383 :
1320 4329 1659 4385 Vitavestra
1673 4329 2004 4387 abscondita

349 4421 430 4472 est
449 4432 577 4472 cum
608 4416 840 4471 Christo
851 4416 914 4470 in
925 4416 1044 4470 Deo
1060 4431 1072 4470 :
1089 4431 1216 4470 cum
1243 4421 1439 4470 autem
1459 4419 1804 4486 apparuerit
1827 4417 2006 4473 Chri-

2100 1849 2286 1906 Isaias
2310 1865 2448 1905 cum
2475 1864 2587 1904 suo
2619 1865 2758 1905 mox
2790 1850 3308 1921 cmpissetauditu,
3329 1851 3405 1906 ad
3432 1851 3545 1906 hoc
3562 1852 3764 1908 homi-

2098 1953 2237 1996 num
2269 1939 2568 2011 pervenire
2593 1955 2762 2010 posse
2792 1939 3022 1995 dubitat
3040 1939 3132 1994 vel
3158 1939 3362 2006 ﬁdem,
3383 1940 3621 2000 dicens:
3653 1943 3767 1999 Do-

2098 2031 2277 2093 mine,
2302 2029 2429 2101 quis
2459 2027 2711 2085 credidit
2751 2028 2984 2084 auditui
3008 2035 3204 2084 nostro
3237 2029 3397 2099 (Isai.
3439 2032 3555 2100 un)
3576 2030 3606 2084 ?
3643 2033 3766 2088 Hoc

2099 2117 2373 2174 Jeremias
2394 2132 2533 2171 cum
2547 2116 2752 2171 divino
2779 2117 3148 2188 concepisset
3178 2117 3408 2181 auditu,
3432 2124 3642 2190 partus
3671 2137 3764 2175 su-

2101 2220 2423 2278 pernorum
2446 2220 2730 2261 sensuum
2756 2220 2878 2260 non
2893 2205 3243 2274 sustinebat,
3263 2206 3532 2262 clamans
3566 2225 3579 2263 :
3614 2208 3770 2264 Ven-

2101 2299 2249 2350 trem
2282 2309 2509 2358 meum,
2525 2298 2788 2348 ventrem
2805 2308 3006 2348 meum
3023 2292 3219 2360 doleo,
3243 2300 3300 2350 et
3321 2309 3536 2350 sensus
3561 2297 3767 2353 cordis

2101 2382 2207 2437 mei
2240 2380 2568 2454 perturbati
2601 2385 2737 2435 sunt
2767 2380 3003 2452 (Jerem.
3026 2381 3127 2451 iv).
3147 2384 3263 2436 Hoc
3285 2382 3561 2438 Habacuc
3574 2383 3771 2440 divini

2103 2470 2343 2542 spiritus
2365 2468 2676 2541 perorabat
2703 2466 2933 2533 aﬂlatu,
2963 2483 3102 2524 cum
3133 2468 3275 2524 dicit
3303 2486 3318 2523 :
3354 2471 3691 2541 Custodivi,
3716 2476 3772 2528 et

2102 2557 2339 2630 expavit
2357 2562 2565 2612 venter
2620 2572 2791 2612 meus
2844 2572 2881 2613 a
2934 2572 3082 2612 voce
3130 2558 3415 2614 orationis
3464 2559 3768 2616 labiorum

2101 2662 2375 2703 meorum
2399 2662 2413 2712 ;
2445 2646 2990 2702 etintravittremor
3014 2645 3067 2701 in
3082 2661 3223 2702 ossa
3238 2663 3374 2703 mea
3391 2663 3403 2714 ;
3419 2653 3516 2704 et°
3548 2649 3770 2705 subtus

2101 2751 2199 2793 me
2228 2740 2534 2791 commota
2564 2739 2656 2790 est
2683 2734 2864 2789 virtus
2886 2750 3022 2791 mea
3048 2735 3293 2803 (Babae.
3343 2737 3447 2808 in).
3487 2736 3768 2794 Elevatus

2099 2825 2313 2880 virtute
2337 2824 2438 2879 Dei
2455 2823 2639 2878 sensit
2652 2837 2825 2878 suam
2847 2822 2959 2877 sub
2979 2837 3043 2877 se
3061 2823 3448 2880 succubuisse
3470 2824 3769 2884 virtutem.

2102 2915 2373 2984 Longum
2397 2917 2484 2969 est
2515 2927 2696 2982 super
2711 2912 2826 2966 hoc
2857 2919 3286 2967 sacramentum
3300 2914 3540 2984 pavoris
3562 2930 3771 2986 prose-

2085 3002 2224 3073 qui,
2259 3006 2314 3056 et
2333 3001 2714 3056 dinumerare
2739 2998 2762 3041 τ
2786 3004 3128 3056 sanctorum
3169 3001 3474 3073 exempla:
3523 3007 3774 3075 tempus

2102 3105 2224 3145 non
2255 3088 2397 3144 sinit
2419 3088 2523 3143 diu
2545 3103 2631 3143 me
2654 3088 2713 3142 in
2742 3087 2857 3143 hoc
2894 3089 3102 3144 timore
3131 3089 3454 3157 demorari,
3505 3091 3775 3148 ccelestis

2102 3183 2303 3252 partus
2315 3177 2574 3249 impetus
2590 3191 2711 3232 non
2727 3181 2920 3247 potest
2937 3190 2968 3232 κ
2997 3178 3233 3234 tardare
3247 3180 3651 3236 nascentium.
3674 3181 3777 3237 Di-

2104 3282 2175 3323 co
2204 3282 2367 3337 ergo,
2401 3270 2458 3322 et
2486 3281 2592 3321 vos
2613 3264 2675 3320 in
2702 3269 2871 3321 utero
2895 3266 3089 3322 adhuc
3118 3268 3404 3339 penetrali
3423 3285 3570 3324 voce
3605 3285 3778 3326 com-

2102 3356 2279 3429 pello,
2298 3354 2548 3428 provida
2561 3354 2970 3411 exhortatione
2983 3371 3320 3428 praemoneo
3337 3375 3349 3423 ;
3367 3363 3425 3415 ut
3438 3364 3772 3431 antequam

2102 3443 2355 3501 videatis
2377 3447 2653 3510 matrem,
2674 3444 2894 3500 vocetis
2905 3450 2962 3500 et
2979 3450 3229 3516 patrem,
3245 3451 3382 3502 ante
3396 3447 3780 3504 blandimen-

2105 3537 2166 3590 ta
2177 3533 2406 3598 matris,
2424 3532 2604 3604 patris
2619 3531 2876 3588 tendatis
2899 3538 2954 3588 et
2967 3533 3248 3590 festinetis
3262 3535 3337 3591 ad
3349 3551 3600 3608 regnum
3611 3543 3777 3602 ,ante

2106 3620 2292 3695 patris
2320 3621 2692 3693 praevenistis
2705 3620 2783 3676 ad
2808 3636 3027 3692 panem
3047 3639 3224 3694 quam
3253 3624 3458 3680 matris
3485 3625 3562 3680 ad
3577 3625 3776 3682 ubera

2107 3711 2440 3785 pendeatis.
2473 3713 2586 3767 Nec
2613 3711 2673 3765 in
2691 3726 2798 3764 vos
2811 3710 3146 3783 quidquam
3180 3712 3649 3776 sibi,autmatris
3671 3730 3773 3770 ne-

2109 3800 2372 3870 cessitas,
2414 3805 2517 3855 aut
2537 3798 2726 3856 aetatis
2749 3803 3020 3870 tempora
3045 3801 3337 3858 vindicent
3362 3803 3565 3858 :sedin
3593 3803 3778 3860 vobis

2109 3892 2303 3947 totum
2335 3888 2539 3943 divino
2565 3888 2739 3959 patri,
2759 3891 2948 3943 totum
2967 3888 3188 3945 ccelesti
3212 3891 3572 3962 respondeat
3591 3899 3651 3946 et
3680 3909 3780 3949 oc-

2111 3982 2305 4033 currat
2317 3976 2539 4032 auctori
2554 3976 2791 4048 (Matth.
2803 3979 3313 4046 vi).Paternoster
3323 3980 3426 4051 qui
3437 3995 3493 4035 es
3507 3981 3566 4036 in
3583 3984 3777 4039 caelis.

2112 4069 2232 4123 Hoc
2245 4070 2334 4122 est
2355 4065 2523 4137 quod
2550 4065 2844 4138 pavebam
2860 4065 3074 4132 dicere,
3101 4068 3213 4124 hoc
3226 4073 3314 4124 est
3334 4069 3497 4141 quod
3519 4071 3780 4141 trepida-

2111 4156 2254 4212 bam
2281 4154 2563 4227 proferre,
2580 4155 2694 4210 hoc
2707 4159 2797 4210 est
2821 4155 2979 4226 quod
2994 4171 3190 4230 neque
3208 4157 3557 4226 cmlestium,
3574 4174 3781 4232 neque

2114 4246 2470 4300 terrestrium
2482 4259 2818 4316 quemquam
2833 4245 3057 4302 sinebat
3068 4246 3364 4302 servitutis
3378 4248 3624 4319 pr0priae
3639 4265 3784 4305 con-

2112 4333 2256 4389 ditio
2279 4333 2570 4404 suspicari
2604 4351 2616 4387 :
2652 4331 2786 4388 caeli
2817 4338 2872 4389 et
2899 4338 3087 4400 terras,
3112 4336 3308 4391 carnis
3329 4341 3386 4392 et
3412 4336 3509 4392 Dei
3530 4346 3783 4408 repente

2113 4425 2343 4478 tantum
2375 4436 2554 4491 posse
2575 4422 2886 4492 provenire
2904 4425 3355 4494 commercium,
3395 4429 3457 4481 ut
3508 4426 3667 4481 Dens
3721 4428 3780 4483 in

349 4511 474 4563 stus
488 4505 610 4560 vita
624 4509 985 4574 vestra,tunc
995 4509 1049 4559 et
1062 4518 1160 4559 vos
1173 4503 1529 4573 apparebitis
1542 4519 1673 4560 cum
1688 4505 1806 4574 ipso
1820 4507 1882 4561 in
1892 4508 2006 4578 glo-
2039 4498 2084 4556 D
2113 4510 2437 4574 hominem,
2461 4509 2645 4565 homo
2666 4510 2726 4565 in
2750 4510 2933 4566 Deum
2957 4527 2971 4576 ;
2997 4513 3282 4568 Dominus
3304 4513 3367 4569 in
3382 4529 3631 4580 servum,
3658 4532 3782 4571 ser-

349 4595 443 4650 ria
463 4593 665 4664 (Colos.
687 4594 797 4662 ιιι).
833 4593 1082 4655 Fratres,
1117 4591 1273 4647 beati
1305 4596 1445 4647 sunt
1483 4592 1588 4648 ﬁlii
1619 4593 1739 4659 Dei,
1777 4595 1920 4667 quia
1950 4601 2008 4653 et

350 4734 688 4811 petitionem
741 4734 890 4790 hanc
919 4734 988 4811 de
1033 4733 1396 4811 quotidianis
1431 4735 1681 4811 peccatis
1719 4736 2006 4811 intelligit,

355 4806 575 4880 quibus,
609 4823 734 4880 non
767 4810 965 4880 carent
1011 4823 1111 4880 nec
1149 4806 1399 4880 piissimi
1431 4806 2008 4880 hominestquaeque

355 4876 503 4934 Deus
524 4876 783 4943 dimittit,
817 4877 861 4930 si
894 4893 996 4932 nos
1022 4877 1426 4932 dimiserimus,
1461 4881 1647 4934 Serm.
1684 4876 1822 4933 olim
1849 4876 2008 4937 48—de

355 4951 595 5015 Divers.,
633 4965 784 5004 nunc
811 4949 914 5014 56;
943 4965 1115 5003 serm.
1148 4949 1286 5003 olim
1315 4950 1383 5003 42
1424 4949 1572 5004 inter
1603 4950 1690 5014 50,
1722 4967 1872 5006 nunc
1901 4953 2004 5018 67;

355 5037 527 5077 serm.
558 5020 700 5075 alias
728 5021 830 5074 135
860 5020 929 5074 de
959 5021 1191 5090 Temp.,
1221 5037 1372 5075 nunc
1404 5020 1486 5074 59.

425 5104 452 5134 ι
484 5093 703 5147 Laudat
727 5091 878 5146 hunc
913 5091 1102 5145 locum
1134 5090 1466 5162 Chrysologi
1501 5092 1582 5145 Du
1626 5092 1918 5148 Hamelius
1950 5093 2007 5149 in

354 5163 506 5218 notis
536 5165 609 5218 ad
641 5165 798 5218 Sacr.
830 5162 1034 5232 Script.
1068 5162 1175 5217 hic.

425 5233 454 5275 ιι
483 5235 702 5288 Nostra:
728 5233 1080 5289 inﬁrmitatis
1106 5249 1410 5297 memores,
1439 5248 1553 5288 non
1595 5233 1777 5289 solum
1800 5239 1860 5290 ut
1889 5236 2010 5291 vin-

353 5319 553 5358 camus
589 5303 854 5373 petimus.
893 5305 992 5359 sed
1022 5303 1198 5359 etiam
1229 5321 1301 5360 ne
1351 5305 1408 5360 in
1453 5309 1741 5360 certamen
1781 5308 2008 5363 descen-

354 5375 579 5433 demus.
624 5390 689 5427 ac
715 5374 861 5429 forte
881 5375 1193 5431 vincamur.
1234 5376 1596 5432 Maldonatus
1625 5394 1692 5432 ex
1713 5379 2010 5435 Tertullia-

357 5460 451 5509 no,
475 5443 831 5518 _(_Jyprianus,
865 5447 1232 5518 Augustinus.
1261 5456 1366 5504 etc.

423 5529 447 5558 ε
475 5515 597 5569 Non
625 5515 1170 5574 sustineretfﬂorat.
1205 5519 1299 5574 lib.
1332 5536 1348 5576 1
1390 5521 1494 5575 Od.
1545 5521 1611 5575 14
1638 5539 1650 5576 :

662 5603 762 5653 Vix
797 5603 970 5654 durare
1001 5608 1179 5656 carinas

659 5665 878 5720 Possunt
899 5666 1214 5731 imperiosius
1241 5682 1435 5735 aquor.

2113 4615 2228 4654 vus
2254 4603 2574 4654 verteretur
2602 4597 2664 4654 in
2687 4598 2887 4663 ﬁlium,
2921 4599 3197 4672 ﬁeretque
3225 4601 3548 4658 divinitatis
3576 4607 3632 4658 et
3665 4603 3782 4660 hu-

2188 4738 2447 4814 {Paulus
2478 4738 2621 4794 vidit
2661 4739 3040 4814 invisibiliter,
3091 4742 3223 4814 quia
3255 4743 3377 4798 sine
3423 4743 3781 4814 imaginibus

2116 4811 2260 4866 vidit
2289 4826 2498 4866 arcana
2528 4827 2627 4880 per
2655 4811 2946 4875 exstasim,
2977 4815 3033 4868 S.
3067 4811 3316 4868 Thomas
3346 4814 3402 4868 in
3435 4815 3482 4868 Il
3505 4811 3630 4870 Cor.
3672 4833 3686 4880 ;
3723 4821 3784 4872 et

2114 4882 2256 4954 vidit
2282 4880 2654 4946 invisibiliter,
2688 4883 2821 4953 quia
2853 4883 3030 4938 oculis
3057 4885 3446 4954 corporalibus
3479 4888 3623 4942 Deus
3655 4904 3783 4942 non

2115 4953 2364 5028 videtur,
2381 4958 2442 5007 ut
2461 4970 2537 5028 ex
2557 4955 2883 5028 Augustino
2898 4954 3059 5028 docet
3085 4953 3412 5027 Fulgentius
3443 4973 3590 5028 resp.
3619 4959 3676 5023 3,
3704 4959 3783 5014 ad

2115 5024 2461 5082 Ferrandum
2486 5025 2812 5088 diaconum,
2847 5026 2922 5080 Ex
2956 5027 3110 5080 Mita.

2186 5107 2212 5164 ρ
2242 5095 2520 5150 Emendat
2545 5096 2838 5164 Meursius,
2878 5098 3210 5152 subitissime
3243 5103 3501 5153 commota
3530 5102 3629 5152 est.

2187 5163 2210 5206 τ
2246 5166 2325 5220 Ex
2345 5183 2460 5220 ms.
2504 5163 2902 5239 Vaticanosln
2925 5169 3092 5223 editis
3127 5170 3283 5224 deest
3307 5169 3566 5239 exempla.

2187 5246 2219 5288 8
2251 5240 2363 5292 Hoc
2381 5242 2466 5292 est
2493 5255 2611 5300 vos,
2645 5239 2740 5307 qui
2767 5238 2962 5310 divina
2991 5241 3287 5296 vocatione
3331 5238 3486 5296 nasci
3514 5240 3789 5310 spiritua-

2118 5307 2247 5364 liter
2276 5310 2492 5383 cupitis
2524 5309 2850 5383 Christiani,
2882 5317 2938 5366 et
2989 5313 3239 5380 quodam
3299 5312 3514 5383 impetu
3548 5307 3789 5383 iviscera

2117 5379 2320 5453 matris
2349 5380 2607 5453 Ecclesia)
2637 5381 2870 5453 urgetis,
2912 5388 2973 5436 ut
3006 5379 3208 5438 statim
3265 5379 3584 5447 nascimini,
3635 5384 3789 5438 mihi

2117 5451 2272 5507 haud
2304 5452 2632 5525 permittitis
2660 5451 2888 5525 jamdiu
2938 5453 2993 5507 in
3037 5455 3210 5509 modo
3255 5455 3450 5524 coeptis
3500 5455 3792 5524 exemplis

2118 5522 2355 5577 morari.
2377 5523 2640 5597 Observa
2663 5522 2739 5579 ἰιι
2774 5529 2971 5596 gentes
2997 5525 3265 5597 baptizari
3297 5522 3358 5581 et
3378 5525 3642 5581 renovari
3672 5522 3790 5582 cu-

2119 5598 2342 5666 perent.
2373 5596 2533 5652 Im.
