3958 6182
219 274 345 334 405

1690 274 1931 336 SERMO
1972 275 2221 343 LXXIII.

3523 296 3639 358 406

218 405 815 463 manitatisineﬂ'abili
828 406 997 462 modo
1013 423 1130 464 una
1148 406 1871 480 etsempiternacognatio.
1906 410 1955 468 A
1984 422 2256 481 regnum,
2294 420 2596 488 totamque
2615 418 2675 473 in
2703 435 2766 473 se
2786 417 2949 489 regni
2972 417 3234 476 continet
3253 424 3635 492 potestatem;

219 499 281 552 Et
309 497 562 568 quidem
578 495 807 551 deitatis
837 511 979 566 erga
997 512 1106 552 nos
1120 497 1385 568 dignatio
1403 501 1560 552 tanta
1577 494 1873 560 est,utsci-

215 599 274 640 re
288 591 552 654 nequeat
564 585 708 656 quid
726 586 990 654 potissim
1001 602 1101 641 um
1115 587 1316 643 mirari
1333 587 1552 642 debeat
1573 589 1867 640 creatura:

220 678 417 728 utrum
431 673 598 744 quod
612 689 673 728 se
689 676 842 728 Deus
858 674 935 728 ad
949 680 1208 730 nostram
1223 673 1868 746 deposuitservitutem,

216 775 288 818 an
303 762 466 833 quod
482 777 592 817 nos
605 761 682 817 ad
698 777 822 816 sum
835 763 1154 819 divinitatis
1169 766 1359 835 rapuit
1371 761 1871 834 dignitatem.Hine

215 851 538 915 est,bomo,
561 851 727 922 quod
767 855 821 905 te
857 850 1144 907 divinitus
1159 852 1562 916 adhortatur,s
1587 850 1693 924 qui
1708 853 1870 906 tanto

213 955 372 996 nunc
386 946 490 994 tuo
501 954 709 994 amore
722 940 1065 998 ﬂammatur:
1082 941 1247 1013 quod
1260 941 1458 998 adhuc
1473 942 1532 996 in
1547 944 1713 995 utero
1727 954 1869 994 voce

213 1035 369 1084 tuate
389 1030 546 1084 Deus
560 1028 873 1099 adoptatin
887 1029 1084 1095 tilium;
1101 1031 1258 1101 quod
1275 1036 1326 1086 te
1340 1046 1455 1085 non
1470 1029 1595 1084 ﬁeri
1610 1028 1789 1083 solum
1806 1027 1869 1082 li-

209 1114 406 1170 herum
422 1116 548 1171 vult
561 1115 780 1182 ille,sed
797 1117 1149 1189 nasci;quod
1166 1118 1348 1190 ipsam
1361 1125 1586 1190 propter
1601 1124 1650 1172 te
1666 1131 1868 1171 manu-

209 1205 384 1260 mittit
406 1211 795 1272 naturam,ne
808 1222 990 1277 quem
1005 1223 1256 1277 naevum,
1286 1224 1359 1262 ne
1372 1223 1558 1279 quam
1575 1205 1864 1261 maculam

204 1295 482 1366 imponat
510 1301 677 1350 ortus
693 1295 952 1366 pristinas
967 1298 1337 1354 servitutis.0
1360 1297 1710 1363 vosbeatos,
1738 1293 1863 1365 qui-

202 1383 317 1438 bus
332 1383 628 1439 dominari
643 1383 836 1438 datum
851 1390 937 1439 est
950 1390 1080 1440 ante
1094 1401 1263 1455 quam
1280 1386 1536 1449 nasci,an
1546 1389 1600 1440 te
1613 1397 1862 1453 regnare

202 1487 391 1544 quam
420 1472 640 1536 vivere,
671 1479 808 1528 ante
832 1473 910 1527 ad
934 1472 1036 1527 Dei
1064 1473 1252 1529 Patris
1279 1475 1534 1544 gloriam
1558 1473 1862 1545 pervenire

201 1577 387 1632 quam
424 1561 772 1632 prosapiam
798 1563 1051 1633 propria:
1066 1563 1300 1619 vilitatis
1316 1563 1861 1633 agnoscere.Eccle-

199 1651 280 1704 sia
294 1649 455 1705 Felix
488 1656 698 1719 mater,
725 1666 861 1721 quae
894 1667 999 1706 vos
1019 1651 1162 1706 tales
1176 1652 1428 1724 respicit,
1448 1652 1862 1724 quazcumvir-

199 1754 272 1810 go
298 1745 676 1809 permaneat,
729 1740 1003 1808 genuisse
1031 1741 1197 1805 tales,
1242 1747 1298 1796 et
1322 1747 1513 1797 tantos
1545 1758 1650 1797 vos
1675 1741 1862 1797 taliter
1896 1765 1942 1822 Β

198 1844 258 1882 se
283 1828 558 1882 miratur.
589 1827 738 1882 Olim
755 1835 959 1897 partus
975 1829 1081 1883 iste
1096 1829 1566 1900 prmsedentibus
1587 1830 1861 1899 designa-

196 1916 377 1970 batur
407 1915 720 1987 exemplis.
745 1916 888 1971 Hinc
901 1919 1163 1989 estquod
1176 1919 1362 1974 Iacob
1381 1919 1440 1972 in
1460 1924 1625 1974 utero
1653 1919 1860 1974 matris

194 2019 338 2059 cum
367 2005 544 2059 fratre
577 2005 833 2059 luctatur
860 2006 1018 2074 (Gen,
1067 2009 1226 2075 xxv),
1257 2007 1514 2079 praeripit
1566 2011 1622 2062 et
1654 2008 1859 2062 trium-

192 2095 371 2164 phos.
393 2093 537 2148 Hinc
568 2099 659 2148 est
678 2095 842 2165 quod
872 2095 931 2149 in
952 2099 1117 2151 utero
1139 2096 1395 2152 Thamar
1422 2096 1644 2165 gemini
1662 2096 1733 2151 de
1751 2096 1862 2167 pri-

193 2190 398 2237 matus
461 2182 690 2237 honore
742 2183 1108 2253 praeliantur,
1141 2185 1444 2240 retardant
1487 2191 1707 2256 partus,
1750 2201 1858 2240 nec

191 2277 334 2326 ante
366 2270 562 2325 lucem
613 2271 863 2341 cupiunt
913 2272 1110 2328 videre
1165 2289 1347 2344 quam
1406 2273 1640 2328 vincere
1693 2273 1856 2345 (Gen.

190 2363 466 2420 nxvm).
496 2360 639 2413 Hinc
687 2369 773 2414 est
803 2361 957 2431 quod
1001 2362 1265 2417 Joannes
1309 2361 1558 2416 exsultat
1605 2369 1759 2433 ante,
1804 2367 1860 2418 et

193 2455 330 2504 ante
361 2463 475 2503 suo
497 2447 724 2502 occurit
762 2450 988 2504 auctori
1027 2450 1326 2521 genitricis
1362 2466 1434 2505 ex
1479 2457 1645 2506 utero
1670 2467 1857 2522 quem

189 2536 480 2606 procedat
504 2537 736 2603 (Luca).
763 2539 826 2592 Et
856 2538 902 2592 si
928 2538 1198 2593 humana
1221 2539 1468 2610 pignora
1488 2540 1571 2594 sic
1589 2545 1724 2594 ante
1740 2542 1857 2595 Deo

190 2625 476 2691 militant,
494 2639 682 2696 quam
700 2631 1024 2681 nascantur
1045 2629 1414 2698 parentibus,
1445 2643 1630 2699 quam
1654 2627 1856 2684 vivant

187 2714 413 2769 saeculo
443 2731 458 2779 ;
492 2714 638 2785 quid
684 2716 904 2770 mirum
936 2716 984 2769 si
1019 2715 1292 2770 Ecclesia
1325 2715 1527 2771 divina
1561 2716 1854 2785 germina,

183 2806 228 2858 si
253 2804 385 2859 Deo
406 2820 522 2859 sua
547 2804 780 2860 soboles
801 2804 861 2859 in
897 2810 1058 2858 utero
1085 2804 1305 2869 adhuc,
1335 2805 1494 2876 quod
1521 2806 1592 2860 sit
1614 2804 1856 2875 superni

183 2894 472 2962 germinis
496 2895 626 2964 jam
655 2894 917 2950 fatetur?
940 2896 1114 2949 Pater
1146 2901 1340 2950 noster
1370 2896 1471 2966 qui
1499 2911 1555 2950 es
1582 2896 1643 2950 in
1671 2896 1849 2950 certis.

179 2985 281 3037 Stu
291 2998 407 3052 por
420 2983 972 3053 insurgit,Christus
987 2983 1055 3038 de
1073 2984 1167 3038 Dei
1182 2983 1358 3055 patris
1375 2990 1604 3053 pectore
1621 2989 1851 3038 matrem

176 3078 446 3128 vocat.et
466 3070 754 3126 fateturin
777 3077 931 3127 terra
956 3072 1240 3137 ;jethomo
1258 3072 1331 3126 de
1346 3074 1554 3128 matris
1571 3077 1736 3126 utero
1753 3089 1853 3143 pa-
1885 3109 1930 3171 Ο

179 3167 334 3215 trem
361 3164 618 3226 vocat,et
632 3160 948 3217 conﬁtetur
961 3161 1018 3216 in
1035 3160 1708 3230 cmlis,Paternosterqui
1721 3177 1777 3215 es
1792 3161 1852 3215 in

177 3250 357 3304 caelis.
392 3251 524 3313 Quo
541 3254 594 3304 te
610 3249 796 3304 homo
815 3255 1055 3321 repente
1101 3250 1370 3320 provexit
1400 3250 1764 3320 gratia?quo
1796 3254 1850 3304 te

177 3353 285 3408 rap
297 3338 386 3392 uit
399 3337 660 3393 caelestis
676 3343 888 3394 natura
904 3338 932 3390 ?
949 3343 1012 3393 ut
1035 3339 1094 3392 in
1109 3353 1287 3392 carne
1299 3343 1359 3393 et
1377 3338 1435 3392 in
1463 3344 1612 3393 terra
1627 3338 1849 3408 positus

177 3426 406 3488 adhuc,
443 3431 500 3480 et
521 3441 763 3480 carnem
787 3426 916 3496 jam
970 3427 1207 3480 noscias
1239 3430 1295 3481 et
1324 3426 1844 3493 terram,dicendo:

179 3515 360 3570 Pater
388 3521 584 3570 noster
613 3516 712 3586 qui
739 3532 789 3568 es
809 3519 868 3569 in
891 3516 1072 3571 caelis.
1102 3515 1208 3578 Qui
1230 3530 1371 3583 ergo
1395 3530 1454 3569 se
1483 3515 1631 3570 tanti
1661 3515 1848 3570 Patris

177 3603 378 3658 ﬁlium
405 3603 722 3658 conﬁtetur
745 3607 802 3658 et
857 3603 1055 3667 credit,
1092 3603 1452 3674 respondeat
1481 3604 1601 3658 vita
1623 3604 1843 3673 generi,

174 3693 462 3748 moribus
491 3692 664 3762 patri,
690 3697 743 3747 et
776 3697 971 3747 mente
1003 3698 1181 3763 atque
1230 3696 1366 3747 actu
1409 3697 1632 3746 asserat
1680 3691 1846 3764 quod

175 3782 325 3836 caele
335 3786 487 3836 stem
503 3785 860 3836 consecutus
873 3785 961 3835 est
981 3779 1008 3820 ι)
1040 3795 1144 3850 per
1163 3782 1847 3851 naturam,Santiﬁcetur

176 3886 388 3925 nomen
413 3877 602 3925 tuum.
629 3869 809 3939 Cujus
828 3869 1030 3941 utique
1047 3884 1237 3939 genus
1251 3884 1380 3924 esse
1394 3870 1762 3941 ccepimus,ej
1775 3885 1843 3924 us

173 3961 384 4030 utique
407 3973 727 4012 censemur
753 3963 806 4012 et
833 3958 1078 4013 nomine
1109 3974 1120 4010 :
1159 3963 1214 4013 et
1240 3957 1374 4013 ideo
1405 3958 1665 4029 petimus
1693 3965 1756 4013 ut
1783 3959 1842 4013 in

173 4050 356 4102 nobis
385 4047 543 4102 illius
585 4045 846 4101 nominis
877 4045 1264 4102 sanctiﬁcatio
1292 4048 1844 4118 perseveret,honor

173 4144 227 4192 et
259 4137 656 4207 prmrogativa
690 4135 971 4199 nominis,
1024 4136 1189 4206 quod
1220 4136 1560 4192 sublimavit
1582 4136 1663 4192 sic
1700 4138 1842 4192 tanti

174 4225 454 4281 Genitoris
469 4224 1322 4294 celsitudo.Adveniatregnum
1341 4228 1647 4280 tuum.Non
1660 4225 1738 4280 illi
1755 4241 1842 4295 pe-

173 4317 348 4368 timus
361 4314 455 4368 cui
469 4328 780 4384 numquam
796 4311 977 4368 defuit
993 4327 1260 4382 regnum,
1293 4313 1482 4368 immo
1500 4313 1596 4384 qui
1611 4318 1696 4368 est
1717 4313 1841 4383 ipse

244 4467 269 4494 ι
301 4453 484 4517 Alias,
519 4453 670 4518 Quod
696 4461 846 4508 tanto

245 4524 274 4565 ι)
299 4525 476 4586 Alias,
506 4537 813 4578 consecutus
840 4542 894 4580 es
924 4525 1308 4587 paternitatem

246 4609 269 4635 ε
303 4596 382 4649 Ex
415 4612 554 4648 mss.
591 4596 843 4650 Vallicel.
872 4597 1016 4650 Editi
1050 4597 1257 4665 plures,
1297 4597 1546 4664 Ignarus.

248 4665 273 4706 ἀ
305 4667 390 4720 Ita
418 4666 754 4736 petitionem
785 4668 1029 4737 explicat
1068 4665 1404 4737 Brugensis:
1442 4667 1570 4720 Fiat
1600 4685 1631 4720 a
1671 4666 1837 4734 nobis,

184 4743 230 4792 et
266 4739 326 4791 in
361 4738 536 4802 nobis,
573 4738 714 4807 quod
741 4745 797 4791 tu
824 4740 920 4801 vis,
953 4739 1224 4807 principis,
1258 4737 1517 4792 consulis.

250 4823 274 4849 ε
303 4810 676 4863 Salebrocum
721 4809 911 4862 locum
952 4826 1018 4862 ex
1069 4825 1204 4862 mss.
1253 4810 1506 4863 Caesenee
1536 4813 1593 4863 et
1644 4808 1840 4864 Urbini

183 4880 511 4950 explanavit
534 4881 683 4943 Mita,
710 4881 930 4933 addens
951 4897 1124 4949 quam
1149 4880 1220 4933 sit
1243 4880 1406 4949 panis
1426 4880 1692 4948 perfectae
1713 4881 1842 4934 bea-

181 4951 443 5004 titudinis
471 4957 899 5004 sacramentum
923 4951 1388 5014 eucharisticum,
1415 4952 1471 5003 in
1500 4969 1611 5021 quo
1645 4950 1694 5004 vi
1720 4967 1837 5005 ver-

185 5024 384 5076 borum
434 5024 596 5076 adest
636 5038 861 5091 corpus,
907 5022 1157 5092 sanguis.
1197 5026 1252 5075 et
1302 5021 1566 5076 divinitas
1612 5021 1838 5086 Christi,

182 5111 308 5147 enm
335 5094 390 5146 in
427 5093 780 5147 beatitudine
811 5109 924 5147 una
950 5093 1145 5147 divina
1176 5109 1420 5162 persona
1439 5109 1552 5146 non
1580 5093 1842 5162 videatur

181 5166 298 5218 sine
323 5166 530 5226 altera,
576 5165 732 5218 dicas
761 5181 890 5218 cum
925 5161 1225 5234 theologis,
1260 5165 1411 5233 quod
1445 5164 1608 5218 Pater
1637 5168 1694 5216 et
1720 5161 1842 5232 Spi-

181 5237 337 5295 ritus.
363 5241 596 5290 sanctus
635 5236 844 5289 adsunt
887 5236 943 5289 in
971 5237 1074 5289 hoc
1114 5240 1478 5290 sacramento
1507 5251 1606 5304 per
1635 5249 1839 5288 conco-

180 5308 528 5362 mitantiam.
555 5307 921 5377 Augustinus,
943 5311 1102 5376 pater
1121 5307 1517 5376 theologorum
1545 5309 1600 5359 et
1619 5305 1837 5369 lumen,

180 5396 346 5433 serm.
371 5380 403 5431 3
426 5379 495 5432 de
508 5380 810 5447 Tempore,
835 5377 942 5431 ait:
971 5378 1147 5431 Filius
1174 5380 1407 5448 suscepit
1428 5393 1645 5430 carnem
1661 5383 1711 5430 et
1733 5392 1840 5430 non

179 5451 410 5504 deseruit
443 5450 685 5513 Patrem,
716 5466 809 5502 nec
837 5466 888 5501 se
926 5449 1116 5503 divisit
1144 5466 1178 5501 a
1210 5451 1380 5502 Patre
1409 5464 1420 5502 :
1456 5449 1681 5517 suscepit
1721 5463 1841 5502 car-

182 5539 295 5574 nem
327 5524 382 5574 in
423 5523 790 5590 proprietate,
812 5520 898 5571 sed
929 5527 1108 5590 tamen
1142 5521 1332 5590 Pater,
1365 5525 1414 5574 et
1446 5519 1692 5590 Spiritus
1719 5536 1840 5572 san-

183 5602 294 5647 ctus
312 5589 606 5659 nonde/uit
629 5593 934 5660 majestate.
964 5591 1030 5644 Et
1045 5589 1190 5644 sicut
1208 5589 1459 5644 Christus
1477 5589 1638 5645 estin
1657 5591 1842 5645 lucar-

1984 499 2082 552 sed
2118 504 2218 572 pui
2249 519 2357 560 nos
2384 506 2595 562 vultad
2610 508 2965 578 promissam
2989 509 3154 580 regni
3178 509 3423 579 gloriam
3439 528 3637 582 perve-

1983 587 2128 651 nire,
2158 599 2362 648 monet
2392 610 2501 649 nos
2523 601 2794 665 expetere
2827 599 3104 652 omnibus
3124 599 3236 654 hoc
3259 599 3500 663 votis,in
3522 601 3637 655 hoc

1981 676 2104 732 vult
2130 694 2239 734 nos
2270 683 2404 736 totis
2435 685 2733 740 mentibus
2756 686 3004 742 inhiare.
3039 687 3340 753 Quantum
3369 705 3636 762 namque

1981 770 2072 819 est
2098 770 2446 825 temerarius
2475 772 2831 843 quidiscutit
2853 774 2926 829 de
2957 789 3192 842 genere,
3217 787 3241 816 ο
3274 775 3526 845 ignavus
3548 781 3637 834 est

1981 855 2212 909 tantum
2243 857 2348 927 qui
2381 873 2503 913 non
2526 859 2763 927 gaudet,
2788 866 3011 930 aestuat,
3041 861 3300 929 anhelat,
3331 880 3466 918 cum
3501 881 3634 935 pro-

1979 940 2231 998 missum
2261 945 2579 1002 intenditet
2597 949 2967 1019 perteneitad
2982 952 3398 1019 regnum.F‘iat
3422 953 3630 1008 volun-

1980 1035 2070 1084 tas
2097 1037 2198 1087 tua
2229 1033 2375 1089 sicut
2406 1036 2468 1090 in
2496 1037 2633 1092 caelo
2655 1044 2710 1092 et
2736 1037 2799 1091 in
2823 1040 3171 1096 terra.Sicut
3196 1040 3255 1095 in
3270 1041 3440 1108 caelo,
3462 1041 3543 1096 sic
3574 1045 3632 1097 et

1976 1117 2038 1171 in
2067 1128 2251 1186 terra;
2273 1126 2411 1178 tunc
2437 1125 2564 1194 jam
2599 1130 2784 1180 totum
2830 1125 3044 1181 coelum
3066 1132 3172 1191 est,
3210 1134 3351 1184 tunc
3377 1130 3498 1200 agit
3528 1129 3628 1187 Dei

1978 1221 2148 1260 mens
2177 1225 2295 1265 una
2321 1217 2700 1276 omnes,tunc
2730 1213 2787 1268 in
2823 1215 3027 1270 Christi
3051 1230 3262 1271 omnes
3287 1221 3345 1272 et
3365 1218 3422 1273 in
3436 1219 3625 1275 omni-

1973 1293 2087 1348 bus
2118 1296 2399 1365 Christus,
2441 1302 2683 1371 quando
2701 1318 2912 1358 omnes
2940 1303 3122 1359 solius
3153 1305 3253 1360 Dei
3284 1308 3537 1377 sapiunt,
3570 1312 3629 1364 et

1974 1381 2000 1423 ἀ
2032 1382 2251 1440 faciunt
2275 1387 2606 1444 voluntates
2630 1406 2644 1455 ;
2663 1395 2803 1446 tunc
2822 1407 3032 1446 omnes
3054 1393 3458 1460 unum,immo
3473 1411 3628 1450 unus

1972 1485 2183 1528 omnes
2213 1477 2458 1547 quando
2487 1479 2584 1534 Dei
2610 1479 2850 1550 spiritus
2874 1480 2932 1535 in
2963 1481 3242 1536 omnibus
3282 1483 3423 1537 vivit
3449 1499 3622 1538 unus.

1972 1558 2177 1616 Panem
2200 1579 2427 1620 nosrum
2452 1568 2859 1637 quotidianum
2891 1569 2967 1624 da
2997 1570 3154 1625 nobis
3181 1571 3541 1627 hodie.Sicut
3563 1573 3627 1626 in

1973 1649 2204 1720 psalmo
2233 1667 2246 1707 :
2282 1655 2632 1710 Benedictus
2661 1657 2947 1712 Dominus
2973 1658 3047 1714 de
3061 1659 3155 1714 die
3169 1660 3623 1732 quotidie(Psal.

1971 1739 2140 1810 van)
2161 1757 2174 1804 ;
2198 1741 2278 1796 ita
2303 1742 2399 1797 hic
2433 1744 2646 1800 Panem
2675 1751 2936 1802 nostrum
2979 1748 3386 1818 quotidianum
3417 1750 3496 1804 da
3524 1765 3626 1805 no-

1974 1827 2055 1882 bis
2086 1829 2267 1885 hodie.
2296 1833 2939 1905 Quotidianumjugem
2961 1835 3250 1902 dicimus;
3274 1837 3434 1906 jugis
3452 1837 3624 1907 panis

1970 1915 2064 1971 ille
2094 1923 2199 1982 est,
2232 1919 2335 1990 qui
2363 1919 2435 1974 de
2457 1921 2608 1975 caelo
2637 1922 2944 1978 descendit
2971 1938 2984 1977 :
3037 1925 3151 1994 Ego
3180 1940 3307 1979 sum
3332 1925 3495 1994 panis
3523 1941 3622 1996 qui

1970 2005 2043 2059 de
2054 2007 2188 2060 cado
2203 2006 2497 2063 descendit
2512 2009 2848 2080 (Joan.v1).°
2876 2010 3145 2066 Perfectus
3159 2027 3300 2081 ergo
3319 2012 3625 2069 beatitudi-

1969 2093 2062 2148 nis
2084 2100 2170 2148 est
2197 2094 2302 2150 iste
2336 2097 2509 2167 panis
2533 2114 2546 2163 ;
2568 2098 2889 2163 hodie,hoc
2921 2105 3012 2155 est
3051 2100 3108 2154 in
3133 2101 3430 2171 praesenti,
3464 2100 3622 2157 illius

1969 2181 2142 2252 panis
2160 2183 2297 2239 cibo
2313 2185 2440 2254 jam
2456 2187 2651 2241 vivere
2674 2187 3108 2259 incipimus,cuj
3122 2205 3191 2244 us
3211 2190 3620 2262 perpetuitate,

1969 2271 2132 2341 quod
2164 2273 2555 2344 estquotidie,
2582 2275 2999 2344 saginabimur
3019 2277 3080 2332 in
3111 2277 3399 2333 futurum.
3429 2280 3507 2334 Et
3536 2280 3621 2336 di-

1966 2360 2123 2416 mitte
2135 2360 2300 2416 nobis
2325 2363 2523 2419 debita
2540 2371 2742 2419 nostra
2754 2365 2972 2422 sicutet
2991 2382 3094 2422 nos
3117 2367 3453 2422 dimittimus
3464 2369 3622 2424 debi-

1968 2449 2194 2504 toribus
2212 2451 2441 2506 nostris.
2480 2454 2556 2507 De
2589 2454 2984 2524 supplicantis
3010 2460 3246 2527 pectore
3278 2456 3462 2512 venire
3488 2456 3622 2513 fons

1967 2542 2226 2602 emanat,
2249 2543 2304 2592 et
2318 2539 2394 2594 ad
2413 2540 2652 2596 veniam
2675 2541 2882 2598 reﬂuet
2898 2561 2910 2598 :
2927 2543 3222 2614 quidquid
3239 2545 3466 2614 pietatis
3480 2561 3618 2601 exu-

1963 2625 2155 2692 berat,
2188 2632 2245 2682 et
2265 2627 2517 2684 effundit
2541 2629 2601 2684 in
2634 2630 2909 2698 alterum,
2941 2631 3191 2702 quando
3212 2632 3478 2702 indulget
3508 2635 3620 2690 sibi

1965 2718 2199 2769 tantum
2229 2721 2524 2787 quantum
2538 2717 2703 2772 alteri
2717 2720 3164 2774 condonaverit.
3182 2721 3259 2774 Et
3274 2721 3618 2778 dimitteno-

1965 2801 2258 2857 bisdebita
2282 2809 2487 2858 nostra
2527 2805 2742 2860 sicutet
2755 2821 2857 2860 nos
2887 2805 3236 2860 dimittimus
3264 2807 3617 2864 debitoribus

1962 2890 2193 2944 nostris.
2226 2889 2377 2945 Satis
2400 2896 2594 2960 potest
2626 2891 2812 2947 homo
2842 2893 3198 2958 misericors,
3221 2895 3479 2965 quicum
3501 2898 3616 2951 Deo

1961 2977 2036 3032 de
2067 2977 2283 3033 nietate
2310 2979 2594 3049 conﬂigit,
2627 2995 2764 3035 cum
2797 2985 3027 3038 tantum
3048 2981 3160 3038 sibi
3177 2981 3617 3054 dariquantum

1961 3065 2514 3138 dederit,quantum
2537 3069 2846 3125 donaverit
2863 3075 3095 3126 tantum
3116 3070 3416 3127 desiderat
3435 3076 3492 3126 et
3511 3071 3614 3128 do-

1961 3155 2113 3212 nari.
2139 3157 2344 3221 Homo,
2371 3156 2444 3211 sit
2477 3172 2716 3229 semper
2735 3158 2796 3212 in
2824 3163 3059 3229 pectore
3083 3165 3187 3215 tuo
3212 3161 3408 3226 venia,
3446 3159 3492 3215 si
3523 3160 3616 3215 vis

1960 3243 2212 3299 crimina
2243 3260 2363 3300 non
2389 3246 2612 3314 timere,
2637 3246 2710 3300 Et
2741 3262 2813 3302 ne
2840 3263 2943 3302 nos
2975 3248 3225 3304 inducas
3257 3249 3320 3304 in
3353 3250 3616 3306 tentatio-

1958 3347 2110 3386 nem.
2133 3334 2264 3387 Haec
2282 3333 3211 3408 interpretationeindigent,quia
3225 3338 3474 3392 tentatio
3488 3337 3616 3393 dia-

1957 3419 2080 3476 boli
2107 3422 2329 3493 praevia
2351 3427 2406 3477 et
2448 3438 2656 3478 amara
2695 3428 2782 3479 est
2809 3424 3087 3480 ministra
3111 3426 3275 3494 ejus:
3316 3425 3613 3496 quamdiu

1957 3525 2097 3564 vero
2122 3510 2234 3565 hoc
2262 3510 2456 3579 fragili
2480 3512 2855 3568 continemur
2874 3511 2936 3568 in
2965 3528 3236 3584 corpore,
3268 3514 3610 3570 necessario

1957 3613 2274 3669 precamur
2307 3605 2366 3654 ut
2388 3600 2444 3655 in
2481 3616 2593 3656 nos
2619 3600 2642 3641 τ
2663 3615 2771 3656 nec
2803 3601 3117 3657 tentationi
3151 3605 3351 3672 pateat
3391 3601 3608 3674 aditus,

1954 3701 2065 3741 nec
2086 3686 2325 3743 diabolo
2357 3687 2649 3744 tribuatur
2661 3689 3093 3746 accessus.Sed
3113 3690 3297 3747 libera
3312 3706 3417 3747 nos
3436 3707 3472 3747 a
3497 3708 3612 3746 ma-

1957 3775 2033 3830 lo.
2067 3778 2196 3846 Ipse
2227 3780 2428 3830 autem
2459 3776 2749 3832 Dominus
2779 3779 2931 3833 Deus
2961 3782 3163 3834 noster
3190 3778 3403 3835 liberet
3432 3795 3544 3835 nos
3575 3795 3612 3836 a

1954 3862 2135 3927 malo,
2170 3866 2227 3918 et
2257 3863 2542 3933 perducat
2559 3865 2636 3931 ad
2667 3881 2847 3921 omne
2872 3865 3122 3931 bonum,
3152 3867 3250 3938 qui
3277 3868 3416 3922 vivit
3435 3873 3492 3924 et
3519 3884 3610 3924 re-

1953 3955 2098 4020 gnat
2125 3951 2277 4005 Deus
2300 3951 2478 4006 modo
2491 3958 2546 4008 et
2569 3953 3248 4025 semper,etperinpnita
3271 3955 3490 4011 saecula
3504 3973 3612 4012 ste-

1953 4039 2248 4095 culorum.
2292 4041 2502 4096 Amen.

2511 4142 2541 4183 κ
2567 4131 2794 4185 SERMO
2818 4130 3043 4185 LXXIII.

2379 4216 2461 4272 De
2493 4217 2763 4286 paschali
2789 4218 3180 4274 solemnitate.

2024 4311 2318 4368 Hodierna
2343 4311 2653 4378 festivitas,
2683 4312 2894 4370 fratres
2917 4313 3275 4378 charissimi,
3303 4313 3478 4370 nobis
3509 4331 3607 4372 ve-

1877 4482 1921 4540 ι)
1951 4452 2204 4540 natione,
2233 4453 2316 4540 ita
2339 4452 2394 4506 in
2429 4451 2773 4540 eucharistia
2795 4458 2880 4509 est
2908 4454 3420 4540 sacramentaliter.
3443 4457 3602 4540 Mira.

2021 4524 2043 4565 ἰ
2065 4524 2205 4595 Vere
2238 4523 2324 4576 his
2365 4524 2546 4578 verbis
2579 4525 2756 4579 Deum
2788 4541 3080 4595 rogamus,
3106 4542 3177 4580 ne
3203 4526 3357 4580 sinat
3382 4543 3486 4581 nos
3509 4529 3606 4582 ob-

1949 4594 2150 4668 noxios
2168 4611 2292 4668 esse
2317 4595 2642 4668 tentationi,
2674 4602 2734 4650 ut
2760 4594 3016 4666 superius
3043 4597 3354 4651 innuimus.
3376 4599 3606 4668 Cypria-

1949 4683 2054 4738 nus
2087 4666 2154 4738 de
2186 4666 2343 4719 Orat.
2377 4667 2567 4728 Dom.,
2596 4668 2964 4738 Augustinus.
2987 4667 3150 4737 epist.
3184 4669 3287 4723 157
3305 4666 3429 4738 cap;
3457 4666 3515 4735 Ξ,
3549 4675 3607 4726 et

1950 4737 2041 4810 lib.
2078 4737 2146 4791 de
2179 4738 2612 4810 Dono_Persev.,
2647 4737 2771 4808 cap.
2801 4740 2864 4803 6;
2897 4739 3355 4810 Chrysostomus,
3379 4737 3603 4796 Tertul-

1948 4807 2135 4861 lianus
2163 4812 2218 4862 et
2256 4808 2372 4861 alii.

2021 4879 2130 4932 aln
2157 4879 2350 4934 codice
2378 4879 2722 4933 Bononiensi
2753 4895 2941 4934 sermo
2971 4879 3060 4934 hic
3089 4881 3416 4936 inscribitur
3445 4898 3458 4934 :
3488 4881 3605 4934 Ser-

1947 4966 2031 5003 mo
2065 4950 2126 5003 B.
2160 4950 2314 5003 Petri
2365 4951 2690 5004 Ravennatis
2719 4951 2780 5005 de
2809 4951 2895 5004 die
2937 4952 3181 5005 Paschae.
3214 4953 3294 5005 De
3333 4968 3398 5004 eo
3429 4952 3598 5005 Mite:

1946 5021 2068 5075 Non
2125 5021 2347 5076 videtur
2393 5021 2683 5075 absolutus
2714 5021 2805 5075 hic
2853 5037 3065 5076 sermo.
3121 5023 3214 5074 Est
3246 5021 3396 5091 illius
3439 5038 3605 5091 argu-

1948 5096 2209 5146 mentum
2243 5093 2311 5146 de
2343 5091 2410 5144 iis
2439 5091 2536 5162 qui
2582 5092 2676 5146 diu
2711 5097 2844 5146 ante
2876 5091 3059 5146 effecti
3091 5095 3224 5162 sunt
3260 5090 3600 5162 Christiani;

1949 5167 2004 5218 et
2044 5164 2112 5217 de
2145 5163 2210 5216 iis
2246 5162 2340 5243 qui
2390 5161 2736 5244 nuperrime.
2875 5161 3126 5244 secundi
3173 5161 3407 5244 appensi
3457 5161 3603 5244 collo

1949 5250 2148 5288 eorum
2167 5231 2404 5304 qui’jam
2439 5231 2533 5287 diu
2556 5233 2817 5304 baptizati
2837 5238 2892 5287 et
2918 5231 3242 5304 conﬁrmati
3277 5231 3484 5300 fucere,
3511 5234 3604 5287 de-

1949 5306 2084 5358 bent
2115 5320 2181 5357 ex
2231 5302 2494 5357 uberibus
2528 5302 2807 5363 Ecclesite.
2852 5302 3175 5357 communis
3219 5304 3443 5371 matris,
3485 5320 3605 5358 ver-

1949 5377 2084 5429 bum
2119 5373 2216 5428 Dei
2246 5377 2302 5428 et
2328 5373 2763 5428 instructionem
2792 5374 2848 5429 in
2882 5375 3012 5439 fide,
3048 5373 3207 5444 quasi
3239 5374 3326 5430 lac
3355 5391 3602 5431 sumere.

1948 5445 2118 5499 Primi
2155 5461 2286 5499 vero
2335 5461 2538 5514 corpus
2579 5445 2782 5499 Christi
2828 5445 3095 5514 recipere,
3141 5449 3197 5501 et
3245 5446 3431 5502 cuncti
3491 5463 3608 5502 una

1949 5515 2168 5589 pariter
2192 5532 2415 5570 sacram
2459 5515 2556 5569 Dei
2586 5516 2966 5572 eruditionem
2994 5518 3064 5571 ab
3091 5533 3188 5573 ore
3228 5517 3472 5589 pastoris
3507 5536 3606 5574 au-

1950 5588 2091 5644 dire.
2128 5588 2265 5642 ΜιτΑ
2279 5631 2292 5645 .
