  <div class='ocr_page' id='page_1' title='image "/cluster/home/n/w/nwhite01/storage/ocr_20150623/52/hvd.32044054758628/213.png"; bbox 0 0 3958 6182; ppageno 0'>
   <div class='ocr_carea' id='block_1_1' title="bbox 381 267 500 338">
    <p class='ocr_par' dir='ltr' id='par_1_1' title="bbox 381 267 500 338">
     <span class='ocr_line' id='line_1_1' title="bbox 381 267 500 338; baseline 0 -10"><span class='ocrx_word' id='word_1_1' title='bbox 381 267 500 338; x_wconf 67' lang='grc' dir='ltr'><strong><em>ΜΒ</em></strong></span> 
     </span>
    </p>
   </div>
   <div class='ocr_carea' id='block_1_2' title="bbox 1687 259 2517 343">
    <p class='ocr_par' dir='ltr' id='par_1_2' title="bbox 1687 259 2517 343">
     <span class='ocr_line' id='line_1_2' title="bbox 1687 259 2517 343; baseline -0.004 -13"><span class='ocrx_word' id='word_1_2' title='bbox 1687 271 1750 330; x_wconf 90' lang='lat' dir='ltr'><strong>s.</strong></span> <span class='ocrx_word' id='word_1_3' title='bbox 1795 261 2007 343; x_wconf 63' lang='lat' dir='ltr'><strong>amr</strong></span> <span class='ocrx_word' id='word_1_4' title='bbox 2046 259 2517 328; x_wconf 81' lang='lat' dir='ltr'><strong>CHRYSOLOGI.</strong></span> 
     </span>
    </p>
   </div>
   <div class='ocr_carea' id='block_1_3' title="bbox 3686 271 3809 336">
    <p class='ocr_par' dir='ltr' id='par_1_3' title="bbox 3686 271 3809 336">
     <span class='ocr_line' id='line_1_3' title="bbox 3686 271 3809 336; baseline 0.033 -3"><span class='ocrx_word' id='word_1_5' title='bbox 3686 271 3809 336; x_wconf 65' lang='lat' dir='ltr'><strong>HG</strong></span> 
     </span>
    </p>
   </div>
   <div class='ocr_carea' id='block_1_4' title="bbox 381 389 3807 474">
    <p class='ocr_par' dir='ltr' id='par_1_4' title="bbox 381 389 3807 474">
     <span class='ocr_line' id='line_1_4' title="bbox 381 389 3807 474; baseline 0.002 -22"><span class='ocrx_word' id='word_1_6' title='bbox 381 397 1084 462; x_wconf 86' lang='lat' dir='ltr'><strong>rediturum,autcarnem</strong></span> <span class='ocrx_word' id='word_1_7' title='bbox 1098 403 2028 474; x_wconf 83' lang='lat' dir='ltr'><strong>servusfortededignatursuam,</strong></span> <span class='ocrx_word' id='word_1_8' title='bbox 2066 389 2111 448; x_wconf 82' lang='grc' dir='ltr'><strong>Δ</strong></span> <span class='ocrx_word' id='word_1_9' title='bbox 2149 395 2278 451; x_wconf 84' lang='lat' dir='ltr'><strong>tatis</strong></span> <span class='ocrx_word' id='word_1_10' title='bbox 2308 397 2642 468; x_wconf 77' lang='lat' dir='ltr'><strong>pertingant</strong></span> <span class='ocrx_word' id='word_1_11' title='bbox 2671 399 2950 470; x_wconf 77' lang='lat' dir='ltr'><strong>gloriam,</strong></span> <span class='ocrx_word' id='word_1_12' title='bbox 2980 399 3332 472; x_wconf 83' lang='lat' dir='ltr'><strong>perveniant</strong></span> <span class='ocrx_word' id='word_1_13' title='bbox 3379 398 3457 458; x_wconf 72' lang='lat' dir='ltr'><strong>ad</strong></span> <span class='ocrx_word' id='word_1_14' title='bbox 3479 398 3807 465; x_wconf 85' lang='lat' dir='ltr'><strong>honorem,</strong></span> 
     </span>
    </p>
   </div>
   <div class='ocr_carea' id='block_1_5' title="bbox 383 489 2035 565">
    <p class='ocr_par' dir='ltr' id='par_1_5' title="bbox 383 489 2035 565">
     <span class='ocr_line' id='line_1_5' title="bbox 383 489 2035 565; baseline 0.001 -23"><span class='ocrx_word' id='word_1_15' title='bbox 383 502 520 543; x_wconf 86' lang='lat' dir='ltr'><strong>cum</strong></span> <span class='ocrx_word' id='word_1_16' title='bbox 534 492 805 544; x_wconf 89' lang='lat' dir='ltr'><strong>nostram</strong></span> <span class='ocrx_word' id='word_1_17' title='bbox 823 489 1108 545; x_wconf 84' lang='lat' dir='ltr'><strong>Dominus</strong></span> <span class='ocrx_word' id='word_1_18' title='bbox 1121 507 1241 546; x_wconf 89' lang='lat' dir='ltr'><strong>non</strong></span> <span class='ocrx_word' id='word_1_19' title='bbox 1257 493 1848 565; x_wconf 85' lang='lat' dir='ltr'><strong>mutarit?Acquiesce</strong></span> <span class='ocrx_word' id='word_1_20' title='bbox 1859 490 2035 545; x_wconf 87' lang='lat' dir='ltr'><strong>homo</strong></span> 
     </span>
    </p>
   </div>
   <div class='ocr_carea' id='block_1_6' title="bbox 381 573 2035 650">
    <p class='ocr_par' dir='ltr' id='par_1_6' title="bbox 381 573 2035 650">
     <span class='ocr_line' id='line_1_6' title="bbox 381 573 2035 650; baseline 0.001 -19"><span class='ocrx_word' id='word_1_21' title='bbox 381 573 583 645; x_wconf 90' lang='lat' dir='ltr'><strong>ipsum</strong></span> <span class='ocrx_word' id='word_1_22' title='bbox 617 576 948 632; x_wconf 87' lang='lat' dir='ltr'><strong>tefuturum</strong></span> <span class='ocrx_word' id='word_1_23' title='bbox 963 593 1092 633; x_wconf 89' lang='lat' dir='ltr'><strong>esse</strong></span> <span class='ocrx_word' id='word_1_24' title='bbox 1123 579 1180 633; x_wconf 92' lang='lat' dir='ltr'><strong>in</strong></span> <span class='ocrx_word' id='word_1_25' title='bbox 1214 595 1393 635; x_wconf 90' lang='lat' dir='ltr'><strong>carne</strong></span> <span class='ocrx_word' id='word_1_26' title='bbox 1425 585 1541 646; x_wconf 88' lang='lat' dir='ltr'><strong>tua,</strong></span> <span class='ocrx_word' id='word_1_27' title='bbox 1576 597 1651 637; x_wconf 91' lang='lat' dir='ltr'><strong>ne</strong></span> <span class='ocrx_word' id='word_1_28' title='bbox 1673 587 1735 637; x_wconf 89' lang='lat' dir='ltr'><strong>tu</strong></span> <span class='ocrx_word' id='word_1_29' title='bbox 1768 580 1894 650; x_wconf 90' lang='lat' dir='ltr'><strong>ipse</strong></span> <span class='ocrx_word' id='word_1_30' title='bbox 1912 591 2035 646; x_wconf 84' lang='lat' dir='ltr'><strong>non</strong></span> 
     </span>
    </p>
   </div>
   <div class='ocr_carea' id='block_1_7' title="bbox 385 664 2037 741">
    <p class='ocr_par' dir='ltr' id='par_1_7' title="bbox 385 664 2037 741">
     <span class='ocr_line' id='line_1_7' title="bbox 385 664 2037 741; baseline 0.001 -23"><span class='ocrx_word' id='word_1_31' title='bbox 385 664 552 727; x_wconf 85' lang='lat' dir='ltr'><strong>sis,si</strong></span> <span class='ocrx_word' id='word_1_32' title='bbox 584 664 642 719; x_wconf 92' lang='lat' dir='ltr'><strong>in</strong></span> <span class='ocrx_word' id='word_1_33' title='bbox 663 680 839 720; x_wconf 90' lang='lat' dir='ltr'><strong>carne</strong></span> <span class='ocrx_word' id='word_1_34' title='bbox 853 667 1176 721; x_wconf 86' lang='lat' dir='ltr'><strong>surrexeris</strong></span> <span class='ocrx_word' id='word_1_35' title='bbox 1199 668 1922 741; x_wconf 78' lang='lat' dir='ltr'><strong>aliena.Adjecitangelus,</strong></span> <span class='ocrx_word' id='word_1_36' title='bbox 1951 666 2037 721; x_wconf 81' lang='lat' dir='ltr'><strong>di-</strong></span> 
     </span>
    </p>
   </div>
   <div class='ocr_carea' id='block_1_8' title="bbox 385 754 2035 831">
    <p class='ocr_par' dir='ltr' id='par_1_8' title="bbox 385 754 2035 831">
     <span class='ocr_line' id='line_1_8' title="bbox 385 754 2035 831; baseline 0.002 -23"><span class='ocrx_word' id='word_1_37' title='bbox 385 768 544 808; x_wconf 90' lang='lat' dir='ltr'><strong>cens:</strong></span> <span class='ocrx_word' id='word_1_38' title='bbox 555 754 628 808; x_wconf 83' lang='lat' dir='ltr'><strong>Et</strong></span> <span class='ocrx_word' id='word_1_39' title='bbox 641 754 757 808; x_wconf 85' lang='lat' dir='ltr'><strong>cito</strong></span> <span class='ocrx_word' id='word_1_40' title='bbox 769 760 968 810; x_wconf 76' lang='lat' dir='ltr'><strong>euntes</strong></span> <span class='ocrx_word' id='word_1_41' title='bbox 977 755 1145 811; x_wconf 87' lang='lat' dir='ltr'><strong>dicite</strong></span> <span class='ocrx_word' id='word_1_42' title='bbox 1155 757 1627 831; x_wconf 80' lang='lat' dir='ltr'><strong>discipulis,quia</strong></span> <span class='ocrx_word' id='word_1_43' title='bbox 1642 759 2035 821; x_wconf 69' lang='lat' dir='ltr'><strong>resurrexit,et</strong></span> 
     </span>
    </p>
   </div>
   <div class='ocr_carea' id='block_1_9' title="bbox 383 842 2034 915">
    <p class='ocr_par' dir='ltr' id='par_1_9' title="bbox 383 842 2034 915">
     <span class='ocr_line' id='line_1_9' title="bbox 383 842 2034 915; baseline 0.001 -19"><span class='ocrx_word' id='word_1_44' title='bbox 383 842 675 908; x_wconf 69' lang='lat' dir='ltr'><strong>praecedet</strong></span> <span class='ocrx_word' id='word_1_45' title='bbox 695 858 790 896; x_wconf 84' lang='lat' dir='ltr'><strong>vos</strong></span> <span class='ocrx_word' id='word_1_46' title='bbox 806 843 867 897; x_wconf 85' lang='lat' dir='ltr'><strong>in</strong></span> <span class='ocrx_word' id='word_1_47' title='bbox 883 844 1207 911; x_wconf 68' lang='lat' dir='ltr'><strong>Gatilavam,</strong></span> <span class='ocrx_word' id='word_1_48' title='bbox 1223 846 1308 902; x_wconf 72' lang='lat' dir='ltr'><strong>ibi</strong></span> <span class='ocrx_word' id='word_1_49' title='bbox 1317 863 1448 904; x_wconf 91' lang='lat' dir='ltr'><strong>eum</strong></span> <span class='ocrx_word' id='word_1_50' title='bbox 1463 850 1750 905; x_wconf 82' lang='lat' dir='ltr'><strong>videbitis.</strong></span> <span class='ocrx_word' id='word_1_51' title='bbox 1778 844 2034 915; x_wconf 81' lang='lat' dir='ltr'><strong>Angelus</strong></span> 
     </span>
    </p>
   </div>
   <div class='ocr_carea' id='block_1_10' title="bbox 384 929 2031 1002">
    <p class='ocr_par' dir='ltr' id='par_1_10' title="bbox 384 929 2031 1002">
     <span class='ocr_line' id='line_1_10' title="bbox 384 929 2031 1002; baseline 0.004 -20"><span class='ocrx_word' id='word_1_52' title='bbox 384 929 472 982; x_wconf 91' lang='lat' dir='ltr'><strong>hic</strong></span> <span class='ocrx_word' id='word_1_53' title='bbox 503 945 622 984; x_wconf 91' lang='lat' dir='ltr'><strong>non</strong></span> <span class='ocrx_word' id='word_1_54' title='bbox 650 929 928 1002; x_wconf 79' lang='lat' dir='ltr'><strong>feminas,</strong></span> <span class='ocrx_word' id='word_1_55' title='bbox 960 932 1063 988; x_wconf 90' lang='lat' dir='ltr'><strong>sed</strong></span> <span class='ocrx_word' id='word_1_56' title='bbox 1087 933 1404 992; x_wconf 88' lang='lat' dir='ltr'><strong>Ecclesiam</strong></span> <span class='ocrx_word' id='word_1_57' title='bbox 1435 936 1676 993; x_wconf 89' lang='lat' dir='ltr'><strong>duabus</strong></span> <span class='ocrx_word' id='word_1_58' title='bbox 1702 937 1761 992; x_wconf 93' lang='lat' dir='ltr'><strong>in</strong></span> <span class='ocrx_word' id='word_1_59' title='bbox 1793 935 2031 991; x_wconf 83' lang='lat' dir='ltr'><strong>feminis</strong></span> 
     </span>
    </p>
   </div>
   <div class='ocr_carea' id='block_1_11' title="bbox 384 1017 2034 1095">
    <p class='ocr_par' dir='ltr' id='par_1_11' title="bbox 384 1017 2034 1095">
     <span class='ocr_line' id='line_1_11' title="bbox 384 1017 2034 1095; baseline 0.003 -23"><span class='ocrx_word' id='word_1_60' title='bbox 384 1017 575 1081; x_wconf 90' lang='lat' dir='ltr'><strong>mittit,</strong></span> <span class='ocrx_word' id='word_1_61' title='bbox 595 1030 621 1060; x_wconf 79' lang='grc' dir='ltr'><strong>ει</strong></span> <span class='ocrx_word' id='word_1_62' title='bbox 652 1035 835 1075; x_wconf 89' lang='lat' dir='ltr'><strong>unam</strong></span> <span class='ocrx_word' id='word_1_63' title='bbox 863 1021 1279 1087; x_wconf 90' lang='lat' dir='ltr'><strong>mittit,uteam</strong></span> <span class='ocrx_word' id='word_1_64' title='bbox 1304 1026 1586 1083; x_wconf 89' lang='lat' dir='ltr'><strong>mittendo</strong></span> <span class='ocrx_word' id='word_1_65' title='bbox 1601 1027 1682 1082; x_wconf 89' lang='lat' dir='ltr'><strong>sic</strong></span> <span class='ocrx_word' id='word_1_66' title='bbox 1708 1023 2034 1095; x_wconf 84' lang='lat' dir='ltr'><strong>longelate-</strong></span> 
     </span>
    </p>
   </div>
   <div class='ocr_carea' id='block_1_12' title="bbox 380 1105 2023 1184">
    <p class='ocr_par' dir='ltr' id='par_1_12' title="bbox 380 1105 2023 1184">
     <span class='ocr_line' id='line_1_12' title="bbox 380 1105 2023 1184; baseline 0.004 -24"><span class='ocrx_word' id='word_1_67' title='bbox 380 1120 498 1176; x_wconf 88' lang='lat' dir='ltr'><strong>que</strong></span> <span class='ocrx_word' id='word_1_68' title='bbox 518 1105 835 1164; x_wconf 82' lang='lat' dir='ltr'><strong>diﬂ‘undat.</strong></span> <span class='ocrx_word' id='word_1_69' title='bbox 855 1110 1108 1182; x_wconf 77' lang='lat' dir='ltr'><strong>Angelus</strong></span> <span class='ocrx_word' id='word_1_70' title='bbox 1124 1111 1220 1168; x_wconf 90' lang='lat' dir='ltr'><strong>hic</strong></span> <span class='ocrx_word' id='word_1_71' title='bbox 1251 1129 1540 1184; x_wconf 84' lang='lat' dir='ltr'><strong>sponsam</strong></span> <span class='ocrx_word' id='word_1_72' title='bbox 1562 1114 1820 1172; x_wconf 88' lang='lat' dir='ltr'><strong>mittitad</strong></span> <span class='ocrx_word' id='word_1_73' title='bbox 1846 1127 2023 1182; x_wconf 88' lang='lat' dir='ltr'><strong>spon-</strong></span> 
     </span>
    </p>
   </div>
   <div class='ocr_carea' id='block_1_13' title="bbox 383 1195 2030 1268">
    <p class='ocr_par' dir='ltr' id='par_1_13' title="bbox 383 1195 2030 1268">
     <span class='ocr_line' id='line_1_13' title="bbox 383 1195 2030 1268; baseline 0.005 -21"><span class='ocrx_word' id='word_1_74' title='bbox 383 1195 1906 1268; x_wconf 79' lang='lat' dir='ltr'><strong>sum;deniqueeuntibusillisoccurritDominus,etb</strong></span> <span class='ocrx_word' id='word_1_75' title='bbox 1938 1217 2030 1256; x_wconf 87' lang='lat' dir='ltr'><strong>sa-</strong></span> 
     </span>
    </p>
   </div>
   <div class='ocr_carea' id='block_1_14' title="bbox 381 1281 2033 1361">
    <p class='ocr_par' dir='ltr' id='par_1_14' title="bbox 381 1281 2033 1361">
     <span class='ocr_line' id='line_1_14' title="bbox 381 1281 2033 1361; baseline 0.005 -25"><span class='ocrx_word' id='word_1_76' title='bbox 381 1281 531 1339; x_wconf 90' lang='lat' dir='ltr'><strong>lutat</strong></span> <span class='ocrx_word' id='word_1_77' title='bbox 558 1284 892 1349; x_wconf 87' lang='lat' dir='ltr'><strong>eas,dicens</strong></span> <span class='ocrx_word' id='word_1_78' title='bbox 922 1300 975 1341; x_wconf 69' lang='grc' dir='ltr'><strong>τε</strong></span> <span class='ocrx_word' id='word_1_79' title='bbox 1005 1289 1201 1346; x_wconf 85' lang='lat' dir='ltr'><strong>Avete.</strong></span> <span class='ocrx_word' id='word_1_80' title='bbox 1221 1293 1503 1358; x_wconf 83' lang='lat' dir='ltr'><strong>Occurrit,</strong></span> <span class='ocrx_word' id='word_1_81' title='bbox 1528 1296 1583 1347; x_wconf 91' lang='lat' dir='ltr'><strong>et</strong></span> <span class='ocrx_word' id='word_1_82' title='bbox 1604 1308 1722 1348; x_wconf 90' lang='lat' dir='ltr'><strong>non</strong></span> <span class='ocrx_word' id='word_1_83' title='bbox 1742 1293 2033 1361; x_wconf 79' lang='lat' dir='ltr'><strong>potestate</strong></span> 
     </span>
    </p>
   </div>
   <div class='ocr_carea' id='block_1_15' title="bbox 384 1373 2033 1447">
    <p class='ocr_par' dir='ltr' id='par_1_15' title="bbox 384 1373 2033 1447">
     <span class='ocr_line' id='line_1_15' title="bbox 384 1373 2033 1447; baseline 0.005 -22"><span class='ocrx_word' id='word_1_84' title='bbox 384 1373 576 1435; x_wconf 89' lang='lat' dir='ltr'><strong>terret,</strong></span> <span class='ocrx_word' id='word_1_85' title='bbox 613 1373 716 1427; x_wconf 89' lang='lat' dir='ltr'><strong>sed</strong></span> <span class='ocrx_word' id='word_1_86' title='bbox 746 1377 1026 1445; x_wconf 64' lang='lat' dir='ltr'><strong>pravenit</strong></span> <span class='ocrx_word' id='word_1_87' title='bbox 1055 1378 1358 1436; x_wconf 89' lang='lat' dir='ltr'><strong>cbaritatis</strong></span> <span class='ocrx_word' id='word_1_88' title='bbox 1375 1381 1617 1447; x_wconf 84' lang='lat' dir='ltr'><strong>ardore;</strong></span> <span class='ocrx_word' id='word_1_89' title='bbox 1649 1397 1770 1436; x_wconf 88' lang='lat' dir='ltr'><strong>non</strong></span> <span class='ocrx_word' id='word_1_90' title='bbox 1786 1379 2033 1436; x_wconf 81' lang='lat' dir='ltr'><strong>auctori-</strong></span> 
     </span>
    </p>
   </div>
   <div class='ocr_carea' id='block_1_16' title="bbox 384 1462 2034 1539">
    <p class='ocr_par' dir='ltr' id='par_1_16' title="bbox 384 1462 2034 1539">
     <span class='ocr_line' id='line_1_16' title="bbox 384 1462 2034 1539; baseline 0.004 -24"><span class='ocrx_word' id='word_1_91' title='bbox 384 1463 503 1516; x_wconf 86' lang='lat' dir='ltr'><strong>tate</strong></span> <span class='ocrx_word' id='word_1_92' title='bbox 534 1462 753 1528; x_wconf 85' lang='lat' dir='ltr'><strong>turbat,</strong></span> <span class='ocrx_word' id='word_1_93' title='bbox 780 1465 881 1519; x_wconf 82' lang='lat' dir='ltr'><strong>sed</strong></span> <span class='ocrx_word' id='word_1_94' title='bbox 899 1465 1118 1522; x_wconf 84' lang='lat' dir='ltr'><strong>salutat</strong></span> <span class='ocrx_word' id='word_1_95' title='bbox 1134 1467 1262 1536; x_wconf 88' lang='lat' dir='ltr'><strong>lege</strong></span> <span class='ocrx_word' id='word_1_96' title='bbox 1276 1470 1477 1539; x_wconf 87' lang='lat' dir='ltr'><strong>sponsi</strong></span> <span class='ocrx_word' id='word_1_97' title='bbox 1500 1488 1512 1536; x_wconf 91' lang='lat'><strong>;</strong></span> <span class='ocrx_word' id='word_1_98' title='bbox 1534 1485 1649 1525; x_wconf 89' lang='lat' dir='ltr'><strong>non</strong></span> <span class='ocrx_word' id='word_1_99' title='bbox 1672 1468 2034 1524; x_wconf 83' lang='lat' dir='ltr'><strong>dominantis</strong></span> 
     </span>
    </p>
   </div>
   <div class='ocr_carea' id='block_1_17' title="bbox 381 1547 2034 1620">
    <p class='ocr_par' dir='ltr' id='par_1_17' title="bbox 381 1547 2034 1620">
     <span class='ocr_line' id='line_1_17' title="bbox 381 1547 2034 1620; baseline 0.005 -18"><span class='ocrx_word' id='word_1_100' title='bbox 381 1547 513 1620; x_wconf 85' lang='lat' dir='ltr'><strong>jure</strong></span> <span class='ocrx_word' id='word_1_101' title='bbox 542 1555 770 1616; x_wconf 88' lang='lat' dir='ltr'><strong>onerat,</strong></span> <span class='ocrx_word' id='word_1_102' title='bbox 801 1553 901 1607; x_wconf 90' lang='lat' dir='ltr'><strong>sed</strong></span> <span class='ocrx_word' id='word_1_103' title='bbox 933 1553 1822 1614; x_wconf 84' lang='lat' dir='ltr'><strong>honoratdilectioneconsortis</strong></span> <span class='ocrx_word' id='word_1_104' title='bbox 1846 1575 1858 1613; x_wconf 87' lang='lat'><strong>:</strong></span> <span class='ocrx_word' id='word_1_105' title='bbox 1880 1555 2034 1612; x_wconf 88' lang='lat' dir='ltr'><strong>salu-</strong></span> 
     </span>
    </p>
   </div>
   <div class='ocr_carea' id='block_1_18' title="bbox 384 1639 2033 1715">
    <p class='ocr_par' dir='ltr' id='par_1_18' title="bbox 384 1639 2033 1715">
     <span class='ocr_line' id='line_1_18' title="bbox 384 1639 2033 1715; baseline 0.004 -24"><span class='ocrx_word' id='word_1_106' title='bbox 384 1639 501 1692; x_wconf 88' lang='lat' dir='ltr'><strong>tat:</strong></span> <span class='ocrx_word' id='word_1_107' title='bbox 539 1639 721 1694; x_wconf 82' lang='lat' dir='ltr'><strong>Avete.</strong></span> <span class='ocrx_word' id='word_1_108' title='bbox 734 1642 962 1696; x_wconf 83' lang='lat' dir='ltr'><strong>Dixerat</strong></span> <span class='ocrx_word' id='word_1_109' title='bbox 977 1642 1288 1712; x_wconf 87' lang='lat' dir='ltr'><strong>discipulis</strong></span> <span class='ocrx_word' id='word_1_110' title='bbox 1303 1647 1429 1701; x_wconf 87' lang='lat' dir='ltr'><strong>suis</strong></span> <span class='ocrx_word' id='word_1_111' title='bbox 1457 1646 1584 1715; x_wconf 89' lang='lat' dir='ltr'><strong>ipse</strong></span> <span class='ocrx_word' id='word_1_112' title='bbox 1605 1664 1617 1704; x_wconf 89' lang='lat'><strong>:</strong></span> <span class='ocrx_word' id='word_1_113' title='bbox 1638 1647 1936 1703; x_wconf 77' lang='lat' dir='ltr'><strong>Neminem</strong></span> <span class='ocrx_word' id='word_1_114' title='bbox 1948 1660 2033 1699; x_wconf 84' lang='lat' dir='ltr'><strong>sa-</strong></span> 
     </span>
    </p>
   </div>
   <div class='ocr_carea' id='block_1_19' title="bbox 2145 484 3809 561">
    <p class='ocr_par' dir='ltr' id='par_1_19' title="bbox 2145 484 3809 561">
     <span class='ocr_line' id='line_1_19' title="bbox 2145 484 3809 561; baseline 0.005 -23"><span class='ocrx_word' id='word_1_115' title='bbox 2145 484 2248 540; x_wconf 90' lang='lat' dir='ltr'><strong>Illa</strong></span> <span class='ocrx_word' id='word_1_116' title='bbox 2261 490 2456 541; x_wconf 87' lang='lat' dir='ltr'><strong>autem</strong></span> <span class='ocrx_word' id='word_1_117' title='bbox 2473 489 2686 545; x_wconf 90' lang='lat' dir='ltr'><strong>merito</strong></span> <span class='ocrx_word' id='word_1_118' title='bbox 2702 490 2867 545; x_wconf 88' lang='lat' dir='ltr'><strong>audit</strong></span> <span class='ocrx_word' id='word_1_119' title='bbox 2890 509 2901 544; x_wconf 87' lang='lat'>:</span> <span class='ocrx_word' id='word_1_120' title='bbox 2921 489 3060 545; x_wconf 86' lang='lat' dir='ltr'><strong>Noli</strong></span> <span class='ocrx_word' id='word_1_121' title='bbox 3081 503 3171 545; x_wconf 88' lang='lat' dir='ltr'><strong>me</strong></span> <span class='ocrx_word' id='word_1_122' title='bbox 3186 494 3423 558; x_wconf 83' lang='lat' dir='ltr'><strong>tangere</strong></span> <span class='ocrx_word' id='word_1_123' title='bbox 3437 489 3809 561; x_wconf 70' lang='lat' dir='ltr'><strong>(Ibid.),quas</strong></span> 
     </span>
    </p>
   </div>
   <div class='ocr_carea' id='block_1_20' title="bbox 2145 573 3808 650">
    <p class='ocr_par' dir='ltr' id='par_1_20' title="bbox 2145 573 3808 650">
     <span class='ocr_line' id='line_1_20' title="bbox 2145 573 3808 650; baseline 0.004 -22"><span class='ocrx_word' id='word_1_124' title='bbox 2145 573 2203 629; x_wconf 91' lang='lat' dir='ltr'><strong>in</strong></span> <span class='ocrx_word' id='word_1_125' title='bbox 2227 575 2394 629; x_wconf 87' lang='lat' dir='ltr'><strong>terris</strong></span> <span class='ocrx_word' id='word_1_126' title='bbox 2421 575 2599 632; x_wconf 90' lang='lat' dir='ltr'><strong>deﬂet</strong></span> <span class='ocrx_word' id='word_1_127' title='bbox 2632 578 2972 641; x_wconf 92' lang='lat' dir='ltr'><strong>Dominum,</strong></span> <span class='ocrx_word' id='word_1_128' title='bbox 3000 581 3057 632; x_wconf 90' lang='lat' dir='ltr'><strong>et</strong></span> <span class='ocrx_word' id='word_1_129' title='bbox 3089 576 3173 632; x_wconf 92' lang='lat' dir='ltr'><strong>sic</strong></span> <span class='ocrx_word' id='word_1_130' title='bbox 3201 577 3258 631; x_wconf 91' lang='lat' dir='ltr'><strong>in</strong></span> <span class='ocrx_word' id='word_1_131' title='bbox 3287 576 3561 648; x_wconf 88' lang='lat' dir='ltr'><strong>sepulcro</strong></span> <span class='ocrx_word' id='word_1_132' title='bbox 3591 579 3808 650; x_wconf 64' lang='lat' dir='ltr'><strong>quaerit</strong></span> 
     </span>
    </p>
   </div>
   <div class='ocr_carea' id='block_1_21' title="bbox 2144 666 3804 734">
    <p class='ocr_par' dir='ltr' id='par_1_21' title="bbox 2144 666 3804 734">
     <span class='ocr_line' id='line_1_21' title="bbox 2144 666 3804 734; baseline 0.003 -17"><span class='ocrx_word' id='word_1_133' title='bbox 2144 667 2461 730; x_wconf 89' lang='lat' dir='ltr'><strong>mortuum,</strong></span> <span class='ocrx_word' id='word_1_134' title='bbox 2487 667 2737 722; x_wconf 74' lang='lat' dir='ltr'><strong>uteumf</strong></span> <span class='ocrx_word' id='word_1_135' title='bbox 2758 668 2816 722; x_wconf 90' lang='lat' dir='ltr'><strong>in</strong></span> <span class='ocrx_word' id='word_1_136' title='bbox 2841 667 3004 723; x_wconf 68' lang='lat' dir='ltr'><strong>cmlis</strong></span> <span class='ocrx_word' id='word_1_137' title='bbox 3031 666 3260 724; x_wconf 88' lang='lat' dir='ltr'><strong>nesciat</strong></span> <span class='ocrx_word' id='word_1_138' title='bbox 3279 682 3528 734; x_wconf 89' lang='lat' dir='ltr'><strong>regnare</strong></span> <span class='ocrx_word' id='word_1_139' title='bbox 3541 667 3804 723; x_wconf 86' lang='lat' dir='ltr'><strong>cumPa-</strong></span> 
     </span>
    </p>
   </div>
   <div class='ocr_carea' id='block_1_22' title="bbox 2145 753 3801 827">
    <p class='ocr_par' dir='ltr' id='par_1_22' title="bbox 2145 753 3801 827">
     <span class='ocr_line' id='line_1_22' title="bbox 2145 753 3801 827; baseline 0.002 -19"><span class='ocrx_word' id='word_1_140' title='bbox 2145 755 2249 808; x_wconf 87' lang='lat' dir='ltr'><strong>tre.</strong></span> <span class='ocrx_word' id='word_1_141' title='bbox 2283 753 2405 808; x_wconf 81' lang='lat' dir='ltr'><strong>Noli</strong></span> <span class='ocrx_word' id='word_1_142' title='bbox 2427 770 2520 809; x_wconf 90' lang='lat' dir='ltr'><strong>me</strong></span> <span class='ocrx_word' id='word_1_143' title='bbox 2544 759 2805 826; x_wconf 81' lang='lat' dir='ltr'><strong>tangere,</strong></span> <span class='ocrx_word' id='word_1_144' title='bbox 2841 757 2898 812; x_wconf 92' lang='lat' dir='ltr'><strong>id</strong></span> <span class='ocrx_word' id='word_1_145' title='bbox 2922 760 3027 821; x_wconf 91' lang='lat' dir='ltr'><strong>est,</strong></span> <span class='ocrx_word' id='word_1_146' title='bbox 3057 755 3312 827; x_wconf 87' lang='lat' dir='ltr'><strong>obsequi</strong></span> <span class='ocrx_word' id='word_1_147' title='bbox 3342 768 3372 810; x_wconf 69' lang='grc' dir='ltr'>κ</span> <span class='ocrx_word' id='word_1_148' title='bbox 3393 760 3546 811; x_wconf 89' lang='lat' dir='ltr'><strong>tactu</strong></span> <span class='ocrx_word' id='word_1_149' title='bbox 3579 755 3801 822; x_wconf 86' lang='lat' dir='ltr'><strong>carnis,</strong></span> 
     </span>
    </p>
   </div>
   <div class='ocr_carea' id='block_1_23' title="bbox 2143 841 3805 917">
    <p class='ocr_par' dir='ltr' id='par_1_23' title="bbox 2143 841 3805 917">
     <span class='ocr_line' id='line_1_23' title="bbox 2143 841 3805 917; baseline 0.003 -22"><span class='ocrx_word' id='word_1_150' title='bbox 2143 857 2324 912; x_wconf 85' lang='lat' dir='ltr'><strong>quem</strong></span> <span class='ocrx_word' id='word_1_151' title='bbox 2351 841 2486 897; x_wconf 89' lang='lat' dir='ltr'><strong>ﬁdei</strong></span> <span class='ocrx_word' id='word_1_152' title='bbox 2516 848 2672 899; x_wconf 90' lang='lat' dir='ltr'><strong>tactu</strong></span> <span class='ocrx_word' id='word_1_153' title='bbox 2690 845 2938 901; x_wconf 86' lang='lat' dir='ltr'><strong>deberes</strong></span> <span class='ocrx_word' id='word_1_154' title='bbox 2965 845 3282 914; x_wconf 89' lang='lat' dir='ltr'><strong>attingere;</strong></span> <span class='ocrx_word' id='word_1_155' title='bbox 3304 845 3805 917; x_wconf 76' lang='lat' dir='ltr'><strong>necquasibomi-</strong></span> 
     </span>
    </p>
   </div>
   <div class='ocr_carea' id='block_1_24' title="bbox 2143 933 3803 1005">
    <p class='ocr_par' dir='ltr' id='par_1_24' title="bbox 2143 933 3803 1005">
     <span class='ocr_line' id='line_1_24' title="bbox 2143 933 3803 1005; baseline 0.004 -21"><span class='ocrx_word' id='word_1_156' title='bbox 2143 945 2281 984; x_wconf 90' lang='lat' dir='ltr'><strong>nem</strong></span> <span class='ocrx_word' id='word_1_157' title='bbox 2308 934 2540 988; x_wconf 88' lang='lat' dir='ltr'><strong>tantum</strong></span> <span class='ocrx_word' id='word_1_158' title='bbox 2574 937 2816 1003; x_wconf 84' lang='lat' dir='ltr'><strong>tangere</strong></span> <span class='ocrx_word' id='word_1_159' title='bbox 2860 942 2913 990; x_wconf 92' lang='lat' dir='ltr'><strong>te</strong></span> <span class='ocrx_word' id='word_1_160' title='bbox 2943 949 3278 1004; x_wconf 68' lang='lat' dir='ltr'><strong>praesumas</strong></span> <span class='ocrx_word' id='word_1_161' title='bbox 3318 933 3378 989; x_wconf 92' lang='lat' dir='ltr'><strong>in</strong></span> <span class='ocrx_word' id='word_1_162' title='bbox 3409 937 3580 997; x_wconf 85' lang='lat' dir='ltr'><strong>terra,</strong></span> <span class='ocrx_word' id='word_1_163' title='bbox 3613 949 3803 1005; x_wconf 87' lang='lat' dir='ltr'><strong>quem</strong></span> 
     </span>
    </p>
   </div>
   <div class='ocr_carea' id='block_1_25' title="bbox 2145 1021 3807 1094">
    <p class='ocr_par' dir='ltr' id='par_1_25' title="bbox 2145 1021 3807 1094">
     <span class='ocr_line' id='line_1_25' title="bbox 2145 1021 3807 1094; baseline 0.004 -21"><span class='ocrx_word' id='word_1_164' title='bbox 2145 1021 2329 1075; x_wconf 90' lang='lat' dir='ltr'><strong>Deum</strong></span> <span class='ocrx_word' id='word_1_165' title='bbox 2345 1021 2614 1078; x_wconf 91' lang='lat' dir='ltr'><strong>nondum</strong></span> <span class='ocrx_word' id='word_1_166' title='bbox 2630 1024 2789 1094; x_wconf 86' lang='lat' dir='ltr'><strong>sapis</strong></span> <span class='ocrx_word' id='word_1_167' title='bbox 2807 1024 2867 1079; x_wconf 92' lang='lat' dir='ltr'><strong>in</strong></span> <span class='ocrx_word' id='word_1_168' title='bbox 2888 1023 3226 1080; x_wconf 66' lang='lat' dir='ltr'><strong>coelestibus</strong></span> <span class='ocrx_word' id='word_1_169' title='bbox 3250 1023 3499 1079; x_wconf 88' lang='lat' dir='ltr'><strong>adorare</strong></span> <span class='ocrx_word' id='word_1_170' title='bbox 3519 1042 3530 1089; x_wconf 89' lang='lat'><strong>;</strong></span> <span class='ocrx_word' id='word_1_171' title='bbox 3548 1023 3807 1079; x_wconf 81' lang='lat' dir='ltr'><strong>feminea</strong></span> 
     </span>
    </p>
   </div>
   <div class='ocr_carea' id='block_1_26' title="bbox 2143 1109 3805 1176">
    <p class='ocr_par' dir='ltr' id='par_1_26' title="bbox 2143 1109 3805 1176">
     <span class='ocr_line' id='line_1_26' title="bbox 2143 1109 3805 1176; baseline 0.002 -13"><span class='ocrx_word' id='word_1_172' title='bbox 2143 1124 2286 1163; x_wconf 90' lang='lat' dir='ltr'><strong>cura</strong></span> <span class='ocrx_word' id='word_1_173' title='bbox 2307 1109 2562 1175; x_wconf 89' lang='lat' dir='ltr'><strong>desinat,</strong></span> <span class='ocrx_word' id='word_1_174' title='bbox 2598 1112 2904 1168; x_wconf 87' lang='lat' dir='ltr'><strong>muliebris</strong></span> <span class='ocrx_word' id='word_1_175' title='bbox 2951 1111 3287 1168; x_wconf 91' lang='lat' dir='ltr'><strong>sollicitudo</strong></span> <span class='ocrx_word' id='word_1_176' title='bbox 3319 1111 3582 1176; x_wconf 86' lang='lat' dir='ltr'><strong>desistat,</strong></span> <span class='ocrx_word' id='word_1_177' title='bbox 3615 1110 3805 1167; x_wconf 84' lang='lat' dir='ltr'><strong>virilis</strong></span> 
     </span>
    </p>
   </div>
   <div class='ocr_carea' id='block_1_27' title="bbox 2145 1197 3804 1268">
    <p class='ocr_par' dir='ltr' id='par_1_27' title="bbox 2145 1197 3804 1268">
     <span class='ocr_line' id='line_1_27' title="bbox 2145 1197 3804 1268; baseline 0.004 -16"><span class='ocrx_word' id='word_1_178' title='bbox 2145 1197 2462 1254; x_wconf 86' lang='lat' dir='ltr'><strong>credulitas</strong></span> <span class='ocrx_word' id='word_1_179' title='bbox 2494 1206 2659 1256; x_wconf 91' lang='lat' dir='ltr'><strong>tuam</strong></span> <span class='ocrx_word' id='word_1_180' title='bbox 2689 1201 3054 1257; x_wconf 88' lang='lat' dir='ltr'><strong>conscendat</strong></span> <span class='ocrx_word' id='word_1_181' title='bbox 3078 1201 3135 1256; x_wconf 90' lang='lat' dir='ltr'><strong>in</strong></span> <span class='ocrx_word' id='word_1_182' title='bbox 3166 1205 3450 1268; x_wconf 90' lang='lat' dir='ltr'><strong>mentem,</strong></span> <span class='ocrx_word' id='word_1_183' title='bbox 3481 1215 3804 1258; x_wconf 86' lang='lat' dir='ltr'><strong>ascensum</strong></span> 
     </span>
    </p>
   </div>
   <div class='ocr_carea' id='block_1_28' title="bbox 2144 1286 3805 1361">
    <p class='ocr_par' dir='ltr' id='par_1_28' title="bbox 2144 1286 3805 1361">
     <span class='ocr_line' id='line_1_28' title="bbox 2144 1286 3805 1361; baseline 0 -20"><span class='ocrx_word' id='word_1_184' title='bbox 2144 1301 2344 1342; x_wconf 90' lang='lat' dir='ltr'><strong>meum</strong></span> <span class='ocrx_word' id='word_1_185' title='bbox 2377 1287 2674 1344; x_wconf 89' lang='lat' dir='ltr'><strong>cordistui</strong></span> <span class='ocrx_word' id='word_1_186' title='bbox 2705 1289 3190 1361; x_wconf 89' lang='lat' dir='ltr'><strong>capiatlatitudo,</strong></span> <span class='ocrx_word' id='word_1_187' title='bbox 3223 1289 3249 1330; x_wconf 69' lang='grc' dir='ltr'>δ</span> <span class='ocrx_word' id='word_1_188' title='bbox 3283 1291 3347 1343; x_wconf 89' lang='lat' dir='ltr'><strong>ut</strong></span> <span class='ocrx_word' id='word_1_189' title='bbox 3375 1287 3432 1342; x_wconf 93' lang='lat' dir='ltr'><strong>in</strong></span> <span class='ocrx_word' id='word_1_190' title='bbox 3461 1286 3805 1342; x_wconf 76' lang='lat' dir='ltr'><strong>ccelestibus</strong></span> 
     </span>
    </p>
   </div>
   <div class='ocr_carea' id='block_1_29' title="bbox 2140 1375 3806 1451">
    <p class='ocr_par' dir='ltr' id='par_1_29' title="bbox 2140 1375 3806 1451">
     <span class='ocr_line' id='line_1_29' title="bbox 2140 1375 3806 1451; baseline 0.003 -24"><span class='ocrx_word' id='word_1_191' title='bbox 2140 1378 2362 1451; x_wconf 62' lang='lat' dir='ltr'><strong>aeterna</strong></span> <span class='ocrx_word' id='word_1_192' title='bbox 2389 1379 2578 1432; x_wconf 88' lang='lat' dir='ltr'><strong>tactus</strong></span> <span class='ocrx_word' id='word_1_193' title='bbox 2593 1377 3082 1435; x_wconf 86' lang='lat' dir='ltr'><strong>meibeatitudine</strong></span> <span class='ocrx_word' id='word_1_194' title='bbox 3094 1375 3439 1449; x_wconf 84' lang='lat' dir='ltr'><strong>perfruaris.</strong></span> <span class='ocrx_word' id='word_1_195' title='bbox 3460 1377 3636 1432; x_wconf 80' lang='lat' dir='ltr'><strong>Juxta</strong></span> <span class='ocrx_word' id='word_1_196' title='bbox 3651 1375 3806 1432; x_wconf 87' lang='lat' dir='ltr'><strong>illud</strong></span> 
     </span>
    </p>
   </div>
   <div class='ocr_carea' id='block_1_30' title="bbox 2143 1463 3804 1537">
    <p class='ocr_par' dir='ltr' id='par_1_30' title="bbox 2143 1463 3804 1537">
     <span class='ocr_line' id='line_1_30' title="bbox 2143 1463 3804 1537; baseline 0.002 -21"><span class='ocrx_word' id='word_1_197' title='bbox 2143 1463 2419 1535; x_wconf 74' lang='lat' dir='ltr'><strong>prophetae</strong></span> <span class='ocrx_word' id='word_1_198' title='bbox 2436 1467 2664 1522; x_wconf 77' lang='lat' dir='ltr'><strong>:Beatus</strong></span> <span class='ocrx_word' id='word_1_199' title='bbox 2679 1468 2772 1522; x_wconf 81' lang='lat' dir='ltr'><strong>vir</strong></span> <span class='ocrx_word' id='word_1_200' title='bbox 2783 1469 2948 1537; x_wconf 85' lang='lat' dir='ltr'><strong>cujus</strong></span> <span class='ocrx_word' id='word_1_201' title='bbox 2963 1467 3340 1523; x_wconf 72' lang='lat' dir='ltr'><strong>estauxitium</strong></span> <span class='ocrx_word' id='word_1_202' title='bbox 3353 1465 3449 1521; x_wconf 88' lang='lat' dir='ltr'><strong>abs</strong></span> <span class='ocrx_word' id='word_1_203' title='bbox 3463 1471 3535 1534; x_wconf 90' lang='lat' dir='ltr'><strong>te,</strong></span> <span class='ocrx_word' id='word_1_204' title='bbox 3545 1465 3804 1532; x_wconf 82' lang='lat' dir='ltr'><strong>Domine;</strong></span> 
     </span>
    </p>
   </div>
   <div class='ocr_carea' id='block_1_31' title="bbox 2143 1555 3808 1626">
    <p class='ocr_par' dir='ltr' id='par_1_31' title="bbox 2143 1555 3808 1626">
     <span class='ocr_line' id='line_1_31' title="bbox 2143 1555 3808 1626; baseline 0.002 -19"><span class='ocrx_word' id='word_1_205' title='bbox 2143 1569 2414 1610; x_wconf 81' lang='lat' dir='ltr'><strong>ascensus</strong></span> <span class='ocrx_word' id='word_1_206' title='bbox 2424 1555 2486 1610; x_wconf 86' lang='lat' dir='ltr'><strong>in</strong></span> <span class='ocrx_word' id='word_1_207' title='bbox 2500 1556 2669 1613; x_wconf 84' lang='lat' dir='ltr'><strong>corde</strong></span> <span class='ocrx_word' id='word_1_208' title='bbox 2681 1559 2807 1626; x_wconf 92' lang='lat' dir='ltr'><strong>ejus</strong></span> <span class='ocrx_word' id='word_1_209' title='bbox 2820 1557 3134 1626; x_wconf 82' lang='lat' dir='ltr'><strong>disposuit.(</strong></span> <span class='ocrx_word' id='word_1_210' title='bbox 3144 1555 3296 1614; x_wconf 87' lang='lat' dir='ltr'><strong>Psal.</strong></span> <span class='ocrx_word' id='word_1_211' title='bbox 3315 1555 3639 1626; x_wconf 79' lang='lat' dir='ltr'><strong>Lxxxlu).ln</strong></span> <span class='ocrx_word' id='word_1_212' title='bbox 3651 1562 3808 1610; x_wconf 80' lang='lat' dir='ltr'><strong>terra</strong></span> 
     </span>
    </p>
   </div>
   <div class='ocr_carea' id='block_1_32' title="bbox 2142 1643 3806 1716">
    <p class='ocr_par' dir='ltr' id='par_1_32' title="bbox 2142 1643 3806 1716">
     <span class='ocr_line' id='line_1_32' title="bbox 2142 1643 3806 1716; baseline 0.002 -20"><span class='ocrx_word' id='word_1_213' title='bbox 2142 1657 2258 1697; x_wconf 91' lang='lat' dir='ltr'><strong>non</strong></span> <span class='ocrx_word' id='word_1_214' title='bbox 2274 1643 2460 1711; x_wconf 88' lang='lat' dir='ltr'><strong>tangit</strong></span> <span class='ocrx_word' id='word_1_215' title='bbox 2473 1644 2790 1712; x_wconf 88' lang='lat' dir='ltr'><strong>Christum,</strong></span> <span class='ocrx_word' id='word_1_216' title='bbox 2815 1645 2917 1716; x_wconf 90' lang='lat' dir='ltr'><strong>qui</strong></span> <span class='ocrx_word' id='word_1_217' title='bbox 2931 1645 3048 1700; x_wconf 88' lang='lat' dir='ltr'><strong>ﬁde</strong></span> <span class='ocrx_word' id='word_1_218' title='bbox 3073 1646 3131 1700; x_wconf 90' lang='lat' dir='ltr'><strong>in</strong></span> <span class='ocrx_word' id='word_1_219' title='bbox 3145 1643 3296 1701; x_wconf 82' lang='lat' dir='ltr'><strong>ccelo</strong></span> <span class='ocrx_word' id='word_1_220' title='bbox 3313 1659 3434 1698; x_wconf 91' lang='lat' dir='ltr'><strong>non</strong></span> <span class='ocrx_word' id='word_1_221' title='bbox 3449 1643 3806 1700; x_wconf 75' lang='lat' dir='ltr'><strong>conscendit</strong></span> 
     </span>
    </p>
   </div>
   <div class='ocr_carea' id='block_1_33' title="bbox 388 1726 3806 1808">
    <p class='ocr_par' dir='ltr' id='par_1_33' title="bbox 388 1726 3806 1808">
     <span class='ocr_line' id='line_1_33' title="bbox 388 1726 3806 1808; baseline 0.003 -26"><span class='ocrx_word' id='word_1_222' title='bbox 388 1726 724 1785; x_wconf 83' lang='lat' dir='ltr'><strong>lutaveritis</strong></span> <span class='ocrx_word' id='word_1_223' title='bbox 739 1731 797 1784; x_wconf 87' lang='lat' dir='ltr'><strong>in</strong></span> <span class='ocrx_word' id='word_1_224' title='bbox 817 1731 997 1790; x_wconf 83' lang='lat' dir='ltr'><strong>via.et</strong></span> <span class='ocrx_word' id='word_1_225' title='bbox 1019 1732 1161 1803; x_wconf 92' lang='lat' dir='ltr'><strong>quid</strong></span> <span class='ocrx_word' id='word_1_226' title='bbox 1188 1735 1446 1805; x_wconf 87' lang='lat' dir='ltr'><strong>estquod</strong></span> <span class='ocrx_word' id='word_1_227' title='bbox 1461 1736 1627 1790; x_wconf 90' lang='lat' dir='ltr'><strong>hicin</strong></span> <span class='ocrx_word' id='word_1_228' title='bbox 1647 1736 1742 1792; x_wconf 88' lang='lat' dir='ltr'><strong>via</strong></span> <span class='ocrx_word' id='word_1_229' title='bbox 1762 1741 1877 1790; x_wconf 88' lang='lat' dir='ltr'><strong>tam</strong></span> <span class='ocrx_word' id='word_1_230' title='bbox 1893 1734 1918 1775; x_wconf 78' lang='grc' dir='ltr'>ἀ</span> <span class='ocrx_word' id='word_1_231' title='bbox 1950 1735 2033 1791; x_wconf 85' lang='lat' dir='ltr'><strong>fe-</strong></span> <span class='ocrx_word' id='word_1_232' title='bbox 2069 1747 2112 1808; x_wconf 77' lang='grc' dir='ltr'><strong>Β</strong></span> <span class='ocrx_word' id='word_1_233' title='bbox 2144 1730 2218 1785; x_wconf 83' lang='lat' dir='ltr'><strong>ad</strong></span> <span class='ocrx_word' id='word_1_234' title='bbox 2246 1731 2560 1788; x_wconf 75' lang='lat' dir='ltr'><strong>Christum.</strong></span> <span class='ocrx_word' id='word_1_235' title='bbox 2584 1735 2752 1798; x_wconf 83' lang='lat' dir='ltr'><strong>Quod</strong></span> <span class='ocrx_word' id='word_1_236' title='bbox 2772 1749 2914 1803; x_wconf 84' lang='lat' dir='ltr'><strong>ergo</strong></span> <span class='ocrx_word' id='word_1_237' title='bbox 2935 1733 3144 1790; x_wconf 83' lang='lat' dir='ltr'><strong>eadem</strong></span> <span class='ocrx_word' id='word_1_238' title='bbox 3173 1733 3360 1789; x_wconf 83' lang='lat' dir='ltr'><strong>Maria</strong></span> <span class='ocrx_word' id='word_1_239' title='bbox 3379 1747 3539 1790; x_wconf 86' lang='lat' dir='ltr'><strong>nunc</strong></span> <span class='ocrx_word' id='word_1_240' title='bbox 3560 1733 3617 1786; x_wconf 84' lang='lat' dir='ltr'><strong>in</strong></span> <span class='ocrx_word' id='word_1_241' title='bbox 3659 1731 3806 1787; x_wconf 79' lang='lat' dir='ltr'><strong>ﬁdei</strong></span> 
     </span>
    </p>
   </div>
   <div class='ocr_carea' id='block_1_34' title="bbox 384 1814 2032 1894">
    <p class='ocr_par' dir='ltr' id='par_1_34' title="bbox 384 1814 2032 1894">
     <span class='ocr_line' id='line_1_34' title="bbox 384 1814 2032 1894; baseline 0.004 -24"><span class='ocrx_word' id='word_1_242' title='bbox 384 1814 571 1870; x_wconf 89' lang='lat' dir='ltr'><strong>stivus</strong></span> <span class='ocrx_word' id='word_1_243' title='bbox 601 1817 883 1873; x_wconf 84' lang='lat' dir='ltr'><strong>salutator</strong></span> <span class='ocrx_word' id='word_1_244' title='bbox 912 1822 1212 1878; x_wconf 81' lang='lat' dir='ltr'><strong>occurrit?</strong></span> <span class='ocrx_word' id='word_1_245' title='bbox 1239 1825 1363 1878; x_wconf 88' lang='lat' dir='ltr'><strong>Non</strong></span> <span class='ocrx_word' id='word_1_246' title='bbox 1399 1828 1703 1894; x_wconf 79' lang='lat' dir='ltr'><strong>exspectat</strong></span> <span class='ocrx_word' id='word_1_247' title='bbox 1727 1824 2032 1891; x_wconf 84' lang='lat' dir='ltr'><strong>cognosci,</strong></span> 
     </span>
    </p>
   </div>
   <div class='ocr_carea' id='block_1_35' title="bbox 384 1900 2032 1982">
    <p class='ocr_par' dir='ltr' id='par_1_35' title="bbox 384 1900 2032 1982">
     <span class='ocr_line' id='line_1_35' title="bbox 384 1900 2032 1982; baseline 0.007 -26"><span class='ocrx_word' id='word_1_248' title='bbox 384 1900 627 1971; x_wconf 83' lang='lat' dir='ltr'><strong>intelligi</strong></span> <span class='ocrx_word' id='word_1_249' title='bbox 659 1921 776 1960; x_wconf 90' lang='lat' dir='ltr'><strong>non</strong></span> <span class='ocrx_word' id='word_1_250' title='bbox 801 1909 1068 1978; x_wconf 84' lang='lat' dir='ltr'><strong>requirit,</strong></span> <span class='ocrx_word' id='word_1_251' title='bbox 1091 1926 1212 1964; x_wconf 87' lang='lat' dir='ltr'><strong>non</strong></span> <span class='ocrx_word' id='word_1_252' title='bbox 1245 1918 1308 1965; x_wconf 90' lang='lat' dir='ltr'><strong>ut</strong></span> <span class='ocrx_word' id='word_1_253' title='bbox 1336 1912 1726 1982; x_wconf 84' lang='lat' dir='ltr'><strong>interrogetur</strong></span> <span class='ocrx_word' id='word_1_254' title='bbox 1756 1913 2032 1979; x_wconf 85' lang='lat' dir='ltr'><strong>admittit,</strong></span> 
     </span>
    </p>
   </div>
   <div class='ocr_carea' id='block_1_36' title="bbox 382 1991 2037 2068">
    <p class='ocr_par' dir='ltr' id='par_1_36' title="bbox 382 1991 2037 2068">
     <span class='ocr_line' id='line_1_36' title="bbox 382 1991 2037 2068; baseline 0.007 -22"><span class='ocrx_word' id='word_1_255' title='bbox 382 1992 487 2046; x_wconf 89' lang='lat' dir='ltr'><strong>sed</strong></span> <span class='ocrx_word' id='word_1_256' title='bbox 529 1991 589 2048; x_wconf 92' lang='lat' dir='ltr'><strong>in</strong></span> <span class='ocrx_word' id='word_1_257' title='bbox 622 1994 1040 2052; x_wconf 84' lang='lat' dir='ltr'><strong>salutationem</strong></span> <span class='ocrx_word' id='word_1_258' title='bbox 1072 1999 1232 2054; x_wconf 88' lang='lat' dir='ltr'><strong>vadit</strong></span> <span class='ocrx_word' id='word_1_259' title='bbox 1261 2006 1438 2066; x_wconf 88' lang='lat' dir='ltr'><strong>totus,</strong></span> <span class='ocrx_word' id='word_1_260' title='bbox 1501 2002 1662 2057; x_wconf 86' lang='lat' dir='ltr'><strong>vadit</strong></span> <span class='ocrx_word' id='word_1_261' title='bbox 1692 2002 1948 2068; x_wconf 82' lang='lat' dir='ltr'><strong>fervens,</strong></span> <span class='ocrx_word' id='word_1_262' title='bbox 1981 2005 2037 2059; x_wconf 87' lang='lat' dir='ltr'><strong>et</strong></span> 
     </span>
    </p>
   </div>
   <div class='ocr_carea' id='block_1_37' title="bbox 385 2083 2031 2157">
    <p class='ocr_par' dir='ltr' id='par_1_37' title="bbox 385 2083 2031 2157">
     <span class='ocr_line' id='line_1_37' title="bbox 385 2083 2031 2157; baseline 0.007 -23"><span class='ocrx_word' id='word_1_263' title='bbox 385 2096 550 2134; x_wconf 88' lang='lat' dir='ltr'><strong>suum</strong></span> <span class='ocrx_word' id='word_1_264' title='bbox 567 2083 878 2155; x_wconf 88' lang='lat' dir='ltr'><strong>solvitipse</strong></span> <span class='ocrx_word' id='word_1_265' title='bbox 902 2086 1256 2143; x_wconf 87' lang='lat' dir='ltr'><strong>salutatione</strong></span> <span class='ocrx_word' id='word_1_266' title='bbox 1272 2090 1623 2147; x_wconf 88' lang='lat' dir='ltr'><strong>mandatum</strong></span> <span class='ocrx_word' id='word_1_267' title='bbox 1643 2089 1672 2145; x_wconf 73' lang='lat'><strong>7</strong></span> <span class='ocrx_word' id='word_1_268' title='bbox 1690 2090 1858 2152; x_wconf 83' lang='lat' dir='ltr'><strong>Fecit.</strong></span> <span class='ocrx_word' id='word_1_269' title='bbox 1881 2090 2031 2157; x_wconf 80' lang='lat' dir='ltr'><strong>fecit,</strong></span> 
     </span>
    </p>
   </div>
   <div class='ocr_carea' id='block_1_38' title="bbox 381 2169 2031 2246">
    <p class='ocr_par' dir='ltr' id='par_1_38' title="bbox 381 2169 2031 2246">
     <span class='ocr_line' id='line_1_38' title="bbox 381 2169 2031 2246; baseline 0.007 -25"><span class='ocrx_word' id='word_1_270' title='bbox 381 2169 523 2238; x_wconf 90' lang='lat' dir='ltr'><strong>quia</strong></span> <span class='ocrx_word' id='word_1_271' title='bbox 555 2172 742 2225; x_wconf 91' lang='lat' dir='ltr'><strong>totum</strong></span> <span class='ocrx_word' id='word_1_272' title='bbox 774 2171 974 2240; x_wconf 85' lang='lat' dir='ltr'><strong>vincit,</strong></span> <span class='ocrx_word' id='word_1_273' title='bbox 1003 2177 1059 2228; x_wconf 93' lang='lat' dir='ltr'><strong>et</strong></span> <span class='ocrx_word' id='word_1_274' title='bbox 1085 2181 1403 2246; x_wconf 80' lang='lat' dir='ltr'><strong>exsuperat</strong></span> <span class='ocrx_word' id='word_1_275' title='bbox 1435 2178 1518 2232; x_wconf 88' lang='lat' dir='ltr'><strong>vis</strong></span> <span class='ocrx_word' id='word_1_276' title='bbox 1548 2178 1802 2233; x_wconf 90' lang='lat' dir='ltr'><strong>amoris:</strong></span> <span class='ocrx_word' id='word_1_277' title='bbox 1835 2177 2031 2241; x_wconf 91' lang='lat' dir='ltr'><strong>simul,</strong></span> 
     </span>
    </p>
   </div>
   <div class='ocr_carea' id='block_1_39' title="bbox 383 2256 2036 2337">
    <p class='ocr_par' dir='ltr' id='par_1_39' title="bbox 383 2256 2036 2337">
     <span class='ocr_line' id='line_1_39' title="bbox 383 2256 2036 2337; baseline 0.01 -28"><span class='ocrx_word' id='word_1_278' title='bbox 383 2256 523 2326; x_wconf 89' lang='lat' dir='ltr'><strong>quia</strong></span> <span class='ocrx_word' id='word_1_279' title='bbox 550 2256 816 2313; x_wconf 88' lang='lat' dir='ltr'><strong>Christus</strong></span> <span class='ocrx_word' id='word_1_280' title='bbox 839 2259 895 2313; x_wconf 91' lang='lat' dir='ltr'><strong>in</strong></span> <span class='ocrx_word' id='word_1_281' title='bbox 915 2261 1174 2318; x_wconf 87' lang='lat' dir='ltr'><strong>Ecclesia</strong></span> <span class='ocrx_word' id='word_1_282' title='bbox 1192 2280 1253 2319; x_wconf 87' lang='lat' dir='ltr'><strong>se</strong></span> <span class='ocrx_word' id='word_1_283' title='bbox 1267 2266 1693 2337; x_wconf 87' lang='lat' dir='ltr'><strong>salutat,quam</strong></span> <span class='ocrx_word' id='word_1_284' title='bbox 1715 2282 1889 2322; x_wconf 84' lang='lat' dir='ltr'><strong>suam</strong></span> <span class='ocrx_word' id='word_1_285' title='bbox 1903 2265 2036 2326; x_wconf 84' lang='lat' dir='ltr'><strong>fecit</strong></span> 
     </span>
    </p>
   </div>
   <div class='ocr_carea' id='block_1_40' title="bbox 384 2345 2032 2424">
    <p class='ocr_par' dir='ltr' id='par_1_40' title="bbox 384 2345 2032 2424">
     <span class='ocr_line' id='line_1_40' title="bbox 384 2345 2032 2424; baseline 0.007 -28"><span class='ocrx_word' id='word_1_286' title='bbox 384 2358 532 2407; x_wconf 89' lang='lat' dir='ltr'><strong>esse,</strong></span> <span class='ocrx_word' id='word_1_287' title='bbox 565 2348 619 2398; x_wconf 92' lang='lat' dir='ltr'><strong>et</strong></span> <span class='ocrx_word' id='word_1_288' title='bbox 651 2345 733 2400; x_wconf 89' lang='lat' dir='ltr'><strong>sic</strong></span> <span class='ocrx_word' id='word_1_289' title='bbox 755 2347 980 2402; x_wconf 87' lang='lat' dir='ltr'><strong>viscera</strong></span> <span class='ocrx_word' id='word_1_290' title='bbox 1012 2365 1143 2416; x_wconf 89' lang='lat' dir='ltr'><strong>sua,</strong></span> <span class='ocrx_word' id='word_1_291' title='bbox 1168 2368 1334 2407; x_wconf 88' lang='lat' dir='ltr'><strong>suum</strong></span> <span class='ocrx_word' id='word_1_292' title='bbox 1363 2356 1694 2424; x_wconf 78' lang='lat' dir='ltr'><strong>sic&#39;recepit</strong></span> <span class='ocrx_word' id='word_1_293' title='bbox 1714 2354 1770 2408; x_wconf 91' lang='lat' dir='ltr'><strong>in</strong></span> <span class='ocrx_word' id='word_1_294' title='bbox 1799 2370 2032 2424; x_wconf 87' lang='lat' dir='ltr'><strong>corpus,</strong></span> 
     </span>
    </p>
   </div>
   <div class='ocr_carea' id='block_1_41' title="bbox 384 2429 2037 2511">
    <p class='ocr_par' dir='ltr' id='par_1_41' title="bbox 384 2429 2037 2511">
     <span class='ocr_line' id='line_1_41' title="bbox 384 2429 2037 2511; baseline 0.009 -27"><span class='ocrx_word' id='word_1_295' title='bbox 384 2429 609 2487; x_wconf 89' lang='lat' dir='ltr'><strong>dicente</strong></span> <span class='ocrx_word' id='word_1_296' title='bbox 621 2434 900 2504; x_wconf 82' lang='lat' dir='ltr'><strong>Apostolo</strong></span> <span class='ocrx_word' id='word_1_297' title='bbox 923 2454 936 2488; x_wconf 89' lang='lat'><strong>:</strong></span> <span class='ocrx_word' id='word_1_298' title='bbox 961 2437 1039 2492; x_wconf 67' lang='grc' dir='ltr'><strong>Ιιτ</strong></span> <span class='ocrx_word' id='word_1_299' title='bbox 1061 2440 1273 2506; x_wconf 77' lang='lat' dir='ltr'><strong>ipseest</strong></span> <span class='ocrx_word' id='word_1_300' title='bbox 1288 2449 1467 2509; x_wconf 86' lang='lat' dir='ltr'><strong>caput</strong></span> <span class='ocrx_word' id='word_1_301' title='bbox 1488 2443 2037 2511; x_wconf 64' lang='lat' dir='ltr'><strong>corporisEcclesiz</strong></span> 
     </span>
    </p>
   </div>
   <div class='ocr_carea' id='block_1_42' title="bbox 383 2519 2036 2599">
    <p class='ocr_par' dir='ltr' id='par_1_42' title="bbox 383 2519 2036 2599">
     <span class='ocr_line' id='line_1_42' title="bbox 383 2519 2036 2599; baseline 0.008 -25"><span class='ocrx_word' id='word_1_302' title='bbox 383 2519 589 2589; x_wconf 82' lang='lat' dir='ltr'><strong>(Catos.</strong></span> <span class='ocrx_word' id='word_1_303' title='bbox 622 2522 684 2590; x_wconf 81' lang='grc' dir='ltr'><strong>ι).</strong></span> <span class='ocrx_word' id='word_1_304' title='bbox 715 2523 779 2577; x_wconf 89' lang='lat' dir='ltr'><strong>In</strong></span> <span class='ocrx_word' id='word_1_305' title='bbox 805 2523 931 2579; x_wconf 89' lang='lat' dir='ltr'><strong>istis</strong></span> <span class='ocrx_word' id='word_1_306' title='bbox 963 2542 1101 2584; x_wconf 90' lang='lat' dir='ltr'><strong>vero</strong></span> <span class='ocrx_word' id='word_1_307' title='bbox 1119 2529 1352 2585; x_wconf 82' lang='lat' dir='ltr'><strong>feminis</strong></span> <span class='ocrx_word' id='word_1_308' title='bbox 1370 2531 2036 2599; x_wconf 71' lang='lat' dir='ltr'><strong>Ecclesiaeﬁguramma-</strong></span> 
     </span>
    </p>
   </div>
   <div class='ocr_carea' id='block_1_43' title="bbox 387 2610 2036 2692">
    <p class='ocr_par' dir='ltr' id='par_1_43' title="bbox 387 2610 2036 2692">
     <span class='ocr_line' id='line_1_43' title="bbox 387 2610 2036 2692; baseline 0.005 -24"><span class='ocrx_word' id='word_1_309' title='bbox 387 2624 526 2668; x_wconf 83' lang='lat' dir='ltr'><strong>nere</strong></span> <span class='ocrx_word' id='word_1_310' title='bbox 556 2610 796 2681; x_wconf 88' lang='lat' dir='ltr'><strong>plenam</strong></span> <span class='ocrx_word' id='word_1_311' title='bbox 829 2629 922 2670; x_wconf 89' lang='lat' dir='ltr'><strong>res</strong></span> <span class='ocrx_word' id='word_1_312' title='bbox 955 2615 1085 2687; x_wconf 89' lang='lat' dir='ltr'><strong>ipsa</strong></span> <span class='ocrx_word' id='word_1_313' title='bbox 1101 2619 2036 2692; x_wconf 66' lang='lat' dir='ltr'><strong>ostenditeviilenter,quiadisci-</strong></span> 
     </span>
    </p>
   </div>
   <div class='ocr_carea' id='block_1_44' title="bbox 386 2698 2034 2780">
    <p class='ocr_par' dir='ltr' id='par_1_44' title="bbox 386 2698 2034 2780">
     <span class='ocr_line' id='line_1_44' title="bbox 386 2698 2034 2780; baseline 0.008 -28"><span class='ocrx_word' id='word_1_314' title='bbox 386 2698 555 2769; x_wconf 88' lang='lat' dir='ltr'><strong>pulos</strong></span> <span class='ocrx_word' id='word_1_315' title='bbox 568 2716 710 2756; x_wconf 91' lang='lat' dir='ltr'><strong>suos</strong></span> <span class='ocrx_word' id='word_1_316' title='bbox 725 2701 992 2760; x_wconf 86' lang='lat' dir='ltr'><strong>Christus</strong></span> <span class='ocrx_word' id='word_1_317' title='bbox 1006 2706 1075 2760; x_wconf 89' lang='lat' dir='ltr'><strong>de</strong></span> <span class='ocrx_word' id='word_1_318' title='bbox 1087 2709 1517 2765; x_wconf 88' lang='lat' dir='ltr'><strong>resurrectione</strong></span> <span class='ocrx_word' id='word_1_319' title='bbox 1530 2713 1806 2766; x_wconf 90' lang='lat' dir='ltr'><strong>nutantes</strong></span> <span class='ocrx_word' id='word_1_320' title='bbox 1819 2711 2034 2780; x_wconf 89' lang='lat' dir='ltr'><strong>arguit,</strong></span> 
     </span>
    </p>
   </div>
   <div class='ocr_carea' id='block_1_45' title="bbox 385 2788 2037 2865">
    <p class='ocr_par' dir='ltr' id='par_1_45' title="bbox 385 2788 2037 2865">
     <span class='ocr_line' id='line_1_45' title="bbox 385 2788 2037 2865; baseline 0.008 -23"><span class='ocrx_word' id='word_1_321' title='bbox 385 2788 752 2859; x_wconf 90' lang='lat' dir='ltr'><strong>trepidantes</strong></span> <span class='ocrx_word' id='word_1_322' title='bbox 774 2792 1352 2859; x_wconf 83' lang='lat' dir='ltr'><strong>ﬁrmat,ostensione</strong></span> <span class='ocrx_word' id='word_1_323' title='bbox 1367 2799 1584 2865; x_wconf 88' lang='lat' dir='ltr'><strong>lateris,</strong></span> <span class='ocrx_word' id='word_1_324' title='bbox 1613 2800 1915 2855; x_wconf 87' lang='lat' dir='ltr'><strong>clavorum</strong></span> <span class='ocrx_word' id='word_1_325' title='bbox 1944 2815 2037 2856; x_wconf 44' lang='lat' dir='ltr'><strong>ca.</strong></span> 
     </span>
    </p>
   </div>
   <div class='ocr_carea' id='block_1_46' title="bbox 381 2876 2033 2959">
    <p class='ocr_par' dir='ltr' id='par_1_46' title="bbox 381 2876 2033 2959">
     <span class='ocr_line' id='line_1_46' title="bbox 381 2876 2033 2959; baseline 0.008 -31"><span class='ocrx_word' id='word_1_326' title='bbox 381 2876 602 2942; x_wconf 86' lang='lat' dir='ltr'><strong>vernis,</strong></span> <span class='ocrx_word' id='word_1_327' title='bbox 633 2880 970 2950; x_wconf 88' lang='lat' dir='ltr'><strong>sumptione</strong></span> <span class='ocrx_word' id='word_1_328' title='bbox 998 2883 1134 2951; x_wconf 92' lang='lat' dir='ltr'><strong>cibi,</strong></span> <span class='ocrx_word' id='word_1_329' title='bbox 1165 2885 1260 2944; x_wconf 90' lang='lat' dir='ltr'><strong>vix</strong></span> <span class='ocrx_word' id='word_1_330' title='bbox 1292 2892 1532 2943; x_wconf 84' lang='lat' dir='ltr'><strong>revocat</strong></span> <span class='ocrx_word' id='word_1_331' title='bbox 1560 2887 1638 2942; x_wconf 90' lang='lat' dir='ltr'><strong>ad</strong></span> <span class='ocrx_word' id='word_1_332' title='bbox 1665 2887 1844 2943; x_wconf 89' lang='lat' dir='ltr'><strong>ﬁdem</strong></span> <span class='ocrx_word' id='word_1_333' title='bbox 1867 2888 2033 2959; x_wconf 88' lang='lat' dir='ltr'><strong>(Luc.</strong></span> 
     </span>
    </p>
   </div>
   <div class='ocr_carea' id='block_1_47' title="bbox 380 2968 2034 3047">
    <p class='ocr_par' dir='ltr' id='par_1_47' title="bbox 380 2968 2034 3047">
     <span class='ocr_line' id='line_1_47' title="bbox 380 2968 2034 3047; baseline 0.008 -28"><span class='ocrx_word' id='word_1_334' title='bbox 380 2973 562 3036; x_wconf 78' lang='lat' dir='ltr'><strong>xxiv).</strong></span> <span class='ocrx_word' id='word_1_335' title='bbox 597 2968 754 3023; x_wconf 91' lang='lat' dir='ltr'><strong>Unde</strong></span> <span class='ocrx_word' id='word_1_336' title='bbox 767 2972 822 3024; x_wconf 89' lang='lat' dir='ltr'><strong>et</strong></span> <span class='ocrx_word' id='word_1_337' title='bbox 855 2971 1132 3028; x_wconf 89' lang='lat' dir='ltr'><strong>meritoin</strong></span> <span class='ocrx_word' id='word_1_338' title='bbox 1155 2974 1273 3028; x_wconf 87' lang='lat' dir='ltr'><strong>ﬁde</strong></span> <span class='ocrx_word' id='word_1_339' title='bbox 1302 2976 1584 3045; x_wconf 88' lang='lat' dir='ltr'><strong>parvulos</strong></span> <span class='ocrx_word' id='word_1_340' title='bbox 1604 2977 1688 3032; x_wconf 90' lang='lat' dir='ltr'><strong>sic</strong></span> <span class='ocrx_word' id='word_1_341' title='bbox 1705 2993 1923 3047; x_wconf 89' lang='lat' dir='ltr'><strong>pueros</strong></span> <span class='ocrx_word' id='word_1_342' title='bbox 1936 2992 2034 3047; x_wconf 90' lang='lat' dir='ltr'><strong>ap—</strong></span> 
     </span>
    </p>
   </div>
   <div class='ocr_carea' id='block_1_48' title="bbox 2144 1819 3806 1887">
    <p class='ocr_par' dir='ltr' id='par_1_48' title="bbox 2144 1819 3806 1887">
     <span class='ocr_line' id='line_1_48' title="bbox 2144 1819 3806 1887; baseline 0.001 -14"><span class='ocrx_word' id='word_1_343' title='bbox 2144 1819 2360 1874; x_wconf 88' lang='lat' dir='ltr'><strong>vertice</strong></span> <span class='ocrx_word' id='word_1_344' title='bbox 2388 1822 2725 1887; x_wconf 89' lang='lat' dir='ltr'><strong>constituta,</strong></span> <span class='ocrx_word' id='word_1_345' title='bbox 2758 1838 2918 1878; x_wconf 91' lang='lat' dir='ltr'><strong>nunc</strong></span> <span class='ocrx_word' id='word_1_346' title='bbox 2938 1823 2994 1877; x_wconf 91' lang='lat' dir='ltr'><strong>in</strong></span> <span class='ocrx_word' id='word_1_347' title='bbox 3012 1821 3276 1878; x_wconf 70' lang='lat' dir='ltr'><strong>Ecclesiae</strong></span> <span class='ocrx_word' id='word_1_348' title='bbox 3299 1819 3622 1876; x_wconf 89' lang='lat' dir='ltr'><strong>sublimata</strong></span> <span class='ocrx_word' id='word_1_349' title='bbox 3637 1819 3806 1876; x_wconf 86' lang='lat' dir='ltr'><strong>fasti-</strong></span> 
     </span>
    </p>
   </div>
   <div class='ocr_carea' id='block_1_49' title="bbox 2145 1908 3806 1979">
    <p class='ocr_par' dir='ltr' id='par_1_49' title="bbox 2145 1908 3806 1979">
     <span class='ocr_line' id='line_1_49' title="bbox 2145 1908 3806 1979; baseline 0.001 -17"><span class='ocrx_word' id='word_1_350' title='bbox 2145 1908 2262 1976; x_wconf 86' lang='lat' dir='ltr'><strong>gio,</strong></span> <span class='ocrx_word' id='word_1_351' title='bbox 2291 1912 2348 1964; x_wconf 89' lang='lat' dir='ltr'><strong>et</strong></span> <span class='ocrx_word' id='word_1_352' title='bbox 2372 1910 2557 1979; x_wconf 89' lang='lat' dir='ltr'><strong>tangit</strong></span> <span class='ocrx_word' id='word_1_353' title='bbox 2589 1911 2906 1976; x_wconf 88' lang='lat' dir='ltr'><strong>Christum,</strong></span> <span class='ocrx_word' id='word_1_354' title='bbox 2941 1914 2995 1966; x_wconf 88' lang='lat' dir='ltr'><strong>et</strong></span> <span class='ocrx_word' id='word_1_355' title='bbox 3025 1914 3183 1966; x_wconf 88' lang='lat' dir='ltr'><strong>tenet</strong></span> <span class='ocrx_word' id='word_1_356' title='bbox 3212 1914 3334 1966; x_wconf 92' lang='lat' dir='ltr'><strong>toto</strong></span> <span class='ocrx_word' id='word_1_357' title='bbox 3358 1908 3684 1964; x_wconf 86' lang='lat' dir='ltr'><strong>sanctitatis</strong></span> <span class='ocrx_word' id='word_1_358' title='bbox 3719 1908 3806 1964; x_wconf 82' lang='lat' dir='ltr'><strong>af-</strong></span> 
     </span>
    </p>
   </div>
   <div class='ocr_carea' id='block_1_50' title="bbox 2148 1996 3804 2063">
    <p class='ocr_par' dir='ltr' id='par_1_50' title="bbox 2148 1996 3804 2063">
     <span class='ocr_line' id='line_1_50' title="bbox 2148 1996 3804 2063; baseline 0.001 -13"><span class='ocrx_word' id='word_1_359' title='bbox 2148 1996 2322 2063; x_wconf 85' lang='lat' dir='ltr'><strong>fectu,</strong></span> <span class='ocrx_word' id='word_1_360' title='bbox 2339 1999 2903 2055; x_wconf 89' lang='lat' dir='ltr'><strong>nuncimbecillitate</strong></span> <span class='ocrx_word' id='word_1_361' title='bbox 2916 2000 3111 2056; x_wconf 90' lang='lat' dir='ltr'><strong>carnis</strong></span> <span class='ocrx_word' id='word_1_362' title='bbox 3123 2003 3179 2054; x_wconf 91' lang='lat' dir='ltr'><strong>et</strong></span> <span class='ocrx_word' id='word_1_363' title='bbox 3198 1998 3446 2053; x_wconf 82' lang='lat' dir='ltr'><strong>feminea</strong></span> <span class='ocrx_word' id='word_1_364' title='bbox 3459 1997 3804 2052; x_wconf 87' lang='lat' dir='ltr'><strong>inﬁrmitate</strong></span> 
     </span>
    </p>
   </div>
   <div class='ocr_carea' id='block_1_51' title="bbox 2144 2086 3804 2157">
    <p class='ocr_par' dir='ltr' id='par_1_51' title="bbox 2144 2086 3804 2157">
     <span class='ocr_line' id='line_1_51' title="bbox 2144 2086 3804 2157; baseline -0.001 -16"><span class='ocrx_word' id='word_1_365' title='bbox 2144 2086 2370 2156; x_wconf 88' lang='lat' dir='ltr'><strong>dejecta</strong></span> <span class='ocrx_word' id='word_1_366' title='bbox 2393 2087 2641 2157; x_wconf 89' lang='lat' dir='ltr'><strong>dubitat,</strong></span> <span class='ocrx_word' id='word_1_367' title='bbox 2661 2094 2715 2144; x_wconf 91' lang='lat' dir='ltr'><strong>et</strong></span> <span class='ocrx_word' id='word_1_368' title='bbox 2742 2093 2966 2145; x_wconf 87' lang='lat' dir='ltr'><strong>tactum</strong></span> <span class='ocrx_word' id='word_1_369' title='bbox 2990 2089 3082 2144; x_wconf 90' lang='lat' dir='ltr'><strong>sui</strong></span> <span class='ocrx_word' id='word_1_370' title='bbox 3105 2104 3225 2143; x_wconf 93' lang='lat' dir='ltr'><strong>non</strong></span> <span class='ocrx_word' id='word_1_371' title='bbox 3245 2091 3503 2142; x_wconf 89' lang='lat' dir='ltr'><strong>meretur</strong></span> <span class='ocrx_word' id='word_1_372' title='bbox 3517 2087 3804 2150; x_wconf 87' lang='lat' dir='ltr'><strong>auctoris,</strong></span> 
     </span>
    </p>
   </div>
   <div class='ocr_carea' id='block_1_52' title="bbox 2145 2175 3803 2249">
    <p class='ocr_par' dir='ltr' id='par_1_52' title="bbox 2145 2175 3803 2249">
     <span class='ocr_line' id='line_1_52' title="bbox 2145 2175 3803 2249; baseline 0 -19"><span class='ocrx_word' id='word_1_373' title='bbox 2145 2191 2266 2230; x_wconf 90' lang='lat' dir='ltr'><strong>non</strong></span> <span class='ocrx_word' id='word_1_374' title='bbox 2285 2175 2831 2248; x_wconf 67' lang='lat' dir='ltr'><strong>facitquaastionem</strong></span> <span class='ocrx_word' id='word_1_375' title='bbox 2851 2194 2862 2232; x_wconf 91' lang='lat'><strong>:</strong></span> <span class='ocrx_word' id='word_1_376' title='bbox 2886 2179 2935 2234; x_wconf 89' lang='lat' dir='ltr'><strong>si</strong></span> <span class='ocrx_word' id='word_1_377' title='bbox 2951 2177 3193 2249; x_wconf 90' lang='lat' dir='ltr'><strong>quidem</strong></span> <span class='ocrx_word' id='word_1_378' title='bbox 3213 2176 3357 2233; x_wconf 92' lang='lat' dir='ltr'><strong>illud</strong></span> <span class='ocrx_word' id='word_1_379' title='bbox 3379 2176 3452 2232; x_wconf 93' lang='lat' dir='ltr'><strong>de</strong></span> <span class='ocrx_word' id='word_1_380' title='bbox 3474 2175 3669 2244; x_wconf 87' lang='lat' dir='ltr'><strong>ﬁgura</strong></span> <span class='ocrx_word' id='word_1_381' title='bbox 3687 2180 3803 2239; x_wconf 87' lang='lat' dir='ltr'><strong>est,</strong></span> 
     </span>
    </p>
   </div>
   <div class='ocr_carea' id='block_1_53' title="bbox 2144 2263 3809 2334">
    <p class='ocr_par' dir='ltr' id='par_1_53' title="bbox 2144 2263 3809 2334">
     <span class='ocr_line' id='line_1_53' title="bbox 2144 2263 3809 2334; baseline 0.001 -16"><span class='ocrx_word' id='word_1_382' title='bbox 2144 2263 2258 2318; x_wconf 90' lang='lat' dir='ltr'><strong>hoc</strong></span> <span class='ocrx_word' id='word_1_383' title='bbox 2283 2263 2358 2319; x_wconf 92' lang='lat' dir='ltr'><strong>de</strong></span> <span class='ocrx_word' id='word_1_384' title='bbox 2389 2280 2566 2330; x_wconf 86' lang='lat' dir='ltr'><strong>sexu;</strong></span> <span class='ocrx_word' id='word_1_385' title='bbox 2588 2266 2738 2323; x_wconf 91' lang='lat' dir='ltr'><strong>illud</strong></span> <span class='ocrx_word' id='word_1_386' title='bbox 2764 2272 2850 2322; x_wconf 90' lang='lat' dir='ltr'><strong>est</strong></span> <span class='ocrx_word' id='word_1_387' title='bbox 2877 2267 2950 2322; x_wconf 91' lang='lat' dir='ltr'><strong>de</strong></span> <span class='ocrx_word' id='word_1_388' title='bbox 2983 2266 3184 2322; x_wconf 90' lang='lat' dir='ltr'><strong>divina</strong></span> <span class='ocrx_word' id='word_1_389' title='bbox 3213 2265 3421 2334; x_wconf 88' lang='lat' dir='ltr'><strong>gratia,</strong></span> <span class='ocrx_word' id='word_1_390' title='bbox 3449 2264 3564 2320; x_wconf 90' lang='lat' dir='ltr'><strong>hoc</strong></span> <span class='ocrx_word' id='word_1_391' title='bbox 3595 2263 3671 2319; x_wconf 88' lang='lat' dir='ltr'><strong>de</strong></span> <span class='ocrx_word' id='word_1_392' title='bbox 3695 2263 3809 2320; x_wconf 87' lang='lat' dir='ltr'><strong>hu-</strong></span> 
     </span>
    </p>
   </div>
   <div class='ocr_carea' id='block_1_54' title="bbox 2146 2353 3807 2427">
    <p class='ocr_par' dir='ltr' id='par_1_54' title="bbox 2146 2353 3807 2427">
     <span class='ocr_line' id='line_1_54' title="bbox 2146 2353 3807 2427; baseline -0.001 -20"><span class='ocrx_word' id='word_1_393' title='bbox 2146 2368 2329 2408; x_wconf 89' lang='lat' dir='ltr'><strong>mana</strong></span> <span class='ocrx_word' id='word_1_394' title='bbox 2342 2358 2574 2410; x_wconf 90' lang='lat' dir='ltr'><strong>natura.</strong></span> <span class='ocrx_word' id='word_1_395' title='bbox 2593 2355 2740 2420; x_wconf 87' lang='lat' dir='ltr'><strong>Quia</strong></span> <span class='ocrx_word' id='word_1_396' title='bbox 2752 2371 2862 2411; x_wconf 89' lang='lat' dir='ltr'><strong>nos</strong></span> <span class='ocrx_word' id='word_1_397' title='bbox 2876 2355 3032 2410; x_wconf 90' lang='lat' dir='ltr'><strong>idem</strong></span> <span class='ocrx_word' id='word_1_398' title='bbox 3049 2354 3158 2427; x_wconf 91' lang='lat' dir='ltr'><strong>ipsi</strong></span> <span class='ocrx_word' id='word_1_399' title='bbox 3173 2371 3310 2410; x_wconf 91' lang='lat' dir='ltr'><strong>cum</strong></span> <span class='ocrx_word' id='word_1_400' title='bbox 3333 2353 3532 2414; x_wconf 86' lang='lat' dir='ltr'><strong>divina</strong></span> <span class='ocrx_word' id='word_1_401' title='bbox 3550 2353 3807 2418; x_wconf 87' lang='lat' dir='ltr'><strong>scimus,</strong></span> 
     </span>
    </p>
   </div>
   <div class='ocr_carea' id='block_1_55' title="bbox 2145 2441 3809 2515">
    <p class='ocr_par' dir='ltr' id='par_1_55' title="bbox 2145 2441 3809 2515">
     <span class='ocr_line' id='line_1_55' title="bbox 2145 2441 3809 2515; baseline 0.001 -20"><span class='ocrx_word' id='word_1_402' title='bbox 2145 2441 2242 2495; x_wconf 88' lang='lat' dir='ltr'><strong>Dei</strong></span> <span class='ocrx_word' id='word_1_403' title='bbox 2271 2458 2491 2498; x_wconf 85' lang='lat' dir='ltr'><strong>munus</strong></span> <span class='ocrx_word' id='word_1_404' title='bbox 2512 2448 2627 2509; x_wconf 90' lang='lat' dir='ltr'><strong>est;</strong></span> <span class='ocrx_word' id='word_1_405' title='bbox 2656 2460 2793 2499; x_wconf 92' lang='lat' dir='ltr'><strong>cum</strong></span> <span class='ocrx_word' id='word_1_406' title='bbox 2809 2445 3078 2500; x_wconf 87' lang='lat' dir='ltr'><strong>humana</strong></span> <span class='ocrx_word' id='word_1_407' title='bbox 3106 2444 3394 2515; x_wconf 86' lang='lat' dir='ltr'><strong>sapimus,</strong></span> <span class='ocrx_word' id='word_1_408' title='bbox 3413 2457 3714 2498; x_wconf 74' lang='lat' dir='ltr'><strong>cmeamur</strong></span> <span class='ocrx_word' id='word_1_409' title='bbox 3730 2457 3809 2496; x_wconf 84' lang='lat' dir='ltr'><strong>ex</strong></span> 
     </span>
    </p>
   </div>
   <div class='ocr_carea' id='block_1_56' title="bbox 2145 2529 3810 2596">
    <p class='ocr_par' dir='ltr' id='par_1_56' title="bbox 2145 2529 3810 2596">
     <span class='ocr_line' id='line_1_56' title="bbox 2145 2529 3810 2596; baseline 0.001 -11"><span class='ocrx_word' id='word_1_410' title='bbox 2145 2530 2338 2586; x_wconf 91' lang='lat' dir='ltr'><strong>nobis.</strong></span> <span class='ocrx_word' id='word_1_411' title='bbox 2360 2530 2369 2570; x_wconf 79' lang='grc' dir='ltr'><strong>ί</strong></span> <span class='ocrx_word' id='word_1_412' title='bbox 2403 2532 2492 2587; x_wconf 90' lang='lat' dir='ltr'><strong>Sic</strong></span> <span class='ocrx_word' id='word_1_413' title='bbox 2514 2532 2725 2588; x_wconf 87' lang='lat' dir='ltr'><strong>beatus</strong></span> <span class='ocrx_word' id='word_1_414' title='bbox 2743 2533 2945 2594; x_wconf 85' lang='lat' dir='ltr'><strong>Petrus</strong></span> <span class='ocrx_word' id='word_1_415' title='bbox 2972 2533 3288 2596; x_wconf 89' lang='lat' dir='ltr'><strong>Christum,</strong></span> <span class='ocrx_word' id='word_1_416' title='bbox 3310 2533 3452 2588; x_wconf 89' lang='lat' dir='ltr'><strong>dum</strong></span> <span class='ocrx_word' id='word_1_417' title='bbox 3472 2531 3569 2586; x_wconf 84' lang='lat' dir='ltr'><strong>Dei</strong></span> <span class='ocrx_word' id='word_1_418' title='bbox 3591 2529 3810 2586; x_wconf 84' lang='lat' dir='ltr'><strong>Filium</strong></span> 
     </span>
    </p>
   </div>
   <div class='ocr_carea' id='block_1_57' title="bbox 2145 2619 3810 2691">
    <p class='ocr_par' dir='ltr' id='par_1_57' title="bbox 2145 2619 3810 2691">
     <span class='ocr_line' id='line_1_57' title="bbox 2145 2619 3810 2691; baseline 0 -18"><span class='ocrx_word' id='word_1_419' title='bbox 2145 2619 2644 2682; x_wconf 86' lang='lat' dir='ltr'><strong>conﬁtetur.Patre</strong></span> <span class='ocrx_word' id='word_1_420' title='bbox 2655 2621 3298 2691; x_wconf 87' lang='lat' dir='ltr'><strong>revelante,cognoscit;</strong></span> <span class='ocrx_word' id='word_1_421' title='bbox 3319 2637 3440 2676; x_wconf 86' lang='lat' dir='ltr'><strong>cum</strong></span> <span class='ocrx_word' id='word_1_422' title='bbox 3457 2624 3624 2690; x_wconf 84' lang='lat' dir='ltr'><strong>negat</strong></span> <span class='ocrx_word' id='word_1_423' title='bbox 3637 2619 3810 2675; x_wconf 86' lang='lat' dir='ltr'><strong>Chri-</strong></span> 
     </span>
    </p>
   </div>
   <div class='ocr_carea' id='block_1_58' title="bbox 2146 2707 3811 2782">
    <p class='ocr_par' dir='ltr' id='par_1_58' title="bbox 2146 2707 3811 2782">
     <span class='ocr_line' id='line_1_58' title="bbox 2146 2707 3811 2782; baseline 0.001 -20"><span class='ocrx_word' id='word_1_424' title='bbox 2146 2710 2991 2782; x_wconf 85' lang='lat' dir='ltr'><strong>stum,carnissentitetpatitur</strong></span> <span class='ocrx_word' id='word_1_425' title='bbox 3003 2707 3811 2779; x_wconf 62' lang='lat' dir='ltr'><strong>cascitatem(Mat.xxv1).ln-</strong></span> 
     </span>
    </p>
   </div>
   <div class='ocr_carea' id='block_1_59' title="bbox 2147 2795 3812 2864">
    <p class='ocr_par' dir='ltr' id='par_1_59' title="bbox 2147 2795 3812 2864">
     <span class='ocr_line' id='line_1_59' title="bbox 2147 2795 3812 2864; baseline 0 -12"><span class='ocrx_word' id='word_1_426' title='bbox 2147 2799 2230 2852; x_wconf 89' lang='lat' dir='ltr'><strong>ter</strong></span> <span class='ocrx_word' id='word_1_427' title='bbox 2242 2796 2560 2854; x_wconf 65' lang='lat' dir='ltr'><strong>haecJudaai</strong></span> <span class='ocrx_word' id='word_1_428' title='bbox 2577 2799 2943 2864; x_wconf 87' lang='lat' dir='ltr'><strong>crimina,aut</strong></span> <span class='ocrx_word' id='word_1_429' title='bbox 2959 2798 3101 2854; x_wconf 89' lang='lat' dir='ltr'><strong>male</strong></span> <span class='ocrx_word' id='word_1_430' title='bbox 3116 2803 3452 2863; x_wconf 88' lang='lat' dir='ltr'><strong>emuntsua,</strong></span> <span class='ocrx_word' id='word_1_431' title='bbox 3469 2795 3812 2853; x_wconf 86' lang='lat' dir='ltr'><strong>autdistra-</strong></span> 
     </span>
    </p>
   </div>
   <div class='ocr_carea' id='block_1_60' title="bbox 2143 2885 3811 2959">
    <p class='ocr_par' dir='ltr' id='par_1_60' title="bbox 2143 2885 3811 2959">
     <span class='ocr_line' id='line_1_60' title="bbox 2143 2885 3811 2959; baseline 0 -17"><span class='ocrx_word' id='word_1_432' title='bbox 2143 2885 2292 2942; x_wconf 90' lang='lat' dir='ltr'><strong>hunt</strong></span> <span class='ocrx_word' id='word_1_433' title='bbox 2310 2887 2480 2956; x_wconf 89' lang='lat' dir='ltr'><strong>pejus</strong></span> <span class='ocrx_word' id='word_1_434' title='bbox 2510 2887 2722 2953; x_wconf 89' lang='lat' dir='ltr'><strong>aliena,</strong></span> <span class='ocrx_word' id='word_1_435' title='bbox 2754 2887 2901 2943; x_wconf 90' lang='lat' dir='ltr'><strong>dum</strong></span> <span class='ocrx_word' id='word_1_436' title='bbox 2931 2892 3175 2959; x_wconf 90' lang='lat' dir='ltr'><strong>peccata</strong></span> <span class='ocrx_word' id='word_1_437' title='bbox 3197 2885 3626 2957; x_wconf 87' lang='lat' dir='ltr'><strong>taxantpretio,</strong></span> <span class='ocrx_word' id='word_1_438' title='bbox 3649 2885 3811 2942; x_wconf 83' lang='lat' dir='ltr'><strong>dum</strong></span> 
     </span>
    </p>
   </div>
   <div class='ocr_carea' id='block_1_61' title="bbox 2143 2973 3809 3048">
    <p class='ocr_par' dir='ltr' id='par_1_61' title="bbox 2143 2973 3809 3048">
     <span class='ocr_line' id='line_1_61' title="bbox 2143 2973 3809 3048; baseline 0 -19"><span class='ocrx_word' id='word_1_439' title='bbox 2143 2975 2398 3043; x_wconf 89' lang='lat' dir='ltr'><strong>pecunia</strong></span> <span class='ocrx_word' id='word_1_440' title='bbox 2411 2980 2734 3046; x_wconf 89' lang='lat' dir='ltr'><strong>pensantet</strong></span> <span class='ocrx_word' id='word_1_441' title='bbox 2745 2975 3527 3048; x_wconf 88' lang='lat' dir='ltr'><strong>compensantdelicta,dum</strong></span> <span class='ocrx_word' id='word_1_442' title='bbox 3545 2975 3605 3029; x_wconf 92' lang='lat' dir='ltr'><strong>in</strong></span> <span class='ocrx_word' id='word_1_443' title='bbox 3621 2973 3809 3029; x_wconf 85' lang='lat' dir='ltr'><strong>scele-</strong></span> 
     </span>
    </p>
   </div>
   <div class='ocr_carea' id='block_1_62' title="bbox 379 3052 3805 3136">
    <p class='ocr_par' dir='ltr' id='par_1_62' title="bbox 379 3052 3805 3136">
     <span class='ocr_line' id='line_1_62' title="bbox 379 3052 3805 3136; baseline 0.003 -30"><span class='ocrx_word' id='word_1_444' title='bbox 379 3052 576 3122; x_wconf 84' lang='lat' dir='ltr'><strong>pellat,</strong></span> <span class='ocrx_word' id='word_1_445' title='bbox 607 3054 864 3111; x_wconf 88' lang='lat' dir='ltr'><strong>dicendo</strong></span> <span class='ocrx_word' id='word_1_446' title='bbox 897 3075 910 3113; x_wconf 88' lang='lat'><strong>:</strong></span> <span class='ocrx_word' id='word_1_447' title='bbox 939 3060 1435 3132; x_wconf 85' lang='lat' dir='ltr'><strong>Pueri,numquid</strong></span> <span class='ocrx_word' id='word_1_448' title='bbox 1464 3065 1680 3121; x_wconf 82' lang='lat' dir='ltr'><strong>habetis</strong></span> <span class='ocrx_word' id='word_1_449' title='bbox 1701 3067 2027 3133; x_wconf 83' lang='lat' dir='ltr'><strong>putmenta-</strong></span> <span class='ocrx_word' id='word_1_450' title='bbox 2061 3071 2104 3130; x_wconf 81' lang='lat' dir='ltr'><strong>C</strong></span> <span class='ocrx_word' id='word_1_451' title='bbox 2141 3063 2301 3118; x_wconf 90' lang='lat' dir='ltr'><strong>ribus</strong></span> <span class='ocrx_word' id='word_1_452' title='bbox 2317 3065 2440 3118; x_wconf 90' lang='lat' dir='ltr'><strong>suis</strong></span> <span class='ocrx_word' id='word_1_453' title='bbox 2454 3063 2882 3135; x_wconf 84' lang='lat' dir='ltr'><strong>fundunt,quod</strong></span> <span class='ocrx_word' id='word_1_454' title='bbox 2897 3069 3018 3121; x_wconf 86' lang='lat' dir='ltr'><strong>toto</strong></span> <span class='ocrx_word' id='word_1_455' title='bbox 3035 3065 3252 3120; x_wconf 86' lang='lat' dir='ltr'><strong>scelere</strong></span> <span class='ocrx_word' id='word_1_456' title='bbox 3266 3069 3805 3136; x_wconf 84' lang='lat' dir='ltr'><strong>congregaverunt.</strong></span> 
     </span>
    </p>
   </div>
   <div class='ocr_carea' id='block_1_63' title="bbox 375 3141 2023 3220">
    <p class='ocr_par' dir='ltr' id='par_1_63' title="bbox 375 3141 2023 3220">
     <span class='ocr_line' id='line_1_63' title="bbox 375 3141 2023 3220; baseline 0.008 -27"><span class='ocrx_word' id='word_1_457' title='bbox 375 3141 529 3194; x_wconf 84' lang='lat' dir='ltr'><strong>rium</strong></span> <span class='ocrx_word' id='word_1_458' title='bbox 547 3141 742 3207; x_wconf 88' lang='lat' dir='ltr'><strong>(Joan.</strong></span> <span class='ocrx_word' id='word_1_459' title='bbox 762 3146 1270 3220; x_wconf 73' lang='lat' dir='ltr'><strong>xx1)?ipsamque</strong></span> <span class='ocrx_word' id='word_1_460' title='bbox 1303 3151 1449 3207; x_wconf 90' lang='lat' dir='ltr'><strong>alibi</strong></span> <span class='ocrx_word' id='word_1_461' title='bbox 1506 3151 1744 3208; x_wconf 84' lang='lat' dir='ltr'><strong>Mariam</strong></span> <span class='ocrx_word' id='word_1_462' title='bbox 1785 3153 2023 3208; x_wconf 86' lang='lat' dir='ltr'><strong>ﬂentem</strong></span> 
     </span>
    </p>
   </div>
   <div class='ocr_carea' id='block_1_64' title="bbox 375 3228 2023 3310">
    <p class='ocr_par' dir='ltr' id='par_1_64' title="bbox 375 3228 2023 3310">
     <span class='ocr_line' id='line_1_64' title="bbox 375 3228 2023 3310; baseline 0.01 -29"><span class='ocrx_word' id='word_1_463' title='bbox 375 3228 550 3298; x_wconf 88' lang='lat' dir='ltr'><strong>quasi</strong></span> <span class='ocrx_word' id='word_1_464' title='bbox 584 3229 658 3284; x_wconf 90' lang='lat' dir='ltr'><strong>de</strong></span> <span class='ocrx_word' id='word_1_465' title='bbox 677 3236 933 3296; x_wconf 87' lang='lat' dir='ltr'><strong>mortuo,</strong></span> <span class='ocrx_word' id='word_1_466' title='bbox 949 3236 1249 3292; x_wconf 89' lang='lat' dir='ltr'><strong>mulierem</strong></span> <span class='ocrx_word' id='word_1_467' title='bbox 1269 3241 1943 3310; x_wconf 89' lang='lat' dir='ltr'><strong>vocat,atquetangendi</strong></span> <span class='ocrx_word' id='word_1_468' title='bbox 1963 3258 2023 3297; x_wconf 89' lang='lat' dir='ltr'><strong>se</strong></span> 
     </span>
    </p>
   </div>
   <div class='ocr_carea' id='block_1_65' title="bbox 376 3315 2022 3398">
    <p class='ocr_par' dir='ltr' id='par_1_65' title="bbox 376 3315 2022 3398">
     <span class='ocr_line' id='line_1_65' title="bbox 376 3315 2022 3398; baseline 0.009 -28"><span class='ocrx_word' id='word_1_469' title='bbox 376 3315 675 3374; x_wconf 90' lang='lat' dir='ltr'><strong>licentiam</strong></span> <span class='ocrx_word' id='word_1_470' title='bbox 694 3325 870 3389; x_wconf 88' lang='lat' dir='ltr'><strong>negat</strong></span> <span class='ocrx_word' id='word_1_471' title='bbox 888 3322 1079 3390; x_wconf 78' lang='lat' dir='ltr'><strong>(Joan.</strong></span> <span class='ocrx_word' id='word_1_472' title='bbox 1097 3331 1195 3392; x_wconf 85' lang='lat' dir='ltr'><strong>xx)</strong></span> <span class='ocrx_word' id='word_1_473' title='bbox 1218 3342 1228 3378; x_wconf 94' lang='lat'><em>:</em></span> <span class='ocrx_word' id='word_1_474' title='bbox 1262 3326 1404 3384; x_wconf 88' lang='lat' dir='ltr'><strong>istas</strong></span> <span class='ocrx_word' id='word_1_475' title='bbox 1418 3331 1619 3383; x_wconf 89' lang='lat' dir='ltr'><strong>autem</strong></span> <span class='ocrx_word' id='word_1_476' title='bbox 1633 3329 1714 3384; x_wconf 85' lang='lat' dir='ltr'><strong>sic</strong></span> <span class='ocrx_word' id='word_1_477' title='bbox 1737 3329 2022 3398; x_wconf 87' lang='lat' dir='ltr'><strong>perfectas</strong></span> 
     </span>
    </p>
   </div>
   <div class='ocr_carea' id='block_1_66' title="bbox 377 3404 2024 3487">
    <p class='ocr_par' dir='ltr' id='par_1_66' title="bbox 377 3404 2024 3487">
     <span class='ocr_line' id='line_1_66' title="bbox 377 3404 2024 3487; baseline 0.008 -27"><span class='ocrx_word' id='word_1_478' title='bbox 377 3404 622 3472; x_wconf 88' lang='lat' dir='ltr'><strong>invenit,</strong></span> <span class='ocrx_word' id='word_1_479' title='bbox 647 3406 734 3463; x_wconf 88' lang='lat' dir='ltr'><strong>sic</strong></span> <span class='ocrx_word' id='word_1_480' title='bbox 759 3409 1087 3482; x_wconf 83' lang='lat' dir='ltr'><strong>credentes,</strong></span> <span class='ocrx_word' id='word_1_481' title='bbox 1124 3411 1338 3470; x_wconf 89' lang='lat' dir='ltr'><strong>sicnon</strong></span> <span class='ocrx_word' id='word_1_482' title='bbox 1361 3414 1436 3470; x_wconf 91' lang='lat' dir='ltr'><strong>de</strong></span> <span class='ocrx_word' id='word_1_483' title='bbox 1468 3430 1612 3471; x_wconf 90' lang='lat' dir='ltr'><strong>sexu</strong></span> <span class='ocrx_word' id='word_1_484' title='bbox 1643 3416 2024 3487; x_wconf 86' lang='lat' dir='ltr'><strong>trepidantes,</strong></span> 
     </span>
    </p>
   </div>
   <div class='ocr_carea' id='block_1_67' title="bbox 379 3494 2029 3567">
    <p class='ocr_par' dir='ltr' id='par_1_67' title="bbox 379 3494 2029 3567">
     <span class='ocr_line' id='line_1_67' title="bbox 379 3494 2029 3567; baseline 0.007 -17"><span class='ocrx_word' id='word_1_485' title='bbox 379 3494 462 3551; x_wconf 92' lang='lat' dir='ltr'><strong>sic</strong></span> <span class='ocrx_word' id='word_1_486' title='bbox 477 3496 764 3567; x_wconf 89' lang='lat' dir='ltr'><strong>mysterio</strong></span> <span class='ocrx_word' id='word_1_487' title='bbox 777 3504 1096 3566; x_wconf 83' lang='lat' dir='ltr'><strong>currentes,</strong></span> <span class='ocrx_word' id='word_1_488' title='bbox 1113 3501 1194 3558; x_wconf 89' lang='lat' dir='ltr'><strong>sic</strong></span> <span class='ocrx_word' id='word_1_489' title='bbox 1209 3502 1517 3559; x_wconf 87' lang='lat' dir='ltr'><strong>Dominum</strong></span> <span class='ocrx_word' id='word_1_490' title='bbox 1531 3507 1654 3559; x_wconf 91' lang='lat' dir='ltr'><strong>toto</strong></span> <span class='ocrx_word' id='word_1_491' title='bbox 1666 3504 1804 3560; x_wconf 87' lang='lat' dir='ltr'><strong>ﬁdei</strong></span> <span class='ocrx_word' id='word_1_492' title='bbox 1816 3506 2029 3561; x_wconf 88' lang='lat' dir='ltr'><strong>ardore</strong></span> 
     </span>
    </p>
   </div>
   <div class='ocr_carea' id='block_1_68' title="bbox 379 3585 2032 3656">
    <p class='ocr_par' dir='ltr' id='par_1_68' title="bbox 379 3585 2032 3656">
     <span class='ocr_line' id='line_1_68' title="bbox 379 3585 2032 3656; baseline 0.005 -13"><span class='ocrx_word' id='word_1_493' title='bbox 379 3585 758 3656; x_wconf 86' lang='lat' dir='ltr'><strong>requirentes,</strong></span> <span class='ocrx_word' id='word_1_494' title='bbox 790 3591 851 3643; x_wconf 89' lang='lat' dir='ltr'><strong>ut</strong></span> <span class='ocrx_word' id='word_1_495' title='bbox 881 3587 1231 3646; x_wconf 89' lang='lat' dir='ltr'><strong>habendum</strong></span> <span class='ocrx_word' id='word_1_496' title='bbox 1246 3607 1307 3646; x_wconf 90' lang='lat' dir='ltr'><strong>se</strong></span> <span class='ocrx_word' id='word_1_497' title='bbox 1334 3592 1520 3648; x_wconf 85' lang='lat' dir='ltr'><strong>tradat</strong></span> <span class='ocrx_word' id='word_1_498' title='bbox 1555 3593 1639 3648; x_wconf 88' lang='lat' dir='ltr'><strong>eis</strong></span> <span class='ocrx_word' id='word_1_499' title='bbox 1675 3593 2032 3651; x_wconf 81' lang='lat' dir='ltr'><strong>salutatione</strong></span> 
     </span>
    </p>
   </div>
   <div class='ocr_carea' id='block_1_69' title="bbox 383 3673 2033 3755">
    <p class='ocr_par' dir='ltr' id='par_1_69' title="bbox 383 3673 2033 3755">
     <span class='ocr_line' id='line_1_69' title="bbox 383 3673 2033 3755; baseline 0.008 -28"><span class='ocrx_word' id='word_1_500' title='bbox 383 3673 503 3736; x_wconf 88' lang='lat' dir='ltr'><strong>tali,</strong></span> <span class='ocrx_word' id='word_1_501' title='bbox 526 3673 752 3740; x_wconf 91' lang='lat' dir='ltr'><strong>dicens,</strong></span> <span class='ocrx_word' id='word_1_502' title='bbox 771 3677 968 3734; x_wconf 83' lang='lat' dir='ltr'><strong>Avete.</strong></span> <span class='ocrx_word' id='word_1_503' title='bbox 997 3679 1259 3745; x_wconf 84' lang='lat' dir='ltr'><strong>Angelus</strong></span> <span class='ocrx_word' id='word_1_504' title='bbox 1271 3681 1498 3738; x_wconf 91' lang='lat' dir='ltr'><strong>dixerat</strong></span> <span class='ocrx_word' id='word_1_505' title='bbox 1527 3683 1686 3738; x_wconf 91' lang='lat' dir='ltr'><strong>:Scio</strong></span> <span class='ocrx_word' id='word_1_506' title='bbox 1707 3683 1866 3740; x_wconf 91' lang='lat' dir='ltr'><strong>enim</strong></span> <span class='ocrx_word' id='word_1_507' title='bbox 1892 3685 2033 3755; x_wconf 88' lang='lat' dir='ltr'><strong>quia</strong></span> 
     </span>
    </p>
   </div>
   <div class='ocr_carea' id='block_1_70' title="bbox 380 3761 2028 3841">
    <p class='ocr_par' dir='ltr' id='par_1_70' title="bbox 380 3761 2028 3841">
     <span class='ocr_line' id='line_1_70' title="bbox 380 3761 2028 3841; baseline 0.007 -23"><span class='ocrx_word' id='word_1_508' title='bbox 380 3761 579 3818; x_wconf 82' lang='lat' dir='ltr'><strong>Jesum</strong></span> <span class='ocrx_word' id='word_1_509' title='bbox 592 3764 933 3822; x_wconf 88' lang='lat' dir='ltr'><strong>cruciﬁxum</strong></span> <span class='ocrx_word' id='word_1_510' title='bbox 949 3769 1287 3837; x_wconf 76' lang='lat' dir='ltr'><strong>quaeritis;et</strong></span> <span class='ocrx_word' id='word_1_511' title='bbox 1303 3771 1730 3841; x_wconf 88' lang='lat' dir='ltr'><strong>requirentibus</strong></span> <span class='ocrx_word' id='word_1_512' title='bbox 1748 3773 2028 3838; x_wconf 88' lang='lat' dir='ltr'><strong>Christus,</strong></span> 
     </span>
    </p>
   </div>
   <div class='ocr_carea' id='block_1_71' title="bbox 381 3853 2032 3930">
    <p class='ocr_par' dir='ltr' id='par_1_71' title="bbox 381 3853 2032 3930">
     <span class='ocr_line' id='line_1_71' title="bbox 381 3853 2032 3930; baseline 0.007 -25"><span class='ocrx_word' id='word_1_513' title='bbox 381 3857 546 3906; x_wconf 84' lang='lat' dir='ltr'><strong>avete</strong></span> <span class='ocrx_word' id='word_1_514' title='bbox 574 3853 913 3923; x_wconf 86' lang='lat' dir='ltr'><strong>respondit;</strong></span> <span class='ocrx_word' id='word_1_515' title='bbox 941 3855 1080 3911; x_wconf 88' lang='lat' dir='ltr'><strong>alibi</strong></span> <span class='ocrx_word' id='word_1_516' title='bbox 1104 3860 1304 3913; x_wconf 90' lang='lat' dir='ltr'><strong>autem</strong></span> <span class='ocrx_word' id='word_1_517' title='bbox 1325 3859 1513 3915; x_wconf 68' lang='lat' dir='ltr'><strong>Mariae</strong></span> <span class='ocrx_word' id='word_1_518' title='bbox 1543 3872 1568 3900; x_wconf 79' lang='grc' dir='ltr'>θ</span> <span class='ocrx_word' id='word_1_519' title='bbox 1599 3875 1709 3916; x_wconf 82' lang='lat' dir='ltr'><strong>nec</strong></span> <span class='ocrx_word' id='word_1_520' title='bbox 1751 3861 2032 3930; x_wconf 89' lang='lat' dir='ltr'><strong>tangendi</strong></span> 
     </span>
    </p>
   </div>
   <div class='ocr_carea' id='block_1_72' title="bbox 379 3938 2027 4020">
    <p class='ocr_par' dir='ltr' id='par_1_72' title="bbox 379 3938 2027 4020">
     <span class='ocr_line' id='line_1_72' title="bbox 379 3938 2027 4020; baseline 0.007 -24"><span class='ocrx_word' id='word_1_521' title='bbox 379 3938 555 3997; x_wconf 89' lang='lat' dir='ltr'><strong>datur</strong></span> <span class='ocrx_word' id='word_1_522' title='bbox 581 3940 828 3998; x_wconf 86' lang='lat' dir='ltr'><strong>facultas</strong></span> <span class='ocrx_word' id='word_1_523' title='bbox 846 3943 1036 4012; x_wconf 84' lang='lat' dir='ltr'><strong>(Joan.</strong></span> <span class='ocrx_word' id='word_1_524' title='bbox 1073 3947 1193 4018; x_wconf 83' lang='lat' dir='ltr'><strong>xx),</strong></span> <span class='ocrx_word' id='word_1_525' title='bbox 1227 3947 1323 4003; x_wconf 92' lang='lat' dir='ltr'><strong>hic</strong></span> <span class='ocrx_word' id='word_1_526' title='bbox 1354 3965 1474 4004; x_wconf 90' lang='lat' dir='ltr'><strong>non</strong></span> <span class='ocrx_word' id='word_1_527' title='bbox 1502 3949 1695 4006; x_wconf 90' lang='lat' dir='ltr'><strong>solum</strong></span> <span class='ocrx_word' id='word_1_528' title='bbox 1719 3952 2027 4020; x_wconf 88' lang='lat' dir='ltr'><strong>tangendi,</strong></span> 
     </span>
    </p>
   </div>
   <div class='ocr_carea' id='block_1_73' title="bbox 379 4029 2032 4106">
    <p class='ocr_par' dir='ltr' id='par_1_73' title="bbox 379 4029 2032 4106">
     <span class='ocr_line' id='line_1_73' title="bbox 379 4029 2032 4106; baseline 0.008 -23"><span class='ocrx_word' id='word_1_529' title='bbox 379 4029 476 4084; x_wconf 81' lang='lat' dir='ltr'><strong>sed</strong></span> <span class='ocrx_word' id='word_1_530' title='bbox 508 4034 564 4086; x_wconf 91' lang='lat' dir='ltr'><strong>et</strong></span> <span class='ocrx_word' id='word_1_531' title='bbox 591 4031 830 4088; x_wconf 90' lang='lat' dir='ltr'><strong>tenendi</strong></span> <span class='ocrx_word' id='word_1_532' title='bbox 862 4035 1544 4106; x_wconf 88' lang='lat' dir='ltr'><strong>copiatotaconceditur.</strong></span> <span class='ocrx_word' id='word_1_533' title='bbox 1568 4040 1698 4095; x_wconf 70' lang='lat' dir='ltr'><strong>Illae</strong></span> <span class='ocrx_word' id='word_1_534' title='bbox 1727 4047 1929 4104; x_wconf 84' lang='lat' dir='ltr'><strong>autem,</strong></span> <span class='ocrx_word' id='word_1_535' title='bbox 1947 4041 2032 4096; x_wconf 89' lang='lat' dir='ltr'><strong>in-</strong></span> 
     </span>
    </p>
   </div>
   <div class='ocr_carea' id='block_1_74' title="bbox 377 4119 2032 4197">
    <p class='ocr_par' dir='ltr' id='par_1_74' title="bbox 377 4119 2032 4197">
     <span class='ocr_line' id='line_1_74' title="bbox 377 4119 2032 4197; baseline 0.007 -24"><span class='ocrx_word' id='word_1_536' title='bbox 377 4119 922 4192; x_wconf 78' lang='lat' dir='ltr'><strong>quit,accesserunt,</strong></span> <span class='ocrx_word' id='word_1_537' title='bbox 937 4129 993 4180; x_wconf 85' lang='lat' dir='ltr'><strong>et</strong></span> <span class='ocrx_word' id='word_1_538' title='bbox 1015 4127 1327 4181; x_wconf 84' lang='lat' dir='ltr'><strong>tenuerunt</strong></span> <span class='ocrx_word' id='word_1_539' title='bbox 1338 4127 1507 4194; x_wconf 82' lang='lat' dir='ltr'><strong>pedes</strong></span> <span class='ocrx_word' id='word_1_540' title='bbox 1519 4129 1666 4197; x_wconf 86' lang='lat' dir='ltr'><strong>ejus.</strong></span> <span class='ocrx_word' id='word_1_541' title='bbox 1691 4130 1815 4184; x_wconf 76' lang='lat' dir='ltr'><strong>Istae</strong></span> <span class='ocrx_word' id='word_1_542' title='bbox 1834 4133 2032 4184; x_wconf 89' lang='lat' dir='ltr'><strong>tenent</strong></span> 
     </span>
    </p>
   </div>
   <div class='ocr_carea' id='block_1_75' title="bbox 377 4208 2025 4286">
    <p class='ocr_par' dir='ltr' id='par_1_75' title="bbox 377 4208 2025 4286">
     <span class='ocr_line' id='line_1_75' title="bbox 377 4208 2025 4286; baseline 0.007 -24"><span class='ocrx_word' id='word_1_543' title='bbox 377 4208 561 4280; x_wconf 91' lang='lat' dir='ltr'><strong>pedes</strong></span> <span class='ocrx_word' id='word_1_544' title='bbox 583 4209 810 4274; x_wconf 89' lang='lat' dir='ltr'><strong>Christi,</strong></span> <span class='ocrx_word' id='word_1_545' title='bbox 835 4227 970 4282; x_wconf 73' lang='lat' dir='ltr'><strong>quae</strong></span> <span class='ocrx_word' id='word_1_546' title='bbox 1000 4213 1059 4268; x_wconf 89' lang='lat' dir='ltr'><strong>in</strong></span> <span class='ocrx_word' id='word_1_547' title='bbox 1088 4214 1347 4271; x_wconf 89' lang='lat' dir='ltr'><strong>Ecclesia</strong></span> <span class='ocrx_word' id='word_1_548' title='bbox 1396 4219 1604 4286; x_wconf 85' lang='lat' dir='ltr'><strong>typum</strong></span> <span class='ocrx_word' id='word_1_549' title='bbox 1666 4217 2025 4285; x_wconf 60' lang='lat' dir='ltr'><strong>evangelica;</strong></span> 
     </span>
    </p>
   </div>
   <div class='ocr_carea' id='block_1_76' title="bbox 378 4297 2031 4367">
    <p class='ocr_par' dir='ltr' id='par_1_76' title="bbox 378 4297 2031 4367">
     <span class='ocr_line' id='line_1_76' title="bbox 378 4297 2031 4367; baseline 0.007 -17"><span class='ocrx_word' id='word_1_550' title='bbox 378 4297 818 4367; x_wconf 78' lang='lat' dir='ltr'><strong>praedicationis</strong></span> <span class='ocrx_word' id='word_1_551' title='bbox 839 4304 1058 4364; x_wconf 89' lang='lat' dir='ltr'><strong>tenent,</strong></span> <span class='ocrx_word' id='word_1_552' title='bbox 1087 4306 1142 4358; x_wconf 92' lang='lat' dir='ltr'><strong>et</strong></span> <span class='ocrx_word' id='word_1_553' title='bbox 1172 4308 1471 4358; x_wconf 89' lang='lat' dir='ltr'><strong>merentur</strong></span> <span class='ocrx_word' id='word_1_554' title='bbox 1492 4320 1564 4359; x_wconf 88' lang='lat' dir='ltr'><strong>ex</strong></span> <span class='ocrx_word' id='word_1_555' title='bbox 1590 4321 1764 4359; x_wconf 89' lang='lat' dir='ltr'><strong>cursu</strong></span> <span class='ocrx_word' id='word_1_556' title='bbox 1801 4322 1813 4359; x_wconf 91' lang='lat'><strong>:</strong></span> <span class='ocrx_word' id='word_1_557' title='bbox 1845 4321 1914 4360; x_wconf 91' lang='lat' dir='ltr'><strong>ac</strong></span> <span class='ocrx_word' id='word_1_558' title='bbox 1947 4305 2031 4361; x_wconf 82' lang='lat' dir='ltr'><strong>sic</strong></span> 
     </span>
    </p>
   </div>
   <div class='ocr_carea' id='block_1_77' title="bbox 378 4383 2031 4458">
    <p class='ocr_par' dir='ltr' id='par_1_77' title="bbox 378 4383 2031 4458">
     <span class='ocr_line' id='line_1_77' title="bbox 378 4383 2031 4458; baseline 0.007 -21"><span class='ocrx_word' id='word_1_559' title='bbox 378 4383 497 4438; x_wconf 86' lang='lat' dir='ltr'><strong>ﬁde</strong></span> <span class='ocrx_word' id='word_1_560' title='bbox 522 4389 774 4453; x_wconf 89' lang='lat' dir='ltr'><strong>tangunt</strong></span> <span class='ocrx_word' id='word_1_561' title='bbox 794 4387 884 4441; x_wconf 88' lang='lat' dir='ltr'><strong>sui</strong></span> <span class='ocrx_word' id='word_1_562' title='bbox 907 4389 1153 4456; x_wconf 88' lang='lat' dir='ltr'><strong>vestigia</strong></span> <span class='ocrx_word' id='word_1_563' title='bbox 1174 4389 1500 4458; x_wconf 85' lang='lat' dir='ltr'><strong>salvatoris,</strong></span> <span class='ocrx_word' id='word_1_564' title='bbox 1529 4398 1591 4446; x_wconf 91' lang='lat' dir='ltr'><strong>ut</strong></span> <span class='ocrx_word' id='word_1_565' title='bbox 1617 4392 1690 4448; x_wconf 92' lang='lat' dir='ltr'><strong>ad</strong></span> <span class='ocrx_word' id='word_1_566' title='bbox 1709 4392 1886 4448; x_wconf 90' lang='lat' dir='ltr'><strong>totius</strong></span> <span class='ocrx_word' id='word_1_567' title='bbox 1901 4393 2031 4449; x_wconf 89' lang='lat' dir='ltr'><strong>dei-</strong></span> 
     </span>
    </p>
   </div>
   <div class='ocr_carea' id='block_1_78' title="bbox 381 4521 2032 4650">
    <p class='ocr_par' dir='ltr' id='par_1_78' title="bbox 381 4521 2032 4650">
     <span class='ocr_line' id='line_1_78' title="bbox 381 4521 2032 4650; baseline 0.007 -73"><span class='ocrx_word' id='word_1_568' title='bbox 381 4521 788 4650; x_wconf 50' lang='lat' dir='ltr'><strong>;alleentiniani,</strong></span> <span class='ocrx_word' id='word_1_569' title='bbox 822 4526 1191 4594; x_wconf 72' lang='lat' dir='ltr'><strong>Marcionitas,</strong></span> <span class='ocrx_word' id='word_1_570' title='bbox 1223 4529 1431 4601; x_wconf 90' lang='lat' dir='ltr'><strong>aliique</strong></span> <span class='ocrx_word' id='word_1_571' title='bbox 1461 4531 1631 4603; x_wconf 90' lang='lat' dir='ltr'><strong>hujus</strong></span> <span class='ocrx_word' id='word_1_572' title='bbox 1664 4532 1902 4589; x_wconf 78' lang='lat' dir='ltr'><strong>furfuris</strong></span> <span class='ocrx_word' id='word_1_573' title='bbox 1932 4533 2032 4589; x_wconf 87' lang='lat' dir='ltr'><strong>ho-</strong></span> 
     </span>
     <span class='ocr_line' id='line_1_79' title="bbox 443 4612 584 4650; baseline -0.014 0"><span class='ocrx_word' id='word_1_574' title='bbox 443 4613 461 4650; x_wconf 85' lang='grc' dir='ltr'>ι</span> <span class='ocrx_word' id='word_1_575' title='bbox 540 4612 584 4649; x_wconf 91' lang='lat' dir='ltr'><strong>s.</strong></span> 
     </span>
    </p>
   </div>
   <div class='ocr_carea' id='block_1_79' title="bbox 443 4612 584 4650">
    <p class='ocr_par' dir='ltr' id='par_1_79' title="bbox 443 4612 584 4650">
     <span class='ocr_line' id='line_1_80' title="bbox 443 4612 584 4650; baseline -0.014 0"><span class='ocrx_word' id='word_1_576' title='bbox 443 4612 584 4650; x_wconf 76' lang='grc' dir='ltr'><strong>ωθε.</strong></span> 
     </span>
    </p>
   </div>
   <div class='ocr_carea' id='block_1_80' title="bbox 450 4667 1173 4726">
    <p class='ocr_par' dir='ltr' id='par_1_80' title="bbox 450 4667 1173 4726">
     <span class='ocr_line' id='line_1_81' title="bbox 450 4667 1173 4726; baseline 0.01 -6"><span class='ocrx_word' id='word_1_577' title='bbox 450 4679 475 4708; x_wconf 78' lang='grc' dir='ltr'><strong>ει</strong></span> <span class='ocrx_word' id='word_1_578' title='bbox 504 4667 672 4722; x_wconf 89' lang='lat' dir='ltr'><strong>Deest</strong></span> <span class='ocrx_word' id='word_1_579' title='bbox 702 4668 759 4722; x_wconf 89' lang='lat' dir='ltr'><strong>in</strong></span> <span class='ocrx_word' id='word_1_580' title='bbox 793 4670 930 4725; x_wconf 89' lang='lat' dir='ltr'><strong>Cod.</strong></span> <span class='ocrx_word' id='word_1_581' title='bbox 961 4671 1173 4726; x_wconf 84' lang='lat' dir='ltr'><strong>Bonon.</strong></span> 
     </span>
    </p>
   </div>
   <div class='ocr_carea' id='block_1_81' title="bbox 451 4736 1249 4800">
    <p class='ocr_par' dir='ltr' id='par_1_81' title="bbox 451 4736 1249 4800">
     <span class='ocr_line' id='line_1_82' title="bbox 451 4736 1249 4800; baseline 0.009 -10"><span class='ocrx_word' id='word_1_582' title='bbox 451 4736 481 4780; x_wconf 73' lang='grc' dir='ltr'><strong>ιι</strong></span> <span class='ocrx_word' id='word_1_583' title='bbox 511 4737 586 4792; x_wconf 83' lang='lat' dir='ltr'><strong>Ex</strong></span> <span class='ocrx_word' id='word_1_584' title='bbox 616 4739 749 4796; x_wconf 87' lang='lat' dir='ltr'><strong>eod.</strong></span> <span class='ocrx_word' id='word_1_585' title='bbox 780 4741 927 4800; x_wconf 91' lang='lat' dir='ltr'><strong>cod..</strong></span> <span class='ocrx_word' id='word_1_586' title='bbox 960 4742 1249 4798; x_wconf 81' lang='lat' dir='ltr'><strong>salutator.</strong></span> 
     </span>
    </p>
   </div>
   <div class='ocr_carea' id='block_1_82' title="bbox 451 4809 1406 4879">
    <p class='ocr_par' dir='ltr' id='par_1_82' title="bbox 451 4809 1406 4879">
     <span class='ocr_line' id='line_1_83' title="bbox 451 4809 1406 4879; baseline 0.009 -17"><span class='ocrx_word' id='word_1_587' title='bbox 451 4822 475 4850; x_wconf 78' lang='grc' dir='ltr'>ο</span> <span class='ocrx_word' id='word_1_588' title='bbox 501 4809 661 4873; x_wconf 87' lang='lat' dir='ltr'><strong>lbid.,</strong></span> <span class='ocrx_word' id='word_1_589' title='bbox 691 4811 880 4877; x_wconf 83' lang='lat' dir='ltr'><strong>Avete,</strong></span> <span class='ocrx_word' id='word_1_590' title='bbox 909 4812 1011 4868; x_wconf 83' lang='lat' dir='ltr'><strong>hoc</strong></span> <span class='ocrx_word' id='word_1_591' title='bbox 1033 4820 1131 4879; x_wconf 87' lang='lat' dir='ltr'><strong>est,</strong></span> <span class='ocrx_word' id='word_1_592' title='bbox 1175 4814 1406 4872; x_wconf 89' lang='lat' dir='ltr'><strong>bentote.</strong></span> 
     </span>
    </p>
   </div>
   <div class='ocr_carea' id='block_1_83' title="bbox 449 4879 769 4937">
    <p class='ocr_par' dir='ltr' id='par_1_83' title="bbox 449 4879 769 4937">
     <span class='ocr_line' id='line_1_84' title="bbox 449 4879 769 4937; baseline 0 -2"><span class='ocrx_word' id='word_1_593' title='bbox 449 4879 476 4920; x_wconf 75' lang='grc' dir='ltr'>ἀ</span> <span class='ocrx_word' id='word_1_594' title='bbox 507 4881 584 4935; x_wconf 90' lang='lat' dir='ltr'><strong>Ex</strong></span> <span class='ocrx_word' id='word_1_595' title='bbox 617 4881 769 4937; x_wconf 85' lang='lat' dir='ltr'><strong>Mita.</strong></span> 
     </span>
    </p>
   </div>
   <div class='ocr_carea' id='block_1_84' title="bbox 449 4953 2032 5032">
    <p class='ocr_par' dir='ltr' id='par_1_84' title="bbox 449 4953 2032 5032">
     <span class='ocr_line' id='line_1_85' title="bbox 449 4953 2032 5032; baseline 0.007 -25"><span class='ocrx_word' id='word_1_596' title='bbox 449 4953 992 5032; x_wconf 60' lang='lat' dir='ltr'><strong>fAIii_ipte_rpretes</strong></span> <span class='ocrx_word' id='word_1_597' title='bbox 1043 4957 1153 5010; x_wconf 93' lang='lat' dir='ltr'><strong>duo</strong></span> <span class='ocrx_word' id='word_1_598' title='bbox 1190 4956 1316 5032; x_wconf 76' lang='lat' dir='ltr'><strong>haec</strong></span> <span class='ocrx_word' id='word_1_599' title='bbox 1362 4958 1649 5032; x_wconf 81' lang='lat' dir='ltr'><strong>Evangelii</strong></span> <span class='ocrx_word' id='word_1_600' title='bbox 1717 4961 1862 5026; x_wconf 87' lang='lat' dir='ltr'><strong>loca,</strong></span> <span class='ocrx_word' id='word_1_601' title='bbox 1910 4980 2032 5032; x_wconf 61' lang='lat' dir='ltr'><strong>qua!</strong></span> 
     </span>
    </p>
   </div>
   <div class='ocr_carea' id='block_1_85' title="bbox 379 5023 2029 5103">
    <p class='ocr_par' dir='ltr' id='par_1_85' title="bbox 379 5023 2029 5103">
     <span class='ocr_line' id='line_1_86' title="bbox 379 5023 2029 5103; baseline 0.006 -25"><span class='ocrx_word' id='word_1_602' title='bbox 379 5023 536 5103; x_wconf 71' lang='lat' dir='ltr'><strong>velut</strong></span> <span class='ocrx_word' id='word_1_603' title='bbox 556 5026 636 5103; x_wconf 79' lang='lat' dir='ltr'><strong>ad</strong></span> <span class='ocrx_word' id='word_1_604' title='bbox 672 5023 1262 5103; x_wconf 72' lang='lat' dir='ltr'><strong>invicem__pugnai_it_ia</strong></span> <span class='ocrx_word' id='word_1_605' title='bbox 1293 5023 1602 5103; x_wconf 64' lang='lat' dir='ltr'><strong>introducit</strong></span> <span class='ocrx_word' id='word_1_606' title='bbox 1625 5023 2029 5103; x_wconf 78' lang='lat' dir='ltr'><strong>Chrysalogus.</strong></span> 
     </span>
    </p>
   </div>
   <div class='ocr_carea' id='block_1_86' title="bbox 379 5095 2034 5171">
    <p class='ocr_par' dir='ltr' id='par_1_86' title="bbox 379 5095 2034 5171">
     <span class='ocr_line' id='line_1_87' title="bbox 379 5095 2034 5171; baseline 0.007 -23"><span class='ocrx_word' id='word_1_607' title='bbox 379 5095 450 5171; x_wconf 78' lang='lat' dir='ltr'><strong>ad</strong></span> <span class='ocrx_word' id='word_1_608' title='bbox 482 5096 735 5171; x_wconf 73' lang='lat' dir='ltr'><strong>litteram</strong></span> <span class='ocrx_word' id='word_1_609' title='bbox 768 5095 1094 5171; x_wconf 80' lang='lat' dir='ltr'><strong>conciliant.</strong></span> <span class='ocrx_word' id='word_1_610' title='bbox 1143 5099 1349 5154; x_wconf 90' lang='lat' dir='ltr'><strong>Dicunt</strong></span> <span class='ocrx_word' id='word_1_611' title='bbox 1391 5102 1546 5156; x_wconf 89' lang='lat' dir='ltr'><strong>enim</strong></span> <span class='ocrx_word' id='word_1_612' title='bbox 1580 5095 1764 5171; x_wconf 71' lang='lat' dir='ltr'><strong>primo</strong></span> <span class='ocrx_word' id='word_1_613' title='bbox 1797 5105 1880 5158; x_wconf 83' lang='lat' dir='ltr'><strong>vel</strong></span> <span class='ocrx_word' id='word_1_614' title='bbox 1905 5095 2034 5159; x_wconf 38' lang='lat' dir='ltr'><strong>“has</strong></span> 
     </span>
    </p>
   </div>
   <div class='ocr_carea' id='block_1_87' title="bbox 380 5167 2031 5257">
    <p class='ocr_par' dir='ltr' id='par_1_87' title="bbox 380 5167 2031 5257">
     <span class='ocr_line' id='line_1_88' title="bbox 380 5167 2031 5257; baseline 0.007 -37"><span class='ocrx_word' id='word_1_615' title='bbox 380 5167 521 5257; x_wconf 66' lang='lat' dir='ltr'><strong>duas</strong></span> <span class='ocrx_word' id='word_1_616' title='bbox 556 5167 1144 5257; x_wconf 39' lang='lat' dir='ltr'><strong>fuisse‘appariltiones</strong></span> <span class='ocrx_word' id='word_1_617' title='bbox 1177 5171 1460 5257; x_wconf 71' lang='lat' dir='ltr'><strong>diversas;</strong></span> <span class='ocrx_word' id='word_1_618' title='bbox 1495 5167 1852 5257; x_wconf 59' lang='lat' dir='ltr'><strong>secundum]</strong></span> <span class='ocrx_word' id='word_1_619' title='bbox 1886 5175 2031 5257; x_wconf 74' lang='lat' dir='ltr'><strong>Mag-</strong></span> 
     </span>
    </p>
   </div>
   <div class='ocr_carea' id='block_1_88' title="bbox 380 5237 2032 5316">
    <p class='ocr_par' dir='ltr' id='par_1_88' title="bbox 380 5237 2032 5316">
     <span class='ocr_line' id='line_1_89' title="bbox 380 5237 2032 5316; baseline 0.006 -25"><span class='ocrx_word' id='word_1_620' title='bbox 380 5237 613 5316; x_wconf 74' lang='lat' dir='ltr'><strong>dalenes</strong></span> <span class='ocrx_word' id='word_1_621' title='bbox 645 5245 776 5316; x_wconf 71' lang='lat' dir='ltr'><strong>ante</strong></span> <span class='ocrx_word' id='word_1_622' title='bbox 799 5237 928 5296; x_wconf 82' lang='lat' dir='ltr'><strong>eum</strong></span> <span class='ocrx_word' id='word_1_623' title='bbox 947 5242 1247 5311; x_wconf 83' lang='lat' dir='ltr'><strong>tetigerat;</strong></span> <span class='ocrx_word' id='word_1_624' title='bbox 1277 5242 1449 5316; x_wconf 82' lang='lat' dir='ltr'><strong>tertio</strong></span> <span class='ocrx_word' id='word_1_625' title='bbox 1472 5243 1556 5298; x_wconf 89' lang='lat' dir='ltr'><strong>vel</strong></span> <span class='ocrx_word' id='word_1_626' title='bbox 1582 5245 1807 5300; x_wconf 90' lang='lat' dir='ltr'><strong>Christo</strong></span> <span class='ocrx_word' id='word_1_627' title='bbox 1839 5237 2032 5316; x_wconf 72' lang='lat' dir='ltr'><strong>prohi-</strong></span> 
     </span>
    </p>
   </div>
   <div class='ocr_carea' id='block_1_89' title="bbox 380 5307 2034 5386">
    <p class='ocr_par' dir='ltr' id='par_1_89' title="bbox 380 5307 2034 5386">
     <span class='ocr_line' id='line_1_90' title="bbox 380 5307 2034 5386; baseline 0.008 -27"><span class='ocrx_word' id='word_1_628' title='bbox 380 5307 550 5361; x_wconf 82' lang='lat' dir='ltr'><strong>bente</strong></span> <span class='ocrx_word' id='word_1_629' title='bbox 583 5309 767 5386; x_wconf 65' lang='lat' dir='ltr'><strong>tetigit</strong></span> <span class='ocrx_word' id='word_1_630' title='bbox 789 5318 1019 5386; x_wconf 72' lang='lat' dir='ltr'><strong>tamen,</strong></span> <span class='ocrx_word' id='word_1_631' title='bbox 1054 5307 1116 5368; x_wconf 85' lang='lat' dir='ltr'><strong>ut</strong></span> <span class='ocrx_word' id='word_1_632' title='bbox 1139 5329 1228 5369; x_wconf 85' lang='lat' dir='ltr'><strong>res</strong></span> <span class='ocrx_word' id='word_1_633' title='bbox 1272 5313 1604 5386; x_wconf 87' lang='lat' dir='ltr'><strong>importuna</strong></span> <span class='ocrx_word' id='word_1_634' title='bbox 1631 5321 1687 5371; x_wconf 89' lang='lat' dir='ltr'><strong>et</strong></span> <span class='ocrx_word' id='word_1_635' title='bbox 1707 5307 1894 5372; x_wconf 77' lang='lat' dir='ltr'><strong>audax</strong></span> <span class='ocrx_word' id='word_1_636' title='bbox 1948 5322 2034 5373; x_wconf 90' lang='lat' dir='ltr'><strong>est</strong></span> 
     </span>
    </p>
   </div>
   <div class='ocr_carea' id='block_1_90' title="bbox 381 5379 1285 5439">
    <p class='ocr_par' dir='ltr' id='par_1_90' title="bbox 381 5379 1285 5439">
     <span class='ocr_line' id='line_1_91' title="bbox 381 5379 1285 5439; baseline 0.011 -10"><span class='ocrx_word' id='word_1_637' title='bbox 381 5392 564 5431; x_wconf 89' lang='lat' dir='ltr'><strong>amor.</strong></span> <span class='ocrx_word' id='word_1_638' title='bbox 596 5379 838 5436; x_wconf 90' lang='lat' dir='ltr'><strong>Consule</strong></span> <span class='ocrx_word' id='word_1_639' title='bbox 869 5383 1285 5439; x_wconf 88' lang='lat' dir='ltr'><strong>Maldonatum.</strong></span> 
     </span>
    </p>
   </div>
   <div class='ocr_carea' id='block_1_91' title="bbox 454 5446 2030 5530">
    <p class='ocr_par' dir='ltr' id='par_1_91' title="bbox 454 5446 2030 5530">
     <span class='ocr_line' id='line_1_92' title="bbox 454 5446 2030 5530; baseline 0.009 -30"><span class='ocrx_word' id='word_1_640' title='bbox 454 5446 845 5530; x_wconf 50' lang='lat' dir='ltr'><strong>{Chrysologo</strong></span> <span class='ocrx_word' id='word_1_641' title='bbox 874 5470 1190 5530; x_wconf 79' lang='lat' dir='ltr'><strong>consonare</strong></span> <span class='ocrx_word' id='word_1_642' title='bbox 1221 5456 1444 5512; x_wconf 85' lang='lat' dir='ltr'><strong>videtur</strong></span> <span class='ocrx_word' id='word_1_643' title='bbox 1473 5457 1821 5530; x_wconf 81' lang='lat' dir='ltr'><strong>Augustinus</strong></span> <span class='ocrx_word' id='word_1_644' title='bbox 1863 5462 2030 5515; x_wconf 89' lang='lat' dir='ltr'><strong>tract.</strong></span> 
     </span>
    </p>
   </div>
   <div class='ocr_carea' id='block_1_92' title="bbox 387 5516 2036 5602">
    <p class='ocr_par' dir='ltr' id='par_1_92' title="bbox 387 5516 2036 5602">
     <span class='ocr_line' id='line_1_93' title="bbox 387 5516 2036 5602; baseline 0.007 -30"><span class='ocrx_word' id='word_1_645' title='bbox 387 5516 479 5602; x_wconf 48' lang='lat' dir='ltr'><strong>{ﬁt</strong></span> <span class='ocrx_word' id='word_1_646' title='bbox 493 5517 576 5602; x_wconf 44' lang='lat' dir='ltr'><strong>&quot;in</strong></span> <span class='ocrx_word' id='word_1_647' title='bbox 602 5516 804 5602; x_wconf 54' lang='lat' dir='ltr'><strong>eam:</strong></span> <span class='ocrx_word' id='word_1_648' title='bbox 822 5524 884 5580; x_wconf 85' lang='lat' dir='ltr'><strong>in</strong></span> <span class='ocrx_word' id='word_1_649' title='bbox 935 5525 1032 5582; x_wconf 83' lang='lat' dir='ltr'><strong>hac</strong></span> <span class='ocrx_word' id='word_1_650' title='bbox 1052 5526 1260 5602; x_wconf 64' lang='lat' dir='ltr'><strong>[gmina</strong></span> <span class='ocrx_word' id='word_1_651' title='bbox 1299 5516 1708 5602; x_wconf 65' lang='lat' dir='ltr'><strong>recognoscens</strong></span> <span class='ocrx_word' id='word_1_652' title='bbox 1737 5530 2036 5602; x_wconf 83' lang='lat' dir='ltr'><strong>Ecclesiam</strong></span> 
     </span>
    </p>
   </div>
   <div class='ocr_carea' id='block_1_93' title="bbox 384 5589 2040 5668">
    <p class='ocr_par' dir='ltr' id='par_1_93' title="bbox 384 5589 2040 5668">
     <span class='ocr_line' id='line_1_94' title="bbox 384 5589 2040 5668; baseline 0.006 -18"><span class='ocrx_word' id='word_1_653' title='bbox 384 5589 450 5650; x_wconf 73' lang='lat' dir='ltr'><strong>de</strong></span> <span class='ocrx_word' id='word_1_654' title='bbox 483 5591 752 5656; x_wconf 74' lang='lat' dir='ltr'><strong>Gentibus</strong></span> <span class='ocrx_word' id='word_1_655' title='bbox 777 5611 899 5666; x_wconf 74' lang='lat' dir='ltr'><strong>quae</strong></span> <span class='ocrx_word' id='word_1_656' title='bbox 936 5613 996 5656; x_wconf 70' lang='lat' dir='ltr'><strong>in</strong></span> <span class='ocrx_word' id='word_1_657' title='bbox 1038 5589 1312 5655; x_wconf 74' lang='lat' dir='ltr'><strong>Christum</strong></span> <span class='ocrx_word' id='word_1_658' title='bbox 1342 5589 1460 5654; x_wconf 67' lang='grc' dir='ltr'><strong>τιοῆ</strong></span> <span class='ocrx_word' id='word_1_659' title='bbox 1483 5601 1749 5668; x_wconf 87' lang='lat' dir='ltr'><strong>credidit,</strong></span> <span class='ocrx_word' id='word_1_660' title='bbox 1780 5601 1890 5656; x_wconf 74' lang='lat' dir='ltr'><strong>nisi</strong></span> <span class='ocrx_word' id='word_1_661' title='bbox 1918 5619 2040 5659; x_wconf 79' lang='lat' dir='ltr'><strong>cum</strong></span> 
     </span>
    </p>
   </div>
   <div class='ocr_carea' id='block_1_94' title="bbox 2142 3151 3809 3224">
    <p class='ocr_par' dir='ltr' id='par_1_94' title="bbox 2142 3151 3809 3224">
     <span class='ocr_line' id='line_1_95' title="bbox 2142 3151 3809 3224; baseline 0 -16"><span class='ocrx_word' id='word_1_662' title='bbox 2142 3151 2233 3208; x_wconf 91' lang='lat' dir='ltr'><strong>Sic</strong></span> <span class='ocrx_word' id='word_1_663' title='bbox 2249 3155 2274 3208; x_wconf 87' lang='lat' dir='ltr'><strong>J</strong></span> <span class='ocrx_word' id='word_1_664' title='bbox 2283 3153 2462 3209; x_wconf 90' lang='lat' dir='ltr'><strong>udam</strong></span> <span class='ocrx_word' id='word_1_665' title='bbox 2479 3159 2832 3224; x_wconf 82' lang='lat' dir='ltr'><strong>comparant</strong></span> <span class='ocrx_word' id='word_1_666' title='bbox 2854 3154 3198 3210; x_wconf 88' lang='lat' dir='ltr'><strong>traditorem</strong></span> <span class='ocrx_word' id='word_1_667' title='bbox 3226 3153 3458 3209; x_wconf 92' lang='lat' dir='ltr'><strong>Domini</strong></span> <span class='ocrx_word' id='word_1_668' title='bbox 3476 3153 3654 3222; x_wconf 88' lang='lat' dir='ltr'><strong>sui,et</strong></span> <span class='ocrx_word' id='word_1_669' title='bbox 3670 3167 3809 3222; x_wconf 87' lang='lat' dir='ltr'><strong>pre-</strong></span> 
     </span>
    </p>
   </div>
   <div class='ocr_carea' id='block_1_95' title="bbox 2136 3240 3806 3316">
    <p class='ocr_par' dir='ltr' id='par_1_95' title="bbox 2136 3240 3806 3316">
     <span class='ocr_line' id='line_1_96' title="bbox 2136 3240 3806 3316; baseline 0.002 -24"><span class='ocrx_word' id='word_1_670' title='bbox 2136 3240 2214 3294; x_wconf 92' lang='lat' dir='ltr'><strong>tio</strong></span> <span class='ocrx_word' id='word_1_671' title='bbox 2228 3242 2620 3313; x_wconf 78' lang='lat' dir='ltr'><strong>Redemptoris</strong></span> <span class='ocrx_word' id='word_1_672' title='bbox 2634 3243 2833 3298; x_wconf 90' lang='lat' dir='ltr'><strong>mundi</strong></span> <span class='ocrx_word' id='word_1_673' title='bbox 2848 3242 3188 3316; x_wconf 89' lang='lat' dir='ltr'><strong>sanguinem</strong></span> <span class='ocrx_word' id='word_1_674' title='bbox 3206 3247 3450 3312; x_wconf 87' lang='lat' dir='ltr'><strong>pensant</strong></span> <span class='ocrx_word' id='word_1_675' title='bbox 3473 3258 3486 3306; x_wconf 89' lang='lat'><strong>;</strong></span> <span class='ocrx_word' id='word_1_676' title='bbox 3507 3240 3590 3296; x_wconf 87' lang='lat' dir='ltr'><strong>sic</strong></span> <span class='ocrx_word' id='word_1_677' title='bbox 3612 3241 3806 3312; x_wconf 85' lang='lat' dir='ltr'><strong>aperti</strong></span> 
     </span>
    </p>
   </div>
   <div class='ocr_carea' id='block_1_96' title="bbox 2138 3329 3810 3399">
    <p class='ocr_par' dir='ltr' id='par_1_96' title="bbox 2138 3329 3810 3399">
     <span class='ocr_line' id='line_1_97' title="bbox 2138 3329 3810 3399; baseline 0.001 -15"><span class='ocrx_word' id='word_1_678' title='bbox 2138 3330 2432 3399; x_wconf 88' lang='lat' dir='ltr'><strong>sepulchri</strong></span> <span class='ocrx_word' id='word_1_679' title='bbox 2449 3331 2628 3386; x_wconf 88' lang='lat' dir='ltr'><strong>ﬁdem</strong></span> <span class='ocrx_word' id='word_1_680' title='bbox 2651 3331 2976 3388; x_wconf 86' lang='lat' dir='ltr'><strong>claudunti</strong></span> <span class='ocrx_word' id='word_1_681' title='bbox 3018 3330 3282 3395; x_wconf 90' lang='lat' dir='ltr'><strong>sacculo,</strong></span> <span class='ocrx_word' id='word_1_682' title='bbox 3312 3335 3377 3386; x_wconf 88' lang='lat' dir='ltr'><strong>ut</strong></span> <span class='ocrx_word' id='word_1_683' title='bbox 3399 3329 3699 3398; x_wconf 63' lang='lat' dir='ltr'><strong>neganda:</strong></span> <span class='ocrx_word' id='word_1_684' title='bbox 3713 3345 3810 3385; x_wconf 86' lang='lat' dir='ltr'><strong>re-</strong></span> 
     </span>
    </p>
   </div>
   <div class='ocr_carea' id='block_1_97' title="bbox 2139 3419 3804 3479">
    <p class='ocr_par' dir='ltr' id='par_1_97' title="bbox 2139 3419 3804 3479">
     <span class='ocr_line' id='line_1_98' title="bbox 2139 3419 3804 3479; baseline 0 -8"><span class='ocrx_word' id='word_1_685' title='bbox 2139 3419 2512 3475; x_wconf 89' lang='lat' dir='ltr'><strong>surrectionis</strong></span> <span class='ocrx_word' id='word_1_686' title='bbox 2530 3420 2754 3479; x_wconf 88' lang='lat' dir='ltr'><strong>crimen</strong></span> <span class='ocrx_word' id='word_1_687' title='bbox 2773 3420 3038 3476; x_wconf 87' lang='lat' dir='ltr'><strong>nummis</strong></span> <span class='ocrx_word' id='word_1_688' title='bbox 3053 3419 3362 3476; x_wconf 90' lang='lat' dir='ltr'><strong>criminum</strong></span> <span class='ocrx_word' id='word_1_689' title='bbox 3380 3421 3804 3473; x_wconf 85' lang='lat' dir='ltr'><strong>mercarentur.</strong></span> 
     </span>
    </p>
   </div>
   <div class='ocr_carea' id='block_1_98' title="bbox 2142 3505 3809 3580">
    <p class='ocr_par' dir='ltr' id='par_1_98' title="bbox 2142 3505 3809 3580">
     <span class='ocr_line' id='line_1_99' title="bbox 2142 3505 3809 3580; baseline -0.002 -17"><span class='ocrx_word' id='word_1_690' title='bbox 2142 3507 2488 3574; x_wconf 81' lang='lat' dir='ltr'><strong>Pecuniam,</strong></span> <span class='ocrx_word' id='word_1_691' title='bbox 2509 3508 2718 3580; x_wconf 90' lang='lat' dir='ltr'><strong>inquit.</strong></span> <span class='ocrx_word' id='word_1_692' title='bbox 2751 3509 3044 3576; x_wconf 79' lang='lat' dir='ltr'><strong>copiosam</strong></span> <span class='ocrx_word' id='word_1_693' title='bbox 3061 3508 3346 3564; x_wconf 83' lang='lat' dir='ltr'><strong>dederunt</strong></span> <span class='ocrx_word' id='word_1_694' title='bbox 3376 3506 3693 3569; x_wconf 83' lang='lat' dir='ltr'><strong>militibus,</strong></span> <span class='ocrx_word' id='word_1_695' title='bbox 3717 3505 3809 3559; x_wconf 87' lang='lat' dir='ltr'><strong>di-</strong></span> 
     </span>
    </p>
   </div>
   <div class='ocr_carea' id='block_1_99' title="bbox 2141 3595 3806 3666">
    <p class='ocr_par' dir='ltr' id='par_1_99' title="bbox 2141 3595 3806 3666">
     <span class='ocr_line' id='line_1_100' title="bbox 2141 3595 3806 3666; baseline -0.001 -17"><span class='ocrx_word' id='word_1_696' title='bbox 2141 3603 2331 3651; x_wconf 82' lang='lat' dir='ltr'><strong>centes</strong></span> <span class='ocrx_word' id='word_1_697' title='bbox 2355 3613 2367 3650; x_wconf 88' lang='lat'><strong>:</strong></span> <span class='ocrx_word' id='word_1_698' title='bbox 2405 3595 2584 3650; x_wconf 88' lang='lat' dir='ltr'><strong>Dicite</strong></span> <span class='ocrx_word' id='word_1_699' title='bbox 2603 3596 2747 3666; x_wconf 84' lang='lat' dir='ltr'><strong>quia</strong></span> <span class='ocrx_word' id='word_1_700' title='bbox 2769 3595 3045 3662; x_wconf 81' lang='lat' dir='ltr'><strong>discipuli</strong></span> <span class='ocrx_word' id='word_1_701' title='bbox 3074 3597 3201 3664; x_wconf 88' lang='lat' dir='ltr'><strong>ejus</strong></span> <span class='ocrx_word' id='word_1_702' title='bbox 3237 3599 3516 3650; x_wconf 80' lang='lat' dir='ltr'><strong>venerunt</strong></span> <span class='ocrx_word' id='word_1_703' title='bbox 3538 3597 3732 3654; x_wconf 83' lang='lat' dir='ltr'><strong>nocte,</strong></span> <span class='ocrx_word' id='word_1_704' title='bbox 3753 3599 3806 3648; x_wconf 83' lang='lat' dir='ltr'><strong>et</strong></span> 
     </span>
    </p>
   </div>
   <div class='ocr_carea' id='block_1_100' title="bbox 2137 3681 3809 3751">
    <p class='ocr_par' dir='ltr' id='par_1_100' title="bbox 2137 3681 3809 3751">
     <span class='ocr_line' id='line_1_101' title="bbox 2137 3681 3809 3751; baseline -0.001 -14"><span class='ocrx_word' id='word_1_705' title='bbox 2137 3683 2475 3751; x_wconf 78' lang='lat' dir='ltr'><strong>furatisunt</strong></span> <span class='ocrx_word' id='word_1_706' title='bbox 2495 3700 2650 3748; x_wconf 87' lang='lat' dir='ltr'><strong>eum,</strong></span> <span class='ocrx_word' id='word_1_707' title='bbox 2676 3685 2836 3740; x_wconf 86' lang='lat' dir='ltr'><strong>nobis</strong></span> <span class='ocrx_word' id='word_1_708' title='bbox 2860 3683 3306 3747; x_wconf 83' lang='lat' dir='ltr'><strong>dormientibus,</strong></span> <span class='ocrx_word' id='word_1_709' title='bbox 3327 3687 3382 3738; x_wconf 85' lang='lat' dir='ltr'><strong>et</strong></span> <span class='ocrx_word' id='word_1_710' title='bbox 3399 3681 3449 3737; x_wconf 83' lang='lat' dir='ltr'><strong>si</strong></span> <span class='ocrx_word' id='word_1_711' title='bbox 3473 3682 3583 3738; x_wconf 85' lang='lat' dir='ltr'><strong>hoc</strong></span> <span class='ocrx_word' id='word_1_712' title='bbox 3594 3697 3809 3750; x_wconf 71' lang='lat' dir='ltr'><strong>praeses</strong></span> 
     </span>
    </p>
   </div>
   <div class='ocr_carea' id='block_1_101' title="bbox 2142 3771 3808 3839">
    <p class='ocr_par' dir='ltr' id='par_1_101' title="bbox 2142 3771 3808 3839">
     <span class='ocr_line' id='line_1_102' title="bbox 2142 3771 3808 3839; baseline -0.002 -11"><span class='ocrx_word' id='word_1_713' title='bbox 2142 3771 2257 3828; x_wconf 88' lang='lat' dir='ltr'><strong>aud</strong></span> <span class='ocrx_word' id='word_1_714' title='bbox 2262 3774 2373 3826; x_wconf 86' lang='lat' dir='ltr'><strong>ieri</strong></span> <span class='ocrx_word' id='word_1_715' title='bbox 2377 3779 2414 3836; x_wconf 80' lang='grc' dir='ltr'><strong>ι,</strong></span> <span class='ocrx_word' id='word_1_716' title='bbox 2424 3789 2528 3829; x_wconf 85' lang='lat' dir='ltr'><strong>nos</strong></span> <span class='ocrx_word' id='word_1_717' title='bbox 2540 3772 2912 3829; x_wconf 84' lang='lat' dir='ltr'><strong>suadebimus</strong></span> <span class='ocrx_word' id='word_1_718' title='bbox 2926 3774 3054 3837; x_wconf 86' lang='lat' dir='ltr'><strong>ei,et</strong></span> <span class='ocrx_word' id='word_1_719' title='bbox 3065 3787 3296 3828; x_wconf 82' lang='lat' dir='ltr'><strong>securos</strong></span> <span class='ocrx_word' id='word_1_720' title='bbox 3312 3786 3403 3826; x_wconf 88' lang='lat' dir='ltr'><strong>vos</strong></span> <span class='ocrx_word' id='word_1_721' title='bbox 3414 3771 3727 3839; x_wconf 80' lang='lat' dir='ltr'><strong>faciemus.</strong></span> <span class='ocrx_word' id='word_1_722' title='bbox 3740 3771 3808 3824; x_wconf 77' lang='lat' dir='ltr'><strong>At</strong></span> 
     </span>
    </p>
   </div>
   <div class='ocr_carea' id='block_1_102' title="bbox 2143 3859 3808 3930">
    <p class='ocr_par' dir='ltr' id='par_1_102' title="bbox 2143 3859 3808 3930">
     <span class='ocr_line' id='line_1_103' title="bbox 2143 3859 3808 3930; baseline -0.001 -15"><span class='ocrx_word' id='word_1_723' title='bbox 2143 3863 2234 3916; x_wconf 83' lang='lat' dir='ltr'><strong>illi</strong></span> <span class='ocrx_word' id='word_1_724' title='bbox 2243 3868 2487 3929; x_wconf 88' lang='lat' dir='ltr'><strong>accepta</strong></span> <span class='ocrx_word' id='word_1_725' title='bbox 2499 3863 2754 3930; x_wconf 82' lang='lat' dir='ltr'><strong>pecunia</strong></span> <span class='ocrx_word' id='word_1_726' title='bbox 2765 3864 3028 3930; x_wconf 76' lang='lat' dir='ltr'><strong>fecerunt</strong></span> <span class='ocrx_word' id='word_1_727' title='bbox 3044 3862 3194 3915; x_wconf 83' lang='lat' dir='ltr'><strong>sicut</strong></span> <span class='ocrx_word' id='word_1_728' title='bbox 3211 3866 3379 3916; x_wconf 88' lang='lat' dir='ltr'><strong>erant</strong></span> <span class='ocrx_word' id='word_1_729' title='bbox 3391 3859 3603 3928; x_wconf 83' lang='lat' dir='ltr'><strong>edocti;</strong></span> <span class='ocrx_word' id='word_1_730' title='bbox 3632 3866 3686 3914; x_wconf 88' lang='lat' dir='ltr'><strong>et</strong></span> <span class='ocrx_word' id='word_1_731' title='bbox 3698 3859 3808 3927; x_wconf 78' lang='lat' dir='ltr'><strong>dif-</strong></span> 
     </span>
    </p>
   </div>
   <div class='ocr_carea' id='block_1_103' title="bbox 2137 3946 3807 4019">
    <p class='ocr_par' dir='ltr' id='par_1_103' title="bbox 2137 3946 3807 4019">
     <span class='ocr_line' id='line_1_104' title="bbox 2137 3946 3807 4019; baseline -0.001 -17"><span class='ocrx_word' id='word_1_732' title='bbox 2137 3949 2413 4016; x_wconf 80' lang='lat' dir='ltr'><strong>famatum</strong></span> <span class='ocrx_word' id='word_1_733' title='bbox 2425 3956 2507 4005; x_wconf 89' lang='lat' dir='ltr'><strong>est</strong></span> <span class='ocrx_word' id='word_1_734' title='bbox 2526 3950 2750 4004; x_wconf 79' lang='lat' dir='ltr'><strong>verbum</strong></span> <span class='ocrx_word' id='word_1_735' title='bbox 2773 3949 2925 4004; x_wconf 86' lang='lat' dir='ltr'><strong>istud</strong></span> <span class='ocrx_word' id='word_1_736' title='bbox 2936 3949 3082 4019; x_wconf 83' lang='lat' dir='ltr'><strong>apud</strong></span> <span class='ocrx_word' id='word_1_737' title='bbox 3095 3949 3315 4004; x_wconf 66' lang='lat' dir='ltr'><strong>Iudaeos</strong></span> <span class='ocrx_word' id='word_1_738' title='bbox 3329 3964 3496 4017; x_wconf 85' lang='lat' dir='ltr'><strong>usque</strong></span> <span class='ocrx_word' id='word_1_739' title='bbox 3508 3947 3566 4001; x_wconf 85' lang='lat' dir='ltr'><strong>in</strong></span> <span class='ocrx_word' id='word_1_740' title='bbox 3579 3946 3807 4004; x_wconf 81' lang='lat' dir='ltr'><strong>hodier-</strong></span> 
     </span>
    </p>
   </div>
   <div class='ocr_carea' id='block_1_104' title="bbox 2142 4035 3808 4107">
    <p class='ocr_par' dir='ltr' id='par_1_104' title="bbox 2142 4035 3808 4107">
     <span class='ocr_line' id='line_1_105' title="bbox 2142 4035 3808 4107; baseline 0 -17"><span class='ocrx_word' id='word_1_741' title='bbox 2142 4053 2284 4091; x_wconf 90' lang='lat' dir='ltr'><strong>num</strong></span> <span class='ocrx_word' id='word_1_742' title='bbox 2297 4037 2633 4107; x_wconf 88' lang='lat' dir='ltr'><strong>diem.Apud</strong></span> <span class='ocrx_word' id='word_1_743' title='bbox 2649 4037 2909 4102; x_wconf 67' lang='lat' dir='ltr'><strong>Judzeos,</strong></span> <span class='ocrx_word' id='word_1_744' title='bbox 2928 4037 3202 4107; x_wconf 90' lang='lat' dir='ltr'><strong>numquid</strong></span> <span class='ocrx_word' id='word_1_745' title='bbox 3220 4035 3370 4107; x_wconf 91' lang='lat' dir='ltr'><strong>apud</strong></span> <span class='ocrx_word' id='word_1_746' title='bbox 3384 4035 3764 4090; x_wconf 86' lang='lat' dir='ltr'><strong>Christianos</strong></span> <span class='ocrx_word' id='word_1_747' title='bbox 3782 4036 3808 4090; x_wconf 79' lang='lat'><strong>?</strong></span> 
     </span>
    </p>
   </div>
   <div class='ocr_carea' id='block_1_105' title="bbox 2139 4123 3810 4197">
    <p class='ocr_par' dir='ltr' id='par_1_105' title="bbox 2139 4123 3810 4197">
     <span class='ocr_line' id='line_1_106' title="bbox 2139 4123 3810 4197; baseline 0.001 -19"><span class='ocrx_word' id='word_1_748' title='bbox 2139 4124 2358 4190; x_wconf 76' lang='lat' dir='ltr'><strong>Judaee,</strong></span> <span class='ocrx_word' id='word_1_749' title='bbox 2383 4125 2546 4197; x_wconf 90' lang='lat' dir='ltr'><strong>quod</strong></span> <span class='ocrx_word' id='word_1_750' title='bbox 2562 4130 2618 4181; x_wconf 90' lang='lat' dir='ltr'><strong>tu</strong></span> <span class='ocrx_word' id='word_1_751' title='bbox 2642 4125 2699 4180; x_wconf 88' lang='lat' dir='ltr'><strong>in</strong></span> <span class='ocrx_word' id='word_1_752' title='bbox 2722 4126 2927 4180; x_wconf 69' lang='lat' dir='ltr'><strong>Judaea</strong></span> <span class='ocrx_word' id='word_1_753' title='bbox 2951 4125 3322 4180; x_wconf 87' lang='lat' dir='ltr'><strong>obscurabas</strong></span> <span class='ocrx_word' id='word_1_754' title='bbox 3340 4139 3506 4189; x_wconf 90' lang='lat' dir='ltr'><strong>auro,</strong></span> <span class='ocrx_word' id='word_1_755' title='bbox 3531 4123 3654 4178; x_wconf 85' lang='lat' dir='ltr'><strong>ﬁde</strong></span> <span class='ocrx_word' id='word_1_756' title='bbox 3679 4128 3810 4179; x_wconf 88' lang='lat' dir='ltr'><strong>toto</strong></span> 
     </span>
    </p>
   </div>
   <div class='ocr_carea' id='block_1_106' title="bbox 2144 4213 3810 4285">
    <p class='ocr_par' dir='ltr' id='par_1_106' title="bbox 2144 4213 3810 4285">
     <span class='ocr_line' id='line_1_107' title="bbox 2144 4213 3810 4285; baseline -0.001 -16"><span class='ocrx_word' id='word_1_757' title='bbox 2144 4213 2352 4270; x_wconf 83' lang='lat' dir='ltr'><strong>claruit</strong></span> <span class='ocrx_word' id='word_1_758' title='bbox 2376 4218 2432 4270; x_wconf 90' lang='lat' dir='ltr'><strong>et</strong></span> <span class='ocrx_word' id='word_1_759' title='bbox 2448 4214 2695 4269; x_wconf 87' lang='lat' dir='ltr'><strong>eluxitin</strong></span> <span class='ocrx_word' id='word_1_760' title='bbox 2721 4214 2949 4269; x_wconf 91' lang='lat' dir='ltr'><strong>mundo</strong></span> <span class='ocrx_word' id='word_1_761' title='bbox 2971 4230 2982 4270; x_wconf 91' lang='lat'>:</span> <span class='ocrx_word' id='word_1_762' title='bbox 3003 4214 3277 4285; x_wconf 87' lang='lat' dir='ltr'><strong>discipuli</strong></span> <span class='ocrx_word' id='word_1_763' title='bbox 3299 4217 3810 4283; x_wconf 81' lang='lat' dir='ltr'><strong>receperunt,non</strong></span> 
     </span>
    </p>
   </div>
   <div class='ocr_carea' id='block_1_107' title="bbox 2141 4300 3809 4373">
    <p class='ocr_par' dir='ltr' id='par_1_107' title="bbox 2141 4300 3809 4373">
     <span class='ocr_line' id='line_1_108' title="bbox 2141 4300 3809 4373; baseline -0.001 -17"><span class='ocrx_word' id='word_1_764' title='bbox 2141 4300 2315 4356; x_wconf 86' lang='lat' dir='ltr'><strong>furati</strong></span> <span class='ocrx_word' id='word_1_765' title='bbox 2343 4307 2480 4357; x_wconf 88' lang='lat' dir='ltr'><strong>sunt</strong></span> <span class='ocrx_word' id='word_1_766' title='bbox 2505 4302 2830 4368; x_wconf 88' lang='lat' dir='ltr'><strong>Christum;</strong></span> <span class='ocrx_word' id='word_1_767' title='bbox 2865 4307 2926 4357; x_wconf 91' lang='lat' dir='ltr'><strong>tu</strong></span> <span class='ocrx_word' id='word_1_768' title='bbox 2947 4301 3256 4373; x_wconf 89' lang='lat' dir='ltr'><strong>perﬁdiam</strong></span> <span class='ocrx_word' id='word_1_769' title='bbox 3283 4300 3673 4372; x_wconf 89' lang='lat' dir='ltr'><strong>comparasti,</strong></span> <span class='ocrx_word' id='word_1_770' title='bbox 3695 4301 3809 4355; x_wconf 84' lang='lat' dir='ltr'><strong>sed</strong></span> 
     </span>
    </p>
   </div>
   <div class='ocr_carea' id='block_1_108' title="bbox 2142 4388 3812 4458">
    <p class='ocr_par' dir='ltr' id='par_1_108' title="bbox 2142 4388 3812 4458">
     <span class='ocr_line' id='line_1_109' title="bbox 2142 4388 3812 4458; baseline 0.001 -13"><span class='ocrx_word' id='word_1_771' title='bbox 2142 4406 2261 4446; x_wconf 92' lang='lat' dir='ltr'><strong>non</strong></span> <span class='ocrx_word' id='word_1_772' title='bbox 2296 4390 2518 4445; x_wconf 85' lang='lat' dir='ltr'><strong>iuratus</strong></span> <span class='ocrx_word' id='word_1_773' title='bbox 2558 4407 2620 4446; x_wconf 93' lang='lat' dir='ltr'><strong>es</strong></span> <span class='ocrx_word' id='word_1_774' title='bbox 2653 4391 2952 4447; x_wconf 88' lang='lat' dir='ltr'><strong>veritatem</strong></span> <span class='ocrx_word' id='word_1_775' title='bbox 2979 4409 2992 4458; x_wconf 86' lang='lat'><strong>;</strong></span> <span class='ocrx_word' id='word_1_776' title='bbox 3037 4391 3260 4456; x_wconf 72' lang='lat' dir='ltr'><strong>Judaae,</strong></span> <span class='ocrx_word' id='word_1_777' title='bbox 3290 4388 3611 4446; x_wconf 88' lang='lat' dir='ltr'><strong>resurrexit</strong></span> <span class='ocrx_word' id='word_1_778' title='bbox 3641 4389 3812 4446; x_wconf 84' lang='lat' dir='ltr'><strong>Chri-</strong></span> 
     </span>
    </p>
   </div>
   <div class='ocr_carea' id='block_1_109' title="bbox 2141 4531 3804 4602">
    <p class='ocr_par' dir='ltr' id='par_1_109' title="bbox 2141 4531 3804 4602">
     <span class='ocr_line' id='line_1_110' title="bbox 2141 4531 3804 4602; baseline -0.002 -15"><span class='ocrx_word' id='word_1_779' title='bbox 2141 4532 2458 4588; x_wconf 82' lang='lat' dir='ltr'><strong>ascendisset</strong></span> <span class='ocrx_word' id='word_1_780' title='bbox 2497 4533 2566 4586; x_wconf 88' lang='lat' dir='ltr'><strong>ad</strong></span> <span class='ocrx_word' id='word_1_781' title='bbox 2599 4534 2860 4588; x_wconf 84' lang='lat' dir='ltr'><strong>Patrem.</strong></span> <span class='ocrx_word' id='word_1_782' title='bbox 2903 4533 3064 4586; x_wconf 87' lang='lat' dir='ltr'><strong>Tom.</strong></span> <span class='ocrx_word' id='word_1_783' title='bbox 3094 4532 3166 4585; x_wconf 87' lang='lat' dir='ltr'><strong>Ill</strong></span> <span class='ocrx_word' id='word_1_784' title='bbox 3197 4548 3324 4602; x_wconf 80' lang='lat' dir='ltr'><strong>pag.</strong></span> <span class='ocrx_word' id='word_1_785' title='bbox 3353 4531 3459 4585; x_wconf 88' lang='lat'><strong>590</strong></span> <span class='ocrx_word' id='word_1_786' title='bbox 3507 4531 3645 4586; x_wconf 84' lang='lat' dir='ltr'><strong>edit.</strong></span> <span class='ocrx_word' id='word_1_787' title='bbox 3680 4537 3804 4585; x_wconf 79' lang='lat' dir='ltr'><strong>An-</strong></span> 
     </span>
    </p>
   </div>
   <div class='ocr_carea' id='block_1_110' title="bbox 2143 4609 2330 4673">
    <p class='ocr_par' dir='ltr' id='par_1_110' title="bbox 2143 4609 2330 4673">
     <span class='ocr_line' id='line_1_111' title="bbox 2143 4609 2330 4673; baseline -0.005 -15"><span class='ocrx_word' id='word_1_788' title='bbox 2143 4609 2330 4673; x_wconf 89' lang='lat' dir='ltr'><strong>tuerp.</strong></span> 
     </span>
    </p>
   </div>
   <div class='ocr_carea' id='block_1_111' title="bbox 2213 4675 3388 4745">
    <p class='ocr_par' dir='ltr' id='par_1_111' title="bbox 2213 4675 3388 4745">
     <span class='ocr_line' id='line_1_112' title="bbox 2213 4675 3388 4745; baseline 0.001 -18"><span class='ocrx_word' id='word_1_789' title='bbox 2213 4689 2243 4727; x_wconf 71' lang='lat' dir='ltr'><strong>s</strong></span> <span class='ocrx_word' id='word_1_790' title='bbox 2264 4677 2361 4730; x_wconf 80' lang='lat' dir='ltr'><strong>Ms.</strong></span> <span class='ocrx_word' id='word_1_791' title='bbox 2391 4676 2661 4739; x_wconf 59' lang='lat' dir='ltr'><strong>Camenae,</strong></span> <span class='ocrx_word' id='word_1_792' title='bbox 2693 4675 2921 4745; x_wconf 86' lang='lat' dir='ltr'><strong>obsequi</strong></span> <span class='ocrx_word' id='word_1_793' title='bbox 2941 4678 3173 4745; x_wconf 12' lang='lat' dir='ltr'><strong>tantum,</strong></span> <span class='ocrx_word' id='word_1_794' title='bbox 3200 4690 3388 4729; x_wconf 80' lang='lat' dir='ltr'><strong>carne.</strong></span> 
     </span>
    </p>
   </div>
   <div class='ocr_carea' id='block_1_112' title="bbox 2212 4744 3806 4817">
    <p class='ocr_par' dir='ltr' id='par_1_112' title="bbox 2212 4744 3806 4817">
     <span class='ocr_line' id='line_1_113' title="bbox 2212 4744 3806 4817; baseline 0 -19"><span class='ocrx_word' id='word_1_795' title='bbox 2212 4746 2237 4786; x_wconf 66' lang='grc' dir='ltr'><strong>ιι</strong></span> <span class='ocrx_word' id='word_1_796' title='bbox 2265 4745 2480 4817; x_wconf 84' lang='lat' dir='ltr'><strong>Docent</strong></span> <span class='ocrx_word' id='word_1_797' title='bbox 2508 4762 2638 4799; x_wconf 91' lang='lat' dir='ltr'><strong>cum</strong></span> <span class='ocrx_word' id='word_1_798' title='bbox 2687 4744 3042 4817; x_wconf 62' lang='lat' dir='ltr'><strong>Chrysalogo</strong></span> <span class='ocrx_word' id='word_1_799' title='bbox 3083 4744 3177 4799; x_wconf 88' lang='lat' dir='ltr'><strong>alii</strong></span> <span class='ocrx_word' id='word_1_800' title='bbox 3223 4747 3583 4817; x_wconf 82' lang='lat' dir='ltr'><strong>enarratores</strong></span> <span class='ocrx_word' id='word_1_801' title='bbox 3636 4745 3806 4817; x_wconf 81' lang='lat' dir='ltr'><strong>Chri-</strong></span> 
     </span>
    </p>
   </div>
   <div class='ocr_carea' id='block_1_113' title="bbox 2143 4815 3804 4886">
    <p class='ocr_par' dir='ltr' id='par_1_113' title="bbox 2143 4815 3804 4886">
     <span class='ocr_line' id='line_1_114' title="bbox 2143 4815 3804 4886; baseline 0 -16"><span class='ocrx_word' id='word_1_802' title='bbox 2143 4820 2286 4870; x_wconf 90' lang='lat' dir='ltr'><strong>stum</strong></span> <span class='ocrx_word' id='word_1_803' title='bbox 2319 4816 2427 4870; x_wconf 88' lang='lat' dir='ltr'><strong>illis</strong></span> <span class='ocrx_word' id='word_1_804' title='bbox 2461 4817 2667 4880; x_wconf 88' lang='lat' dir='ltr'><strong>verbis,</strong></span> <span class='ocrx_word' id='word_1_805' title='bbox 2712 4815 2844 4871; x_wconf 70' lang='lat' dir='ltr'><strong>Noli</strong></span> <span class='ocrx_word' id='word_1_806' title='bbox 2869 4833 2954 4872; x_wconf 88' lang='lat' dir='ltr'><strong>me</strong></span> <span class='ocrx_word' id='word_1_807' title='bbox 2980 4815 3238 4886; x_wconf 60' lang='lat' dir='ltr'><strong>tangere,</strong></span> <span class='ocrx_word' id='word_1_808' title='bbox 3274 4815 3526 4870; x_wconf 90' lang='lat' dir='ltr'><strong>innuisse</strong></span> <span class='ocrx_word' id='word_1_809' title='bbox 3561 4816 3804 4872; x_wconf 89' lang='lat' dir='ltr'><strong>mulieri</strong></span> 
     </span>
    </p>
   </div>
   <div class='ocr_carea' id='block_1_114' title="bbox 2145 4886 3804 4969">
    <p class='ocr_par' dir='ltr' id='par_1_114' title="bbox 2145 4886 3804 4969">
     <span class='ocr_line' id='line_1_115' title="bbox 2145 4886 3804 4969; baseline -0.001 -26"><span class='ocrx_word' id='word_1_810' title='bbox 2145 4888 2432 4969; x_wconf 80' lang='lat' dir='ltr'><strong>Christum</strong></span> <span class='ocrx_word' id='word_1_811' title='bbox 2455 4887 2834 4969; x_wconf 71' lang='lat' dir='ltr'><strong>amplectendi</strong></span> <span class='ocrx_word' id='word_1_812' title='bbox 2852 4887 3102 4969; x_wconf 74' lang='lat' dir='ltr'><strong>gratiam</strong></span> <span class='ocrx_word' id='word_1_813' title='bbox 3122 4887 3448 4969; x_wconf 75' lang='lat' dir='ltr'><strong>habituram</strong></span> <span class='ocrx_word' id='word_1_814' title='bbox 3469 4886 3521 4940; x_wconf 89' lang='lat' dir='ltr'><strong>in</strong></span> <span class='ocrx_word' id='word_1_815' title='bbox 3539 4886 3705 4969; x_wconf 67' lang='lat' dir='ltr'><strong>cae-lis</strong></span> <span class='ocrx_word' id='word_1_816' title='bbox 3730 4909 3742 4946; x_wconf 89' lang='lat'>:</span> <span class='ocrx_word' id='word_1_817' title='bbox 3770 4905 3804 4942; x_wconf 88' lang='lat' dir='ltr'><strong>a</strong></span> 
     </span>
    </p>
   </div>
   <div class='ocr_carea' id='block_1_115' title="bbox 2143 4958 3803 5028">
    <p class='ocr_par' dir='ltr' id='par_1_115' title="bbox 2143 4958 3803 5028">
     <span class='ocr_line' id='line_1_116' title="bbox 2143 4958 3803 5028; baseline 0.001 -15"><span class='ocrx_word' id='word_1_818' title='bbox 2143 4959 2311 5013; x_wconf 89' lang='lat' dir='ltr'><strong>rebus</strong></span> <span class='ocrx_word' id='word_1_819' title='bbox 2330 4959 2614 5028; x_wconf 82' lang='lat' dir='ltr'><strong>corporeis</strong></span> <span class='ocrx_word' id='word_1_820' title='bbox 2641 4960 2712 5014; x_wconf 88' lang='lat' dir='ltr'><strong>ad</strong></span> <span class='ocrx_word' id='word_1_821' title='bbox 2740 4958 3063 5028; x_wconf 88' lang='lat' dir='ltr'><strong>spirituales</strong></span> <span class='ocrx_word' id='word_1_822' title='bbox 3081 4963 3333 5013; x_wconf 88' lang='lat' dir='ltr'><strong>mentem</strong></span> <span class='ocrx_word' id='word_1_823' title='bbox 3351 4960 3474 5026; x_wconf 85' lang='lat' dir='ltr'><strong>ejus</strong></span> <span class='ocrx_word' id='word_1_824' title='bbox 3497 4958 3803 5014; x_wconf 82' lang='lat' dir='ltr'><strong>attollens.</strong></span> 
     </span>
    </p>
   </div>
   <div class='ocr_carea' id='block_1_116' title="bbox 2145 5029 3807 5101">
    <p class='ocr_par' dir='ltr' id='par_1_116' title="bbox 2145 5029 3807 5101">
     <span class='ocr_line' id='line_1_117' title="bbox 2145 5029 3807 5101; baseline 0.001 -18"><span class='ocrx_word' id='word_1_825' title='bbox 2145 5030 2202 5083; x_wconf 94' lang='lat' dir='ltr'><strong>S.</strong></span> <span class='ocrx_word' id='word_1_826' title='bbox 2235 5031 2364 5089; x_wconf 89' lang='lat' dir='ltr'><strong>Leo.</strong></span> <span class='ocrx_word' id='word_1_827' title='bbox 2394 5047 2567 5085; x_wconf 89' lang='lat' dir='ltr'><strong>serm.</strong></span> <span class='ocrx_word' id='word_1_828' title='bbox 2603 5032 2660 5084; x_wconf 83' lang='grc'><strong>11</strong></span> <span class='ocrx_word' id='word_1_829' title='bbox 2700 5031 2768 5086; x_wconf 91' lang='lat' dir='ltr'><strong>de</strong></span> <span class='ocrx_word' id='word_1_830' title='bbox 2797 5031 3160 5096; x_wconf 83' lang='lat' dir='ltr'><strong>Ascensione,</strong></span> <span class='ocrx_word' id='word_1_831' title='bbox 3196 5047 3322 5100; x_wconf 84' lang='lat' dir='ltr'><strong>pag.</strong></span> <span class='ocrx_word' id='word_1_832' title='bbox 3356 5030 3423 5083; x_wconf 69' lang='lat'><strong>7&#39;2</strong></span> <span class='ocrx_word' id='word_1_833' title='bbox 3465 5030 3605 5083; x_wconf 90' lang='lat' dir='ltr'><strong>edit.</strong></span> <span class='ocrx_word' id='word_1_834' title='bbox 3653 5029 3807 5101; x_wconf 88' lang='lat' dir='ltr'><strong>Lug-</strong></span> 
     </span>
    </p>
   </div>
   <div class='ocr_carea' id='block_1_117' title="bbox 2143 5101 3806 5172">
    <p class='ocr_par' dir='ltr' id='par_1_117' title="bbox 2143 5101 3806 5172">
     <span class='ocr_line' id='line_1_118' title="bbox 2143 5101 3806 5172; baseline 0 -17"><span class='ocrx_word' id='word_1_835' title='bbox 2143 5102 2300 5160; x_wconf 86' lang='lat' dir='ltr'><strong>dun..</strong></span> <span class='ocrx_word' id='word_1_836' title='bbox 2328 5119 2459 5156; x_wconf 88' lang='lat' dir='ltr'><strong>cura</strong></span> <span class='ocrx_word' id='word_1_837' title='bbox 2517 5101 2814 5172; x_wconf 79' lang='lat' dir='ltr'><strong>Baynaudi</strong></span> <span class='ocrx_word' id='word_1_838' title='bbox 2842 5120 2854 5156; x_wconf 89' lang='lat'>:</span> <span class='ocrx_word' id='word_1_839' title='bbox 2890 5102 3020 5155; x_wconf 83' lang='lat' dir='ltr'><strong>Noli</strong></span> <span class='ocrx_word' id='word_1_840' title='bbox 3065 5119 3142 5155; x_wconf 90' lang='lat' dir='ltr'><strong>me</strong></span> <span class='ocrx_word' id='word_1_841' title='bbox 3167 5109 3415 5170; x_wconf 83' lang='lat' dir='ltr'><strong>tangere.</strong></span> <span class='ocrx_word' id='word_1_842' title='bbox 3461 5101 3606 5154; x_wconf 89' lang='lat' dir='ltr'><strong>Nolo</strong></span> <span class='ocrx_word' id='word_1_843' title='bbox 3637 5107 3700 5154; x_wconf 89' lang='lat' dir='ltr'><strong>ut</strong></span> <span class='ocrx_word' id='word_1_844' title='bbox 3731 5101 3806 5155; x_wconf 84' lang='lat' dir='ltr'><strong>ad</strong></span> 
     </span>
    </p>
   </div>
   <div class='ocr_carea' id='block_1_118' title="bbox 2142 5172 3804 5239">
    <p class='ocr_par' dir='ltr' id='par_1_118' title="bbox 2142 5172 3804 5239">
     <span class='ocr_line' id='line_1_119' title="bbox 2142 5172 3804 5239; baseline 0.001 -12"><span class='ocrx_word' id='word_1_845' title='bbox 2142 5189 2223 5227; x_wconf 85' lang='lat' dir='ltr'><strong>me</strong></span> <span class='ocrx_word' id='word_1_846' title='bbox 2244 5174 2613 5239; x_wconf 80' lang='lat' dir='ltr'><strong>corporaliter</strong></span> <span class='ocrx_word' id='word_1_847' title='bbox 2641 5173 2842 5235; x_wconf 85' lang='lat' dir='ltr'><strong>venias,</strong></span> <span class='ocrx_word' id='word_1_848' title='bbox 2873 5190 2967 5226; x_wconf 87' lang='lat' dir='ltr'><strong>nec</strong></span> <span class='ocrx_word' id='word_1_849' title='bbox 3002 5190 3079 5226; x_wconf 83' lang='lat' dir='ltr'><strong>me</strong></span> <span class='ocrx_word' id='word_1_850' title='bbox 3119 5188 3280 5226; x_wconf 81' lang='lat' dir='ltr'><strong>sensu</strong></span> <span class='ocrx_word' id='word_1_851' title='bbox 3307 5173 3494 5226; x_wconf 86' lang='lat' dir='ltr'><strong>carnis</strong></span> <span class='ocrx_word' id='word_1_852' title='bbox 3523 5172 3804 5239; x_wconf 78' lang='lat' dir='ltr'><strong>aspicias.</strong></span> 
     </span>
    </p>
   </div>
   <div class='ocr_carea' id='block_1_119' title="bbox 2141 5243 3804 5312">
    <p class='ocr_par' dir='ltr' id='par_1_119' title="bbox 2141 5243 3804 5312">
     <span class='ocr_line' id='line_1_120' title="bbox 2141 5243 3804 5312; baseline 0.002 -16"><span class='ocrx_word' id='word_1_853' title='bbox 2141 5244 2211 5296; x_wconf 87' lang='lat' dir='ltr'><strong>ad</strong></span> <span class='ocrx_word' id='word_1_854' title='bbox 2235 5244 2561 5298; x_wconf 77' lang='lat' dir='ltr'><strong>sublimiora</strong></span> <span class='ocrx_word' id='word_1_855' title='bbox 2587 5251 2640 5299; x_wconf 88' lang='lat' dir='ltr'><strong>te</strong></span> <span class='ocrx_word' id='word_1_856' title='bbox 2666 5243 2880 5312; x_wconf 72' lang='lat' dir='ltr'><strong>differo.</strong></span> <span class='ocrx_word' id='word_1_857' title='bbox 2933 5245 3066 5298; x_wconf 87' lang='lat' dir='ltr'><strong>Cum</strong></span> <span class='ocrx_word' id='word_1_858' title='bbox 3096 5243 3165 5296; x_wconf 81' lang='lat' dir='ltr'><strong>ad</strong></span> <span class='ocrx_word' id='word_1_859' title='bbox 3204 5244 3428 5297; x_wconf 83' lang='lat' dir='ltr'><strong>Patrem</strong></span> <span class='ocrx_word' id='word_1_860' title='bbox 3463 5244 3804 5308; x_wconf 74' lang='lat' dir='ltr'><strong>ascendere,</strong></span> 
     </span>
    </p>
   </div>
   <div class='ocr_carea' id='block_1_120' title="bbox 2142 5315 3807 5385">
    <p class='ocr_par' dir='ltr' id='par_1_120' title="bbox 2142 5315 3807 5385">
     <span class='ocr_line' id='line_1_121' title="bbox 2142 5315 3807 5385; baseline -0.001 -16"><span class='ocrx_word' id='word_1_861' title='bbox 2142 5322 2266 5369; x_wconf 86' lang='lat' dir='ltr'><strong>tunc</strong></span> <span class='ocrx_word' id='word_1_862' title='bbox 2298 5332 2377 5369; x_wconf 85' lang='lat' dir='ltr'><strong>me</strong></span> <span class='ocrx_word' id='word_1_863' title='bbox 2396 5315 2688 5384; x_wconf 74' lang='lat' dir='ltr'><strong>perfectius</strong></span> <span class='ocrx_word' id='word_1_864' title='bbox 2719 5317 3012 5385; x_wconf 71' lang='lat' dir='ltr'><strong>veriusque</strong></span> <span class='ocrx_word' id='word_1_865' title='bbox 3041 5315 3319 5384; x_wconf 80' lang='lat' dir='ltr'><strong>palpabis,</strong></span> <span class='ocrx_word' id='word_1_866' title='bbox 3352 5315 3807 5382; x_wconf 79' lang='lat' dir='ltr'><strong>apprehensum</strong></span> 
     </span>
    </p>
   </div>
   <div class='ocr_carea' id='block_1_121' title="bbox 2140 5384 3429 5457">
    <p class='ocr_par' dir='ltr' id='par_1_121' title="bbox 2140 5384 3429 5457">
     <span class='ocr_line' id='line_1_122' title="bbox 2140 5384 3429 5457; baseline -0.002 -17"><span class='ocrx_word' id='word_1_867' title='bbox 2140 5386 2278 5457; x_wconf 82' lang='lat' dir='ltr'><strong>quod</strong></span> <span class='ocrx_word' id='word_1_868' title='bbox 2306 5388 2502 5457; x_wconf 83' lang='lat' dir='ltr'><strong>tangis,</strong></span> <span class='ocrx_word' id='word_1_869' title='bbox 2533 5394 2583 5439; x_wconf 85' lang='lat' dir='ltr'><strong>ct</strong></span> <span class='ocrx_word' id='word_1_870' title='bbox 2614 5384 2895 5440; x_wconf 74' lang='lat' dir='ltr'><strong>creditura</strong></span> <span class='ocrx_word' id='word_1_871' title='bbox 2921 5384 3059 5456; x_wconf 84' lang='lat' dir='ltr'><strong>quod</strong></span> <span class='ocrx_word' id='word_1_872' title='bbox 3090 5403 3194 5439; x_wconf 84' lang='lat' dir='ltr'><strong>non</strong></span> <span class='ocrx_word' id='word_1_873' title='bbox 3227 5386 3429 5440; x_wconf 78' lang='lat' dir='ltr'><strong>cernis.</strong></span> 
     </span>
    </p>
   </div>
   <div class='ocr_carea' id='block_1_122' title="bbox 2213 5456 3803 5519">
    <p class='ocr_par' dir='ltr' id='par_1_122' title="bbox 2213 5456 3803 5519">
     <span class='ocr_line' id='line_1_123' title="bbox 2213 5456 3803 5519; baseline 0.001 -8"><span class='ocrx_word' id='word_1_874' title='bbox 2213 5456 2233 5497; x_wconf 72' lang='grc' dir='ltr'><strong><em>ί</em></strong></span> <span class='ocrx_word' id='word_1_875' title='bbox 2258 5456 2412 5511; x_wconf 85' lang='lat' dir='ltr'><strong>Alias</strong></span> <span class='ocrx_word' id='word_1_876' title='bbox 2446 5457 2500 5510; x_wconf 91' lang='lat' dir='ltr'><strong>in</strong></span> <span class='ocrx_word' id='word_1_877' title='bbox 2525 5475 2632 5511; x_wconf 89' lang='lat' dir='ltr'><strong>ms.</strong></span> <span class='ocrx_word' id='word_1_878' title='bbox 2676 5457 2869 5510; x_wconf 88' lang='lat' dir='ltr'><strong>Bonon</strong></span> <span class='ocrx_word' id='word_1_879' title='bbox 2897 5473 2908 5510; x_wconf 91' lang='lat'><em>:</em></span> <span class='ocrx_word' id='word_1_880' title='bbox 2957 5457 3054 5512; x_wconf 85' lang='lat' dir='ltr'><strong>Sic</strong></span> <span class='ocrx_word' id='word_1_881' title='bbox 3081 5457 3275 5511; x_wconf 68' lang='lat' dir='ltr'><strong>beatus</strong></span> <span class='ocrx_word' id='word_1_882' title='bbox 3315 5460 3533 5519; x_wconf 71' lang='lat' dir='ltr'><strong>Petrus,</strong></span> <span class='ocrx_word' id='word_1_883' title='bbox 3579 5457 3658 5510; x_wconf 78' lang='lat' dir='ltr'><strong>sic</strong></span> <span class='ocrx_word' id='word_1_884' title='bbox 3691 5457 3803 5513; x_wconf 76' lang='lat' dir='ltr'><strong>Dei</strong></span> 
     </span>
    </p>
   </div>
   <div class='ocr_carea' id='block_1_123' title="bbox 2143 5527 3154 5598">
    <p class='ocr_par' dir='ltr' id='par_1_123' title="bbox 2143 5527 3154 5598">
     <span class='ocr_line' id='line_1_124' title="bbox 2143 5527 3154 5598; baseline 0.001 -17"><span class='ocrx_word' id='word_1_885' title='bbox 2143 5527 2352 5583; x_wconf 82' lang='lat' dir='ltr'><strong>Filium</strong></span> <span class='ocrx_word' id='word_1_886' title='bbox 2383 5531 2541 5583; x_wconf 83' lang='lat' dir='ltr'><strong>Patre</strong></span> <span class='ocrx_word' id='word_1_887' title='bbox 2570 5528 2836 5584; x_wconf 86' lang='lat' dir='ltr'><strong>revelante</strong></span> <span class='ocrx_word' id='word_1_888' title='bbox 2865 5529 3154 5598; x_wconf 84' lang='lat' dir='ltr'><strong>cognoscit.</strong></span> 
     </span>
    </p>
   </div>
   <div class='ocr_carea' id='block_1_124' title="bbox 2221 5599 2919 5664">
    <p class='ocr_par' dir='ltr' id='par_1_124' title="bbox 2221 5599 2919 5664">
     <span class='ocr_line' id='line_1_125' title="bbox 2221 5599 2919 5664; baseline -0.003 -9"><span class='ocrx_word' id='word_1_889' title='bbox 2221 5600 2333 5655; x_wconf 80' lang='lat' dir='ltr'><strong>iEx</strong></span> <span class='ocrx_word' id='word_1_890' title='bbox 2360 5600 2493 5658; x_wconf 85' lang='lat' dir='ltr'><strong>eod.</strong></span> <span class='ocrx_word' id='word_1_891' title='bbox 2528 5600 2677 5664; x_wconf 89' lang='lat' dir='ltr'><strong>cod.,</strong></span> <span class='ocrx_word' id='word_1_892' title='bbox 2707 5599 2919 5655; x_wconf 89' lang='lat' dir='ltr'><strong>mundo.</strong></span> 
     </span>
    </p>
   </div>
  </div>
