3958 6182
163 269 283 332 £33

1591 272 1836 335 SERMO
1876 270 2176 337 LXXXIII.

3469 283 3586 344 434

156 399 287 472 Ipso
300 402 498 458 crucis
525 407 782 476 tempore
811 416 838 448 ι
869 405 1084 461 mensis
1109 406 1341 463 deditos
1367 406 1662 464 inhiantes
1688 420 1829 477 epu-
1862 406 1909 466 A
1945 406 2442 466 solumlateribus
2455 403 2784 474 eorum,sed
2801 403 3587 469 etcordibusdolorislancea

158 488 247 554 lis,
283 491 578 547 conviviis
598 495 1277 565 occupatos,Dominicre
1294 496 1596 569 passionis
1611 494 1826 550 oblitos

160 581 381 636 Recum
391 582 675 639 bentibus.
695 582 1036 656 inquit,illis
1045 586 1621 658 undecim,apparuit
1635 582 1826 639 Domi-

159 685 268 724 nus
284 669 502 739 (Marc.
532 675 677 743 xvr).
703 675 1330 740 Recumbentibus,ubi
1351 676 1460 731 9ad
1483 674 1824 747 sepulcrum

1938 497 2061 551 tota
2087 495 2378 566 ﬁgebatur
2393 519 2410 569 ;
2435 502 2574 554 tunc
2595 497 2841 554 tristitiae
2855 495 3037 551 clavis
3063 495 3258 550 aﬂixae
3271 511 3480 552 manus
3493 514 3587 554 eo-

1935 599 2091 649 rum,
2125 585 2431 659 pedesque
2457 587 3004 650 tenebantur;tunc
3029 583 3140 639 illis
3166 591 3412 647 acetum,
3446 590 3585 641 tunc

1934 671 2009 727 fel
2023 675 2361 732 amaritudo
2374 676 2624 732 Judaica
2637 673 2996 746 propinabat
3017 689 3030 740 ;
3047 679 3188 728 tunc
3201 673 3313 728 illis
3333 673 3421 729 sol
3433 673 3588 730 occi-

159 758 414 822 Domini,
447 776 578 816 mox
595 761 673 816 ad
705 777 970 818 mensam
991 764 1186 820 servi?
1232 765 1367 821 Haec
1400 768 1490 820 est
1513 777 1823 819 servorum
1933 761 2038 828 dit,
2071 763 2196 818 dies
2223 763 2370 834 fugit
2395 770 2563 831 ;tunc
2594 763 2829 820 illorum
2848 774 3077 818 mentes
3103 762 3450 833 animasque
3465 778 3584 819 nox

154 847 309 902 ﬁdes
328 845 357 900 7
383 849 516 904 haec
533 850 966 922 discipulorum
985 852 1243 909 charitas
1262 854 1291 910 7
1317 854 1413 909 hic
1433 853 1578 910 Petri
1602 851 1782 910 ardor
1795 849 1824 905 ?
1932 851 2408 923 profundissima
2421 853 2795 926 possidebat;
2815 857 2951 907 tunc
2965 851 3095 907 illos
3105 852 3164 906 in
3177 851 3439 924 perﬁdiae
3454 867 3584 907 sco-

153 937 284 993 hasc
317 944 412 993 est
447 941 696 996 Joannis
727 941 800 1000 de
851 941 983 1013 ipso
1006 942 1212 1000 Christi
1241 948 1476 1016 pectore
1526 939 1821 1013 assumpti

153 1027 392 1084 dilectio
416 1027 445 1081 ?
465 1028 594 1086 haec
614 1033 704 1086 est
718 1034 880 1088 tanto
896 1034 1014 1088 tem
1023 1047 1186 1104 pore,
1202 1033 1374 1104 tantis
1385 1032 1580 1097 donis,
1597 1029 1817 1100 virtuti-

149 1114 266 1170 bus
303 1117 510 1188 tantis,
548 1117 778 1185 aﬁ‘ectio
810 1120 1158 1190 conquisita,
1203 1119 1318 1175 utb
1346 1121 1546 1192 inipso
1570 1119 1819 1176 articulo

147 1206 480 1276 passionis,
501 1207 724 1262 calente
740 1207 932 1263 adhuc
945 1210 1370 1273 morte,recenti
1385 1208 1814 1273 adhucfunere,

148 1294 594 1350 exsultantibus
610 1295 888 1362 inimicis,
906 1297 1224 1353 insultante
1248 1297 1453 1354 Judtea
1470 1303 1610 1362 tota,
1645 1297 1818 1352 disci-

146 1381 263 1454 puli
290 1396 316 1424 ε
349 1389 480 1439 toto
503 1385 612 1439 tori
639 1385 821 1453 cultu,
855 1391 1089 1457 totaque
1129 1386 1620 1442 discumbentium
1645 1386 1817 1442 volu-

148 1478 305 1544 ptate
338 1474 749 1545 pranderent?
779 1474 806 1515 ά
839 1476 1021 1547 Moysi
1046 1483 1281 1532 mortuo
1309 1477 1593 1532 assistunt
1617 1476 1814 1547 angeli

147 1563 337 1626 (Iuda:
369 1563 449 1635 9),
475 1563 596 1632 agit
626 1564 880 1634 sepulcri
911 1581 1115 1620 curam
1161 1567 1315 1620 Deus
1359 1567 1488 1638 ipse
1517 1582 1529 1622 :
1566 1567 1815 1622 Judaica

148 1658 348 1707 castra
362 1652 1218 1718 sistuntur,dissimulaturiter,
1238 1655 1476 1710 horrida
1513 1656 1683 1710 eremi
1699 1659 1814 1711 sta-

1929 939 2124 1011 pulos,
2150 941 2209 996 in
2232 942 2613 1012 naufragium
2629 941 2764 996 fidei
2779 939 3212 1009 cogitationum
3225 939 3469 995 tentatio
3483 957 3581 995 saa-

1929 1028 2175 1085 vissima
2200 1029 2544 1096 collidebat;
2578 1035 2718 1085 tunc
2746 1028 3102 1100 desperatio,
3127 1043 3264 1101 quas
3311 1034 3402 1084 est
3429 1029 3580 1085 inter

1928 1119 2133 1174 omnia
2160 1119 2319 1176 mala
2349 1121 2536 1191 pejor,
2567 1120 2690 1175 etin
2705 1117 3580 1190 adversisvenitsemperextre-

1929 1221 2046 1271 ma,
2081 1207 2337 1263 funereis
2367 1207 2499 1264 illos
2531 1207 2831 1264 sternebat
2867 1205 3174 1278 sepulcris.
3210 1206 3394 1274 Unde,
3428 1206 3578 1264 sicut

1925 1295 2209 1363 diximus,
2243 1313 2364 1353 non
2383 1298 2850 1365 discumbentes,
2872 1311 2996 1352 non
3017 1295 3330 1368 epulantes
3343 1311 3446 1351 eos
3469 1299 3577 1352 Do-

1923 1383 2146 1449 minus,
2182 1386 2286 1440 sed
2313 1386 2580 1456 iacentes
2604 1385 2848 1454 invenit,
2880 1384 2982 1440 sed
3022 1383 3323 1454 sepultos:
3357 1387 3414 1439 et
3440 1382 3577 1441 ideo

1923 1473 2242 1543 exprobrat
2261 1474 2733 1531 incredulitatem
2747 1490 2967 1538 eorum,
2983 1472 3126 1546 quia
3140 1477 3372 1528 tantum
3391 1472 3574 1528 credi-

1921 1561 2132 1618 derant
2144 1562 2569 1635 desperationi,
2585 1569 2647 1619 ut
2671 1562 3085 1618 resurrectioni
3103 1562 3401 1634 praedictae
3414 1578 3450 1617 a
3466 1565 3572 1618 Do-

1921 1651 2086 1707 mino
2116 1651 2200 1707 nil
2215 1652 2541 1717 crederent,
2557 1652 2586 1694 ιι
2606 1669 2640 1707 a
2663 1653 2847 1708 servis
2870 1667 2992 1708 non
3013 1652 3321 1708 crederent
3343 1651 3576 1706 nuntia-

147 1740 222 1795 tio
249 1741 533 1806 duratur,
560 1740 838 1796 indicitur
867 1743 1106 1813 triginta
1135 1743 1367 1798 dierum
1400 1745 1695 1814 planctus,
1756 1749 1813 1800 et
1843 1766 1891 1824 Β
1921 1744 1994 1795 tm
2020 1758 2032 1805 ;
2066 1746 2246 1813 atque
2275 1743 2332 1796 in
2353 1741 2572 1798 senihil
2600 1741 2740 1797 ﬁdei
2753 1739 3573 1812 relinquerentetsalutis,sed

148 1829 328 1899 longo
363 1829 805 1885 lamentationis
821 1829 1111 1901 obsequio
1129 1833 1333 1886 servile
1351 1831 1530 1886 funus
1552 1833 1812 1888 honora-

149 1927 238 1972 tur
261 1920 467 1988 (Deut.
498 1918 808 1989 xxxrv);et
836 1919 1098 1975 Christus
1130 1936 1306 1974 verus
1337 1937 1495 1975 unus
1525 1921 1812 1977 Dominus

149 2012 377 2062 creator
403 2006 984 2076 rerum,redemptor
1004 2009 1434 2079 omnium,post
1451 2009 1612 2064 illam
1635 2009 1812 2078 tragi-

149 2111 276 2150 cam
302 2095 672 2166 passionem,
697 2101 827 2166 post
846 2102 1120 2164 mortem,
1148 2103 1204 2152 et
1226 2102 1464 2153 mortem
1484 2099 1811 2162 crucis,tri-

151 2183 302 2238 duan
313 2201 384 2238 us
402 2199 440 2239 a
453 2183 766 2256 discipulis
781 2184 1070 2256 lacrymas
1084 2202 1196 2241 non
1213 2186 1688 2244 meretur?'Ferra
1703 2193 1812 2242 tre-

153 2275 267 2336 mit,
296 2273 868 2338 turbaturtartarus,
897 2273 1244 2330 scinduntur
1266 2282 1811 2341 saxa,monumenta

152 2361 469 2426 dissiliunt,
505 2361 594 2416 sol
621 2361 789 2431 fugit,
825 2362 949 2418 dies
973 2363 1277 2434 sepelitur,
1305 2365 1361 2419 tit
1389 2379 1510 2419 nox
1540 2370 1738 2431 totum,
1756 2371 1810 2421 et

157 2450 253 2505 soli
283 2450 571 2522 discipuli
602 2451 724 2506 alto
745 2463 771 2491 ο
793 2452 1062 2521 sigmate,
1105 2452 1288 2508 choro
1333 2469 1475 2516 uno,
1510 2457 1631 2510 toto
1662 2455 1804 2521 otio,

155 2539 366 2594 deliciis
395 2540 593 2595 securi
622 2541 962 2612 epulantur;
982 2542 1181 2605 ethoc,
1198 2540 1422 2608 fratres,
1438 2557 1715 2598 reversus
1729 2544 1808 2599 ab

157 2627 391 2682 infernis
422 2629 552 2700 ipse
582 2630 666 2684 sic
697 2629 984 2699 magister
1011 2631 1235 2684 invenit
1268 2647 1280 2684 :
1333 2633 1808 2688 Recumbentibus

158 2731 270 2786 ergo
288 2718 418 2772 illis
445 2716 733 2786 undecim,
753 2718 1028 2787 apparuit
1055 2717 1330 2774 Dominus
1361 2723 1411 2775 et
1429 2721 1809 2788 exprobravit

158 2806 625 2861 incredulitatem
639 2821 856 2870 eorum,
872 2812 924 2862 et
935 2806 1213 2863 duritiam
1227 2807 1433 2873 cordis,
1450 2809 1592 2878 quia
1608 2808 1700 2864 his
1711 2811 1811 2880 qui

157 2893 399 2949 siderant
432 2910 563 2950 eum
587 2897 1100 2951 resurrecissenon
1117 2896 1527 2952 crediderant?
1557 2897 1643 2951 Ad
1656 2898 1804 2965 haec,

156 2982 300 3038 Petre
325 2983 547 3048 fidelis,
582 2984 744 3038 Petre
772 2984 1174 3050 devotissime,
1199 2985 1346 3056 quid
1377 2985 1649 3040 dicemus
1670 2988 1697 3040 ‘I
1715 2988 1809 3044 Re-

156 3072 547 3129 cumbentibus
566 3072 708 3128 illis.
738 3073 1034 3144 Numquid
1062 3073 1490 3141 prandentibus
1508 3075 1537 3128 τ
1559 3077 1803 3141 Fratres,

1922 1830 2142 1886 saeculo
2180 1831 2410 1899 mortui,
2439 1830 2653 1901 sepulti
2671 1829 2911 1893 mundo,
2930 1845 3115 1884 unam
3130 1829 3367 1884 domum
3388 1829 3569 1895 illam,

1921 1936 2109 1976 unum
2136 1920 2247 1978 sibi
2280 1937 2409 1977 esse
2439 1935 2649 1977 omnes
2683 1919 2991 1975 crederent
3034 1920 3155 1988 jam
3202 1917 3567 1988 sepulcrum.

1920 2009 2062 2065 Hinc
2077 2010 2342 2082 estquod
2365 2025 2468 2065 eos
2492 2009 2779 2065 Dominus
2789 2009 3000 2063 videns
3017 2007 3310 2063 exemisse
3328 2024 3390 2063 se
3408 2022 3571 2063 mun-

1919 2097 2018 2164 do,
2047 2099 2122 2154 ad
2154 2099 2454 2154 mundum
2480 2101 2738 2162 revocat,
2776 2096 3021 2153 remittit
3054 2096 3115 2151 in
3143 2096 3452 2162 mund'um,
3482 2097 3569 2153 di-

1919 2201 2058 2242 cens
2084 2210 2094 2240 :
2119 2189 2207 2244 Ite
2233 2188 2296 2243 in
2313 2189 2600 2244 mundum
2614 2186 3569 2258 universum,praedicateEvange~

1919 2276 2065 2333 lium
2098 2279 2386 2334 universa
2416 2281 2719 2334 creatura.
2740 2277 2942 2332 Venite
2967 2276 3026 2331 in
3058 2273 3569 2347 mundum,utqui

1915 2366 2138 2436 putatis
2161 2382 2267 2421 vos
2298 2367 2357 2422 in
2391 2380 2732 2422 unoomnes
2756 2364 3059 2420 domicilio
3069 2364 3187 2434 jam
3201 2364 3417 2434 jacere,
3439 2364 3570 2419 sub-

1916 2456 2108 2526 iacere
2139 2456 2310 2511 vobis
2341 2471 2579 2510 omnem
2610 2453 2900 2510 mundum
2913 2458 3154 2524 repente
3172 2452 3440 2508 videatis.
3471 2454 3572 2510 Ve-

1916 2545 2037 2600 nite
2048 2545 2108 2600 in
2121 2545 2393 2600 mundum
2407 2542 3052 2613 universumprwdicate
3061 2542 3434 2612 Evangelium
3447 2543 3572 2598 uni-

1916 2649 2099 2688 versae
2124 2639 2431 2688 creaturae.
2465 2635 2584 2688 Hoc
2614 2632 2926 2693 estdicere,
2950 2632 3136 2683 estote
3163 2644 3270 2684 vos
3293 2646 3428 2700 spes
3441 2645 3568 2686 om-

1914 2721 2113 2786 nibus,
2129 2721 2233 2791 qui
2255 2720 2428 2776 vobis
2444 2719 2589 2791 ipsis
2612 2717 3049 2790 desperationis
3063 2731 3250 2773 causa
3265 2716 3459 2772 fuistis
3478 2734 3492 2784 ;
3511 2722 3568 2776 et

1915 2807 2297 2865 incredulitas
2318 2812 2514 2864 vestra
2543 2810 2770 2879 quanta
2790 2806 2864 2862 sit
2882 2809 3023 2860 tunc
3034 2804 3303 2876 probate,
3332 2821 3468 2860 cum
3482 2806 3564 2860 vi-

1915 2887 2116 2953 deritis
2139 2896 2366 2952 auditui
2397 2899 2594 2950 vestro
2609 2893 2896 2949 mundum
2917 2891 3176 2957 credere,
3206 2892 3564 2963 qui'credere

1913 2990 2109 3042 vestro
2123 2985 2279 3041 visui
2297 2999 2418 3040 non
2437 2983 2713 3055 potuistis
2730 2998 2746 3047 ;
2765 2985 2822 3037 et
2850 2980 3050 3037 cordis
3059 2981 3238 3036 vestri
3255 2984 3476 3051 quanta
3491 2981 3566 3038 sit

1914 3075 2135 3131 duritia
2154 3080 2294 3130 tunc
2317 3073 2543 3138 scitote,
2558 3087 2693 3127 cum
2707 3070 3027 3134 senseritis,
3051 3083 3175 3126 non
3189 3069 3317 3125 viso
3340 3084 3455 3136 me,
3475 3085 3566 3126 or-

155 3159 251 3215 hoc
281 3160 304 3201 τ
323 3175 451 3215 non
485 3160 1024 3227 eratdiscumbere,
1051 3161 1154 3217 sed
1164 3163 1393 3234 jacere;
1425 3179 1530 3219 nec
1550 3164 1806 3221 convivii
1838 3129 1883 3190 ο
1912 3164 1988 3220 be
2013 3168 2137 3220 toto
2152 3168 2354 3233 gentes
2380 3160 2778 3218 ferocissimas
2792 3175 2889 3215 me
2902 3159 3286 3230 fateri,quem
3306 3158 3567 3231 positum

155 3254 266 3304 erat
295 3249 517 3304 chorus
537 3248 653 3312 ille,
677 3249 900 3304 doloris
932 3254 1058 3305 erat
1086 3250 1181 3305 ille
1206 3257 1536 3307 conventus
1559 3269 1569 3317 ;
1592 3253 1670 3309 ibi
1703 3271 1806 3326 pa-

155 3339 234 3392 nis
263 3353 387 3393 non
405 3343 534 3393 erat
547 3338 772 3407 gaudii,
795 3338 891 3393 sed
907 3340 1171 3395 maeroris
1194 3340 1506 3406 ;ibicrucis
1524 3342 1804 3406 felle,non

156 3426 255 3481 vini
289 3426 612 3482 dulcedine
644 3426 856 3497 pocula
878 3427 1302 3483 miscebantur.
1342 3431 1555 3495 Erant,
1589 3432 1799 3503 inquit,

156 3516 334 3571 clausi
357 3522 608 3585 propter
635 3524 839 3572 metum
863 3517 1395 3588 Judworumann.
1419 3520 1542 3590 xx).
1565 3531 1596 3575 ε
1617 3520 1804 3576 δὶωευ

155 3608 396 3671 tuentes,
432 3605 482 3659 si
512 3604 723 3670 clausi,
749 3612 903 3660 certe
926 3621 1045 3660 non
1082 3607 1444 3677 prandentes
1473 3625 1484 3672 ;
1521 3609 1653 3663 etsi
1682 3624 1802 3665 non

153 3694 534 3763 prandentes,
562 3708 677 3748 non
704 3698 829 3749 erat
857 3693 1074 3750 domus
1102 3694 1220 3758 illa,
1252 3695 1356 3750 sed
1397 3710 1630 3762 carcer;
1654 3696 1802 3752 illud

151 3784 320 3852 sigma
351 3798 478 3839 non
504 3787 648 3847 erat,
679 3783 782 3838 sed
811 3784 1143 3855 sepulcrum
1172 3801 1184 3838 :
1219 3790 1358 3840 tunc
1382 3790 1501 3841 tota
1532 3786 1608 3841 ad
1627 3787 1801 3842 disci-

152 3873 302 3940 pulos
319 3887 508 3944 pmna
541 3872 861 3928 Dominicis
895 3873 1202 3929 transierat
1225 3874 1547 3944 passionis;
1592 3880 1647 3930 et
1677 3891 1798 3932 non

211 4004 236 4033 ⁸
264 3996 369 4050 Ms.
405 3998 671 4063 Caesenae,
694 3996 886 4050 mensis
916 3996 1170 4051 detentos.

219 4067 318 4121 bld
349 4067 459 4121 fuit
497 4067 623 4136 ipsa
650 4066 740 4122 die
772 4067 1082 4133 Dominicae
1117 4069 1567 4137 resurrectionis,
1606 4073 1668 4124 ut
1703 4070 1798 4125 ha-

147 4139 266 4192 bent
285 4139 627 4209 Euthymius
651 4145 707 4192 et
725 4139 1201 4209 Theophylactus.
1229 4141 1386 4193 Mm.
1405 4172 1473 4180 —-
1497 4141 1800 4196 Verosimi-

147 4210 189 4262 le
227 4217 309 4264 est
354 4211 506 4263 hanc
544 4211 809 4266 eamdem
846 4210 1378 4282 manifestationem
1433 4228 1573 4273 esse,
1625 4229 1799 4282 quam

147 4282 379 4336 Joannes
407 4285 849 4345 commemorat,
874 4280 1005 4335 licet
1031 4281 1278 4335 Thomas
1297 4283 1540 4351 abesset,
1573 4280 1670 4339 sed
1690 4284 1801 4337 col-

147 4352 343 4422 legium
374 4351 759 4422 apostolicum
792 4369 856 4406 eo
897 4369 1136 4406 numero
1169 4355 1489 4408 constabat.
1548 4353 1637 4408 Sic
1668 4360 1801 4410 ante

147 4440 327 4477 casum
360 4424 525 4478 Judae
580 4423 880 4494 collegium
934 4424 1234 4478 duodecim
1286 4425 1610 4480 vocabatur.
1663 4427 1801 4481 Vide

149 4495 542 4549 Duhamelium
574 4495 680 4558 hic,
716 4500 772 4549 et
815 4495 1229 4548 Maldonatum.

210 4580 231 4607 ε
259 4567 389 4620 Tori
430 4566 488 4618 in
537 4565 740 4636 quibus
784 4567 1184 4620 sternebantur
1237 4582 1451 4620 mensae
1482 4570 1599 4622 toto
1646 4567 1800 4622 cultu

151 4640 498 4691 ornabantur
532 4653 541 4690 :
578 4654 688 4706 qua
721 4639 788 4690 de
820 4654 879 4690 re
911 4637 1038 4691 vide
1063 4637 1176 4692 late
1208 4637 1582 4692 disserentem
1613 4638 1803 4693 Philo-

150 4724 266 4762 nem
297 4709 369 4763 de
399 4708 522 4762 Vita
553 4708 1030 4777 Contemplativa,
1059 4713 1114 4763 et
1166 4712 1437 4763 Senecam
1481 4711 1548 4764 de
1594 4710 1800 4767 Brevit.

152 4780 288 4842 vitae,
315 4797 442 4848 cap.
481 4782 571 4833 12.
621 4779 1003 4850 Chrysologus
1046 4785 1239 4834 autem
1273 4780 1517 4835 fortasse
1561 4781 1803 4838 credidit

152 4851 447 4922 discipulos
481 4852 682 4904 eodem
717 4867 848 4904 usos
882 4852 1054 4906 fuisse
1087 4851 1377 4905 caenaculo
1403 4869 1516 4920 quo
1547 4853 1802 4908 Christus

151 4921 198 4994 in
233 4921 440 4976 ultima
483 4938 666 4994 creua.
720 4922 855 4994 Erat
893 4922 1046 4976 enim
1091 4923 1216 4994 jam
1271 4927 1539 4976 stratum.
1592 4924 1804 4978 Tuetur

152 4992 285 5046 hanc
321 4992 669 5048 sententiam
704 4993 951 5046 Grotius.

213 5064 236 5102 ά
268 5065 402 5118 Vide
421 5063 882 5118 dissertationem
904 5063 1273 5118 eruditissimi
1294 5064 1538 5120 Calmeti
1562 5066 1630 5118 de
1645 5065 1802 5119 obitu

154 5137 196 5184 et
226 5135 516 5205 sepultura
537 5135 782 5208 Moysis,
801 5136 871 5188 ad
897 5136 1204 5208 Epistulam
1237 5136 1421 5199 Judre,
1447 5135 1802 5189 Dissertatio-

156 5219 277 5258 num
310 5212 449 5260 tom.
488 5209 526 5261 Il
549 5206 704 5277 pag.‘
729 5207 851 5268 304,
885 5207 1026 5260 edit.
1069 5206 1276 5263 Lucen.

163 5345 190 5397 ﬂ
217 5288 238 5315 ε
269 5279 343 5331 De
374 5275 642 5348 sigmate,
663 5277 803 5332 alias
836 5279 1199 5332 observatum
1232 5281 1313 5331 est
1349 5293 1608 5331 mensam
1633 5275 1805 5348 signi-

196 5363 334 5397 care.

196 5363 334 5402 care.

224 5417 257 5490 i7
273 5419 466 5474 Merito
485 5419 654 5489 plane
676 5435 733 5474 se
751 5423 1025 5478 retractat
1046 5419 1450 5490 Chrysologus.
1471 5421 1613 5473 Nam
1639 5418 1802 5473 disci-

166 5487 264 5554 puli
292 5487 673 5554 recumlientes,
703 5491 759 5544 id
781 5497 866 5546 est
896 5493 1124 5546 sedentes
1152 5487 1266 5546 una
1289 5489 1456 5543 simul
1482 5495 1663 5553 erant,
1692 5506 1802 5543 non

168 5568 458 5625 caenantes,
488 5577 617 5616 cum
653 5565 733 5616 eis
757 5562 1022 5630 Christus
1054 5561 1339 5632 apparuit,
1370 5561 1498 5614 licet
1522 5561 1635 5632 hoc
1664 5565 1807 5616 tem-

173 5644 292 5699 pore
309 5648 484 5690 cinna:
496 5632 844 5707 contigisset,
861 5631 990 5689 cum
1006 5631 1271 5705 paratum
1291 5631 1806 5704 habebantcibum,

1913 3253 2121 3310 vestris
2148 3255 2207 3308 in
2238 3252 2426 3308 oculis
2447 3267 2558 3307 vos
2588 3247 2868 3318 negastis.
2902 3247 3186 3304 Videbitis
3215 3248 3276 3304 in
3307 3253 3461 3304 terra
3481 3247 3569 3304 di-

1912 3342 2096 3409 visos,
2111 3342 2350 3398 clausos
2368 3339 2594 3404 insulis,
2613 3337 2940 3410 pendentes
2953 3336 3226 3408 rupibus,
3251 3336 3568 3393 solitudine

1910 3431 2222 3497 remotos,i
2247 3445 2558 3502 magorum
2590 3427 2864 3492 sciolos,i
2898 3429 3227 3484 Graecorum
3260 3424 3564 3497 querulos,

1909 3521 1930 3552 '
1949 3525 2359 3577 Romanorum
2386 3519 2606 3591 peritos
2624 3517 2805 3572 ﬁdem
2818 3515 2938 3571 ﬁde
2949 3514 3075 3570 sola
3096 3529 3567 3586 quaerere,quam

1911 3608 2582 3680 manu,digito,sulcatis
2598 3607 2745 3662 meis
2757 3603 3108 3660 vulneribus
3120 3618 3227 3658 vos
3246 3601 3563 3674 qumsistis.

1913 3698 2025 3755 Sed
2043 3697 2184 3769 quia
2214 3713 2360 3752 meae
2374 3696 2696 3764 Passionis,
2725 3709 2874 3750 meae
2901 3693 3128 3757 mortis,
3145 3707 3294 3748 mem
3308 3706 3568 3748 resurre-

1909 3786 2120 3843 ctionis
2150 3801 2255 3840 vos
2272 3786 2441 3841 mitto
2468 3789 2666 3848 testes,
2699 3783 2873 3839 altius
2900 3799 3005 3838 vos
3026 3781 3141 3838 ista
3164 3785 3566 3853 perscrutatos

1910 3891 2036 3931 esse
2049 3872 2687 3939 concedo,dummodol
2718 3872 3228 3928 cunctatiovestra
3256 3870 3450 3926 ﬂateis
3470 3859 3567 3941 qui

1908 3999 2069 4074 cujus
2101 3995 2754 4074 co_mestione_[_)o_minus
2788 3993 3091 4074 veritatem
3113 3990 3567 4074 resurrectionis

1909 4062 2027 4140 suae
2056 4069 2297 4140 probare
2331 4063 2524 4140 voluit,
2557 4065 2823 4140 inquiunt
2854 4064 3157 4140 Brugensis
3187 4065 3242 4116 et
3262 4062 3568 4140 _Maldona—

1909 4133 2000 4198 tus
2024 4133 2160 4205 {vel
2184 4140 2355 4210 juxta
2384 4138 2524 4191 alios
2555 4137 2612 4210 in
2640 4133 2752 4210 line
2773 4133 2985 4210 ciente,
3004 4134 3090 4188 eis
3109 4149 3233 4210 non.
3257 4137 3394 4210 tam
3413 4147 3565 4210 corn-

1911 4201 2207 4268 edentibus
2246 4225 2420 4279 quam
2470 4205 2973 4270 confabulantibus
3022 4221 3151 4258 cum
3202 4203 3421 4257 duobus
3451 4201 3565 4270 illis

1911 4285 2004 4355 qui
2039 4283 2380 4355 Emmaunte
2405 4279 2714 4355 redierant.

1977 4367 2008 4408 8
2033 4356 2242 4408 Tuetur
2272 4353 2362 4407 hic
2391 4350 2784 4422 Chrysologus
2811 4345 3155 4422 sententiam
3173 4345 3564 4422 _opinan_tium

1909 4426 2057 4479 hanc
2087 4423 2355 4479 eamdem
2399 4418 2572 4477 fuisse
2597 4418 3127 4475 manifestatibnem
3155 4419 3227 4472 de
3256 4433 3368 4487 qua
3393 4418 3562 4472 Joan-

1831 4497 1876 4553 D
1909 4513 2030 4552 nes.
2066 4497 2204 4550 Vide
2231 4511 2403 4564 supra
2437 4510 2594 4547 num.
2624 4495 2677 4546 2.

1979 4569 2005 4608 ιι
2033 4558 2388 4636 Augustinus
2405 4565 2578 4620 etiam
2603 4564 2709 4636 lib.
2733 4577 2790 4617 ιιι
2813 4562 2881 4614 de
2896 4561 3173 4636 gonsens.
3199 4558 3558 4636 Euthymius,

1909 4631 2240 4708 Brugen'sis,
2291 4636 2556 4708 Grotius,
2587 4633 2862 4708 scribunt
2883 4631 3171 4708 Christum
3203 4631 3564 4708 redarguisse

1908 4703 2212 4792 apostolos,
2239 4710 2391 4778 quod
2422 4703 3013 4789 MariaeuMagdalente,
3039 4704 3225 4785 Petro,
3254 4707 3312 4783 et
3341 4704 3562 4756 duobus

1908 4780 2196 4851 discipulis
2227 4779 2516 4842 Emmaus,
2551 4778 2788 4851 aliisque
2817 4778 2937 4828 tam
2972 4773 3180 4851 multis
3206 4789 3398 4851 visum
3440 4789 3473 4826 a
3503 4785 3565 4826 se

1908 4845 2224 4908 redivivum
2257 4845 2827 4905 afﬁrmantibus’non
2855 4845 3242 4900 crediderunt.

1977 4924 1990 4965 ἰ
2022 4923 2352 5005 Astrologus
2379 4921 2530 4976 enim
2560 4917 2756 4975 omnia
2776 4916 2919 4972 scire
2942 4914 3256 4988 prtesumit,
3286 4915 3421 4967 dum
3441 4927 3561 4966 om-

1908 5011 2004 5119 n";
2027 4998 2346 5120 mima
2395 5062 2545 5126 licet,
2592 5058 2771 5115 Graeci
2818 5060 3093 5111 vocantur
3139 5054 3374 5126 queruli.

1909 5136 2273 5205 multiloqui;
2305 5123 2541 5207 vel,4ut'
2566 5132 2746 5207 habet
2782 5123 3162 5207 OEcumenius
3198 5125 3256 5206 in
3310 5123 3568 5207 Epistula

1907 5209 2069 5282 ludas
2101 5201 2187 5282 16',
2222 5221 2360 5282 pag.
2383 5205 2488 5282 2_3_0
2521 5219 2530 5255 :
2567 5201 2950 5282 Ivtcpxpipotpog,
2982 5201 3344 5282 qttiornnia’et
3358 5201 3565 5282 seraper

1909 5279 2160 5354 cavillari
2177 5266 2382 5331 'studvet.
2415 5266 2722 5344 Hesychius
2751 5266 2946 5325 autem
2990 5266 3358 5354 Μεμψιμοφος
3393 5267 3566 5324 vertit

1908 5350 2189 5482 quiro‘éi‘i'
2228 5417 2399 5487 longo
2452 5431 2555 5469 usu
2608 5414 2665 5467 in
2722 5412 2890 5467 rebus
2944 5409 3216 5465 humanis
3263 5410 3563 5468 exercitos.

1913 5493 2416 5615 MIlTIJ'ubitationes
2445 5555 2966 5629 apostolorumvos
2977 5551 3158 5629 magis
3184 5553 3439 5629 ﬁrmant.
3457 5552 3565 5609 Ra-

1916 5631 2162 5706 dulphus
2201 5624 2528 5702 Ardentius,
2565 5628 2765 5687 homil.
2793 5627 2864 5684 69
2895 5643 2910 5686 ;
2937 5627 3028 5686 Ne‘
3050 5637 3148 5684 nos
3164 5624 3566 5692 dubitaremus,

3426 5052 3564 5122 quia
