3958 6182
353 278 466 341 435

1648 269 1710 330 S.
1758 265 1970 331 PETRI
2011 265 2481 330 CHRYSOLOGI.

3647 261 3764 322 L36

353 399 1995 470 vobiscrediturisuntﬁrmamentum.Quierediderit,in-
2030 400 2081 459 A
2114 415 2219 471 per
2240 400 2422 456 ﬁdem
2453 399 2746 463 medicus,
2777 413 2851 454 ne
2906 395 3136 467 cogaris
3175 392 3466 450 extraneis
3515 390 3769 460 medicis

353 499 559 571 quit,et
574 495 898 552 babtizatus
909 494 1120 562 fuerit,
1133 494 1332 548 salvus
1344 493 1475 547 erit.
1488 489 1895 560 Fratres,quod
1913 491 2002 543 est

357 588 559 644 anima
581 583 834 654 corpori,
863 582 979 637 hoc
1001 589 1086 636 est
1110 580 1458 652 baptismati
1479 579 1621 635 ﬁdes
1660 595 1672 633 :
1704 578 1840 632 hinc
1892 581 1997 640 est,

356 675 521 748 quod
545 673 648 745 qui
679 674 996 741 generatur
1024 685 1095 723 ex
1127 669 1306 732 fonte,
1341 685 1409 724 ex
1428 669 1543 723 ﬁde
1575 665 1750 722 vivit:
1775 665 1999 730 Justus,

357 764 572 836 inquit,
605 759 801 827 exﬁde
813 758 949 813 vivit
972 758 1160 828 (Rom.
1184 763 1246 822 ι).
1279 759 1513 813 Moritur
1525 773 1666 826 ergo
1679 757 1865 812 omnis
1877 753 2006 826 qui-

356 866 616 922 cumque
646 847 954 903 fueritsine
980 843 2006 914 ﬁde.Quicrediderit.Quia'l‘rinitas

359 941 514 995 Deus
541 953 697 992 unus
729 936 1066 1008 est,quiain
1096 937 1263 993 Patre
1276 936 1485 992 etFilio
1507 934 1787 1006 etSpiritu
1801 937 2006 987 sancto

357 1044 480 1083 una
509 1030 598 1082 est
613 1025 1081 1097 totamqualitate
1096 1026 1551 1098 majestas,quia
1564 1025 1793 1079 Deitasa
1823 1020 2006 1076 Trini-

357 1121 478 1173 tate
499 1115 782 1170 distincta
801 1119 906 1179 est,
932 1130 1050 1170 non
1071 1121 1156 1169 est
1182 1115 1404 1170 unitate
1438 1113 1710 1176 confusa,
1746 1111 1850 1166 sed
1884 1109 2009 1164 Dei-

358 1209 475 1262 tate
505 1219 626 1258 una
657 1207 762 1268 est,
795 1204 1048 1258 esttrina
1065 1203 1330 1273 personis
1350 1220 1364 1266 ;
1387 1203 1531 1274 quia
1545 1203 1699 1256 Deus
1713 1197 2006 1254 Trinitatis

357 1309 580 1350 nomen
610 1297 736 1357 est;
766 1291 909 1363 quia
938 1295 1106 1346 Pater
1137 1296 1192 1347 et
1220 1291 1392 1348 Filius
1421 1307 1543 1347 non
1574 1288 2011 1346 censendisunt

359 1383 586 1446 ordine,
604 1381 708 1436 sed
733 1380 1071 1436 aestimandi
1087 1381 1548 1450 suntcharitate;
1580 1378 1744 1452 quod
1758 1376 2008 1449 Spiritus

362 1475 605 1526 sanctus
629 1484 751 1525 non
777 1473 868 1524 est
895 1469 1210 1524 habendus
1233 1469 1492 1534 inferior,
1526 1468 1680 1539 plus,
1712 1466 2004 1528 minusve,

357 1575 480 1616 non
508 1564 571 1615 ut
599 1557 856 1614 exterior
885 1558 1204 1614 habendus
1236 1563 1322 1614 est
1351 1559 1500 1630 plus,
1535 1558 1833 1622 minusve,
1866 1555 2010 1626 quia

359 1650 546 1705 nescit
569 1649 861 1704 exteriora
887 1647 1175 1703 Divinitas
1196 1664 1209 1713 ;
1231 1649 1374 1720 quia
1413 1648 1676 1704 Christus
1710 1646 1793 1699 sic
1823 1644 2009 1699 homo

358 1737 898 1809 factusestutquod
924 1737 1077 1791 Deus
1093 1737 2007 1808 estpermanet,sicestmortuus
2039 1760 2085 1818 Β

359 1832 423 1882 ut
447 1831 715 1881 mortuos
748 1826 880 1880 totis
913 1825 1145 1880 saeculis
1176 1841 1285 1880 sua
1311 1825 1686 1881 resuscitaret
1709 1839 1780 1877 ex
1793 1826 1971 1876 morte
1988 1839 2004 1891 ;

359 1915 518 1987 quod
557 1930 678 1970 non
707 1914 817 1968 sibi
843 1914 1159 1969 resurrexit
1185 1914 1298 1981 ille,
1323 1914 1430 1970 sed
1461 1914 1635 1969 nobis
1653 1931 1669 1984 ;
1702 1912 1867 1984 quod
1898 1926 2008 1965 nos

359 2002 509 2060 c0310
538 2001 753 2068 intulit,
782 2002 928 2056 dum
948 2018 1012 2057 se
1034 2002 1269 2057 sustulit
1290 2004 1439 2059 caelo
1465 2021 1478 2070 ;
1503 2001 1666 2074 quod
1696 1999 1902 2056 sedetb
1931 1998 2010 2054 ad

359 2091 771 2149 auctoritatem
786 2093 814 2146 J
825 2090 1032 2155 udicis,
1050 2107 1170 2146 non
1184 2091 1262 2146 ad
1281 2107 1386 2163 req
1397 2092 1552 2147 uiem
1566 2090 1788 2160 fatigati
1814 2087 2010 2160 ,‘quod

357 2181 558 2237 veniet
587 2196 707 2236 non
740 2180 1002 2250 loco,qui
1037 2180 1256 2252 ubique
1288 2181 1473 2237 estad
1504 2179 2009 2242 movendum,ne-

359 2284 476 2340 que
510 2274 572 2324 ut
591 2267 886 2322 mundum
909 2284 1086 2324 suum
1116 2273 1332 2339 teneat,
1363 2268 1464 2340 qui
1498 2273 1686 2323 totum
1747 2266 2012 2337 possidet

359 2356 678 2420 mundum,
712 2356 816 2410 sed
848 2359 911 2411 ut
936 2355 1198 2410 mundus
1209 2357 1336 2426 jam
1351 2372 1586 2427 semper
1607 2355 1903 2411 visionem
1917 2354 2010 2410 sui

360 2448 660 2500 mereatur
686 2443 967 2499 auctoris.
989 2443 1396 2500 Credathomo
1425 2444 1603 2500 etiam
1627 2448 2010 2515 peccatorum

360 2532 794 2595 remissionem,
811 2533 956 2603 quia
976 2533 1230 2587 caelestis
1255 2532 1421 2603 regio
1438 2549 1575 2588 cum
1604 2533 1675 2588 sit
1699 2532 2008 2596 latissima,

362 2636 486 2676 non
517 2621 676 2692 capit
705 2625 1076 2688 peccatorem
1101 2636 1116 2686 ;
1149 2635 1344 2693 neque
1364 2621 1438 2676 de
1465 2637 1712 2676 suorum
1740 2620 2013 2688 desperet

361 2709 547 2766 homo
579 2708 988 2779 magnitudine
1015 2714 1418 2780 peccatorum,
1451 2710 1594 2782 quia
1624 2710 1672 2765 si
1719 2714 1822 2778 est,
1853 2709 2012 2781 quod

364 2799 518 2854 Deus
547 2798 772 2854 donare
783 2814 904 2855 non
924 2803 1138 2869 potest,
1160 2801 1540 2871 omnipotens
1554 2815 1674 2855 non
1689 2798 2016 2856 est.Credat

364 2893 419 2943 et
444 2888 636 2944 carnis
674 2888 1183 2952 resurrectionem,
1209 2895 1272 2944 ut
1303 2889 1374 2945 sit
1405 2890 1763 2960 homoipsec
1788 2887 1892 2961 qui
1922 2903 2016 2944 re-

366 2977 570 3047 surgit,
603 2981 668 3032 ut
697 2977 1084 3048 accipiatipse
1109 2977 1431 3049 quipeccat
1451 2977 1856 3048 pcenam,ipse
1870 2993 2016 3049 prae-

363 3066 554 3121 mium
581 3064 950 3135 quilaborat.
967 3065 1180 3120 Credat
1198 3070 1480 3122 aeternam
1509 3066 2015 3133 vitam,nelocum

363 3152 584 3208 habeat
601 3126 766 3206 inors
799 3151 1081 3206 secunda.
1102 3153 1272 3217 Quod
1287 3157 1485 3209 autem
1499 3154 1573 3208 de
1597 3126 1870 3210 humanis
1891 3169 2016 3210 cor-
2046 3126 2090 3186 ο

364 3239 613 3311 poribus
626 3239 957 3307 daemones,
973 3239 1031 3294 id
1049 3244 1158 3309 est,
1181 3240 1379 3295 hostes
1395 3241 1729 3311 effugantur
1754 3243 2012 3314 antiqui;

364 3327 532 3398 quod
545 3342 612 3382 ex
631 3342 750 3382 uno
762 3342 862 3381 ore
878 3331 1073 3382 varius
1090 3327 1410 3384 effunditur
1431 3345 1627 3385 sermo
1639 3329 1978 3402 linguarum
1999 3346 2013 3396 ;

366 3414 570 3486 quodd
595 3415 732 3470 tacti
754 3430 855 3485 per
884 3415 1178 3472 Christum
1207 3416 1478 3472 nesciunt
1507 3434 1617 3473 sua
1637 3434 1868 3474 venena
1896 3434 2015 3474 ser-

366 3506 575 3577 pentes
590 3522 608 3574 ;
640 3503 802 3574 quod
829 3509 1124 3560 venenata
1154 3504 1372 3576 pocula
1387 3505 1662 3562 bibentes
1682 3523 1801 3562 non
1824 3506 2018 3562 valent

365 3608 580 3652 nocere
593 3608 698 3664 per
717 3591 1015 3648 Christum
1036 3593 1229 3665 ;quod
1257 3593 1448 3650 morbi
1463 3611 1781 3668 corporum
1805 3596 2014 3665 fugan-

366 3687 463 3736 tur
484 3682 778 3738 Christum
809 3682 1188 3753 praedicantis
1216 3683 1293 3738 ad
1320 3688 1563 3748 tactum,
1615 3688 1725 3753 est,
1785 3685 2017 3754 fratres,

368 3787 675 3827 summum
705 3771 1062 3827 credulitatis
1083 3772 1391 3829 indicium.
1420 3773 1628 3844 Signa,
1660 3775 1873 3847 inquit,
1899 3791 2020 3831 cre-

366 3860 566 3916 dentes
581 3860 705 3916 hzc
723 3866 1074 3930 sequentur:
1096 3861 1166 3916 In
1197 3863 1424 3918 nomine
1453 3879 1577 3918 meo
1608 3863 1893 3918 daemonia
1920 3864 2020 3935 eji-

367 3951 543 4013 cient,
580 3948 1126 4020 linguisloquentur
1150 3951 1635 4023 novis,serpentes
1651 3954 1876 4019 tollent,
1905 3960 1955 4009 et
1973 3971 2024 4010 si

365 4039 525 4108 quod
535 4039 903 4106 mortiferum
922 4038 1305 4104 biberint,non
1323 4041 1538 4096 nocebit
1556 4043 1656 4108 eis;
1673 4058 1832 4113 super
1843 4058 2022 4111 aegros

365 4143 574 4184 manus
584 4129 958 4199 imponent,et
973 4130 1109 4186 bene
1121 4129 1422 4186 habebunt.
1433 4131 1610 4186 Homo
1623 4137 1909 4200 ergo,esto
1924 4120 2024 4187 tibi

365 4263 492 4320 ideo
521 4281 607 4318 eos
634 4264 712 4317 ad
732 4269 942 4335 tempus
965 4263 1281 4319 incredulos
1312 4281 1416 4318 esse
1445 4265 1638 4320 voluit.
1663 4265 1799 4321 Vide
1823 4271 2021 4322 notam

365 4335 431 4390 l7
460 4351 633 4390 serm.
664 4350 780 4404 seq.

436 4417 462 4446 ι
485 4406 544 4458 In
575 4405 763 4468 editis,
796 4404 996 4458 divisa.
1025 4405 1209 4474 Supra
1233 4405 1442 4459 diserte
1471 4405 1692 4460 dixerat
1716 4422 1886 4460 serm.
1911 4408 2014 4467 60:

2112 494 2212 544 tuo
2239 489 2555 560 dispendio
2579 488 2908 559 subjacere,
2925 491 2981 541 et
3000 497 3025 525 θ
3055 485 3231 541 chare
3250 483 3414 556 quod
3436 481 3618 551 gratis
3632 496 3769 553 pos-

2115 577 2269 632 sides
2295 593 2665 649 comparare.
2701 579 2893 641 Orate,
2933 575 3165 638 fratres,
3198 577 3263 628 ut
3293 575 3350 627 et
3397 571 3456 625 in
3487 569 3769 643 praesenti

2113 665 2468 721 medicinam
2500 681 2734 737 semper
2755 664 2890 719 ﬁdei
2923 659 3270 727 sentiamus,
3293 664 3350 715 et
3373 659 3435 715 in
3463 665 3771 730 exspecta-

2115 755 2271 810 tione
2306 755 2513 810 Christi
2544 755 2719 822 positi
2754 754 2813 808 in
2837 751 3232 821 adventuejus
3263 749 3452 806 securi
3465 747 3539 804 de
3561 753 3770 804 nostra

2115 843 2476 900 conscientia
2496 843 2838 914 gloriemur.

2676 956 2904 1014 SERMO
2938 953 3202 1011 LXXXIV.

2117 1073 2193 1128 De
2207 1073 2420 1145 quinta
2436 1072 2658 1132 Christi
2669 1071 3130 1143 mani/estatione
3140 1070 3309 1139 facta
3323 1065 3770 1136 discipulis,cum

2223 1162 2446 1219 abesset
2482 1164 2752 1227 Thomas,
2794 1161 2980 1232 deque
3016 1165 3204 1228 sexta,
3233 1174 3356 1213 cum
3411 1156 3657 1213 adesset.

2191 1287 2408 1343 Diebus
2431 1287 2851 1360 quadraginta,
2879 1284 3101 1357 quibus
3127 1287 3265 1355 post
3286 1282 3771 1338 resurrectionem

2118 1392 2291 1432 suam
2323 1376 2613 1432 Dominus
2644 1375 2884 1431 diverso
2910 1373 3092 1430 modo
3113 1371 3380 1442 refertur,
3406 1375 3460 1426 et
3513 1370 3773 1426 creditur

2119 1465 2244 1520 suis
2270 1467 2622 1538 apparuisse
2651 1463 2979 1536 discipulis,
2997 1461 3161 1518 haud
3180 1461 3477 1516 immerito
3494 1474 3773 1515 sermone

2117 1556 2261 1627 ipsis
2294 1555 2668 1622 lectionibus,
2697 1551 3134 1625 ipsisdeservit,
3159 1551 3429 1607 etnititur
3444 1565 3773 1605 sacramen-

2120 1645 2208 1712 tis,
2244 1648 2306 1699 ut
2333 1644 2658 1698 Dominicm
2691 1642 2990 1697 Passionis
3022 1655 3340 1696 maerorem
3358 1637 3664 1709 multiplici
3683 1653 3770 1692 re-

2118 1733 2490 1787 surrectionis
2504 1731 2723 1787 indicio
2749 1730 3077 1803 perfectum
3090 1733 3296 1784 vestrae
3316 1727 3617 1783 charitatis
3629 1742 3771 1781 con-

2118 1821 2385 1875 vertatin
2417 1820 2704 1890 gaudium
2731 1835 2743 1884 ;
2777 1825 2832 1874 et
2852 1819 2956 1890 qui
2977 1823 3113 1874 ante
3153 1833 3258 1889 per
3288 1817 3564 1872 virtutem
3597 1830 3773 1870 suam

2117 1914 2321 1965 nostro
2347 1911 2656 1964 resurrexit
2683 1909 2744 1964 in
2767 1924 3035 1979 corpore,
3059 1923 3218 1962 nunc
3250 1906 3426 1960 etiam
3453 1921 3556 1976 per
3587 1905 3775 1959 ﬁdem

2117 1999 2331 2055 nostris
2356 1997 2699 2067 resurgatin
2727 1997 3226 2052 cordibus.Etcum
3242 2003 3384 2051 esset
3410 2010 3530 2050 sero
3555 1993 3775 2048 dieilla

2117 2103 2237 2143 una
2249 2087 2691 2156 sabbatorum,et
2701 2088 2863 2156 fores
2883 2091 3069 2142 essent
3088 2081 3781 2150 clauswmbierantdisci-

2112 2176 2239 2247 puli
2249 2178 2598 2247 congregati
2617 2182 2860 2247 propter
2887 2171 3779 2238 metumludworum,venitlesus

2117 2271 2170 2322 et
2195 2265 2354 2320 stetit
2381 2265 2444 2320 in
2465 2265 2642 2320 medio
2658 2280 2854 2320 eorum
2885 2265 3222 2334 (Joan.xx).
3247 2264 3392 2317 Cum
3422 2265 3580 2316 esset
3608 2274 3775 2316 sero:

2119 2358 2243 2410 erat
2255 2353 2388 2424 plus
2411 2369 2664 2409 maerore
2685 2369 2870 2425 quam
2886 2358 3308 2423 tempore,sero
3330 2355 3417 2406 est
3433 2349 3706 2405 maeroris
3720 2351 3780 2404 et

2119 2442 2364 2499 tristitia:
2386 2441 2592 2497 nubilo
2617 2441 2917 2498 mentibus
2932 2441 3286 2496 obscuratis.
3310 2439 3438 2494 Sero
3452 2445 3600 2496 erat.
3622 2437 3781 2503 Quia

2119 2533 2224 2589 etsi
2246 2532 2663 2604 crepusculum
2691 2532 2939 2588 dederat
2965 2530 3210 2603 aliquod
3227 2528 3782 2586 resurrectionisin-

2121 2621 2366 2687 dicium,
2385 2624 2642 2677 necdum
2660 2625 2856 2677 tamen
2873 2621 2956 2675 eis
2968 2620 3248 2676 Dominus
3269 2616 3776 2688 refulseratplena

2122 2711 2214 2766 sui
2242 2711 2481 2766 luminis
2494 2710 2776 2766 claritate.
2796 2711 2868 2765 Et
2899 2725 3030 2766 cum
3043 2712 3192 2779 fores
3232 2715 3417 2765 essent
3433 2708 3657 2771 clausae,
3674 2705 3777 2761 ubi

2122 2805 2296 2856 erant
2307 2799 2592 2867 discipuli
2605 2799 2945 2870 congregati
2950 2805 3191 2869 propter
3204 2801 3408 2853 metum
3424 2796 3774 2851 Judaeorum.

2124 2888 2468 2958 Magnitudo
2483 2889 2714 2944 terroris
2731 2893 2786 2943 et
2797 2887 3078 2942 facinoris
3093 2891 3258 2942 tanto
3281 2885 3511 2941 turbine
3524 2882 3780 2954 discipu-

2123 2979 2317 3034 lorum
2337 2980 2358 3020 ἰ
2382 2979 2634 3033 domum
2666 2977 2844 3033 simul
2864 2985 2919 3032 et
2953 2977 3136 3033 corda
3166 2976 3556 3043 concluserat,
3608 2978 3664 3028 et
3694 2972 3781 3028 ita

2124 3072 2314 3123 totum
2341 3066 2584 3122 luminis
2614 3066 2922 3122 abdicarat
2951 3066 3313 3135 ingressum,
3341 3070 3404 3120 ut
3435 3062 3625 3130 magis
3651 3077 3779 3118 ma-

2124 3156 2332 3227 gisque
2348 3171 2602 3211 marore
2615 3155 2889 3210 sensibus
2907 3155 3211 3225 occupatis
3225 3170 3380 3210 caeca
3395 3153 3582 3209 noctis
3597 3165 3783 3219 auge-

2123 3243 2531 3301 returoﬂ‘usio.
2548 3244 2730 3300 Nullae
2743 3243 3204 3300 noctistenebras
3226 3242 3465 3315 caligini
3499 3239 3780 3296 maeroris

2125 3339 2181 3390 et
2204 3332 2543 3388 formidinis
2569 3339 3009 3404 comparantur,
3041 3333 3184 3404 quia
3208 3331 3371 3387 nullo
3391 3335 3644 3402 possunt
3673 3334 3782 3385 aut

2126 3421 2546 3478 consolationis
2568 3426 2668 3476 aut
2702 3421 2927 3477 consilii
2963 3421 3186 3476 lumine
3231 3419 3567 3490 temperari.
3622 3417 3780 3472 Audi

2123 3510 2504 3583 prophetam:
2543 3510 2731 3565 Timor
2747 3516 2800 3566 et
2823 3518 3038 3566 tremor
3063 3515 3340 3566 venerunt
3369 3523 3546 3578 super
3581 3524 3688 3574 me,
3723 3513 3776 3561 et

2125 3606 2581 3671 operueruntme
2611 3601 2862 3656 tenebrz
2885 3600 3068 3670 (Psal.
3095 3603 3224 3668 Liv).
3254 3600 3331 3654 Et
3366 3615 3490 3655 cum
3518 3599 3673 3668 fores
3701 3613 3778 3653 es-

2125 3695 2251 3746 sent
2265 3688 2602 3752 clausw,ubi
2611 3697 2780 3744 erant
2793 3688 3056 3759 discipuli
3067 3690 3416 3758 congregati
3423 3693 3662 3758 propter
3672 3702 3790 3742 me-

2129 3785 2252 3835 tum
2272 3779 2631 3844 Judaorum,
2652 3781 2810 3835 venit
2821 3781 3007 3842 Jesus,
3024 3787 3076 3833 et
3088 3779 3242 3836 stetit
3269 3780 3332 3833 in
3357 3777 3538 3833 medio
3561 3792 3788 3832 eorum.

2129 3870 2313 3936 Rogo,
2332 3882 2438 3920 cur
2449 3866 2756 3921 dubitatur
2767 3866 2952 3921 clausi
2965 3868 3224 3938 corporis
3238 3870 3600 3930 arcanum,et
3613 3864 3794 3919 obse-

2129 3961 2323 4012 ratum
2339 3960 2456 4010 tota
2473 3955 2803 4023 integritate
2816 3955 3172 4011 domicilium
3205 3954 3486 4024 virginale
3504 3952 3794 4010 absoluta

2133 4043 2416 4099 Divinitas
2428 4043 2686 4116 potuisse
2701 4048 3153 4114 penetrare,quae
3167 4048 3291 4113 post
3304 4041 3796 4097 resurrectionem

2132 4133 2388 4204 corporis
2402 4133 2621 4188 nostris
2639 4138 2892 4189 crassata
2903 4131 3224 4203 mysterio,h
3245 4130 3799 4200 foribusingreditur

2132 4265 2356 4327 vinitas,
2389 4265 2496 4318 hoc
2527 4267 2612 4320 est
2635 4263 2874 4334 simplex
2902 4262 3113 4317 Deitas.
3135 4263 3466 4334 Notandum
3489 4261 3640 4332 quod
3663 4277 3799 4331 per-

2132 4353 2272 4391 sona
2305 4335 2530 4397 Christi.
2558 4333 2790 4405 praecise
2816 4339 2870 4389 et
2891 4335 3202 4389 secundum
3223 4349 3280 4388 se
3303 4333 3686 4390 considerata.
3705 4337 3798 4388 est

2131 4408 2360 4478 quidem
2393 4408 2579 4460 omnis
2601 4406 3029 4478 compositionis
3060 4421 3256 4476 expers
3281 4421 3294 4470 ;
3323 4421 3564 4478 persona
3586 4408 3792 4459 autem

363 4476 624 4532 Personis
654 4475 901 4528 Trinitas
930 4477 1195 4528 distincta
1226 4479 1321 4534 est.
1374 4493 1478 4530 non
1505 4483 1580 4530 est
1614 4477 1812 4530 divisa.
1849 4480 2012 4542 Quod
2054 4485 2098 4543 Ι)
2130 4475 2330 4534 Christi
2359 4478 2722 4531 considerata
2739 4475 2810 4530 ut
2836 4475 3148 4531 subsistens
3180 4477 3235 4530 in
3268 4481 3474 4530 natura
3503 4475 3788 4540 humana,

366 4546 540 4618 etiam
571 4545 758 4618 innuit
786 4562 961 4618 serm.
993 4547 1079 4600 88.
1104 4547 1264 4601 Unde
1297 4551 1480 4601 textus
1511 4552 1810 4618 corruptus
1840 4550 2020 4605 credi-

363 4623 458 4672 tur
482 4615 701 4670 incuria
722 4617 1082 4687 scriptorum.
1121 4620 1282 4673 MITA.

433 4688 463 4731 δ
488 4689 648 4752 Quod
681 4693 809 4757 post
837 4687 1230 4742 ascensionem
1263 4688 1484 4744 dicatur
1515 4689 1802 4745 Christum
1832 4692 2017 4747 sedere

363 4759 982 4833 adgdexteramiPatris,
1016 4760 1330 4833 explicatur
1358 4777 1390 4814 a
1423 4760 2016 4833 priscistheologisof-

363 4831 554 4886 ﬁcium
576 4830 636 4906 in
659 4848 725 4906 eo
739 4830 954 4906 iudicis
970 4831 1381 4906 indicari._Vide
1395 4832 1726 4906 Gregorium
1747 4830 2014 4906 Magnum

363 4920 493 4976 pag.
534 4904 632 4958 H9
661 4903 797 4976 edit.
825 4902 1013 4976 Paris.
1049 4903 1204 4976 hom.
1236 4903 1302 4958 29
1339 4920 1351 4958 :
1387 4902 1533 4968 Quid
1577 4911 1670 4966 est,
1699 4902 1866 4974 quod'
1881 4907 2017 4961 hunc

361 4975 586 5030 Marcus
638 4975 919 5037 sedentem,
959 4975 1256 5044 Stephanus
1302 4992 1427 5029 vero
1469 4981 1696 5028 stantem
1736 4993 1792 5030 se
1840 4978 2016 5032 videre

363 5051 594 5101 testatur
610 5048 639 5100 ?
668 5047 776 5103 Sed
792 5047 964 5108 scitis,
993 5045 1228 5120 fratres,
1242 5047 1367 5115 quia
1385 5047 1562 5120 sedere
1576 5047 1884 5116 judicantis
1901 5056 2018 5120 est;

359 5124 507 5174 stare
533 5134 662 5174 vero
690 5120 1020 5190 pugnantis,
1036 5117 1114 5190 vel
1136 5116 1472 5190 adjuvantis.

432 5203 457 5231 ε
483 5193 608 5246 Haec
633 5188 840 5245 desunt
879 5189 937 5244 in
970 5188 1232 5258 plurimis
1257 5188 1630 5248 editionibus.

433 5261 464 5335 ἦ
481 5262 808 5335 Consonant
842 5261 1015 5335 verba
1047 5260 1237 5335 Graaca
1261 5265 1398 5333 ὄφεις
1425 5264 1632 5335 apem,
1661 5278 1864 5332 angues
1893 5269 2010 5318 tra-

359 5331 606 5394 ctabant,
640 5333 719 5384 vel
747 5333 1010 5386 manibus
1037 5332 1248 5386 tollent.

376 5450 380 5455 .
431 5402 599 5474 flfion
628 5401 746 5474 vili,
792 5405 891 5458 sed
923 5419 1135 5474 magno
1175 5403 1372 5474 pretio.

428 5471 560 5552 (θοι)
595 5471 842 5553 similem
868 5471 1098 5553 timoris
1127 5471 1376 5553 causam
1393 5475 1600 5530 clausis
1640 5475 1834 5547 januis
1881 5491 2014 5553 con-

356 5543 548 5598 venire
571 5543 767 5597 solitos
803 5544 975 5598 fuisse
997 5546 1284 5614 apostolos
1312 5543 1780 5609 edocemur,'Act.
1800 5562 1898 5611 xu,
1922 5548 2005 5600 l3.

368 5665 377 5680 ,
425 5627 457 5671 ε
482 5617 597 5672 Hoc
615 5619 704 5671 est
716 5614 984 5674 divinitas
1011 5615 1360 5674 humanitati
1377 5619 1600 5689 juncta.
1624 5618 1903 5673 Absoluta
1915 5620 2012 5674 Di-

2127 4566 2222 4605 seu
2244 4554 2306 4604 ut
2335 4554 2421 4603 est
2440 4549 2717 4603 terminus
2743 4549 3025 4602 resultans
3042 4566 3107 4602 ex
3141 4548 3371 4611 unione,
3401 4563 3512 4601 non
3537 4551 3624 4600 est
3649 4547 3791 4600 sim-

2129 4621 2276 4692 plex,
2311 4621 2408 4674 sed
2441 4619 2774 4692 composita,
2812 4619 2995 4692 sicuti
3025 4619 3147 4692 ipsa
3192 4620 3326 4674 unio
3361 4618 3788 4692 lncarnationis

2126 4689 2212 4747 est
2240 4707 2372 4746 vera
2397 4690 2756 4760 compositio,
2800 4695 2862 4744 ut
2894 4691 3207 4744 rationibus
3253 4695 3308 4744 et
3343 4689 3786 4744 auctoritatibus

2125 4766 2254 4835 post
2280 4761 2421 4816 alios
2448 4761 2768 4835 theologice
2791 4763 2956 4815 docet
2986 4761 3306 4816 Bonaccina
3350 4763 3418 4816 de
3454 4765 3632 4815 lncar.
3670 4761 3786 4814 dis-

2128 4833 2307 4915 put}
2334 4851 2428 4915 qu.
2461 4835 2494 4887 5
2520 4837 2711 4915 punct.
2832 4835 2992 4915 Mira.

2196 4906 2222 4946 ιι
2246 4902 2485 4975 Cyrillus
2520 4903 2794 4958 Hierosol.
2826 4920 2837 4958 :
2865 4904 3032 4959 Nemo
3054 4911 3276 4974 quaerat
3306 4902 3570 4974 quomodo
3581 4903 3791 4975 januis

2122 4974 2327 5031 clausis
2352 4992 2545 5046 corpus
2563 4977 2793 5030 Domini
2804 4976 3127 5045 penetravit,
3142 4992 3264 5029 cum
3289 4975 3562 5043 intelligat
3590 4991 3695 5028 non
3710 4974 3792 5030 de

2123 5047 2333 5101 homine
2358 5048 2529 5110 nudo,
2561 5048 2657 5101 sed
2677 5048 2745 5102 de
2769 5047 3118 5117 omnipotenti
3145 5047 3252 5101 Dei
3272 5047 3421 5100 Filio
3451 5046 3559 5117 ham
3586 5046 3787 5117 scribi.

2122 5118 2408 5182 Calvinus,
2439 5118 2702 5189 Clericus.
2731 5116 2936 5189 aliique
2964 5117 3132 5189 hujus
3164 5117 3468 5171 commatis
3491 5116 3790 5189 homines,

2123 5190 2572 5260 interpretantur
2601 5188 2750 5243 hunc
2781 5187 2989 5252 loeum,
3025 5187 3186 5260 quasi
3218 5187 3793 5260 Christusingressus

2123 5262 2196 5316 sit
2226 5258 2347 5332 ipso
2383 5260 2486 5314 sibi
2504 5260 2829 5332 recludente
2857 5258 3120 5332 foreszt
3151 5261 3193 5332 si
3218 5260 3334 5332 ipse
3355 5258 3790 5332 Christusfores

2123 5330 2360 5402 aperuit,
2397 5333 2685 5403 quomodo
2715 5331 2908 5385 scribit
2937 5331 3288 5403 evangelista
3315 5331 3496 5400 ipsum
3531 5330 3790 5403 intrasse

2115 5401 2311 5475 januis
2337 5401 2585 5457 clausis?
2616 5404 2909 5473 Reponent
2939 5419 2950 5456 :
2986 5403 3171 5475 Verba
3202 5401 3324 5456 haec
3359 5419 3487 5455 cum
3527 5401 3675 5475 fores
3701 5418 3787 5455 es.

2119 5471 2235 5528 sent
2265 5475 2462 5529 clausa
2483 5471 2713 5543 tempus
2739 5478 2938 5528 notare
2963 5492 3075 5544 quo
3119 5473 3405 5544 ingressus
3433 5475 3538 5534 est,
3586 5471 3643 5525 in
3678 5488 3790 5527 ve-

2120 5545 2296 5616 speris
2322 5545 2555 5611 scilicet,
2583 5562 2710 5600 cum
2740 5544 2889 5600 fores
2911 5544 3272 5609 clauduntur,
3293 5560 3406 5598 non
3431 5547 3624 5598 autem
3655 5560 3784 5599 mo-

2120 5618 2256 5674 dum
2288 5634 2399 5690 quo
2429 5617 2716 5690 ingressus
2745 5622 2850 5676 est.
2881 5617 2972 5676 Ad
2999 5618 3058 5674 id
3074 5619 3203 5690 jam
3225 5619 3511 5674 averterat
3529 5631 3785 5689 evange-
