3958 6182
174 300 282 364 445

1567 294 1810 357 SERMO
1851 294 2203 364 LXXXVIII.

3472 305 3590 366 £46

173 449 264 488 sas
294 431 486 487 noctis
513 428 750 502 placido
776 429 1002 486 lumine
1054 430 1310 502 aperiret
1351 429 1648 496 tenebras,
1689 428 1820 499 ipse
1857 430 1904 489 A
1937 430 2185 488 senibus
2217 435 2299 491 sic
2329 436 2541 492 defecit
2570 437 2814 500 natura;
2866 432 3026 496 felix,
3080 448 3215 504 quae
3273 433 3590 490 sterilitatis

171 521 353 578 noctis
378 519 650 574 nescium
681 518 841 574 diem
854 520 982 590 jam
1024 519 1511 576 desiderantibus
1526 519 1603 574 ad
1627 518 1824 573 lucem

172 613 458 683 perpetem
488 608 829 664 redonaret.
855 607 999 663 Hinc
1026 612 1112 664 est
1151 609 1316 680 quod
1331 614 1613 678 etmagos
1627 607 1825 664 adhuc

173 697 1304 769 noctisincolas,ettotisobstupscentes
1335 698 1541 766 oculis,
1571 695 1826 752 tenuiter

173 789 398 844 micans
417 786 584 843 stella
615 785 931 842 assuefacit
962 786 1040 842 ad
1070 786 1262 842 lucem
1297 792 1352 843 et
1382 786 1679 857 gradatim
1697 800 1826 856 per-

174 879 344 934 trahit
364 879 438 932 ad
461 878 661 947 ipsum
675 878 901 931 fontem
915 876 1160 933 luminis
1174 876 1473 932 etdierum
1491 876 1819 947 (Matthxi).

173 971 235 1024 Et
261 983 321 1022 re
347 965 745 1045 vera,fratres,
769 965 1066 1034 congruit,
1090 966 1234 1037 quia
1251 966 1431 1021 totius
1459 964 1599 1020 anni
1632 968 1822 1018 metas

173 1062 501 1127 temporum
528 1053 828 1126 quadriga
848 1054 1235 1124 percurrit,ac
1261 1054 1437 1110 nobis
1459 1052 1693 1108 Domini
1719 1066 1823 1106 no-

170 1145 266 1200 stri
300 1143 566 1199 natalitia
596 1142 746 1198 festa
773 1147 1028 1208 revocat,
1072 1147 1128 1199 et
1167 1142 1386 1213 gaudia
1407 1143 1536 1212 jam
1567 1139 1817 1196 reducit.

169 1237 329 1289 Nunc
354 1233 431 1288 de
459 1231 705 1287 Joannis
723 1236 877 1296 ortu,
919 1232 992 1290 de
1025 1236 1197 1304 partu
1228 1232 1442 1287 sterilis
1459 1232 1587 1302 jam
1617 1230 1823 1302 loqua-

166 1339 316 1388 mur,
341 1328 408 1376 ut
434 1319 798 1392 compendio
851 1320 1214 1376 credulitatis
1238 1322 1375 1386 isto,
1408 1320 1486 1376 ad
1536 1319 1680 1374 illud
1719 1317 1824 1373 ubi

165 1416 368 1483 partus
389 1413 478 1465 est
514 1409 640 1463 sine
671 1414 869 1480 partu,
900 1408 1002 1464 ubi
1036 1412 1272 1464 creatur
1300 1416 1506 1464 auctor
1530 1408 1656 1479 ipse
1686 1422 1822 1478 pro-

163 1500 437 1569 creantis,
478 1499 583 1554 ubi
605 1499 871 1554 nascitur
891 1498 1031 1570 ipsa
1074 1499 1244 1568 origo
1283 1497 1640 1568 generantis,
1673 1496 1823 1552 inter

161 1588 448 1646 hiemales
461 1603 530 1643 ac
553 1586 809 1642 nubibus
828 1587 1130 1643 etnebulis
1154 1587 1372 1644 dubias
1394 1586 1822 1649 luces,lucerna

1934 519 2160 578 damna
2177 525 2444 594 virginea
2461 523 2823 580 fecunditate
2838 523 3086 578 mutavit
3108 537 3122 588 ;
3137 521 3295 584 felix,
3318 537 3455 592 qum
3469 537 3592 578 uno

1935 613 2271 682 concepitin
2297 620 2472 685 partu
2485 612 2853 686 quidquidin
2875 611 2896 652 τ
2923 616 3043 667 toto
3065 611 3210 666 orbe
3225 609 3593 666 confundere

1934 699 2613 776 deplorabat;felix,qure
2632 702 2789 758 facta
2802 701 3171 757 estvitalium
3192 711 3222 754 Β
3243 699 3592 769 germinans

1933 794 2143 854 mater,
2171 807 2304 863 qua:
2331 797 2456 848 erat
2485 797 2619 847 ante
2650 794 2821 860 origo
2852 789 3196 845 miseranda
3226 786 3589 844 mortalium.

1933 877 2010 933 ad
2032 878 2267 935 dolores
2295 881 2532 952 pariens
2555 897 2691 935 cum
2723 878 2947 945 dolore,
2975 877 3053 932 ad
3098 877 3354 949 gemitus
3405 877 3590 931 edens

1935 982 2072 1022 cum
2104 969 2347 1036 gemitu,
2369 971 2444 1024 ad
2478 969 2742 1041 pericula
2771 967 3108 1039 producens
3133 965 3439 1021 hominem
3458 981 3590 1019 cum

1931 1056 2194 1126 periculo
2221 1058 2582 1129 genewntis,
2625 1059 2760 1113 etin
2787 1057 2913 1127 ipso
2943 1060 3076 1111 ortu
3114 1070 3396 1110 occasum
3445 1068 3587 1109 cum

1930 1145 2195 1214 periculo
2216 1147 2575 1216 generantis,
2610 1151 2666 1202 et
2695 1148 2755 1200 in
2777 1145 2912 1217 ipso
2957 1148 3091 1200 ortu
3118 1158 3404 1198 occasum
3437 1156 3589 1196 nun-

1931 1233 2083 1288 tians
2098 1232 3434 1306 perlamentaetlacrymas;semperdevorans
3451 1245 3586 1302 par-

1930 1325 2022 1378 tus
2053 1338 2217 1390 suos,
2246 1324 2438 1379 sciens
2459 1340 2521 1379 se
2553 1324 2728 1380 tantis
2741 1321 3091 1378 mmroribus
3106 1335 3388 1392 generare
3409 1317 3586 1373 mori-

1929 1413 2113 1466 turos.
2147 1413 2509 1468 Pascebatur
2537 1428 2680 1483 ergo
2698 1412 2997 1467 sterilitate
3021 1409 3206 1478 magis
3249 1414 3482 1472 natura,
3509 1421 3586 1461 ne

1929 1501 2060 1572 ipsa
2087 1501 2443 1558 fecunditate
2474 1503 2714 1571 gravius
2729 1497 3236 1566 desmviretﬂetus
3256 1496 3454 1568 potius
3467 1495 3588 1551 edi-

1930 1595 2061 1645 tura
2079 1606 2263 1662 quam
2298 1591 2550 1662 pignora
2570 1607 2735 1662 :quae
2755 1590 2960 1662 utique
2976 1588 3282 1658 lacrymis,
3307 1599 3581 1649 maerore,

169 1675 588 1750 praevia,stella
618 1675 771 1730 duce
784 1676 1088 1747 pervenire
1103 1677 1420 1748 possimus.
1441 1672 1820 1744 Fuit,inquit,
1854 1691 1900 1750 Β
1931 1678 2632 1751 gemitu,tantotempore
2650 1696 2827 1735 suum
2844 1677 3221 1751 qumrebatet
3240 1673 3581 1745 interpella-

161 1765 549 1837 evangelista,
568 1765 840 1821 sacerdos
869 1764 1102 1836 quidam
1137 1765 1370 1820 nomine
1397 1763 1743 1826 Zacharias,
1764 1769 1816 1817 et

162 1871 313 1912 uxor
339 1859 471 1926 ejus
500 1855 808 1910 Etisabeth
838 1859 891 1910 et
923 1870 1042 1910 non
1064 1861 1188 1910 erat
1216 1856 1340 1911 illis
1365 1855 1549 1922 ﬁlius,
1575 1869 1638 1909 eo
1660 1852 1820 1924 quod

163 1951 295 2000 esset
311 1943 620 2000 Elisabeth
632 1945 930 2008 sterilis,et
942 1946 1359 2012 processissent
1372 1943 1527 2000 ambo
1547 1944 1605 1997 in
1619 1941 1817 1996 diebus

159 2034 274 2089 suis
296 2035 318 2102 (
324 2036 518 2101 Luc.1)
530 2075 542 2087 .
558 2046 582 2075 ε
604 2032 888 2089 Sterilitas
905 2038 1204 2088 senectute
1219 2037 1614 2103 exaggeratur
1631 2034 1818 2085 extre-

159 2128 325 2187 ma,et
338 2141 373 2178 a
391 2139 501 2194 spe
519 2121 844 2192 generandi
859 2125 1039 2177 totum
1053 2121 1404 2177 subducitur
1419 2119 1714 2192 quidquid
1727 2122 1817 2174 est

159 2212 420 2283 corporis
435 2216 492 2267 et
515 2216 764 2276 naturae;
789 2215 844 2265 et
859 2226 932 2264 ne
947 2211 1037 2266 vel
1060 2211 1334 2283 cogitatio
1358 2209 1580 2265 sobolis
1594 2208 1716 2264 ulla
1728 2224 1814 2263 re-

156 2299 601 2368 maneret,adid
625 2303 973 2372 perventum
992 2304 1080 2354 est
1097 2298 1379 2370 temporis
1399 2303 1455 2353 et
1475 2299 1814 2370 aetatis,quo

155 2392 457 2446 transacto
500 2388 696 2444 calore
735 2387 899 2444 vitali
939 2386 1188 2444 mortale
1211 2387 1395 2458 frigus
1426 2386 1636 2442 sterilis
1685 2387 1814 2456 jam

161 2479 379 2534 viscera
399 2476 1088 2550 possidebat,utgenitor
1113 2477 1241 2548 ipse
1268 2479 1655 2545 cognosceret
1676 2474 1814 2529 inde

157 2569 271 2637 jam
303 2584 413 2640 per
439 2568 750 2623 hominem
772 2583 894 2622 non
919 2582 1094 2639 posse
1127 2566 1290 2621 nasci
1318 2564 1814 2626 hominem,unde

162 2657 569 2712 abscesserant
585 2672 678 2712 res
699 2657 1000 2712 humanm.
1025 2655 1138 2715 Sic,
1163 2655 1265 2721 sic,
1290 2654 1694 2717 fratres,duris
1711 2653 1814 2708 ho-

162 2747 382 2801 minum
397 2745 742 2818 prmcordiis
763 2745 1074 2801 credulitas
1097 2744 1126 2786 δ
1142 2745 1446 2808 asseritur,
1471 2744 1814 2799 etinseritur

160 2836 299 2892 ﬁdes
327 2841 420 2900 ;et
450 2841 592 2891 tunc
607 2840 796 2891 totum
817 2835 1084 2890 divinum
1101 2835 1377 2900 creditur,
1394 2850 1522 2888 cum
1542 2833 1713 2888 fuerit
1729 2833 1812 2889 nil

158 2925 491 2980 humanum.
511 2925 683 2981 Sorte
695 2925 838 2981 exiit
852 2931 918 2979 ut
930 2925 1224 2980 incensum
1236 2929 1476 2992 poneret
1489 2922 1809 2978 Zacharias

156 3015 446 3084 ingressus
460 3014 523 3069 in
537 3015 816 3084 templum
833 3013 1084 3068 Domini.
1102 3013 1257 3068 Bene
1279 3012 1422 3068 dixit
1435 3013 1730 3082 ingressus
1745 3012 1807 3066 in

156 3105 432 3171 templum
464 3118 486 3158 .'
517 3117 637 3157 non
664 3103 968 3171 ingressus
997 3101 1288 3173 templum
1321 3116 1334 3155 :
1360 3101 1504 3172 quia
1533 3101 1658 3171 ipse
1681 3103 1808 3155 erat

157 3192 246 3248 Dei
268 3192 625 3248 familiarius
646 3191 1212 3264 templum,portans
1229 3191 1290 3246 in
1321 3192 1411 3245 sui
1428 3189 1682 3260 pectoris
1703 3205 1810 3261 pu-

1928 1769 2033 1825 bat
2059 1776 2384 1835 auctorem,
2414 1770 2747 1840 intelligens
2776 1770 2890 1825 hoc
2920 1768 3033 1824 sibi
3047 1767 3332 1823 accidisse
3347 1780 3452 1836 per
3465 1763 3585 1818 cul-

1929 1874 2092 1930 pam,
2118 1874 2237 1914 non
2261 1875 2388 1913 esse
2415 1859 2492 1914 ab
2511 1864 2746 1915 auctore
2774 1857 3044 1930 piissimo
3062 1855 3416 1922 institutum,
3441 1867 3579 1906 cum

1929 1952 2244 2003 crearetur.
2269 1948 2414 2002 Hinc
2440 1953 2525 2003 est
2549 1947 2714 2019 quod
2733 1946 3018 2001 Dominus
3039 1944 3306 1999 conditor
3330 1942 3456 2012 ipse
3478 1955 3582 1993 na-

1927 2042 2073 2092 turae
2105 2036 2259 2092 viam
2292 2036 2536 2106 virginei
2568 2026 3584 2106 conceptus,virgineipartus,invi-

1928 2126 2084 2182 sibili
2115 2126 2368 2195 vestigio
2390 2129 2446 2181 et
2474 2125 2679 2197 ignoto
2707 2124 2857 2181 calle
2883 2120 3213 2194 pertransit,
3247 2122 3303 2174 et
3332 2118 3438 2173 iter
3465 2115 3582 2170 hu-

1926 2214 2088 2272 mani
2120 2220 2284 2271 ortus
2307 2215 2506 2270 divino
2531 2229 2743 2284 gressu
2772 2211 3056 2276 ambulat,
3073 2224 3195 2265 non
3222 2208 3503 2270 humano,
3520 2210 3583 2259 ut

1924 2303 2438 2376 nascendoipsam
2465 2307 2746 2359 naturam
2778 2318 2812 2358 a
2840 2301 3116 2356 servitute
3142 2295 3482 2361 mortis,cui
3500 2299 3584 2349 ta-

1924 2394 2054 2449 liter
2083 2393 2325 2449 addicta
2353 2393 2563 2456 fuerat,
2595 2392 2870 2465 primitus
2921 2389 3214 2456 liberaret,
3244 2385 3272 2426 h
3320 2389 3376 2440 et
3420 2383 3582 2439 fonte

1923 2489 2180 2554 purgato
2202 2497 2513 2555 supernam
2528 2479 2730 2537 rivulis
2747 2478 3020 2536 redderet
3037 2476 3360 2548 puritatem.
3380 2472 3580 2527 Merito

1923 2574 2183 2628 Joannes
2214 2571 2275 2626 in
2303 2576 2464 2626 utero
2485 2570 2757 2634 exsultat,
2790 2569 2894 2639 qui
2915 2566 3157 2636 originis
3189 2579 3311 2618 suae
3342 2561 3579 2617 liberta-

1922 2665 2041 2717 tem
2073 2665 2208 2716 ante
2237 2675 2409 2714 nosse
2429 2674 2615 2730 quam
2638 2673 2766 2712 esse
2790 2655 3021 2718 meruit,
3051 2656 3180 2709 ante
3211 2650 3425 2706 meruit
3444 2664 3574 2703 sen-

1921 2749 2027 2805 tire
2053 2764 2239 2820 quam
2269 2748 2482 2803 vivere.
2508 2748 2570 2800 In
2599 2743 3106 2813 horaincensiper
3131 2738 3405 2807 angelum
3433 2752 3573 2806 ape-

1917 2838 2065 2892 ritur
2089 2836 2382 2901 sterilitas,
2409 2837 2722 2905 conceptus
2745 2832 2997 2902 jubetur,
3031 2826 3391 2900 promittitur
3434 2839 3566 2894 par-

1919 2931 2035 2992 tus,
2069 2930 2125 2980 et
2149 2924 2298 2980 inter
2329 2923 2584 2978 sacraria
2611 2921 2892 2977 nativitas
2947 2933 3114 2974 sacra
3165 2916 3564 2987 procuratur:

1916 3016 2054 3070 hinc
2071 3018 2157 3068 est
2170 3012 2333 3085 quod
2354 3012 2552 3069 adhuc
2573 3011 2632 3066 in
2648 3015 2813 3066 utero
2827 3024 2964 3064 cum
2980 3005 3389 3063 membrorum
3409 3016 3569 3057 com-

1916 3119 2070 3177 page
2101 3104 2112 3142 i
2143 3117 2292 3175 pene
2305 3106 2593 3172 concepta
2621 3101 2679 3154 in
2692 3100 2919 3155 Joanne
2946 3101 3036 3152 est
3060 3091 3394 3168 prOphetiaJ'
3430 3093 3568 3146 ante

1917 3198 2061 3248 nutu
2093 3191 2193 3246 Dei
2209 3190 2466 3262 loquitur
2482 3205 2668 3262 quam
2681 3186 2990 3260 perveniat
3002 3184 3078 3241 ad
3102 3183 3266 3238 vocis
3279 3179 3565 3237 ofﬁcium.

154 3281 317 3337 ritate
341 3287 464 3338 tota
489 3281 637 3352 legis
659 3253 882 3337 arcana
912 3253 981 3336 et.
995 3296 1303 3352 apponens
1324 3253 1446 3335 non
1477 3284 1599 3335 tam
1623 3253 1810 3334 thuris
1842 3253 1887 3312 δ
1919 3284 2132 3336 Verum
2159 3296 2228 3335 ne
2254 3253 2400 3334 dum
2422 3253 2725 3350 profunda
2742 3280 2799 3332 et
2819 3277 2970 3330 mira
2984 3266 3566 3329 latissimaelectionis

156 3385 337 3441 quam
356 3387 523 3443 purae
551 3369 1374 3442 supplicationisincensum.¢
1400 3368 1632 3424 Gratius
1649 3383 1811 3422 nam-

156 3475 268 3530 que
301 3463 455 3516 Deus
481 3461 542 3515 in
571 3476 704 3524 suo,
726 3476 910 3531 quam
941 3460 1002 3515 in
1015 3459 1278 3515 hominis
1302 3473 1482 3530 opere
1501 3456 1814 3530 requiescit

159 3554 211 3602 et
240 3564 360 3603 non
388 3555 508 3604 tam
523 3548 774 3604 libenter
786 3548 1072 3604 odoratur
1090 3546 1117 3587 ἀ
1145 3547 1412 3602 Arabicae
1437 3545 1668 3602 arboris
1682 3549 1814 3615 gut-

162 3642 274 3692 tam
289 3655 476 3711 quam
501 3638 713 3694 sinceri
729 3637 924 3693 cordis
940 3642 997 3693 et
1017 3636 1270 3708 pectoris
1291 3636 1814 3703 sanctitatem.Ap-

162 3729 353 3794 paruit
375 3729 431 3782 ei
444 3727 685 3798 angelus
707 3729 942 3783 Domini
948 3725 1347 3797 ,inquit,stans
1360 3740 1396 3781 a
1409 3725 1636 3781 dextris
1657 3725 1810 3780 alta-

166 3816 243 3871 ris
269 3817 514 3872 incensi.
548 3816 748 3870 Dicere
771 3815 1100 3878 suffecerat,
1146 3815 1425 3886 apparuit
1454 3818 1509 3868 et
1538 3813 1809 3882 angelus,

163 3905 298 3976 quid
324 3922 690 3978 magnopere
711 3919 736 3947 ο
768 3922 803 3960 a
824 3905 1044 3962 dextris
1075 3905 1274 3961 altaris
1291 3905 1318 3958 ‘t
1343 3907 1410 3962 Ut
1434 3920 1566 3960 esse
1588 3904 1649 3958 in
1676 3918 1813 3958 san-

164 3995 260 4049 ctis
291 3995 519 4065 angelis
545 3994 782 4050 auditor
807 3993 1101 4062 intelligas
1130 3993 1209 4048 nil
1228 3992 1550 4055 sinistrum,
1577 3992 1808 4046 dicente

166 4083 473 4156 Scriptura.
520 4083 653 4140 Vias
684 4098 789 4153 que
840 4098 876 4138 a
907 4082 1138 4138 dextris
1163 4088 1300 4136 sunt
1332 4082 1498 4136 novit
1519 4081 1808 4136 Dominus

165 4172 343 4238 (Prov.
378 4176 665 4243 v1,ju:cta
696 4172 900 4244 LXX).
959 4172 1256 4241 Apparuit
1303 4169 1352 4224 ei
1380 4170 1640 4240 angelus.
1666 4171 1806 4226 Cum

158 4263 269 4332 jam
296 4263 595 4319 defecerat
614 4266 769 4318 totus
792 4263 994 4325 homo,
1021 4266 1083 4314 ut
1100 4264 1233 4314 ante
1250 4259 1514 4314 Joannes
1537 4273 1804 4314 nascere-

163 4358 246 4406 tur
268 4368 339 4408 ex
366 4353 565 4417 sterili,
593 4367 769 4424 quam
799 4350 1062 4406 Christus
1090 4352 1432 4404 nasceretur
1462 4363 1531 4402 ex
1550 4347 1804 4418 Virgine,

165 4440 375 4496 dictum
399 4447 485 4497 est
500 4441 812 4495 deloanne
835 4457 847 4492 :
872 4439 1019 4494 Ecce
1036 4453 1134 4508 ego
1155 4438 1322 4492 mitto
1337 4437 1614 4507 angelum
1626 4453 1807 4494 meum

167 4529 383 4594 (Matth.
433 4532 528 4597 xi).
567 4529 739 4593 Felix,
791 4544 926 4600 quae
959 4532 1019 4581 ut
1059 4528 1119 4581 in
1160 4529 1344 4581 Deum
1378 4533 1690 4592 cresceret,
1745 4526 1805 4583 in
1840 4513 1884 4571 Ῑ)

226 4660 248 4688 ι
277 4647 374 4701 Ms.
414 4648 686 4709 Ctesense,
718 4643 1006 4698 sterilitate
1035 4645 1274 4697 senectus
1299 4641 1617 4712 duplicavit
1638 4642 1807 4696 mira-

166 4716 358 4771 culum.
395 4718 485 4770 Ait
505 4715 732 4770 Grotius
765 4732 778 4770 :
821 4717 905 4768 Ad
937 4719 1096 4769 vetus
1135 4713 1454 4768 sterilitatis
1486 4713 1683 4769 vitium
1717 4731 1807 4770 ac-

167 4790 358 4842 cedens
388 4788 869 4857 impedimentum
897 4787 1100 4840 aetatis.

226 4860 252 4900 b
283 4862 395 4913 Hoc
426 4855 529 4923 est,
568 4859 892 4928 plantatur;
944 4862 1000 4912 et
1042 4860 1226 4911 instar
1277 4857 1545 4929 arborum
1598 4855 1802 4929 injam

159 4929 410 4997 plantata
439 4927 776 4985 credulitate
818 4930 940 4999 ipsa
970 4930 1108 4983 ﬁdes
1144 4927 1426 4999 inseritur.
1460 4930 1621 4982 MITA.

222 5015 242 5042 ο
271 5004 653 5056 Communem
679 4998 980 5055 lectionem
1016 5000 1224 5070 placuit
1255 4998 1518 5054 retinere.
1552 5001 1650 5054 Ms.
1685 5000 1804 5054 Ca3-

157 5087 296 5127 senas
345 5073 549 5127 habet:
582 5073 782 5127 Gratia
811 5089 1048 5142 namque
1079 5073 1173 5128 Dei
1197 5079 1304 5126 tam
1340 5072 1397 5124 in
1423 5087 1522 5125 suo
1550 5089 1713 5140 quam
1744 5074 1802 5126 in

152 5142 384 5197 honzinis
414 5160 576 5214 opere
608 5143 903 5212 requievit.

215 5215 239 5255 ἀ
271 5216 448 5268 Exod.
474 5231 592 5269 xxx
616 5217 1031 5268 enumerantur
1060 5217 1304 5281 quatuor
1325 5216 1652 5266 aromatum
1678 5229 1798 5282 spe-

144 5286 270 5346 cies,
311 5303 342 5340 e
388 5286 589 5356 quibus
623 5285 946 5356 thymiama
998 5283 1194 5356 conﬁci
1241 5285 1535 5356 debuerat,
1579 5284 1693 5338 Deo
1739 5284 1796 5338 in

141 5357 358 5429 templo
406 5354 786 5412 adolendum.
855 5355 1004 5410 Inter
1048 5354 1148 5409 has
1188 5355 1414 5429 nataph,
1465 5354 1521 5408 id
1575 5359 1678 5429 est,
1736 5360 1798 5410 ut

140 5426 280 5483 bene
321 5433 485 5483 notat
510 5429 913 5499 Chrysologus,
948 5434 1105 5497 gutta
1131 5443 1258 5497 qua:
1289 5426 1413 5499 fluit
1458 5443 1523 5480 ex
1569 5428 1792 5495 arbore,

133 5501 348 5556 idcirco
377 5506 572 5558 στακτὴ
598 5497 770 5563 dicta,
798 5497 939 5571 quia
969 5499 1110 5567 ﬂuit,
1143 5515 1243 5571 seu
1274 5497 1471 5571 stillat.

205 5586 230 5614 ο
261 5572 571 5628 Zacharias
602 5567 952 5643 operabatur
984 5571 1043 5643 in
1072 5568 1332 5643 orientali
1366 5567 1544 5623 latere
1570 5567 1790 5643 altaris,

130 5645 333 5717 ibique
367 5640 656 5700 adolebat;
701 5643 874 5699 Latus
931 5641 1280 5698 occidentale
1321 5646 1446 5697 erat
1465 5640 1792 5713 proximum

1919 3370 2183 3426 breviato
2194 3368 2462 3440 cupimus
2475 3381 2751 3422 sermone
2778 3362 3154 3426 concludere,
3168 3375 3304 3432 quae
3317 3357 3568 3412 maxime

1921 3459 2177 3515 dicenda
2199 3462 2355 3523 sunt,
2384 3461 2709 3519 transeam,
2732 3456 3020 3527 proxime,
3036 3452 3084 3506 si
3108 3451 3227 3505 Deo
3257 3443 3568 3519 placuerit,

1921 3549 1994 3604 de
2025 3545 2415 3620 sequentibus
2438 3545 2823 3601 disseremus.

2449 3634 2678 3690 SEBMO
2721 3629 3036 3687 LXXXVIII.

2575 3724 2662 3778 De
2687 3721 2914 3778 eisdem.

1993 3816 2238 3884 Semper
2263 3811 2480 3867 debere
2511 3810 2756 3866 anxium
2787 3813 2894 3874 est,
2914 3807 3141 3877 fratres,
3157 3818 3394 3874 semper
3410 3800 3573 3858 triste

1918 3902 2140 3958 fenoris
2167 3900 2421 3956 vinculis
2449 3899 2677 3968 alligari
2704 3917 2716 3964 ;
2747 3897 2852 3952 sed
2885 3913 3001 3960 me,
3025 3910 3207 3966 quem
3231 3893 3403 3948 vobis
3438 3905 3573 3946 mea

1919 4007 2076 4063 saepe
2097 3991 2237 4047 facit
2261 3988 2577 4061 promissio
2602 3986 2955 4048 debitorem,
2991 3983 3134 4038 satis
3165 3982 3296 4052 ipsa
3331 3980 3404 4034 de
3434 3977 3569 4033 talis

1916 4081 2099 4136 debiti
2130 4083 2342 4136 natura
2359 4083 2415 4133 et
2433 4075 2800 4145 obligatione
2812 4071 3135 4135 blanditur,
3152 4069 3288 4140 quia
3305 4068 3425 4130 dat,
3446 4080 3567 4120 non

1916 4170 2148 4240 accipit,
2182 4167 2285 4240 qui
2316 4165 2634 4239 promittit;
2667 4168 2723 4219 et
2750 4161 2854 4235 qui
2875 4159 3080 4216 dando
3101 4157 3290 4221 debet,
3325 4155 3433 4210 sibi
3455 4169 3570 4209 ma-

1918 4259 2210 4330 gisipsum
2235 4254 2716 4311 facitobnoxium
2744 4249 3088 4307 creditorem
3111 4250 3320 4316 ;atque
3348 4241 3567 4315 ubiqui

1917 4347 2166 4404 credidit
2197 4346 2394 4412 debet,
2422 4349 2478 4399 et
2503 4343 2607 4415 qui
2633 4342 2809 4398 debet
2838 4336 3104 4404 credidit,
3138 4336 3218 4390 ibi
3251 4332 3565 4389 necessitu-

1915 4438 2086 4502 dinis,
2118 4452 2237 4492 non
2253 4433 2623 4490 necessitatis
2649 4431 2939 4504 probatur
2957 4442 3084 4482 esse
3116 4427 3455 4480 contractus
3475 4439 3490 4489 ;
3513 4425 3571 4477 et

1915 4529 1974 4583 in
2009 4526 2106 4582 tali
2137 4527 2337 4581 fenore
2366 4524 2584 4579 animm
2615 4536 2736 4577 non
2766 4519 2983 4588 oneris,
3018 4515 3122 4571 sed
3143 4511 3387 4570 honoris
3414 4527 3569 4584 prae-

1914 4645 2096 4707 Arcae,
2131 4640 2217 4696 cui
2250 4639 2486 4712 angelus
2511 4638 2776 4712 indecore
2802 4638 3029 4712 tergum
3045 4629 3403 4712 ob_vertisset,
3428 4625 3472 4681 si
3486 4627 3568 4707 .ad

1913 4713 2054 4767 illud
2086 4699 2242 4766 latus
2270 4699 2517 4766 stctisset
2541 4729 2553 4774 ;
2578 4709 2824 4779 ideoque
2837 4699 2993 4761 stétit
3016 4703 3074 4758 in
3096 4701 3309 4758 dextris
3331 4699 3562 4763 altaris;

1914 4801 2119 4854 nempe
2152 4786 2223 4838 ad
2249 4784 2396 4838 latus
2419 4778 2885 4854 septentrionale.
2980 4847 2999 4854 Δ
3183 4845 3195 4854 Δ
3235 4843 3251 4854 ,
3287 4843 3297 4852 ,
3352 4842 3400 4854 ω

1985 4855 2007 4896 f
2031 4842 2157 4910 Mss.
2185 4856 2396 4909 habent
2423 4842 2716 4922 concipere,
2746 4849 2833 4904 vel
2861 4847 3138 4922 conﬁcere.
3168 4843 3255 4898 Ad
3285 4842 3564 4897 inflictum

1912 4945 1946 4982 a
1975 4927 2217 4983 librariis
2247 4926 2451 4981 vulnus
2484 4919 2596 4979 non
2626 4926 2863 4977 sanatur
2889 4919 3102 4991 adhuc.
3419 4983 3428 4991 ν

1983 5001 2137 5055 sMs.
2200 5002 2410 5055 Censen.
2473 5000 2530 5051 et
2581 4991 2881 5056 Vallicell.,
2940 4988 3196 5044 vitalium
3254 4988 3564 5056 germinum

1910 5079 2422 5211 ⁷ηίῖιιϐζίεἱερῐππίειε
2448 5137 2682 5211 locutio.
2733 5134 2959 5189 Liberet
3016 5128 3562 5211 primumonaturam

1913 5198 2230 5267 humanam
2263 5218 2561 5281 tamquam
2606 5207 2847 5269 fontem,
2881 5220 2953 5281 ex
2985 5198 3097 5281 quo
3129 5198 3392 5281 homines
3417 5200 3564 5281 tam:

1911 5301 2084 5355 quam
2115 5282 2279 5337 rivuli
2312 5269 2686 5347 emanant,ut
2707 5294 2739 5332 a
2763 5269 3022 5330 sordibus
3040 5270 3205 5325 rivuli
3233 5269 3338 5342 ipsi
3363 5269 3563 5324 mundi

1908 5357 2242 5410 reddantur.
2269 5355 2428 5407 MITA.

1979 5426 1990 5465 ἱ
2023 5425 2158 5480 Vide
2185 5423 2438 5496 apposite
2470 5424 2541 5477 ad
2574 5421 2691 5496 hinc
2724 5417 3067 5496 Cornelium
3093 5415 3562 5496 aALapide.Co.m-

1907 5501 2085 5552 ment.
2121 5497 2176 5551 in
2212 5485 2341 5550 Luc.
2375 5511 2430 5559 v,
2463 5496 2554 5562 42,
2581 5493 2669 5556 43,
2705 5508 2833 5564 pag.
2862 5490 2950 5553 24,
2973 5488 3090 5564 col.
3123 5491 3173 5556 l,
3207 5485 3266 5542 in
3307 5485 3548 5560 princip,

1971 5569 1988 5622 i
2022 5568 2124 5623 Ms.
2167 5571 2437 5633 Cmsenee,
2469 5573 2592 5621 ante
2616 5563 2804 5621 mutus
2830 5563 3100 5634 loquitur.
