3958 6182
391 377 505 438 ω

1682 373 1741 432 8,
1789 357 2012 424 PETRI
2042 353 2516 422 CHRYSOLOGI.

3684 361 3802 425 448

389 506 579 563 dulcis
603 506 780 562 currit
809 523 1010 564 usura.
1028 509 1424 578 Posteaquam
1440 503 1734 561 Zachariae
1752 494 2038 556 sacerdoti
2069 493 2116 553 A
2147 490 2422 547 omnibus
2444 493 2558 565 egit
2577 493 2932 566 supplicatio
2955 491 3301 558 sacerdotis,
3334 505 3440 546 cur
3459 491 3706 562 angelus
3721 493 3792 550 de

387 596 742 669 apparuisse
767 597 1039 665 angelum
1068 595 1301 651 Domini
1328 594 1706 663 evangelicus
1724 604 1918 647 sermo
1947 586 2014 640 de

389 685 641 756 scripsit,
657 685 1087 754 adjecitdicens
1113 700 1124 738 :
1147 684 1216 738 Et
1241 683 1502 738 turbatus
1514 689 1595 738 est
1610 679 1938 738 Zacharias
1953 674 2036 731 vi-

389 773 543 835 dens,
570 777 626 827 et
647 775 818 826 timor
837 772 1011 826 irruit
1035 787 1347 837 supereum
1368 783 1379 837 (
1398 774 1535 826 Luc.
1566 774 1626 841 ι).
1654 769 1712 824 Si
1740 769 1814 822 de
1824 763 2041 836 judicis

389 864 680 932 potestate
690 859 976 914 sollicitus
990 864 1094 924 est,
1110 859 1216 930 qui
1229 873 1456 931 semper
1466 859 1540 914 de
1554 857 1908 930 apparitoris
1927 857 2043 907 tur-

389 948 569 1004 batur
595 951 649 1003 et
680 948 1082 1003 contremiscit
1105 947 1387 1011 adventu,
1405 952 1464 1004 et
1487 947 1750 1003 mandati
1773 944 2040 999 meritum

389 1035 463 1091 de
478 1041 735 1107 persona
751 1037 1040 1092 venientis
1061 1037 1320 1092 aestimat
1337 1041 1391 1092 et
1411 1036 1678 1101 metitur;
1698 1041 1752 1090 et
1771 1029 2042 1106 quamvis

387 1124 540 1180 bene
569 1125 842 1180 conscius
871 1130 1060 1197 pavet,
1093 1125 1283 1180 donec
1306 1139 1513 1181 causas
1541 1123 1833 1180 venientis
1863 1133 2046 1188 agno-

391 1214 885 1282 Scateti'ntelligat
910 1214 1285 1284 qualitatem;
1318 1213 1669 1286 quidfaciet,
1687 1222 2044 1286 quopavore

386 1303 856 1374 trepidabit.cum
879 1305 1232 1373 potestatem
1258 1317 1582 1374 supernam
1605 1297 2044 1356 senserithomi-

387 1391 788 1446 nisimbecilla
808 1395 1040 1454 natura,
1058 1406 1195 1446 cum
1209 1391 1530 1462 respexerit
1547 1392 1721 1446 homo
1746 1386 2039 1458 angelum,

389 1477 671 1534 etdivinaa
687 1480 843 1534 sedis
859 1491 884 1520 ε
916 1480 1254 1536 ministrum
1277 1480 1533 1535 viderit?
1557 1481 2042 1547 Caronumquam

389 1568 462 1623 de
493 1579 603 1622 sua
627 1569 982 1623 conscientia
1012 1575 1320 1624 estsecura
1345 1585 1358 1623 :
1383 1570 1534 1624 sicut
1553 1564 2037 1635 Zachariasipse,

390 1655 463 1711 de
479 1655 911 1728 quoloqnimur
925 1671 1102 1722 nunc,
1119 1657 1661 1729 comprobavit,qui
1679 1656 1736 1710 in
1753 1655 2044 1725 ipsotem-

389 1751 534 1816 pore
560 1744 912 1816 placationis
942 1745 1222 1801 oﬂ’endit:
1247 1747 1347 1818 qui
1375 1747 1520 1800 dum
1550 1744 1752 1807 credit,
1786 1741 2040 1808 dubitat,

390 1834 620 1889 dicente
631 1835 864 1905 angelo,
883 1835 1033 1900 Quia
1054 1849 1173 1890 non
1189 1835 1487 1890 credidisti
1507 1834 1694 1889 verbis
1711 1833 1890 1887 meis:
1908 1830 2043 1885 dum
2077 1855 2122 1912 Β

390 1922 688 1993 postulata
719 1928 1108 1993 premeretur,
1133 1923 1410 1988 incurrit;
1444 1923 1900 1989 condemnatur,
1917 1933 2045 1974 mu-

392 2017 536 2066 nera
551 2011 682 2082 ipsa
697 2027 841 2067 cum
857 2011 1117 2082 suscepit
1141 2031 1154 2082 ;
1184 2013 1282 2084 qui
1300 2025 1533 2076 vocem,
1550 2027 1682 2067 cum
1707 2025 1903 2065 vocem
1917 2024 2048 2081 per-

390 2099 551 2171 cipit,
573 2105 712 2156 tunc
739 2101 968 2156 amittit.
1006 2101 1149 2156 Hinc
1169 2105 1257 2155 est
1283 2102 1448 2173 quod
1463 2100 1705 2169 angelus
1721 2103 2045 2169 antequam

391 2188 677 2244 mandata
689 2187 1917 2260 pandat,donatradat,ret‘eratimpetrata,b
1937 2201 2047 2240 me-

391 2281 518 2332 tum
531 2277 964 2346 discutit,fugat
978 2278 1799 2343 timorem,confortatanimos
1814 2274 2045 2345 ancipiti

392 2364 749 2431 cogitatione
768 2364 1060 2429 turbatos,
1097 2371 1162 2420 ut
1187 2378 1355 2420 mens
1381 2380 1517 2436 quas
1547 2365 1906 2433 migraverat
1927 2378 1961 2417 a
1982 2377 2044 2416 se

393 2449 579 2506 nimio
592 2450 830 2520 pavoris
855 2463 1102 2506 excessu
1115 2494 1127 2511 .
1151 2452 1206 2506 in
1227 2452 1606 2523 semetipsum
1619 2466 1858 2506 reversa
1869 2451 2047 2505 bene-

393 2538 667 2594 ﬁciorum
701 2543 926 2595 tantam
958 2540 1195 2596 sentiret
1212 2546 1267 2596 et
1293 2548 1530 2613 caperet
1565 2539 1923 2610 largitatem,
1955 2538 2046 2593 di-

399 2643 539 2683 cens
563 2628 1509 2699 :NetimeasZacharia,qiwniam
1541 2630 1820 2686 exaudita
1849 2635 1935 2684 est
1952 2629 2049 2684 de-

395 2718 771 2786 precatiotua
800 2733 816 2770 :
843 2724 892 2771 et
913 2732 1070 2773 uxor
1087 2724 1189 2774 tua
1205 2719 1506 2774 Etisab'eth
1520 2720 1703 2790 pariet
1717 2718 1822 2772 tibi
1830 2718 2044 2785 ﬁlium,

397 2810 460 2861 et
477 2805 707 2861 vocabis
732 2815 943 2861 nomen
975 2809 1102 2877 ejus
1125 2807 1429 2864 Joannem.
1463 2811 1718 2863 Putasne
1768 2807 2048 2862 sacerdos

396 2897 595 2950 tantus
627 2894 708 2949 sic
733 2898 826 2949 est’
842 2895 1073 2969 populi,
1108 2897 1190 2951 sic
1215 2896 1613 2952 universitatis
1643 2895 1881 2962 oblitus,
1902 2895 2054 2951 utde

393 2981 683 3054 conceptu
713 2987 1009 3039 veterane!
1035 2986 1328 3057 conjugis,
1357 2997 1382 3027 ο
1410 2984 1484 3040 de
1513 2990 1690 3056 partu
1720 2985 2052 3056 desperatae

393 3071 604 3127 sterilis
634 3077 884 3139 rogaret,
922 3077 984 3127 ut
1007 3074 1117 3128 sibi
1149 3074 1257 3128 soli
1309 3074 1540 3144 legatus
1587 3074 1858 3130 omnium
1911 3079 2052 3129 tunc

391 3159 643 3228 adesset,
683 3164 747 3213 ut
779 3160 1106 3216 advocatus
1145 3163 1418 3216 omnium
1447 3177 1554 3233 pro
1583 3177 1644 3217 se
1669 3163 2052 3231 singulariter

391 3251 607 3310 oraret,
647 3251 709 3302 ut
740 3251 974 3302 tantum
1006 3249 1384 3321 pontiﬁcatus
1414 3250 1679 3306 oﬂicium
1703 3250 1730 3292 ά
1760 3252 1914 3306 intra
1947 3251 2052 3306 do-

393 3335 673 3392 mesticas
688 3342 939 3393 arctaret
954 3355 1153 3403 curas,
1171 3339 1660 3397 interfemiliares
1673 3341 1979 3398 clauderet
1995 3346 2052 3397 et

395 3430 716 3498 occuparet
735 3427 1065 3496 angustias,
1090 3434 1145 3485 et
1157 3429 1466 3485 incensum
1481 3431 1660 3486 totius
1673 3430 1870 3501 plebis
1888 3431 1944 3484 in
1959 3445 2051 3485 so-

392 3514 517 3570 lum
536 3515 895 3572 desiderium
909 3519 1200 3590 propriipi
1209 3520 1408 3589 gnaris
1419 3520 1720 3575 addiceret
1731 3525 2048 3575 veteranus

396 3605 662 3671 antistes,
687 3621 756 3661 ac
791 3605 889 3661 tali
911 3606 1205 3663 desiderio
1228 3608 1670 3677 grandaevus,et
1691 3608 1884 3679 ipsum
1899 3612 2052 3663 tem-

397 3708 511 3764 pus
521 3693 648 3762 jam
662 3693 1006 3764 respiciens,
1025 3695 1100 3750 ad
1117 3701 1352 3766 partum
1379 3695 2050 3751 suocendereturintem-

396 3780 686 3852 pestivum
703 3780 732 3834 i’
756 3781 944 3846 Absit,
976 3783 1202 3854 fratres,
1222 3784 1396 3848 absit,
1433 3784 1618 3839 uthoc
1635 3784 1707 3840 de
1730 3789 1936 3840 sancto
1949 3789 2050 3840 Za-

396 3867 598 3924 charia
628 3869 818 3924 ﬁdelis
839 3871 1414 3943 animasuspicetur.
1439 3873 1763 3944 Mquidem
1797 3873 2048 3943 angelus

397 3957 457 4012 iu
481 3958 594 4013 hoc
606 3956 790 4013 fuisse
808 3959 1170 4016 referttotlus
1193 3961 1944 4031 supplicationisetf‘ectum,
1965 3963 2051 4017 di-

395 4054 537 4103 cens
553 4065 564 4100 :
581 4047 871 4104 lia-audita
884 4050 1310 4118 estdeprecatio
1325 4056 1446 4114 tua,
1467 4060 1518 4107 et
1545 4066 1700 4107 uxor
1731 4059 1835 4108 tua
1862 4053 2051 4108 Eliso-

395 4137 528 4194 beth
564 4137 759 4205 pariet
791 4138 897 4193 tibi
904 4139 1117 4205 ﬁlium.
1144 4138 1198 4194 Si
1232 4139 1480 4211 angelus
1502 4140 1577 4195 ad
1596 4142 1774 4212 petita
1799 4157 2048 4212 respon-

392 4226 496 4291 dit,
532 4227 805 4282 sacerdos
836 4242 946 4298 pro
987 4227 1115 4284 solo
1141 4229 1392 4300 pignore
1422 4229 1801 4301 supplicavit,
1847 4230 1896 4286 si
1943 4245 2051 4301 pro

465 4370 492 4400 ι
523 4357 779 4433 Aliquid_
812 4375 1038 4429 semper
1094 4361 1324 4416 exitiale
1377 4362 1761 4431 spectantibus
1827 4367 2052 4433 spectra

397 4428 518 4482 haec
544 4429 881 4501 protendere
907 4428 1219 4501 censebant
1268 4428 1508 4491 Hebraei.
1554 4437 1820 4501 certaque
1851 4428 2049 4489 vicinae

398 4497 860 4573 mortisomina:
889 4500 1089 4573 Cenes.
1127 4517 1240 4566 XVI,
1270 4503 1369 4566 l3;
1399 4518 1568 4564 nam,
1603 4502 1670 4556 30
1696 4521 1707 4570 ;
1730 4497 1913 4556 'Exod.
1949 4521 2047 4573 xx,

401 4567 702 4645 l9;.}udic.
729 4572 922 4645 v1,_2_l,
959 4570 1060 4633 23;
1089 4587 1207 4636 xm,
1261 4573 1350 4629 t2.
1394 4573 1531 4627 Vide
1574 4567 1962 4645 Euthymium,
1996 4567 2053 4631 et

397 4638 790 4694 Maldonatum
827 4640 935 4693 hic.

470 4711 496 4750 δ
527 4707 749 4787 Similia
781 4710 1071 4787 origenes,
1103 4711 1300 4787 homil.
1334 4714 1367 4768 4
1402 4733 1424 4787 εγ
1449 4714 1600 4769 Nova
1630 4715 1832 4787 quippe
1863 4718 2046 4786 facies,

399 4781 652 4835 humanis
670 4783 950 4837 obtutibus
965 4800 1016 4837 se
1030 4783 1288 4848 prmbens,
1307 4786 1499 4839 turbat
1511 4781 1754 4852 mentem,
1771 4781 2052 4844 animum-

396 4870 492 4924 que
516 4859 861 4909 consternat:
916 4855 1069 4909 unde
1107 4857 1339 4925 angelus
1370 4861 1538 4911 sciens
1578 4859 1716 4914 hanc
1757 4859 2051 4915 humanam

396 4940 502 4980 esse
528 4931 807 4990 naturam,
839 4927 1076 4993 primum
1097 4927 1507 4997 perturbationi
1537 4931 1806 4984 medetur.

466 5008 488 5037 ε
511 4998 676 5074 Certe
715 4997 783 5051 de
810 4997 946 5074 filiis
968 5013 1082 5074 nec
1111 4998 1399 5074 cogitabat
1441 4999 1672 5074 quidem
1706 5019 1875 5057 senex
1910 5003 2048 5072 ipse,

393 5085 457 5122 ac
487 5067 693 5123 sterilis
722 5069 912 5123 uxoris
940 5067 1201 5125 maritus;
1246 5070 1359 5125 Nec
1395 5067 1493 5141 pro
1520 5073 1722 5128 eadem
1752 5067 2050 5128 sterilitate

394 5155 587 5215 orasse
619 5142 1261 5215 pronumestcredere,
1293 5148 1352 5195 ut
1379 5159 1481 5197 nec
1523 5144 1910 5215 rChrysologus
1933 5162 2050 5199 cre-

395 5210 557 5285 didit.
605 5209 708 5265 Alii
742 5211 1116 5285 nihilominus
1165 5217 1369 5285 putant
1407 5209 1741 5268 Zachariam
1769 5209 1893 5285 jam
1942 5217 2048 5285 pri-

395 5281 524 5336 dem
575 5297 676 5351 pro
727 5283 1085 5354 susceptione
1126 5281 1300 5354 prolis
1359 5286 1538 5339 Deum
1598 5281 1808 5349 orasse,
1872 5281 2050 5341 et'ad

397 5355 748 5431 transactam
781 5355 939 5431 illam
976 5356 1362 5431 precationem
1383 5357 1661 5431 angelum
1696 5359 2007 5426 respexisse
2037 5375 2048 5413 :

398 5422 540 5501 Yide
569 5423 930 5501 Ambrpsium
974 5422 1035 5501 in
1077 5427 1214 5501 Luc._
1244 5428 1398 5501 LuAd
1430 5422 1545 5501 rem
1573 5422 1830 5501 protinus
1862 5431 2052 5498 Augu-

399 5491 582 5570 stinus
632 5494 699 5546 de
731 5491 942 5560 Quasst.
974 5497 1241 5570 Evangel.
1275 5498 1374 5554 lib.
1405 5515 1478 5565 χι,
1502 5491 1886 5570 ἦθ’ριοὶηοὶρίο,
1911 5491 2053 5557 tom.

401 5561 668 5649 ιιιρρετ.
696 5581 746 5633 p.
787 5582 823 5619 ll
852 5584 979 5649 pag.
1017 5561 1295 5649 .t_'_19yed_it.-
1318 5561 1592 5640 Antuverp.‘

475 5632 716 5712 dLongo
766 5632 1144 5712 verosimilius
1189 5639 1430 5712 dicimus
1488 5632 1616 5695 cum
1672 5641 2059 5712 Chrysologo;

2147 581 2274 636 solo
2304 582 2553 652 pignore
2583 584 2778 640 retulit
2806 580 3167 654 impetrata?
3187 581 3338 647 Quid
3363 583 3790 654 tenemus,quid

2147 669 2249 724 diu
2265 671 2689 741 suspendimus
2703 673 2936 728 animos
2949 671 3294 728 auditorum
3309 671 3337 725 ?
3353 685 3534 741 quam
3553 686 3672 725 non
3689 670 3791 727 sibi

2150 758 2388 824 soli,sed
2421 762 2703 816 omnibus
2737 758 3503 816 adfueritistevenerandus
3521 760 3791 825 antistes;

2149 863 2334 919 quam
2362 849 2728 920 responderit
2757 849 3005 919 angelus
3054 847 3383 903 universis:
3419 862 3604 918 quam
3649 851 3797 903 Deus

2150 938 2520 1007 prospexerit
2547 939 2606 993 in
2634 955 2756 995 uno
2785 940 2898 994 isto
2929 937 3192 1007 gemine
3243 936 3588 1000 sacerdotis,
3621 952 3797 1008 quem

2152 1025 2519 1094 genitoribus
2544 1028 2746 1100 utique
2773 1032 2828 1083 et
2856 1028 2970 1099 ipsi
3001 1027 3207 1082 obhoc
3221 1025 3521 1096 delegerat
3548 1032 3797 1092 naturai,

2152 1119 2215 1168 ut
2231 1129 2370 1170 eum
2387 1115 2556 1172 daret
2578 1117 3284 1186 universitati,largeretur
3315 1114 3802 1186 saeculis,populis

2152 1205 2531 1272 condonaret,
2556 1211 2613 1262 et
2638 1207 2804 1263 ﬁeret
2819 1205 3168 1261 sacramenti
3192 1205 3350 1259 filius
3370 1205 3522 1260 inter
3539 1206 3800 1262 sacraria

2151 1305 2176 1333 ο
2207 1292 2444 1355 delatus,
2480 1295 2632 1349 inter
2661 1299 3030 1351 sacramenta
3048 1293 3803 1356 concessus,essetantistes

2150 1381 2223 1437 de
2253 1387 2599 1438 venerando
2625 1388 2939 1454 generatus
2961 1382 3234 1446 antistite,
3260 1387 3420 1436 esset
3438 1382 3685 1451 angelus
3703 1398 3805 1440 ore

2150 1471 2342 1540 angeli
2377 1477 2586 1527 sancta
2608 1477 2928 1544 conceptus
2950 1473 3007 1527 in
3046 1471 3296 1534 viscera,
3318 1477 3473 1526 esset
3495 1485 3607 1525 vox
3641 1470 3805 1526 Chri-

2151 1560 2222 1613 sti
2267 1577 2278 1614 :
2313 1561 2434 1630 Ego
2462 1575 2575 1617 vos:
2611 1561 2915 1616 clamantis
2947 1561 3007 1615 in
3040 1561 3258 1615 deserto
3289 1561 3488 1628 (Joan.
3527 1569 3566 1627 ι)
3612 1563 3808 1624 ;esset

2149 1649 2483 1705 voxChristi
2502 1650 2579 1705 ad
2597 1650 2881 1705 Christum
2913 1665 3026 1703 sua
3069 1653 3403 1704 reservatus
3417 1648 3492 1704 ad
3511 1653 3809 1719 tempora,

2151 1743 2306 1793 esset
2319 1751 2510 1809 praeco
2521 1739 2549 1792 ,Ι
2560 1739 2740 1794 udicis
2751 1739 3124 1810 praesentiam
3139 1737 3671 1799 clamatur~us,esset
3690 1753 3808 1808 pce-

2151 1828 2395 1883 nitentia
2423 1828 2680 1899 populos
2702 1828 3242 1883 Christivocaturus
3260 1826 3335 1882 ad
3364 1828 3808 1892 veniam-Quam

2153 1916 2431 1972 sacerdos
2457 1918 2716 1985 ergoiste
2742 1917 2869 1987 jam
2884 1917 2972 1972 sui
2991 1918 3247 1979 nescius,
3252 1917 3379 1986 jam
3398 1914 3507 1970 sibi
3523 1922 3804 1985 mortuus,

2153 2011 2470 2060 extraneus
2501 2005 2758 2076 conjugi,
2789 2005 2978 2061 soboli
2999 2006 3125 2075 jam
3145 2010 3396 2074 negatus
3411 2005 3595 2073 egerit
3615 2006 3810 2060 omni-

2154 2094 2290 2158 bus,
2325 2094 2605 2150 omnibus
2631 2095 2978 2165 impetrarit,
3000 2110 3136 2149 mox
3165 2093 3379 2162 angelo
3409 2093 3698 2149 referente
3719 2094 3809 2148 di-

2155 2185 2488 2249 scamus,Et
2504 2186 2683 2239 multi
2701 2185 2984 2255 inquit,in
3002 2183 3305 2238 nativitate
3325 2183 3440 2252 ejus
3463 2183 3812 2252 gaudebunt

2153 2275 2279 2328 Non
2309 2278 2396 2328 est
2417 2273 2750 2341 unigenitus
2815 2273 2916 2344 qui
2965 2277 3052 2328 est
3075 2278 3424 2327 cunctorum
3465 2276 3703 2327 creatus
3739 2271 3812 2326 ad

2155 2361 2596 2430 gaudiumE'r-it
2622 2362 2773 2416 enim
2794 2376 3037 2432 magnus
3068 2375 3263 2416 coram
3283 2361 3551 2416 Domino.
3578 2360 3689 2426 Qui
3713 2375 3812 2416 co-

2154 2465 2282 2504 ram
2309 2450 2428 2504 Deo
2447 2463 2704 2518 magnus
2718 2454 3090 2522 est,quantus
3103 2450 3367 2520 sitpenes
3379 2449 3652 2504 homines
3669 2449 3813 2520 quis

2155 2538 2477 2609 probabit?
2507 2539 2581 2594 Et
2603 2539 2873 2595 vinumet
2903 2539 3146 2594 siceram
3173 2553 3286 2593 non
3321 2538 3612 2602 bibet.Qui
3631 2544 3814 2593 natus

2157 2632 2242 2682 est
2267 2633 2472 2683 sancto
2529 2628 2602 2682 de
2632 2643 2880 2699 corpore
2911 2628 3258 2694 sacerdotis,
3281 2633 3339 2682 et
3369 2643 3609 2681 summa
3633 2641 3812 2682 sene-

2158 2721 2336 2782 ctuze,
2368 2715 2437 2770 ab
2462 2716 2743 2771 omnibus
2796 2716 2950 2771 vitiis
2977 2717 3282 2781 defmcato,
3317 2721 3494 2787 atque
3527 2721 3814 2787 exempto

2153 2804 3000 2875 juventutisincendiis,vinum
3015 2806 3463 2873 nescit,ignorat
3497 2805 3784 2860 siceramf
3802 2849 3814 2870 ,

2159 2910 2296 2967 quia
2326 2894 2752 2966 pariuntluxus
2769 2895 3066 2950 ebrietatis
3081 2901 3139 2950 et
3153 2895 3375 2958 vitia,et
3389 2900 3508 2950 tota
3519 2895 3818 2966 dissipant

2161 2997 2400 3038 morum
2426 2981 2664 3049 decora,
2696 2989 3051 3038 ornamenta
3098 2984 3406 3038 virtutum.
3441 2984 3514 3038 Et
3541 2983 3741 3037 vinum
3773 2988 3817 3036 et

2159 3073 2391 3127 siceram
2417 3089 2523 3127 non
2553 3073 2712 3137 bibet,
2743 3073 2836 3128 sed
2860 3072 3080 3142 Spiritu
3109 3080 3295 3128 sancto
3311 3073 3613 3138 reptebitur
3627 3073 3820 3127 adhuc

2162 3164 2220 3214 in
2250 3167 2401 3215 utero
2444 3161 2791 3215 matrissuae.
2822 3163 2998 3216 Juxta
3026 3161 3171 3215 illud
3210 3161 3470 3232 Apostoli
3499 3179 3515 3214 :
3558 3161 3817 3227 Fratres,

2160 3250 2332 3304 nolite
2363 3249 2636 3303 inebriari
2663 3250 2806 3314 vino,
2863 3252 2927 3305 in
2952 3266 3057 3321 quo
3085 3257 3163 3304 est
3190 3250 3434 3313 luxuria,
3466 3249 3556 3304 sed
3601 3253 3822 3320 replea-

2158 3339 2300 3393 mini
2325 3338 2541 3408 Spiritu
2565 3347 2753 3394 sancto
2780 3339 2936 3410 (Eph.
3003 3341 3078 3409 v).
3146 3341 3213 3394 Et
3239 3340 3463 3409 Spiritu
3509 3347 3696 3394 sancto
3739 3356 3820 3394 re-

2157 3428 2394 3498 plebitur
2423 3428 2593 3482 adhuc
2618 3427 2680 3482 in
2700 3435 2853 3482 utero
2888 3430 3088 3483 matris
3118 3445 3246 3483 sua.
3292 3431 3501 3484 Beatus
3524 3427 3819 3490 Joannes,

2159 3515 2260 3587 qui
2293 3522 2426 3571 ante
2439 3516 2539 3570 Dei
2573 3517 2787 3587 Spiritu
2813 3518 3027 3572 meruit
3052 3517 3318 3573 intonare
3342 3533 3524 3588 quam
3549 3517 3820 3572 hominis

2159 3605 2384 3673 vagiret
2406 3604 2467 3659 in
2496 3604 2675 3671 ﬂetu;
2710 3605 2940 3670 beatus,
2974 3606 3076 3676 qui
3109 3612 3244 3661 ante
3275 3605 3478 3660 divina
3500 3606 3821 3677 possidere

2160 3694 2570 3765 meruitquam
2606 3693 3191 3750 sortireturhumana
3221 3713 3234 3762 ;
3262 3695 3490 3758 beatus,
3538 3694 3646 3766 qui
3683 3700 3821 3750 ante

2159 3781 2374 3838 meruit
2404 3781 2615 3838 coelum
2647 3783 2794 3837 scire
2821 3797 3003 3853 quam
3031 3782 3824 3854 terram,beatus,qui,ante-

2157 3886 2340 3943 quam
2369 3871 2592 3925 videret
2624 3871 2960 3942 prmsentia,
3015 3871 3208 3926 futura
3236 3872 3449 3927 meruit
3483 3873 3771 3928 nuntiare
3803 3890 3816 3935 ;

2159 3959 2390 4024 beatus,
2421 3959 2523 4030 qui
2543 3965 2677 4015 ante
2693 3961 2867 4015 Deum
2882 3975 3094 4030 capere
3110 3962 3298 4031 potuit
3327 3976 3510 4032 quam
3545 3976 3661 4016 suo
3695 3962 3826 4032 ipse

2159 4053 2468 4118 caperetur
2479 4063 2514 4102 a
2525 4063 2794 4119 corpore;
2805 4048 3010 4103 beatus
3023 4055 3078 4103 et
3093 4049 3464 4119 singulariter
3475 4053 3566 4104 est
3579 4049 3822 4118 beatus,

2158 4137 2606 4208 qui,antequam
2619 4138 3418 4208 saperetquaareremeritum
3432 4139 3826 4210 conquisivit;

2157 4225 2392 4291 beatus,
2417 4225 2521 4297 qui
2551 4241 2669 4281 non
2697 4226 2964 4295 pervenit
2991 4226 3062 4281 ad
3094 4227 3347 4295 gratiam
3383 4243 3486 4298 per
3517 4226 3822 4292 laborem,

2160 4357 2283 4411 mil.
2313 4359 2439 4414 Nat.
2466 4359 2520 4412 S.
2551 4359 2756 4412 Joann.
2781 4359 3049 4428 Baptista}
3076 4378 3090 4428 ;
3117 4359 3538 4430 Theophylacto
3571 4364 3626 4413 et
3649 4360 3786 4414 aliis
3817 4374 3829 4413 :

2162 4445 2260 4499 pro
2293 4430 2510 4483 Messias
2538 4432 2780 4483 adventu
2810 4445 2999 4484 orasse
3025 4447 3037 4495 ;
3067 4431 3148 4484 sui
3173 4431 3325 4485 enim
3356 4431 3543 4500 populi
3572 4432 3832 4486 salutem

2160 4517 2334 4570 quam
2369 4501 2547 4555 enixis
2579 4501 2836 4571 precibus
2886 4503 3248 4572 expostulare
3291 4519 3498 4556 munus
3551 4507 3683 4557 erat
3735 4520 3828 4557 sa-

2084 4586 2129 4643 Ῑ)
2160 4573 2476 4628 cerdotum.

2232 4655 2256 4683 ο
2281 4645 2378 4697 Ms.
2405 4643 2677 4706 Cmsenm,
2712 4644 3106 4697 annuntiatus.

2234 4713 2256 4756 τ
2285 4716 2476 4786 Sicera
2505 4713 2699 4786 vinum
2733 4720 2855 4767 erat
2877 4715 3258 4769 condimentis
3287 4715 3529 4770 mixtum
3561 4733 3572 4769 :
3608 4717 3682 4770 de
3713 4732 3831 4786 quo

2164 4785 2286 4858 vide
2317 4783 2698 4858 Theophilum
2730 4787 3148 4858 Antiochenum
3180 4789 3252 4840 ad
3294 4787 3425 4840 Luc.
3465 4803 3500 4851 1,
3546 4787 3631 4847 15.
3672 4783 3820 4858 pug.

2161 4857 2284 4910 331.
2319 4856 2496 4930 Paris.
2533 4855 2688 4930 1635.
2728 4857 2860 4930 Post
2904 4857 3284 4930 vinumnulila
3313 4859 3464 4930 potio
3499 4855 3838 4930 promptior

2161 4932 2216 4981 et
2248 4927 2432 4996 aptior
2485 4928 2815 4982 inducendae
2865 4928 3143 4983 ebrietati.
3189 4929 3460 4982 Nonnulli
3502 4927 3770 4984 'siceram
3804 4946 3837 4982 a

2164 4999 2292 5080 vino
2318 4998 2693 5080 distinguunt,
2725 5016 2965 5080 eamque
2985 5017 3155 5080 o_m_ne
3188 5000 3380 5053 vinum
3410 5000 3674 5080 ﬁctilium
3705 5017 3838 5080 esse

2161 5069 2380 5123 dicunt.
2446 5069 2554 5123 Alii
2603 5071 2808 5124 docent
2872 5069 3030 5124 innui
3083 5072 3188 5125 hoc
3244 5072 3518 5125 vocabulo
3559 5089 3742 5126 omne
3778 5072 3836 5125 id

2162 5141 2312 5210 quod
2361 5141 2624 5204 inebriat,
2657 5147 2887 5211 excepto
2929 5143 3078 5196 vino.
3134 5143 3275 5196 Vide
3305 5142 3840 5213 Theophylactum,

2163 5214 2557 5265 Balsamonem
2593 5213 2663 5265 ad
2715 5217 2849 5284 Cen.
2900 5215 2930 5265 3
2964 5215 3218 5284 Apostol.
3283 5231 3408 5284 pag.
3466 5213 3587 5266 234.
3639 5214 3838 5268 Paris.

2173 5285 2322 5336 1558.
2351 5286 2461 5337 Cur
2491 5289 2682 5336 autem
2711 5283 3042 5355 huiusmodi
3071 5284 3317 5354 potionis
3359 5283 3538 5355 genus
3578 5285 3841 5338 vetitum

2164 5355 2333 5409 fuerit
2358 5355 2619 5408 Nazareis
2676 5354 2720 5409 si
2782 5372 3022 5424 quzures,
3076 5354 3434 5410 confidenter
3472 5359 3847 5426 respondent

2165 5426 2383 5479 rabbini
2434 5427 2694 5480 arborem
2737 5429 2960 5480 Adamo
3016 5426 3250 5480 vetitam
3307 5427 3483 5482 vitem
3533 5426 3843 5481 uviferam

2171 5496 2360 5550 fuisse.
2392 5497 2586 5568 Nugae.
2633 5497 2745 5552 Vox
2780 5497 3053 5551 Hebraica
3085 5499 3287 5552 sechar
3313 5515 3484 5554 omne
3521 5498 3573 5552 id
3610 5497 3848 5568 signiﬁ-

2171 5572 2260 5621 cat
2292 5571 2443 5638 quod
2479 5568 2760 5622 inebriare
2810 5573 3014 5639 potest.
3060 5570 3195 5624 Vide
3254 5569 3656 5623 Duhamelium
3723 5570 3842 5624 hic.

2177 5639 2344 5711 Beda,
2408 5640 2463 5693 in
2498 5641 2626 5694 Luc.
2661 5658 2694 5707 ι,
2740 5657 2939 5698 veram
2995 5641 3184 5694 subdit
3228 5641 3395 5711 hujus
3426 5640 3847 5711 probibitionis

406 5703 749 5779 Augustino,
777 5705 875 5764 lib.
906 5713 925 5765 ι
956 5710 1169 5775 Ουωει.
1203 5711 1417 5783 Evang.
1444 5728 1460 5780 ;
1513 5703 2068 5786 Chrysost'omofho;
2174 5703 2478 5767 rationem.
