3958 6182
150 211 256 273 ιιο

1424 272 1443 289 ,
1532 196 1800 259 amo

3445 208 3561 273 4ὕο

154 343 247 401 sed
258 334 784 409 adlaboresipsius
796 336 1007 405 gratim
1021 334 1369 406 dignatione
1380 328 1797 388 descendit.Et
1829 332 1883 411 Α
1908 337 2111 391 noster
2122 340 2531 409 praeparareet
2554 333 2912 405 conﬁrmare
2936 335 3217 408 dignetur
3232 336 3291 393 in
3308 337 3564 408 gloriam

154 433 379 493 multos,
402 427 617 501 inquit,
635 424 901 491 ﬁliorum
932 428 1236 487 convertet.
1264 420 1353 478 Ad
1382 415 1609 493 quem?
1635 416 1803 472 Dicat
1909 422 2178 479 nomini;
2204 424 2323 482 sui,

154 520 416 591 angelus,
440 524 504 573 ut
533 515 674 589 quia
697 512 1097 584 blasphemat,
1123 512 1450 585 quianegat
1468 506 1802 573 haereticus,

155 622 178 651 ι
202 609 630 665 commutescat
655 623 670 668 ;
694 604 853 658 dicat
879 601 1150 672 angelus,
1186 606 1248 656 ut
1272 598 1477 655 audiat
1506 595 1719 661 ﬁdelis,
1749 598 1805 649 et

155 699 438 769 gaudeat;
475 694 676 750 credat
704 692 1040 755 haereticus,
1072 695 1128 746 et
1157 694 1443 746 recurrat.
1473 686 1803 742 Convertet.

156 787 233 843 Ad
264 801 441 859 quem
469 782 499 837 7
528 781 617 837 Ad
661 782 983 836 Dominum
1014 779 1218 849 Deum,
1262 777 1472 848 inquit,
1521 779 1803 843 ipsorum.

2459 513 2699 579 SEBMO
2743 513 3009 573 LXXXIX.

2563 606 2650 659 De
2680 603 2919 669 eisdem.

1986 689 2197 759 Omnia
2224 708 2360 763 quas
2376 708 2417 763 a
2440 692 2560 750 Deo
2590 697 2789 757 creata
2820 689 3326 759 suntinobisbona
3337 695 3495 759 sunt,
3517 696 3575 748 et

1912 776 2077 845 bona
2101 780 2293 848 avalde,
2320 782 2551 841 dicente
2572 780 2871 852 Scriptura
2896 779 3004 835 :Et
3024 778 3169 834 vidit
3188 781 3345 841 Deus
3367 780 3572 849 omnia

158 876 287 944 Quis
312 880 406 931 est
434 874 532 929 hic
556 872 712 926 Deus
730 870 757 924 ‘3
786 870 867 924 De
918 884 1041 940 quo
1066 867 1355 941 propheta
1387 865 1556 920 dicit:
1592 864 1706 918 Hic
1725 868 1805 918 est
1914 881 2303 941 quaecumque
2316 870 2485 939 fecit,
2513 877 2566 925 et
2611 884 2740 925 ecce
2768 867 2940 925 valde
2975 868 3127 925 bona
3142 868 3307 939 (Gen.
3332 885 3370 935 ι,
3381 871 3571 939 juma

161 968 306 1023 Deus
330 970 554 1031 noster,
578 966 631 1017 et
675 974 795 1014 non
832 966 912 1015 est
942 957 1095 1013 alius
1123 957 1340 1027 absque
1368 970 1432 1011 eo
1460 956 1565 1025 qui
1583 952 1809 1007 invenit
1915 956 2122 1027 LXX).
2173 960 2322 1029 Ergo
2361 959 2567 1017 omnia
2603 972 2737 1028 quae
2773 973 2811 1017 a
2839 956 2960 1012 Deo
2988 962 3187 1013 creata
3213 962 3373 1023 sunt,
3407 957 3573 1023 bona

159 1070 368 1112 omnem
384 1052 541 1109 viam
557 1048 971 1117 disciplinae,et
983 1047 1147 1101 dedit
1164 1061 1285 1102 eam
1298 1043 1478 1102 Jacob
1488 1057 1669 1114 puero
1683 1055 1804 1104 suo,

157 1152 204 1201 et
220 1145 400 1201 Israel
415 1142 749 1197 dilectosuo
769 1137 1012 1207 (Barac.
1030 1138 1134 1206 ιιι).
1155 1134 1409 1200 Quando
1430 1130 1631 1187 dedit?
1650 1132 1811 1186 Tunc

156 1234 349 1306 utique
369 1228 623 1304 quando
649 1224 1019 1298 legalibusin
1042 1223 1259 1280 tabulis
1283 1222 1461 1279 totius
1486 1220 1618 1274 vitae
1643 1233 1815 1287 regu-

154 1321 285 1385 lam,
313 1325 505 1375 totam
532 1314 864 1385 disciplinae
894 1311 1207 1383 descripsit
1227 1316 1283 1366 et
1301 1324 1598 1365 normam.
1616 1311 1817 1368 Atten.

157 1416 241 1467 tus
271 1413 407 1465 esto
440 1404 701 1471 auditor,
738 1408 798 1458 ut
828 1402 981 1457 scias
1006 1401 1143 1474 quis
1174 1406 1262 1455 est
1285 1399 1381 1454 hic
1408 1401 1560 1453 Deus
1591 1404 1812 1466 noster,

156 1494 382 1564 absque
416 1506 540 1563 quo
562 1488 715 1545 alius
741 1503 862 1542 non
888 1494 995 1541 est.
1017 1485 1159 1550 Quis
1172 1490 1260 1540 est
1281 1482 1456 1538 ?Post
1474 1482 1601 1540 haec
1618 1480 1682 1535 in
1705 1488 1817 1537 ter-

160 1584 236 1639 ris
256 1585 419 1639 visus
440 1584 606 1645 est,et
621 1592 751 1633 cum
762 1574 1092 1631 hominibus
1106 1578 1485 1630 conversatus
1504 1577 1585 1628 est
1602 1569 1812 1643 (lbid.).

1918 1050 2079 1111 sunt,
2108 1051 2164 1101 et
2193 1046 2219 1087 ἀ
2250 1047 2419 1103 valde
2444 1047 2611 1113 bona
2639 1062 2653 1101 :
2689 1045 2797 1101 sed
2844 1045 2992 1103 inter
3040 1045 3179 1103 vitia
3200 1046 3572 1118 virtutesque

1919 1134 2119 1191 media
2148 1134 2231 1190 sic
2259 1134 2583 1205 habentur,
2621 1139 2686 1191 ut
2710 1150 2782 1191 ex
2812 1134 2976 1206 ipsis,
3006 1138 3064 1188 et
3096 1134 3267 1206 periti
3287 1134 3571 1197 doctrinae

1922 1222 2232 1281 materiam
2246 1230 2510 1292 sumant,
2526 1229 2583 1280 et
2594 1226 2806 1281 erroris
2820 1238 3064 1278 causam
3082 1222 3574 1296 inveniantimpe-

1920 1311 2033 1369 riti.
2058 1313 2363 1383 Sapientes
2386 1328 2649 1384 namque
2665 1313 2993 1368 Creatorem
3006 1317 3291 1377 creaturas
3313 1318 3577 1368 contem-

1920 1398 2179 1471 platione
2193 1408 2563 1472 cognoscunt
2583 1402 2928 1467 ;stultivero
2943 1401 3085 1461 dum
3104 1407 3407 1467 creaturas
3422 1400 3579 1472 ipsas

1923 1487 2446 1559 deosexistimant,
2478 1506 2686 1563 sapere
2714 1495 3019 1561 nequeunt
3042 1488 3401 1551 Creatorem.
3434 1490 3581 1559 tlinc

1926 1582 2017 1632 est
2043 1578 2210 1649 quod
2247 1590 2273 1619 ο
2303 1578 2511 1645 solem,
2538 1579 2769 1643 lunam,
2798 1578 3021 1643 stellas,
3056 1593 3296 1645 aurum,
3327 1576 3578 1649 lapides,

160 1672 295 1738 Quis
325 1675 418 1726 est
439 1668 594 1725 alius
607 1669 772 1757 visus
793 1666 853 1719 in
878 1660 1587 1757 terrapisiﬁhristus,qui
1614 1666 1819 1715 nostra
1851 1698 1895 1757 Β
1924 1664 2108 1737 ligna,
2140 1666 2288 1723 deos
2312 1668 2427 1725 sibi
2443 1667 3129 1739 fece_runtgentiles,quze
3142 1666 3451 1733 Christiani
3478 1667 3580 1723 ad-

163 1766 246 1817 est
271 1761 667 1817 conversatus
696 1754 993 1810 incarne?
1024 1755 1087 1808 Et
1119 1752 1246 1823 quis
1265 1756 1354 1807 est
1395 1750 1548 1807 alius
1579 1763 1820 1805 conver-

164 1856 320 1907 satus
354 1864 495 1903 cum
526 1842 894 1907 hominibus,
926 1842 1039 1897 nisi
1069 1839 1166 1897 ille
1194 1840 1458 1913 quicum
1484 1837 1821 1895 hominibus

168 1939 438 1994 humano
464 1942 550 1990 est
572 1937 979 1990 commoratus
1017 1931 1078 1986 in
1105 1928 1392 2001 corpore?
1424 1931 1487 1983 Et
1535 1928 1589 1982 si
1611 1927 1707 1982 hic
1736 1930 1823 1982 est

174 2031 318 2083 Deus
345 2030 573 2089 noster,
608 2028 664 2078 et
692 2037 813 2077 non
840 2019 994 2076 alius
1016 2019 1244 2091 absque
1268 2016 1667 2085 eo,haeretice,
1684 2032 1821 2071 cum

170 2117 324 2173 hunc
348 2131 473 2171 non
500 2111 806 2174 habueris,
834 2125 1017 2181 quem
1045 2107 1344 2164 habebis?
1372 2107 1497 2163 Non
1528 2110 1609 2161 est
1649 2105 1820 2172 alius,

173 2203 376 2277 inquit,
411 2203 632 2273 absque
652 2215 716 2256 eo
731 2216 751 2266 ,'
785 2205 840 2254 et
868 2213 1031 2253 nunc
1075 2212 1197 2252 non
1226 2196 1396 2263 dicis,
1428 2197 1579 2267 Ergo
1608 2195 1708 2249 ubi
1734 2202 1826 2251 est

172 2295 332 2349 Pater
351 2293 379 2347 ?
401 2289 703 2361 Propheta
732 2288 905 2353 dicit;
951 2286 1086 2342 Non
1115 2291 1199 2341 est
1232 2284 1388 2341 alius
1405 2284 1613 2354 absque
1634 2297 1739 2355 eo;
1767 2286 1824 2337 et

172 2382 265 2438 ubi
287 2387 376 2437 est
400 2380 430 2438 7
460 2380 525 2434 In
550 2377 691 2434 Filio
716 2377 942 2449 utique,
970 2376 1115 2448 quia
1137 2379 1351 2446 praeter
1368 2373 1569 2428 Filium
1596 2387 1718 2427 non
1735 2375 1823 2427 est

174 2473 347 2527 Pater.
384 2470 507 2540 Ego
534 2470 598 2524 in
625 2468 822 2529 Patre,
856 2463 1020 2527 dicit,
1043 2471 1095 2521 et
1120 2463 1295 2519 Pater
1322 2463 1384 2517 in
1409 2477 1499 2519 me
1521 2466 1601 2518 est
1619 2461 1819 2532 (Joan.

176 2561 307 2629 nv).
344 2557 513 2613 Unde
544 2554 908 2629 etpropheta
932 2568 1054 2610 non
1086 2552 1245 2616 dixit,
1266 2554 1392 2611 Non
1413 2549 1687 2619 estalius,
1716 2547 1824 2603 sed

177 2648 295 2702 Non
318 2653 404 2702 est
442 2647 599 2701 alius
620 2643 837 2714 absque
854 2657 953 2697 eo:
980 2641 1095 2696 hoc
1117 2646 1207 2696 est
1234 2639 1451 2705 dicere,
1468 2641 1571 2693 Est
1578 2656 1597 2709 ;
1631 2637 1738 2694 sed
1764 2638 1823 2692 in

181 2737 296 2808 ipso
314 2741 423 2791 est.
470 2733 586 2789 Sed
622 2732 791 2798 dicis,
834 2734 898 2787 Et
926 2730 979 2786 si
1007 2732 1067 2786 in
1098 2730 1226 2801 ipso
1255 2734 1361 2794 est,
1386 2728 1697 2801 quomodo
1735 2731 1826 2781 est

183 2814 415 2880 aliustb
448 2820 746 2891 Hmretice,
796 2821 877 2876 sic
898 2825 985 2876 est
1015 2819 1167 2881 alius
1193 2833 1471 2891 persona,
1501 2822 1561 2871 ut
1600 2816 1672 2870 sit
1695 2817 1824 2887 ipse

183 2912 508 2968 substantia
536 2928 550 2977 ;
573 2910 656 2965 sic
669 2916 761 2966 est
790 2910 915 2982 ipse
946 2908 1306 2973 substantia,
1331 2912 1393 2962 ut
1414 2904 1575 2961 nulla
1592 2905 1667 2959 sit
1688 2920 1825 2959 con-

179 3001 321 3058 fusio
342 3000 639 3057 Trinitatis
662 3017 676 3067 ;
701 2999 785 3055 sic
814 3006 899 3054 est
927 2998 1123 3055 unitas
1145 2995 1459 3062 Trinitatis,
1483 3001 1545 3050 ut
1564 2993 1731 3049 nulla
1753 2994 1827 3049 sit

1927 1753 2085 1811 dicta
2106 1771 2224 1811 sum
2247 1756 2782 1829 sapiuntservituti.
2797 1760 2911 1812 Nec
2923 1755 3143 1819 mirum
3167 1755 3250 1819 sic
3270 1772 3401 1812 esse
3417 1754 3440 1797 ί
3466 1771 3579 1823 me-

1928 1845 2094 1904 diam
2114 1848 2717 1918 creaturam,quando
2736 1847 2868 1916 ipse
2897 1851 3127 1903 creator
3140 1845 3395 1911 omnium
3414 1843 3581 1911 Chri-

1926 1938 2060 1993 stus
2074 1938 2166 1989 est
2186 1932 2465 1989 ﬁdelibus
2493 1935 2555 1990 in
2580 1933 2856 1998 salutem,
2873 1932 3214 1997 inﬁdelibus
3235 1932 3296 1987 in
3316 1934 3575 2001 ruinam,

1930 2022 2544 2093 evangelistadicente
2579 2025 2680 2091 cui
2698 2023 2922 2094 positus
2946 2029 3026 2085 est
3051 2022 3114 2079 in
3130 2024 3381 2089 .minam
3398 2027 3455 2077 et
3476 2036 3579 2078 Are-

1930 2114 2353 2177 surrectionem
2365 2113 2696 2181 multorum
2709 2114 2962 2184 (Laeni).
2979 2109 3581 2185 Apostolietinmﬁliil

1930 2200 2229 2259 habentur
2249 2201 2314 2257 in
2333 2207 2609 2271 mortem,
2631 2200 2761 2257 aliis
2779 2200 3077 2267 habentur
3090 2201 3152 2256 in
3174 2200 3375 2267 vitam,
3396 2199 3583 2265 Paulo

1932 2289 2405 2361 probante,,cum
2422 2289 2566 2346 dicit
2592 2306 2607 2346 :
2633 2290 2995 2358 Quibusdam
3016 2304 3214 2345 sumus
3234 2290 3381 2347 odor
3390 2292 3586 2345 mortis

1932 2380 1996 2433 in
2014 2384 2285 2447 mortem,
2302 2379 2643 2451 quibusdam
2660 2387 2853 2443 autem
2875 2379 3021 2443 odor
3048 2382 3188 2443 vitae
3213 2380 3275 2443 in
3302 2380 3485 2443 vitam
3518 2379 3588 2448 ιιι

1935 2468 2061 2522 Cor.
2089 2466 2173 2539 ιι).
2194 2469 2343 2540 Ergo
2369 2475 2426 2525 et
2443 2469 2803 2539 evangelicae
2818 2468 3100 2524 lectiones
3120 2466 3271 2523 ﬁunt
3293 2467 3470 2533 bonis
3494 2466 3589 2523 in-
3660 2487 3671 2496 ο

1930 2553 2273 2629 telligentim
2292 2554 2593 2621 salutaris,
2610 2554 2787 2613 malis
2810 2571 2946 2623 vero
2956 2554 3180 2619 erroris
3192 2557 3457 2615 occasio.
3473 2557 3588 2611 An-

1932 2644 2103 2698 tehac
2116 2643 2482 2715 evangelista
2491 2643 3040 2713 beatissimus,cum
3050 2643 3326 2707 referre”
3333 2659 3585 2709 oannem

1931 2730 2257 2806 Baptistam
2277 2730 2522 2789 Herodis
2543 2730 2852 2801 astrictum
2866 2730 3134 2797 vinculis,
3157 2730 3458 2795 adulteriis
3475 2731 3583 2784 He-

1929 2817 2196 2875 rodiadis
2224 2820 2602 2891 exstinctum,
2639 2824 2976 2883 truncatum
2996 2818 3057 2885 in
3076 2818 3392 2889 prmmium
3406 2817 3581 2875 salta-

1934 2906 2420 2970 tricis,sensimus
2434 2906 2668 2979 aliquos
2680 2907 2863 2967 fuisse
2870 2910 3308 2978 permotos,cur
3319 2910 3475 2973 Deus
3487 2921 3579 2963 sa-

1931 2994 2161 3069 orilegte
2183 2995 2763 3067 sanctum,adulterie
2780 2995 3103 3065 virginem,
3116 2994 3393 3066 angelum
3410 2994 3581 3061 addi-

180 3055 235 3146 in
254 3055 479 3145 Deitate
501 3055 822 3159 distantia;
856 3088 936 3142 sic
958 3088 1018 3142 in
1043 3102 1106 3141 se
1135 3090 1241 3156 est,
1266 3089 1324 3140 et
1346 3055 1471 3139 sine
1486 3099 1547 3138 se
1570 3086 1693 3138 tota
1707 3084 1823 3137 Tri-
1930 3055 2107 3147 xeritv
2124 3055 2702 3153 saltatricisii‘ratres,
2748 3055 2992 3149 virtums
3030 3055 3583 3153 Joannis,‘tlerodis

178 3181 324 3238 nitas
360 3196 485 3237 non
529 3183 635 3248 est,
669 3184 733 3234 ut
760 3177 895 3234 insit
926 3177 987 3232 in
1014 3179 1201 3240 Patre,
1235 3180 1291 3231 et
1317 3174 1475 3239 Filio,
1508 3179 1565 3230 et
1603 3172 1828 3245 Spiritu

179 3275 376 3326 sancto
389 3266 784 3341 personalitas
801 3267 1064 3337 deﬁnita,
1085 3281 1209 3323 non
1228 3268 1507 3337 separata
1522 3262 1825 3319 divinitas.

176 3358 247 3413 Et
271 3360 397 3429 ipse
414 3357 706 3427 praecedet
734 3363 869 3411 ante
893 3357 1090 3412 illum.
1104 3360 1249 3410 Ante
1262 3369 1445 3426 quem
1466 3354 1493 3409 7
1506 3354 1655 3407 Ante
1670 3351 1829 3406 Chri-

178 3451 353 3511 stum,
389 3447 494 3520 qui
542 3450 629 3502 est
682 3445 839 3500 Deus
868 3444 1161 3516 ipsorum.
1216 3444 1371 3498 Deus
1408 3447 1630 3505 noster,
1675 3443 1830 3497 Deus

178 3536 469 3599 omnium,
490 3535 647 3590 Deus
674 3534 904 3605 absque
918 3548 1040 3606 quo
1055 3532 1345 3589 aliusnon
1367 3537 1457 3587 est
1480 3546 1495 3586 ;
1514 3531 1587 3586 In
1613 3529 1831 3585 virtute

176 3622 346 3681 Elite.
380 3627 565 3680 Nemo
587 3639 725 3679 cum
753 3623 864 3679 hoc
895 3622 1085 3689 audit,
1118 3633 1142 3662 ο
1170 3619 1588 3693 μετεμψύχωσιν
1628 3618 1829 3690 impu-

180 3717 254 3768 tet
284 3732 298 3772 :
332 3712 429 3770 hic
442 3713 717 3786 spiritum
742 3711 1087 3777 dicitillum,
1112 3726 1287 3782 quem
1310 3710 1690 3783 perdivinam
1701 3722 1833 3777 gra-

183 3801 318 3857 tiam
340 3796 568 3869 meruit,
588 3816 709 3858 non
736 3817 918 3873 quem
944 3801 1137 3863 carnis
1164 3807 1252 3855 est
1276 3803 1633 3856 consecutus
1651 3797 1730 3856 ad
1752 3795 1835 3851 vi-

184 3896 332 3963 tam;
358 3898 416 3948 e‘t
434 3891 710 3946 virtutem
732 3890 875 3946 dicit
902 3890 1067 3946 illam
1104 3905 1289 3961 quam
1315 3889 1389 3946 de
1432 3887 1707 3960 supernis
1729 3886 1835 3942 ha-

187 3977 324 4045 buit,
356 3996 481 4036 non
506 3979 671 4038 illam
696 3996 882 4052 quam
912 3984 1152 4050 propter
1176 3978 1442 4051 corporis
1472 3977 1728 4049 adeptus
1743 3979 1835 4031 est

188 4068 547 4127 ﬁrmitatem.
574 4060 833 4124 lcannes
852 4083 994 4137 ergo
1008 4067 1147 4122 Elim
1164 4068 1326 4121 venit
1346 4066 1406 4120 in
1437 4066 1668 4136 spiritu,
1697 4071 1753 4119 et
1772 4065 1833 4118 in

189 4157 311 4229 ejus
338 4158 549 4215 virtute
578 4157 866 4228 graditur,
900 4156 1002 4229 qui
1029 4161 1218 4212 totum
1248 4154 1427 4219 victu,
1462 4153 1694 4219 vestitu,
1724 4152 1833 4208 ho-

190 4260 343 4311 nore,
375 4248 667 4312 castitate,
704 4245 1079 4310 abstinentia,
1117 4250 1174 4299 et
1196 4242 1480 4300 omnibus
1514 4240 1702 4296 Etiam
1725 4241 1835 4296 vir-

192 4336 402 4391 tutibus
421 4341 809 4407 repraesentat
823 4340 877 4389 et
902 4334 1221 4390 Christum.
1236 4332 1551 4399 Prceparet
1582 4328 1834 4386 Domino

1933 3173 2173 3231 crimina
2182 3174 2256 3233 ab
2264 3173 2585 3243 undanters
2616 3176 2732 3243 alio
2742 3190 3004 3233 sermone
3014 3174 3417 3243 tractabimus:
3433 3191 3584 3244 nunc

1934 3262 2293 3335 eloquamur
2312 3278 2448 3336 qua:
2477 3263 2854 3331 vinculorum
2867 3278 3070 3330 causa.
3085 3264 3587 3337 carcerisqupne-

1936 3351 2352 3425 cessitas,quae
2365 3354 2572 3411 mortis
2587 3352 2801 3409 utilitas
2813 3352 3057 3409 fueritin
3072 3352 3587 3423 JoanneJoannes

1936 3456 2060 3499 non
2081 3440 2271 3513 potuit
2296 3442 2446 3497 mori
2467 3440 2501 3485 ιι
2520 3442 2836 3505 communi
2854 3442 3139 3515 sorte,qui
3155 3454 3335 3503 natus
3363 3447 3453 3499 est
3472 3443 3591 3515 pri-

1940 3530 2156 3602 vilegio
2182 3530 2505 3603 singulari:
2534 3547 2674 3589 cum
2704 3532 2968 3595 Christus
2994 3534 3148 3597 Deus
3162 3538 3503 3599 nasceretur
3528 3532 3593 3590 in

1943 3621 2407 3684 carneJoannes
2431 3620 2685 3691 angelus
2701 3626 2793 3681 est
2808 3628 3127 3693 generatus
3148 3621 3209 3677 in
3241 3620 3595 3686 terrie,utita

1941 3708 2138 3767 ofﬁcia
2160 3717 2392 3766 terrena
2416 3709 2626 3773 otﬁciis
2642 3726 2704 3773 se
2720 3712 3060 3777 coelestibus
3075 3712 3407 3783 miscerent,
3432 3713 3597 3778 sicut

1942 3798 2225 3874 humanis
2241 3815 2305 3854 se
2318 3798 3021 3870 divinamiscebant,etin
3037 3809 3189 3865 terra
3202 3804 3319 3865 Deo
3330 3801 3589 3873 angelus,

1942 3888 2198 3947 Domino
2211 3888 2359 3943 ordo
2381 3886 2631 3947 caelestis
2652 3888 2925 3960 obsequii
2941 3904 3064 3955 non
3078 3891 3459 3957 deesset..$ed
3490 3907 3595 3947 au-

1942 3977 2108 4035 diam
2116 3992 2183 4039 us
2194 3977 2469 4032 ordinem
2484 3977 3054 4045 nascentisloannis,
3080 3985 3370 4049 utcapsas
3388 3980 3593 4042 mortis

1942 4067 2074 4135 ejus
2090 4064 2359 4123 invenire
2370 4063 2702 4136 possimus.
2719 4065 2881 4131 Fuit,
2896 4065 3108 4136 inquit,
3123 4066 3187 4127 in
3206 4067 3411 4131 diebus
3425 4068 3593 4127 Hero-

1941 4153 2208 4222 dis,regis
2222 4151 2410 4218 Judte,
2433 4152 2697 4219 sacerdos
2707 4152 2945 4223 quidam
2960 4154 3195 4211 uom‘ne
3224 4156 3552 4213 Zacharias
3574 4168 3596 4227 ,°

1943 4243 2017 4298 de
2039 4242 2223 4297 mceA
2233 4241 2411 4306 bia,et
2430 4256 2584 4299 uxor
2596 4243 2655 4311 ei
2658 4257 2726 4299 us
2740 4242 2815 4301 de
2828 4242 3071 4312 ﬁtiabus
3082 4244 3311 4311 Aaron,
3325 4250 3597 4309 etnomen

1945 4332 2064 4403 ejus
2080 4329 2607 4395 EtisabethEraM
2621 4336 2817 4388 autem
2831 4332 3145 4403 ambojusti
3161 4335 3602 4407 anteDeum,ia-

184 4422 399 4490 plebem
420 4425 769 4493 perfectam.
800 4425 996 4488 Quam
1016 4423 1077 4477 in
1110 4420 1280 4477 vobis
1300 4421 1453 4475 Deus
1470 4423 1529 4474 et
1555 4418 1835 4473 Dominus
1870 4408 1915 4473 Ι)
1945 4419 2207 4476 cedentes
2222 4419 2284 4473 in
2295 4420 2567 4476 omnibus
2579 4420 2875 4480 mandatis
2892 4424 3475 4492 etjustiﬁcationibus
3494 4428 3601 4482 Do-

250 4559 277 4589 ι
308 4550 401 4603 Vel
435 4549 784 4615 detumescat,
819 4548 902 4604 ait
926 4547 1198 4603 Latinius.
1245 4544 1416 4608 Editi,
1445 4549 1835 4601 contumemat.

252 4620 281 4661 b
307 4620 575 4685 Arianos,
605 4614 883 4683 (Euenos,
915 4620 1169 4689 aliosque
1194 4618 1365 4689 hujus
1397 4614 1633 4672 furfuris
1664 4615 1837 4689 haere-

190 4690 319 4747 ticos
343 4691 695 4763 perstringit,
726 4692 822 4762 qui
868 4688 1091 4763 Christo
1138 4688 1516 4756 divinitatem,
1548 4688 1839 4744 eamdem-

192 4779 290 4832 que
320 4762 453 4819 cum
485 4765 657 4818 Patre
680 4762 1065 4818 substantiam
1098 4764 1406 4831 negabant.

256 4848 279 4877 α
305 4837 648 4890 Animarum
667 4834 725 4887 in
748 4835 863 4888 alia
877 4848 1115 4902 corpora
1136 4829 1464 4888 transitum.
1488 4829 1625 4886 Elia:
1642 4833 1837 4887 autem

192 4907 444 4961 animam
467 4906 525 4960 in
543 4906 825 4960 Joannem
841 4904 1283 4974 transmigrasse
1295 4902 1534 4958 nonnuli
1548 4916 1839 4958 commen-

191 4976 229 5029 ti
256 4978 503 5043 fuerant,
535 4979 686 5046 apud
729 4976 1113 5046 Augustinum
1159 4980 1361 5044 quiest.
1416 4976 1478 5027 17
1510 4974 1568 5027 in
1599 4974 1835 5028 Numer.

192 5049 393 5106 Confer
404 5046 818 5104 Tertullianum
842 5048 897 5102 in
913 5047 1010 5101 lib.
1032 5049 1101 5102 de
1120 5046 1339 5101 Anima.
1356 5046 1490 5099 Haec
1507 5048 1702 5099 autem
1715 5048 1840 5097 erat

192 5116 611 5175 Pharisaeorum
653 5119 866 5190 opinio,
906 5117 1259 5174 credentium
1294 5116 1530 5190 animas
1556 5116 1837 5190 bonorum

193 5206 348 5261 posse
387 5193 447 5246 in
478 5192 634 5246 aliud
661 5187 863 5261 corpus
893 5190 1246 5259 immigrare,
1273 5189 1410 5243 dum
1442 5187 1838 5261 improborum

192 5256 393 5319 anima:
421 5262 711 5335 perpetuis
742 5256 1143 5333 mancipantur
1180 5259 1503 5316 tormentis.
1548 5257 1687 5314 Vide
1715 5256 1840 5314 Cal-

197 5342 412 5390 metum
446 5336 502 5388 in
526 5334 723 5389 Matth.

260 5404 286 5445 ἀ
312 5408 370 5460 ld
396 5412 501 5469 est,
527 5409 752 5475 optima.
786 5404 995 5459 Carent
1024 5402 1177 5458 enim
1210 5400 1428 5475 Hebrrei
1466 5400 1834 5475 superlativo.

261 5489 286 5519 ο
310 5478 508 5534 Prima
534 5471 709 5533 fuisse
738 5475 1076 5531 idololatriae
1104 5473 1404 5544 principia,
1433 5489 1603 5528 nemo
1629 5476 1717 5528 est
1744 5471 1839 5544 qui

198 5550 433 5611 nesciat.
468 5548 603 5609 Vide
621 5548 935 5606 Diodorum
961 5543 1216 5605 Siculum
1242 5543 1513 5603 Bibliotb.
1544 5545 1640 5603 lib.
1666 5560 1707 5601 ι.
1729 5543 1839 5603 Un-

1945 4545 2014 4600 de
2038 4542 2439 4625 Athenienses,
2468 4549 2687 4625 spretae
2714 4546 3012 4625 religionis
3060 4547 3331 4625 vindices,
3379 4553 3603 4607 Anam.

1943 4632 2145 4691 goram
2169 4618 2522 4691 garrientem
2553 4618 2844 4683 insolem,
2875 4636 3047 4691 quem
3077 4620 3185 4690 ipsi
3216 4623 3388 4677 deum
3408 4626 3601 4680 crede-

1944 4690 2105 4750 bant,
2139 4694 2323 4743 morte
2350 4690 2749 4743 mulctandum
2779 4690 3071 4749 censuere.
3123 4693 3346 4751 Wower
3373 4696 3432 4749 in
3464 4697 3598 4751 Not.

1946 4758 2344 4837 adAQ‘ctavium
2380 4760 2580 4837 Minue.
2614 4778 2747 4831 pag.
2784 4763 2871 4837 73.
2904 4765 3099 4837 copi.

2017 4831 2037 4870 ι’
2064 4831 2140 4885 Ex
2168 4847 2284 4885 una
2309 4836 2472 4901 parte
2501 4832 2655 4896 boni,
2687 4850 2756 4889 ex
2784 4834 2900 4891 alia
2929 4835 3069 4889 mali
3104 4835 3391 4892 ministra.

2012 4912 2047 4956 ε
2072 4902 2250 4973 infra,
2276 4919 2453 4960 serm.
2487 4904 2609 4958 127.

1978 5044 1989 5054 Ι
2016 4974 2045 5016 h
2069 4975 2166 5028 Ms.
2199 4974 2411 5054 Caesen.
2436 4975 2819 5054 _et_Yancel.,
2836 4978 3109 5054 comment
3129 4984 3317 5054 morte.
3352 4977 3594 5054 Ambro-

1946 5046 2082 5118 sius,
2114 5061 2289 5101 serm.
2314 5047 2404 5111 83,
2431 5046 2489 5101 in
2516 5048 2647 5101 Nat.
2681 5050 2737 5104 S.
2789 5049 2960 5102 Joan.
2999 5050 3165 5117 Bapt.
3195 5064 3208 5102 ε
3261 5050 3372 5113 Qui
3396 5056 3600 5118 prwter

1946 5116 2219 5192 hominum
2248 5118 2593 5192 eatiuitatem
2638 5136 2703 5192 ea:
2732 5116 3151 5189 repromisst
3170 5116 3457 5190 generatis
3476 5121 3596 5192 fue-

1947 5194 2057 5251 rat,
2091 5188 2187 5241 Iioc
2230 5186 2302 5241 de
2348 5189 2450 5245 Deo
2489 5190 2714 5253 meruit,
2751 5186 2815 5244 ne
2839 5194 3104 5245 communi
3148 5186 3264 5246 cum
3292 5186 3509 5249 caeteris
3535 5193 3599 5248 de

1945 5258 2137 5334 male
2191 5264 2369 5313 morte
2420 5258 2732 5334 discederet,
2768 5262 2871 5334 sed
2920 5278 3135 5332 corpus,
3192 5266 3333 5334 quod
3378 5266 3603 5320 Domino

1946 5329 2177 5407 donante
2231 5337 2560 5399 susceperat,
2619 5331 2909 5407 Danaorum
2938 5329 3250 5407 coriﬁtendo
3278 5336 3599 5407 deponeret.

1946 5402 2096 5471 Ergo
2122 5400 2366 5458 Joannes
2355 5417 2487 5528 ὅταν
2506 5403 2694 5483 omnia
2712 5400 3049 5459 uoluntatem
3066 5406 3291 5461 Domini
3306 5400 3453 5479 fecit,
3468 5410 3605 5480 quia

1948 5478 2180 5528 propter
2196 5488 2328 5528 onus
2408 5487 2577 5528 onum
2596 5479 2645 5528 et
2672 5480 2833 5528 natus
2856 5484 2931 5528 cst
2957 5483 3006 5528 et
3033 5476 3338 5528 defunctus-
3369 5483 3531 5528 ιιι-η-

1943 5478 2180 5546 propter
2196 5488 2328 5543 opus
2355 5476 2577 5529 Densini
2596 5479 2645 5529 et
2672 5480 2833 5532 natus
2856 5484 2931 5532 est
2957 5483 3006 5531 et
3033 5476 3338 5553 Munatius.
3367 5476 3532 5540 liti.
