3958 6182
360 248 472 306 ΕΜ

1658 231 1720 291 S.
1766 221 1978 289 PETRI
2023 223 2503 299 CHRYSOLOGI.

3665 232 3777 294 452

354 377 508 432 mini
531 373 658 430 sine
679 369 922 444 querela
943 369 1100 442 (Luc.
1129 369 1193 438 1).
1223 368 1499 423 Oratores
1518 363 1720 437 magni
1744 366 1802 417 et
1816 359 2013 416 excel-
2043 363 2088 422 A
2123 362 2193 419 tis
2223 361 2342 432 Dei,
2371 364 2572 436 patriae
2590 361 2842 420 cmlestis
2865 361 3231 420 beatitudine
3253 362 3758 435 perfruatur.Ince

353 465 541 522 lentes
558 460 1052 534 ingenio,quoties
1065 456 1368 512 illustrium
1385 456 1643 509 virorum
1661 455 1866 523 parant
1881 465 2013 504 nar-

353 571 484 610 rare
514 553 776 614 virtutes,
810 566 951 605 avos
983 553 1309 616 atavosque
1341 546 1833 606 commemorant,
1857 538 2013 594 utad

353 644 642 699 honorem
662 637 1045 712 presentium
1078 633 1591 702 accedatdignitas
1609 631 2007 701 antiquorum,

355 738 412 787 et
435 733 565 787 laus
592 737 822 800 patrum
845 725 1103 779 ﬁliorum
1131 721 1426 777 redundet
1443 725 1519 777 ad
1539 719 1810 791 gloriam.
1831 717 2011 787 Major

356 821 657 876 estinnata
672 816 1055 884 gloriaquam
1067 811 1326 883 quaesita
1341 827 1354 876 ;
1372 811 1653 882 prmcedit
1668 808 1829 880 quod
1855 805 2012 860 venit

357 907 436 963 ab
453 904 677 974 origine
705 904 865 973 quod
893 899 1160 972 sequitur
1186 915 1254 954 ex
1278 897 1764 968 labore,gloriam
1781 894 2010 950 beatius

357 1001 446 1050 est
467 993 688 1049 habere
705 1007 888 1062 quam
905 1004 1170 1061 quaerere
1186 1008 1198 1047 :
1216 989 1354 1044 hinc
1367 986 1626 1060 estquod
1649 983 2010 1053 evangelista

355 1090 418 1140 ut
446 1081 679 1138 extollat
707 1078 1251 1147 Joannisgloriam,
1277 1078 1568 1132 Zachariae
1600 1075 1800 1147 patris,
1834 1072 2012 1128 Elisa-

354 1173 495 1228 beth
510 1171 717 1226 matris
730 1184 919 1238 genus
933 1168 1087 1230 dicit,
1105 1184 1133 1222 a
1145 1183 1248 1221 vos
1265 1163 1778 1231 memorat,scribit
1791 1163 2006 1233 merita,

353 1260 617 1333 loquitur
632 1257 851 1325 titulos,
868 1255 1090 1326 gradus
1114 1256 1345 1325 digerit,
1362 1256 1545 1310 vitam
1568 1250 2012 1326 pandit,dilatat

354 1349 630 1417 insignia,
652 1347 932 1417 praedicat
957 1345 1352 1400 sanctitatem.
1386 1344 1545 1408 Fuit,
1567 1342 1775 1412 inquit,
1803 1357 1866 1394 sn
1896 1339 2011 1395 die-

355 1439 457 1493 bus
477 1435 752 1503 Herodis,
779 1438 923 1504 regis
948 1433 1188 1489 Judcece.
1239 1435 1497 1504 Tempus
1539 1434 1832 1486 memorat
1855 1428 2009 1498 regis

352 1525 614 1589 nefandi,
657 1525 759 1595 qui
789 1539 1025 1578 sacrum
1067 1521 1379 1576 sacerdotii
1424 1519 1664 1576 violavit
1693 1519 2004 1583 honorem,

353 1614 621 1671 confudit
645 1613 941 1675 ordinem,
974 1617 1260 1666 statutum
1294 1609 1486 1680 solvit,
1512 1607 1754 1664 abstulit
1785 1606 2007 1662 institu-

353 1709 500 1760 tum.
519 1706 584 1759 Et
604 1703 717 1758 hoc
730 1700 1045 1757 acceditad
1066 1703 1340 1754 meritum
1361 1698 1659 1754 Zacharias
1685 1698 2006 1768 :quiacum
2035 1729 2081 1786 Β

354 1792 415 1847 in
428 1807 638 1846 omnes
651 1805 802 1862 pene
829 1791 1088 1845 Herodes
1103 1805 1285 1844 ausus
1298 1805 1420 1842 suae
1446 1787 1796 1843 temeritatis
1809 1789 2005 1840 exten-

351 1880 522 1944 ‘derit,
557 1896 742 1935 ausus
764 1880 836 1933 sit
868 1878 1016 1935 nihil
1036 1879 1095 1932 in
1118 1877 1252 1942 isto,
1273 1876 1586 1932 virtutibus
1615 1875 1685 1931 sit
1713 1875 1890 1945 hujus
1904 1889 2008 1945 op-

350 1985 610 2041 pressus,
634 1967 1023 2024 utsacerdotis
1040 1965 1408 2021 immaculata
1423 1965 1720 2021 successio
1743 1975 1767 2005 ι
1795 1964 1865 2018 ad
1886 1962 2008 2033 glo-

349 2058 503 2113 riam
525 2057 810 2127 germinis
839 2053 1236 2112 servaretur.b
1261 2055 1337 2109 Et
1361 2071 1503 2108 uxor
1526 2055 1643 2124 ejus
1689 2053 1754 2108 de
1780 2051 2008 2121 ﬁliabus

348 2148 768 2202 Aaron.Aaron
785 2148 1013 2217 primus
1038 2143 1301 2215 pontifex
1324 2143 1384 2198 in
1409 2143 1541 2212 lege
1568 2143 1673 2197 fuit
1694 2140 2008 2197 sacerdotii

349 2237 517 2306 origo
541 2253 554 2289 :
576 2233 1123 2306 propterea,merito
1136 2233 1554 2303 praetermissis
1567 2229 2006 2299 omnibus,ejus

349 2322 474 2378 ﬁlia
499 2324 730 2386 dicitur,
768 2322 940 2391 cujus
970 2321 1029 2374 in
1049 2337 1110 2374 se
1138 2320 1430 2375 memoria
1457 2319 2006 2391 prmtulitsanctita-

351 2415 490 2474 tem,
531 2425 716 2481 quam
771 2409 913 2463 tanti
955 2408 1187 2476 generis
1214 2409 1313 2478 pia
1345 2414 1539 2462 custos
1579 2406 2006 2476 gloriosissime

350 2497 741 2555 transfuditin
757 2497 941 2553 filium
953 2539 965 2551 .
991 2497 1104 2550 Sed
1117 2496 1296 2567 hujus
1309 2495 1518 2550 matris
1531 2495 1742 2550 laudes
1756 2509 2008 2563 evange-

349 2587 484 2644 lista
513 2585 825 2642 describit:
846 2585 1274 2656 Erant,inquit,
1298 2585 1464 2641 ambo
1474 2586 1633 2654 justi
1649 2591 1782 2640 ante
1795 2585 2005 2640 Deum.

353 2680 451 2733 Est
479 2692 638 2732 nova
662 2674 926 2738 felicitas,
959 2679 1016 2728 et
1044 2674 1392 2744 conjugium
1419 2673 1736 2743 singulare,
1763 2673 2007 2745 quando

353 2767 626 2822 manetin
639 2765 881 2820 duobus
894 2779 1065 2819 mens
1084 2778 1352 2830 una,una
1366 2765 1648 2818 sanctitas
1661 2763 1720 2817 in
1736 2761 2004 2818 duobus:

352 2856 671 2912 constabat
685 2861 876 2910 mente
888 2853 1050 2926 quod
1065 2853 1398 2909 distabatin
1413 2869 1584 2918 sexu;
1604 2858 1658 2907 et
1671 2852 1728 2907 in
1745 2852 2005 2907 moribus

351 2952 476 3000 erat
497 2961 700 3009 unum,
724 2943 890 3015 quod
917 2942 1264 3011 geminabat
1289 2947 1565 3012 aspectus
1591 2946 1679 3006 ;et
1698 2941 2006 2995 virtutibus

349 3033 640 3088 reddebat
654 3031 930 3101 pares,im
938 3047 1112 3100 pares
1127 3030 1534 3101 dederatquos
1547 3029 2002 3091 natura.Erant,

2119 453 2314 509 dentes
2341 455 2400 507 in
2421 454 2690 509 omnibus
2712 454 3009 509 mandatis
3028 462 3078 509 et
3093 452 3694 524 ⁸ᾔιιρςιίίὶεαιιόηἰὸιιδᾘὶ
3717 457 3782 511 in

2117 541 2488 607 omnibus,in
2503 543 2724 614 quibus
2744 559 2922 597 nemo
2942 543 3031 597 vel
3053 559 3123 614 pa
3134 543 3313 597 uci.ln
3331 543 3608 598 omnibus
3623 561 3784 600 man-

2117 630 2271 685 datis
2292 630 2377 700 etj
2391 631 2904 686 ustiticationibus.
2922 632 3061 696 Quis
3075 631 3222 685 fumi
3237 631 3471 686 nescius
3489 632 3782 704 cupidita-

2116 723 2245 773 tum
2275 718 2488 774 transit
2513 719 2788 776 incendia
2803 719 2831 774 τ
2852 721 2986 793 quis
3001 721 3131 775 vitae
3146 719 3443 775 lubricum
3464 736 3778 792 numquam

2115 806 2325 879 lapsus
2339 807 2578 865 evadit?
2594 825 2698 880 per
2715 809 2991 865 vitiorum
3011 809 3274 879 gurgites
3290 809 3416 880 quis
3432 809 3777 880 impollutus

2117 897 2380 952 incedit?
2399 899 2597 953 carnis
2618 899 2878 968 negotia,
2899 900 3030 954 vitae
3051 914 3288 964 causas,
3309 897 3534 954 eiactus
3563 899 3780 954 mundi

2117 986 2253 1058 quis
2281 987 2527 1058 peragit,
2553 993 2737 1044 etnon
2751 989 2929 1044 eritin
2948 987 3211 1060 querela,
3232 1004 3368 1043 eum
3395 989 3559 1044 nasci
3574 988 3781 1060 ipsum

2116 1075 2362 1148 plenum
2393 1076 2467 1131 sit
2495 1082 2550 1131 et
2579 1077 2860 1148 lacrymis
2886 1084 2940 1132 et
2969 1076 3226 1149 querelis
3245 1079 3268 1131 2
3289 1077 3557 1148 Namque
3571 1085 3782 1148 partu-

2117 1166 2276 1221 riens
2305 1166 2570 1236 queritur
2587 1182 2654 1220 ex
2682 1165 2904 1230 dolore,
2928 1171 2983 1220 et
3005 1171 3181 1221 natus
3198 1166 3257 1221 in
3276 1167 3573 1237 lacrymas
3589 1167 3786 1237 queri-

2118 1257 2211 1308 tur
2240 1268 2310 1307 ex
2342 1258 2573 1308 natura.
2611 1252 2724 1308 Sed
2749 1255 2808 1308 in
2845 1253 3126 1309 Zacharia
3159 1258 3216 1309 et
3246 1253 3539 1308 Elisabeth
3573 1260 3782 1309 reatus

2115 1341 2350 1406 occidit,
2368 1341 2814 1413 periitquerela,
2836 1344 3033 1397 omnis
3049 1346 3137 1397 est
3152 1347 3459 1414 amputata
3476 1343 3775 1406 causatio,

2116 1431 2260 1503 quia
2284 1431 2344 1485 in
2371 1430 2483 1485 illis
2510 1431 2838 1502 parabatur
2869 1431 3026 1486 unde
3064 1436 3187 1486 tota
3208 1433 3489 1487 sanctitas
3502 1447 3783 1487 nascere-

2116 1521 2241 1572 tur:
2269 1517 2374 1572 sed
2389 1518 2505 1574 hoc
2518 1536 2588 1574 ex
2607 1520 2740 1592 ipsa
2758 1520 2885 1590 jam
2909 1520 3159 1576 lectione
3178 1520 3388 1576 luceat.
3407 1521 3482 1574 Et
3495 1537 3611 1575 non
3643 1529 3781 1576 erat

2115 1607 2216 1670 eis,
2246 1607 2455 1679 inquit,
2477 1609 2731 1676 ﬁlius,eo
2744 1611 2902 1680 quod
2918 1613 3060 1665 esset
3073 1609 3375 1664 Etisabeth
3392 1611 3632 1665 sterilis.
3651 1611 3781 1665 Ste-

2115 1695 2302 1752 rilitas
2322 1699 2435 1751 ista
2456 1713 2579 1752 non
2609 1704 2735 1752 erat
2762 1698 3099 1762 maledicta,
3127 1697 3231 1752 sed
3258 1699 3530 1769 mystica,
3565 1698 3624 1752 in
3647 1715 3780 1770 qua

2115 1791 2321 1857 partus
2352 1801 2474 1841 non
2499 1786 2735 1842 ablatus
2747 1793 2856 1852 est,
2886 1787 2993 1842 sed
3017 1787 3239 1843 dilatus
3259 1806 3276 1858 ;
3300 1803 3493 1859 neque
3511 1788 3781 1860 eratpig-

2114 1874 2246 1930 nori
2264 1874 2488 1941 clausa,
2514 1876 2616 1931 sed
2638 1876 2888 1948 tempori
2912 1895 2923 1928 :
2948 1877 3253 1932 colebatur
3265 1878 3779 1948 tempore,virtute

2118 1963 2443 2030 serebatur,
2465 1965 3082 2031 maturabaturaetate,
3116 1971 3415 2021 senectute
3441 1966 3779 2031 crescebat,

2119 2063 2181 2108 ut
2206 2053 2264 2107 in
2279 2052 2401 2108 ﬁlio
2415 2053 2701 2123 singulari
2725 2059 2844 2109 tota
2861 2054 3191 2109 fecunditas
3208 2061 3780 2126 pensaretur,quan—

2117 2143 2190 2196 (lo
2204 2143 2261 2196 in
2279 2158 2392 2197 uno
2406 2142 3157 2198 nascebaturnumerositas
3171 2150 3456 2213 congesta
3473 2145 3777 2200 virtutum.

2118 2232 2294 2285 Beata
2307 2231 2578 2285 sterilitas
2596 2247 2732 2302 quae
2759 2247 2943 2286 unum
2969 2232 3317 2287 servabatur
3335 2232 3411 2287 ad
3443 2239 3783 2303 partum,et

2116 2319 2496 2390 exspectabat
2523 2319 2837 2383 Joannem,
2867 2321 2962 2374 cui
2989 2321 3131 2392 quia
3151 2321 3344 2392 prima
3365 2322 3568 2376 omnia
3580 2322 3780 2378 debe-

2115 2408 2353 2472 bantur,
2387 2408 2767 2479 primogeniti
2793 2408 3052 2478 dignitas
3090 2425 3210 2464 non
3239 2409 3468 2480 periret.
3499 2411 3571 2464 Et
3603 2412 3780 2467 ambo

2113 2504 2479 2568 processerant
2501 2500 2556 2548 in
2577 2495 2762 2550 diebus
2784 2497 2916 2551 suis.
2943 2497 3377 2560 Processerant,
3415 2513 3534 2554 non
3565 2498 3777 2555 deces-

2117 2589 2317 2640 serant
2345 2601 2356 2639 :
2386 2585 2528 2639 vixit
2552 2585 2611 2639 in
2643 2587 2866 2640 sanctis
2898 2591 3061 2654 aetas,
3097 2602 3216 2641 non
3242 2587 3472 2652 defecit,
3500 2588 3603 2642 sed
3629 2605 3775 2660 pro-

2116 2673 2309 2728 cessit.
2343 2680 2455 2728 Aut
2485 2672 2620 2744 quis
2651 2673 2761 2728 illis
2775 2672 3214 2745 deﬁcit,quibus
3235 2675 3778 2749 acceduntsemper

2115 2763 2482 2818 incrementa
2503 2762 2784 2817 virtutum
2805 2761 2834 2816 7
2857 2763 3004 2832 Ergo
3023 2763 3082 2818 in
3102 2765 3383 2819 Zacharia
3395 2772 3448 2820 et
3472 2765 3779 2822 Elisabeth

2116 2857 2310 2923 stupet
2335 2867 2531 2921 sexus,
2549 2851 3257 2920 frigescitcaro,membra
3280 2857 3604 2924 sOpIuntur,
3631 2861 3782 2911 tem-

2116 2957 2228 3012 pus
2253 2939 2673 3011 praeterit,aetas
2689 2941 2912 3005 transit,
2929 2939 2951 2981 τ
2976 2941 3259 2996 abolescit
3282 2948 3466 2996 totum
3481 2943 3664 3014 quidq
3685 2945 3780 2999 uid

2115 3034 2200 3083 est
2221 3035 2276 3082 et
2300 3028 2788 3083 humaniordinis
2816 3033 2871 3083 et
2895 3029 3780 3102 negotiiconjugalis,utdivino

347 3121 722 3192 inquit,justz'
737 3121 908 3175 ambo
921 3125 1061 3174 ante
1085 3121 1290 3174 Deum.
1310 3119 1540 3174 Placere
1549 3118 1790 3188 judiciis
1803 3119 2006 3172 huma-
2035 3095 2079 3154 δ
2117 3133 2381 3182 munere,
2398 3133 2512 3172 non
2527 3124 2697 3187 partu
2711 3134 2780 3172 ex
2795 3118 3122 3173 hominibus
3139 3119 3385 3188 angelus
3399 3128 3776 3180 nasceretur.

345 3211 459 3272 nis,
490 3221 514 3250 ο
545 3225 745 3263 coram
767 3207 1112 3263 hominibus
1143 3223 1272 3261 esse
1298 3207 1547 3276 justum,
1569 3214 1624 3262 et
1648 3207 1872 3261 virtutis
1894 3205 2000 3260 huc

349 3313 567 3362 mante,
595 3296 839 3351 maximi
870 3300 957 3350 est
979 3301 1035 3350 et
1059 3295 1282 3349 laboris
1303 3313 1316 3348 :
1335 3301 1471 3350 ante
1493 3296 1680 3349 Deum
1714 3295 1818 3365 qui
1845 3310 2004 3349 scru-

352 3391 507 3443 tatur
519 3386 718 3452 corda,
741 3384 1128 3454 cogitationes
1144 3383 1565 3451 discutit,videt
1578 3383 1866 3439 mentium
1882 3399 2004 3439 mo-

351 3482 471 3546 tus,
503 3491 634 3532 esse
650 3477 883 3546 justum
901 3474 1136 3528 humani
1153 3472 1375 3527 laboris
1393 3487 1514 3527 non
1529 3477 1632 3536 est,
1653 3473 1907 3527 muneris
1919 3476 2007 3528 est

351 3566 558 3622 divini.
582 3566 637 3621 Si
658 3579 916 3634 magnus
938 3567 1025 3618 est
1044 3561 1150 3633 qui
1171 3577 1293 3616 non
1319 3566 1525 3632 peccat
1543 3561 1604 3616 in
1631 3577 1828 3628 carne,
1861 3577 2005 3634 qua-

354 3661 526 3710 tenus
552 3659 640 3710 est
667 3655 770 3725 qui
787 3652 964 3708 corde
977 3667 1097 3707 non
1119 3651 1361 3722 peccat?
1381 3651 1640 3707 Joannes
1661 3666 1803 3720 ergo
1826 3667 2006 3721 supra

355 3757 599 3798 carnem
628 3749 715 3797 est
744 3745 920 3796 natus
932 3740 1001 3796 de
1026 3741 1171 3806 istis,
1188 3740 1291 3812 qui
1315 3745 1450 3795 ante
1473 3740 1656 3794 Deum
1676 3755 1783 3794 nec
1803 3739 2002 3806 corde,

357 3847 462 3887 nec
474 3847 717 3902 corpore
733 3830 1368 3902 peccaverunt.Adjecit
1385 3845 1529 3886 evan
1539 3829 1973 3899 gelista,dicens
1989 3847 2003 3886 :

354 3921 680 3976 Incedentes
694 3922 752 3975 in
764 3920 1017 3974 omnibus
1029 3918 1308 3974 mandatis
1321 3928 1371 3974 et
1376 3922 1412 3990 j
1416 3919 1887 3990 ustiﬁcationibus
1899 3922 2008 3975 Do-

354 4009 648 4065 minisine
684 4010 947 4080 querela.
967 4008 1341 4064 Incedentes:
1371 4008 1590 4064 incedit
1610 4008 1712 4080 qui
1748 4025 1868 4063 non
1895 4013 2009 4065 stat

351 4099 414 4154 in
445 4099 630 4154 triviis
654 4103 1058 4170 peccatorum,
1085 4097 1189 4169 qui
1216 4098 1594 4169 peregrinum
1621 4113 1681 4152 se
1706 4097 1820 4153 hoc
1835 4098 2011 4153 sentit

351 4187 414 4243 in
427 4188 660 4252 saeculo,
676 4187 772 4258 qui
788 4201 1024 4257 asperas
1042 4185 1315 4240 virtutum
1329 4187 1506 4240 intrat
1521 4185 1844 4256 intrepidus
1857 4201 2010 4240 man-

351 4278 569 4342 siones,
597 4279 700 4348 qui
730 4283 962 4331 montes
988 4274 1506 4344 justiﬁcationum,
1527 4273 1554 4314 ά
1581 4273 2008 4329 mandatorum

351 4365 528 4420 colles
541 4365 874 4419 indefessus
897 4363 1083 4418 viator
1095 4362 1382 4426 ascendit,
1400 4368 1463 4417 ut
1474 4363 1793 4434 praesentia
1804 4378 2009 4432 paren~

2116 3204 2587 3260 Promiseramus
2609 3205 2682 3260 de
2712 3213 2845 3261 ortu
2869 3207 3114 3262 Joannis
3157 3224 3370 3265 causas
3401 3211 3607 3265 mortis
3638 3213 3777 3283 ejus

2114 3309 2478 3365 expromere,
2495 3293 2592 3348 sed
2617 3295 2752 3365 quia
2767 3311 2877 3350 nos
2893 3296 3068 3351 hodie
3086 3296 3320 3367 longius
3336 3314 3530 3354 sermo
3543 3307 3776 3370 protra-

2113 3382 2366 3450 xit,etad
2379 3383 2798 3454 probationem
2825 3384 2908 3439 rei
2922 3387 3063 3440 satis
3086 3386 3260 3441 nobis
3276 3389 3617 3446 necessaria
3631 3397 3771 3446 sunt

2111 3487 2247 3542 quas
2275 3478 2623 3542 sequuntur,
2643 3487 2779 3544 quas
2802 3472 2983 3528 modo
2999 3473 3158 3529 dicta
3181 3481 3492 3531 suntortus
3514 3477 3656 3548 ejus
3676 3479 3775 3534 de-

2111 3564 2390 3632 putentur
2405 3560 2476 3615 ad
2492 3559 2766 3630 gloriam;
2787 3577 3009 3633 nosque
3021 3561 3232 3632 ingrati
3248 3580 3367 3620 non
3382 3566 3558 3620 simus
3572 3569 3769 3634 vobis,

2113 3649 2215 3720 qui
2238 3649 2568 3704 differimus
2586 3649 2872 3716 debitum,
2897 3663 2927 3704 ε
2952 3667 3072 3707 non
3099 3667 3386 3722 negamus
3412 3670 3583 3710 :nam
3600 3656 3772 3713 debi-

2113 3737 2344 3793 toribus
2363 3737 2565 3793 dilatio
2583 3739 2886 3794 crescitad
2913 3741 3166 3808 gratiam
3193 3741 3520 3797 creditoris.
3551 3746 3775 3817 Exspe-

2115 3831 2267 3882 ctate
2310 3841 2452 3895 ergo
2495 3826 2660 3898 quod
2707 3828 2995 3898 promittit
3035 3827 3287 3898 debitor,
3337 3837 3394 3886 et
3435 3840 3776 3904 exspectate

2116 3916 2326 3982 securi,
2367 3915 2512 3988 quia
2565 3917 2866 3988 promissa
2901 3917 3108 3987 negari
3155 3925 3479 3990 nequeunt,
3521 3923 3776 3993 quando

2117 4005 2292 4061 sterili
2325 4010 2448 4062 tam
2488 4004 2727 4075 largiter
2755 4012 2972 4075 negata
2999 4006 3335 4066 solvuntur.

2747 4095 2974 4151 SERMO
3035 4095 3137 4152 XC.

2756 4183 2838 4240 De
2879 4185 3117 4241 eisdem.

2192 4271 2342 4342 Erigi
2363 4287 2468 4328 nos
2487 4277 2831 4328 sanctorum
2847 4273 3137 4345 lapsibus,
3159 4280 3501 4332 sanctorum
3519 4279 3777 4350 trepida-

2117 4360 2277 4416 tione
2295 4361 2552 4427 fundari,
2578 4362 2878 4418 cunctatio
2908 4379 3017 4418 nos
3040 4363 3216 4420 hodie
3245 4365 3540 4422 Zachariae
3567 4367 3778 4425 docuit

421 4483 1513 4564 {I_Pr_opr1um_ge_nus,familiam,avos
1546 4501 1920 4564 proavosque,
1946 4485 2005 4540 in
2038 4465 2082 4522 Ῑ)
2116 4487 2278 4564 Bapt.
2314 4485 2553 4564 origine.
2686 4491 2925 4564 utroque
2955 4487 3416 4564 enimsanguine
3442 4492 3625 4564 regali
3668 4493 3775 4548 Da-

352 4558 589 4630 publicis
622 4557 1247 4630 tabulisdescribebant
1271 4559 1637 4630 Hebraeorum
1660 4559 2000 4630 sacerdotes.

351 4627 549 4684 Exstat
575 4628 812 4699 insignis
833 4628 988 4682 locus
1012 4627 1243 4696 Josephi
1261 4633 1459 4682 contra
1486 4629 2000 4698 Appionem,0per.

352 4705 493 4755 tom.
525 4702 592 4766 ll,
640 4717 768 4770 pag.
802 4701 926 4762 440,
973 4699 1031 4752 in
1076 4699 1199 4762 ﬁn.,
1231 4699 1348 4754 edit
1398 4703 1802 4770 Havercamp.:
1850 4701 2004 4754 Debet

352 4773 496 4828 enim
529 4774 772 4842 quisquis
801 4777 1104 4826 sacerdotio
1158 4773 1442 4840 fungitur,
1498 4787 1567 4826 ex
1614 4773 1879 4842 populari
1905 4789 2004 4826 sua

350 4845 574 4914 conjuge
597 4845 796 4898 liberos
826 4859 1106 4912 quazrere;
1136 4858 1306 4912 neque
1325 4843 1394 4896 ad
1410 4844 1690 4912 pecuniam
1708 4851 1756 4896 et
1781 4844 2004 4897 honores

352 4931 644 4986 respicere.
669 4916 760 4971 sed
775 4931 941 4985 genus
960 4915 1266 4983 exquirere,
1286 4915 1574 4968 secundant
1592 4916 1872 4984 antiquam
1884 4932 2004 4969 suc-

349 4990 651 5051 cessionem,
679 4989 870 5040 multis
898 4986 1174 5056 probatam
1207 4987 1549 5040 testimoniis.

421 5058 449 5100 ι)
475 5059 848 5114 Sacerdotum
875 5057 1104 5111 cuilibet
1135 5056 1410 5110 feminam
1456 5072 1874 5127 quamcumque
1905 5056 2005 5110 du-

349 5146 473 5185 cere
504 5131 728 5194 licebat,
755 5130 1069 5184 dummodo
1113 5128 1182 5182 de
1232 5127 1481 5183 Hebraeis
1527 5127 1853 5198 parentibus
1887 5143 2002 5198 na-

349 5205 493 5266 tam,
537 5219 665 5256 cum
714 5203 783 5256 de
822 5201 984 5270 plebe
1035 5199 1364 5254 hominibus
1413 5197 1774 5270 peregrinam
1823 5197 1999 5270 etiam

349 5273 552 5352 ducere
602 5273 689 5326 fas
710 5269 888 5352 .esset,
921 5270 1165 5352 exceptis
1215 5287 1282 5326 ex
1330 5272 1616 5352 nonnullis
1649 5269 1994 5352 nationibus,

347 5342 682 5413 quibuscum
698 5343 794 5413 jus
821 5341 1085 5397 connubii
1101 5358 1215 5396 non
1229 5347 1353 5396 erat
1371 5342 1831 5405 Hebraeisouare
1844 5341 1998 5413 quod

346 5412 652 5467 Zacharias
683 5412 916 5484 uxorem
945 5413 1168 5468 duxerit
1205 5431 1269 5468 ex
1301 5416 1473 5484 stirpe
1505 5417 1691 5467 Aaron
1724 5429 1838 5466 non
1891 5412 1998 5466 fuit

348 5484 682 5552 obsequium
701 5483 809 5555 legi
831 5485 1171 5555 pracstitum,
1196 5489 1256 5539 ut
1273 5483 1494 5540 volunt.
1530 5486 1638 5540 Lex
1659 5484 1803 5540 enim
1823 5485 1993 5539 Num.

347 5569 547 5627 xxxvi,
576 5555 627 5619 8,
674 5557 747 5610 ad
777 5555 927 5610 solas
956 5555 1199 5627 virgines
1251 5562 1622 5626 paternarum
1655 5556 1994 5610 facultatum

350 5626 608 5690 heredes
656 5627 998 5702 pertinebat.
1039 5626 1320 5685 Caeterum
1367 5627 1448 5682 nil
1488 5627 1733 5685 nobilius
1761 5628 1998 5686 Joannis

2114 4557 2277 4621 vidis,
2307 4563 2362 4611 et
2390 4558 2730 4611 sacerdotali
2763 4559 3002 4613 Aaronis
3033 4557 3440 4616 deducebatur.

2185 4641 2209 4669 ο
2241 4628 2335 4681 His
2365 4628 2518 4682 enim
2572 4631 2936 4699 evangelista:
2987 4632 3170 4685 verbis
3221 4633 3378 4687 innui
3433 4639 3770 4690 sanctorum

2113 4700 2443 4776 conjugum,
2478 4715 2592 4752 non
2607 4705 2724 4753 tam
2740 4701 3031 4776 pietatem,
3047 4704 3396 4774 etjustitiam
3412 4722 3608 4759 coram
3635 4711 3769 4776 Deo,

2113 4772 2211 4848 sed
2242 4773 2414 4824 etiam
2446 4787 2582 4848 erga
2603 4774 2950 4848 proximum,
2985 4772 3305 4848 communis
3336 4782 3419 4830 est
3440 4793 3568 4831 cum
3595 4772 3773 4848 Chry-

2113 4842 2308 4914 sologo
2335 4842 2618 4914 sententia
2648 4844 3047 4914 interpretum.
3076 4845 3208 4900 Vide
3233 4849 3624 4912 Ambrosium,
3668 4842 3773 4903 Eu-

2113 4913 2419 4984 tliymium,
2454 4913 2868 4981 Maldonatum,
2897 4921 3008 4973 etc.
3051 4917 3212 4971 Unde
3243 4918 3352 4972 illis
3388 4936 3503 4973 non
3537 4925 3770 4975 tantum

2111 4984 2476 5059 conscientia
2499 5001 2663 5059 pura,
2697 4987 2794 5039 sed
2831 4987 2984 5041 fama
3019 4987 3260 5059 integra.

2182 5055 2208 5095 ἀ
2242 5057 2604 5132 Recte._Na_m
2637 5059 2915 5132 mandata
2945 5058 3039 5132 Dei
3072 5059 3127 5112 in
3145 5055 3323 5114 'sacra
3364 5060 3660 5132 Scriptura
3682 5065 3771 5117 via

2110 5132 2407 5181 vocantur.
2445 5129 2613 5196 Beda,
2639 5133 2694 5184 et
2725 5129 3047 5198 Brugensis.

2180 5211 2205 5239 ο
2237 5199 2427 5270 Vitam
2455 5205 2713 5253 nostram
2745 5205 2908 5254 vocat
2931 5205 3114 5256 actum
3147 5203 3363 5270 mundi,
3387 5220 3449 5258 ac
3479 5203 3526 5258 si
3554 5221 3658 5258 nos
3678 5205 3771 5259 hic

2110 5268 2364 5346 fabulam
2392 5285 2712 5346 ageremus.
2730 5273 2919 5346 factus
2948 5289 3120 5342 penes
3151 5273 3319 5345 hujus
3341 5268 3443 5329 aevi
3463 5275 3769 5346 scriptores

2108 5340 2260 5413 idem
2293 5345 2472 5413 estiac
2495 5342 2653 5405 actio,
2681 5340 3082 5413 ofﬁcium—etc.

2180 5411 2201 5452 ί
2228 5413 2331 5465 Ms.
2373 5412 2610 5475 Censen,
2637 5411 2717 5468 est
2744 5414 3008 5468 abolitum
3040 5422 3228 5470 totum.

2178 5494 2208 5536 ε
2234 5483 2291 5536 Si
2317 5483 2718 5556 Chrysologus,
2759 5491 2820 5539 ut
2849 5502 3090 5556 pronum
3118 5492 3202 5542 est
3233 5487 3482 5552 credere,
3531 5505 3589 5544 se
3619 5489 3765 5544 data

2107 5552 2219 5682 fidte
2248 5552 2504 5684 extsolvit,
2533 5552 2961 5628 promissus—hic
2978 5575 3165 5613 sermo
3187 5563 3512 5632 temporum
3543 5560 3767 5634 injuria

2107 5641 2166 5682 tn
2197 5641 2298 5683 eru
2329 5668 2343 5683 .

2107 5641 2343 5683 interm.
