3958 6182
417 262 531 324 459

1711 259 1771 316 8.
1819 249 2028 314 PETRI
2069 244 2537 310 CHRYSOLOGI.

3706 247 3818 309 460

415 409 552 451 mos
582 389 920 449 Salvatoris.
944 392 1057 450 Sed
1073 391 1238 466 quod
1257 390 1742 463 superestadhuc
1758 388 1833 443 de
1849 382 2064 440 Zacha-
2097 388 2148 452 Α
2173 377 2492 450 ινιὶι),ᾳιιεε
2521 378 2629 434 sibi
2650 395 2785 434 cum
2807 377 3248 450 reddipartum,
3277 375 3487 432 donari
3509 375 3821 447 filium,cui

412 483 501 540 ria
526 479 801 554 pontifice
831 481 1150 552 patientius
1181 479 1526 546 audiamus,
1561 484 1625 534 ut
1655 477 1733 532 ad
1762 471 2066 531 cunabula

413 569 600 627 nostri
617 569 788 638 Regis
803 569 988 639 regali
1008 569 1210 622 itinere
1242 567 1546 638 pervenire
1578 567 1913 638 possimus:
1957 558 2064 631 qui

413 661 494 716 ob
505 660 619 715 hoc
630 657 882 713 caelestis
894 656 1200 728 quadrigae
1216 656 1390 711 fidam
1403 656 1845 711 conscendimus
1857 653 2064 706 sessio‘

413 764 574 812 nem,
608 752 670 800 ut
690 744 1039 813 sollicitaset
1069 745 1290 799 arduas
1314 746 1796 816 compendiorum
1819 742 2061 797 semitas

413 836 754 889 vitaremus.
799 833 909 888 Sed
936 832 1094 887 enim
1125 833 1343 888 lectum
1375 839 1497 890 est:
1529 834 1602 888 Et
1625 835 1854 904 factum
1884 835 1964 886 est
1998 833 2061 882 ut

413 920 641 990 impleti
661 927 795 975 sunt
824 920 939 976 dies
966 921 1177 990 o/ﬁicii
1203 924 1346 991 ejus,
1372 922 1516 976 abiit
1538 923 1597 975 in
1618 922 1850 976 domum
1891 932 2060 973 suam

410 1011 567 1080 (Luc.
598 1009 746 1081 i).Ita
773 1009 873 1064 uni
916 1010 1140 1081 templo
1183 1011 1424 1066 astabat.
1461 1011 1652 1065 tribus
1699 1016 1861 1064 tota:
1897 1021 2063 1078 pare-

408 1098 555 1153 bant
578 1097 762 1153 millia
782 1098 1180 1165 sacerdotum,
1211 1106 1448 1170 propter
1466 1100 1622 1170 quod
1647 1095 2062 1169 ipsaobserva-

408 1185 490 1242 tio
523 1185 880 1258 pontificalis
905 1185 1080 1241 ofﬁcii
1103 1194 1227 1243 erat
1248 1188 1438 1243 divisa
1461 1203 1560 1258 per
1591 1187 1925 1258 phurimos,
1944 1183 2063 1238 dis-

409 1280 660 1348 pensata
687 1291 790 1346 per
815 1280 1152 1347 tempora,a
1182 1277 1499 1331 distributa
1526 1291 1628 1348 per
1651 1275 1832 1341 vices,
1862 1288 1935 1328 ne
1957 1277 2062 1328 aut

408 1364 680 1420 ordinem
711 1365 1022 1420 sacerdotii
1047 1365 1365 1420 multitudo
1393 1365 1643 1420 confusa
1672 1364 2060 1424 turbaret,aut

407 1453 554 1509 alter
581 1453 834 1523 legendo
842 1454 862 1524 j
876 1455 1062 1523 ugiter
1074 1453 1239 1509 altari
1260 1454 1509 1509 debitum
1523 1458 1762 1522 negaret
1779 1450 2054 1507 ofﬁcium.

406 1541 541 1598 Post
565 1543 685 1598 haec
700 1547 892 1597 autem
925 1543 1187 1611 concepit
1230 1542 1537 1598 Etisabeth
1566 1557 1718 1597 uxor
1744 1543 1886 1609 ejus.
1925 1541 2059 1594 Erat

407 1629 522 1686 illis
550 1631 812 1702 conjugii
837 1630 1108 1695 facultas,
1140 1637 1265 1686 erat
1301 1631 1412 1685 illis
1440 1629 1678 1686 licentia
1705 1629 1922 1684 donata
1951 1643 2058 1698 gec

2166 468 2296 538 jam
2326 467 2446 522 vita
2488 483 2672 540 prope
2695 468 2898 524 deerat
2940 466 3188 523 Domino
3220 466 3562 538 promitente
3594 483 3824 538 cogno-

2172 560 2377 619 sceret,
2407 561 2463 611 et
2491 556 2622 627 ipsa
2652 557 2725 612 de
2751 573 2860 612 suo
2882 562 3056 628 partu
3080 556 3202 610 risit
3216 574 3233 625 ,'
3259 561 3314 610 et
3335 555 3496 626 quod
3523 555 3664 611 risui
3694 574 3825 627 pos-

2173 648 2262 698 set
2282 659 2412 698 esse
2430 645 2710 699 omnibus
2736 660 3070 717 praegnans,
3100 650 3154 698 et
3175 651 3419 698 onerata
3444 646 3706 712 canities,
3729 646 3822 717 ip-

2172 733 2292 786 sius
2323 733 2606 802 germinis
2625 740 2871 789 testatur
2891 749 2961 788 ex
2977 732 3473 797 nomine,d1cente
3497 735 3820 804 Scriptura:

2171 821 2244 876 Et
2272 827 2486 876 vocavit
2516 838 2720 878 nomen
2741 824 2959 894 βιήεαὶ
2982 822 3146 877 Isaac
3169 823 3344 884 (Gen.
3371 821 3512 892 1x1).
3539 823 3710 887 Quod
3739 825 3824 878 in-

2173 913 2476 981 terpretari
2501 911 2692 966 risum
2717 913 2935 978 docuit,
2960 912 3278 981 adjiciens:
3307 909 3823 982 Risummihi/ectt

2170 1001 2470 1055 Dominus.
2507 1001 2648 1055 Hinc
2678 1006 2764 1056 est
2794 1000 2956 1072 quod
2989 999 3287 1054 Elisabeth
3318 1015 3556 1055 sacrum
3589 1000 3826 1056 vultce—

2170 1088 2291 1143 lare
2322 1090 2694 1160 mysterium,
2721 1089 3006 1144 dicendo:
3043 1088 3186 1154 Quia
3199 1089 3282 1142 sic
3309 1088 3448 1142 mihi
3473 1090 3607 1157 fecit
3622 1091 3827 1144 Domi-

2169 1179 2370 1233 nus.Ut
2401 1179 2582 1234 modo
2603 1185 2920 1248 conceptus
2935 1178 3134 1247 fatiget
3156 1178 3826 1249 verecundia,quamdiu

2169 1267 2363 1336 negati
2381 1274 2586 1337 partus
2616 1283 2884 1322 aerumna
2897 1264 3105 1322 afﬂixit
3130 1282 3143 1335 ;
3168 1274 3332 1338 pater
3347 1273 3499 1321 tacet
3515 1282 3586 1320 ex
3613 1282 3821 1338 paena,

2167 1371 2235 1410 ex
2264 1355 2622 1410 verecundia
2645 1362 2834 1410 mater
2845 1356 3065 1423 celat,0
3085 1362 3313 1426 quanta
3333 1355 3561 1411 silentio
3582 1372 3696 1411 vox
3723 1371 3827 1410 na-

2165 1444 2346 1499 scitur
2369 1444 2381 1499 !
2403 1446 2444 1500 0
2459 1452 2686 1516 quanta
2700 1445 3093 1500 taciturnitate
3117 1445 3264 1498 tuba
3282 1443 3513 1498 saeculis
3532 1445 3829 1500 inclama-

2166 1537 2297 1588 tura
2327 1539 2642 1602 generatur
2670 1533 2682 1587 l
2709 1535 2750 1589 Ο
2780 1533 2938 1604 quod
2961 1538 3252 1588 secretum
3275 1533 3451 1587 divini
3469 1533 3701 1588 Iudicis
3720 1534 3830 1588 dat

2165 1638 2504 1694 praeconem
2534 1623 2711 1689 lQuia
2734 1625 2815 1678 sic
2864 1622 3012 1677 mihi
3041 1623 3185 1685 fecit
3220 1623 3502 1678 Dominus
3528 1623 3586 1676 in
3619 1623 3828 1678 diebus

405 1719 676 1783 nerandi,
701 1719 920 1791 quibus
935 1719 1124 1775 inerat
1151 1719 1340 1774 adhuc
1365 1719 1512 1789 legis
1529 1719 1948 1784 adolescentia,
1971 1719 2056 1772 in-
2092 1702 2128 1759 Β
2162 1713 2368 1782 quibus
2397 1713 2880 1783 respexttauferre
2901 1712 3266 1784 opprobrium
3280 1713 3631 1767 meuminter
3646 1715 3828 1767 homi-

406 1809 807 1866 stabatadhuc
827 1808 1131 1880 religionis
1156 1808 1420 1864 infantia.
1440 1809 1577 1874 Lex,
1600 1808 1824 1873 fratres,
1854 1805 2054 1862 illicita

403 1899 742 1974 prohibuit;
776 1898 934 1954 licita
964 1914 1087 1956 non
1117 1899 1392 1969 negavit;
1425 1900 1576 1954 intra
1600 1899 1830 1954 donum
1853 1897 2050 1961 tenuit,

403 2005 590 2062 supra
609 1988 835 2044 donum
858 1987 1125 2045 conferre
1147 1989 1230 2043 nil
1253 1989 1473 2060 potuit;
1493 1995 1769 2045 naturam
1783 1987 2052 2052 rexit,su-

401 2093 516 2152 pra
538 2083 816 2135 naturam
840 2076 1141 2132 hominem
1171 2093 1291 2134 non
1311 2077 1511 2134 erexit.
1551 2080 1657 2133 Lex
1677 2077 1814 2132 fidei
1839 2075 2048 2147 janua,

401 2168 605 2238 gratim
621 2167 847 2230 nuntia,
876 2167 1171 2239 Evangelii
1189 2166 1809 2238 prmvia,pasdagogus
1826 2165 2052 2235 religio-

400 2257 494 2312 nis
521 2255 813 2321 infantiae,
838 2254 1144 2310 remisitin
1167 2255 1494 2310 sacerdotio
1524 2253 1552 2295 δ
1580 2253 1757 2324 legali
1787 2251 2050 2323 conjugii

399 2345 749 2407 castitatem,
777 2354 802 2382 ο
826 2348 887 2398 ut
905 2342 966 2396 in
997 2342 1562 2414 pontificatugratite
1588 2347 1902 2397 venturam
1921 2356 2049 2411 per-

397 2438 588 2506 petum
616 2431 848 2488 virtutis
893 2431 1145 2501 gloriam
1176 2430 1496 2487 nuntiaret.
1517 2429 1859 2485 Secundum
1889 2429 2047 2484 hanc

396 2536 540 2592 ergo
553 2519 986 2590 indulgentiam
1003 2518 1301 2574 Elisabeth
1316 2519 1652 2574 annositate
1657 2519 1676 2589 j
1689 2534 1786 2574 am
1802 2523 2045 2582 mortua,

395 2615 668 2666 sanctum
692 2607 987 2664 reviviscit
1006 2609 1065 2662 in
1093 2607 1595 2679 partum,etarida
1618 2613 1796 2678 atque
1809 2610 2048 2662 exarata

393 2699 559 2771 rugis
585 2698 858 2754 membra
873 2695 1148 2752 medullis
1169 2697 1450 2752 vitalibus
1480 2698 1540 2752 in
1555 2697 1778 2751 viscera
1792 2695 2048 2751 fecunda

395 2787 726 2844 viridantur
743 2801 757 2842 ;
772 2786 974 2859 ipsum
994 2801 1236 2858 quoque
1250 2786 1728 2858 tempus,ipsum,
1744 2785 1802 2840 in
1817 2801 1935 2857 quo
1949 2784 2047 2840 de-

394 2877 589 2941 sierat,
612 2881 924 2932 revocatur
954 2874 1027 2930 ad
1057 2889 1312 2946 corpus;
1344 2882 1402 2929 et
1423 2879 1705 2930 vetustate
1733 2873 1919 2928 nimia
1943 2873 2042 2929 do-

395 2980 534 3020 mus
565 2965 713 3018 uteri
730 2964 986 3034 dilapsa,
1018 2963 1074 3016 in
1088 2963 1300 3018 faciem
1313 2979 1535 3018 novam
1553 2967 1793 3034 repente
1810 2978 2047 3032 repara-

2161 1817 2276 1857 nes.
2311 1802 2508 1856 Honor
2544 1801 2830 1872 conjugii,
2860 1800 3221 1856 matrimonii
3245 1802 3524 1871 dignitas,
3567 1807 3656 1856 est
3687 1817 3828 1872 pro-

2162 1891 2380 1945 creatio
2419 1889 2685 1945 dulcium
2707 1889 3065 1960 liberorum;
3087 1890 3229 1944 satis
3260 1891 3421 1944 enim
3452 1905 3629 1960 grave
3647 1896 3828 1959 est,et

2162 1979 2307 2034 satis
2328 1979 2508 2045 triste,
2542 1978 2890 2048 virginitatis
2934 1993 3133 2034 carere
3165 1981 3435 2051 praemio,
3477 1984 3530 2034 et
3552 1978 3824 2034 filiorum

2161 2067 2378 2124 solatia
2405 2084 2526 2123 non
2557 2067 2813 2134 habere;
2857 2069 3149 2124 sustinere
3199 2084 3385 2124 onera
3425 2070 3824 2135 matrimonii,

2159 2164 2216 2212 et
2243 2158 2315 2211 ad
2345 2157 2601 2212 fructum
2625 2158 2968 2213 matrimoni
2992 2173 3111 2212 non
3135 2157 3354 2212 venire.
3381 2157 3524 2212 Hinc
3539 2162 3627 2212 est
3648 2158 3823 2230 quod

2157 2245 2375 2316 gaudet
2400 2262 2436 2301 a
2456 2261 2518 2300 se
2531 2246 2796 2300 ablatum
2813 2246 3129 2300 sterilitatis
3146 2245 3823 2317 opprobium,dicendo:

2159 2335 2307 2401 Quia
2329 2336 2413 2390 sic
2433 2335 2580 2390 mihi
2597 2336 2743 2404 fecit
2768 2337 3046 2390 Dominus
3069 2336 3130 2390 in
3153 2335 3347 2390 diebus
3370 2336 3567 2407 quibus
3591 2337 3826 2406 repezit

2155 2423 2391 2491 auferre
2419 2423 2768 2492 opprobium
2795 2439 2981 2480 meum
3014 2426 3168 2480 inter
3210 2424 3487 2480 homines.
3517 2424 3672 2489 uuia
3702 2425 3827 2481 hoc

2155 2512 2318 2584 apud
2329 2513 2603 2568 homines
2618 2513 2901 2568 miserum
2914 2513 3469 2586 computatur,apud
3483 2514 3661 2568 Deum
3678 2530 3824 2569 vero

2153 2613 2179 2642 ο
2204 2608 2402 2657 reatus
2427 2602 2626 2656 nullus
2649 2602 2884 2673 est,tubi
2906 2602 3358 2674 parentisculpa
3386 2602 3546 2657 nulla
3563 2608 3676 2674 est,
3706 2603 3822 2658 sed

2149 2689 2447 2762 judicium
2475 2690 2846 2760 denegantis.
2878 2694 3038 2748 Certe
3071 2691 3118 2746 si
3148 2692 3262 2746 hoc
3276 2691 3444 2747 affert
3469 2691 3825 2764 aliquacor-

2155 2780 2374 2850 poralis
2391 2779 3054 2848 infirmitas,necessitas
3069 2780 3129 2835 in
3143 2796 3326 2836 causa
3338 2787 3445 2846 est,
3462 2797 3581 2836 non
3600 2781 3697 2836 vol
3709 2797 3822 2836 un-

2155 2874 2263 2924 tas.
2293 2869 2406 2924 Sed
2421 2869 2548 2939 jam
2581 2885 2736 2923 nunc
2753 2872 2950 2924 omnis
2981 2869 3409 2939 ignavacarnis
3427 2869 3824 2939 intelligentia

2154 2957 2485 3024 sitremota,
2520 2957 3820 3028 totacorporeisensusnbjiciaturinfirmitas:

395 3056 524 3117 tur;
559 3056 754 3122 stupet
792 3052 963 3116 ordo,
994 3050 1192 3106 deficit
1221 3051 1611 3114 consuetudo,
1644 3051 1892 3105 miratur
1915 3050 2046 3121 ipsa
2075 3061 2120 3121 ο
2154 3049 2210 3100 et
2233 3061 2632 3118 quaecumque
2654 3046 3452 3118 estingeniihumaniomnis
3466 3046 3824 3104 excludatur

393 3143 629 3204 natura,
653 3142 710 3192 et
737 3153 811 3193 ex
838 3144 1127 3208 apparatu
1145 3138 1497 3201 mansionis,
1513 3137 1768 3208 hospitis
1780 3137 2046 3193 meritum

392 3225 777 3296 dignitasque
810 3226 1142 3280 innotescit.
1169 3227 1381 3280 Verum
1402 3227 1666 3282 Joannes
1705 3229 1764 3280 in
1787 3227 2047 3296 generali

319 3370 323 3374 ,
391 3313 739 3371 habitacula
755 3313 897 3370 satis
923 3328 984 3368 se
1007 3312 1257 3369 miratus
1271 3318 1360 3369 est
1375 3329 1508 3368 esse
1536 3315 2045 3387 peregrinum,qui

394 3403 778 3459 seexclusum
809 3408 1094 3476 tempore,
1123 3401 1469 3458 abdicatum
1489 3407 1723 3466 natura,
1760 3409 2049 3474 receptum

382 3506 460 3555 ,se
485 3491 546 3547 in
577 3507 648 3547 eo
671 3490 925 3547 auctoris
955 3489 1246 3545 beneﬁcio
1275 3489 1630 3555 didicit,non
1663 3491 1946 3563 parentis.
1983 3493 2049 3548 Et

393 3579 624 3638 celabat
645 3595 702 3636 se
724 3578 1020 3636 mensibus
1031 3579 1304 3651 quinque,
1323 3579 1676 3650 dicens,quia
1699 3583 1777 3636 sic
1801 3582 1949 3636 mihi
1968 3582 2050 3653 fe-

395 3669 475 3726 cit
503 3669 812 3734 Dominus,
839 3669 996 3722 Bene
1022 3667 1210 3722 lotum
1241 3667 1450 3725 fecisse
1478 3667 1797 3723 Dominum
1815 3669 2050 3725 confite-

394 3760 510 3822 tur,
544 3772 674 3828 quas
705 3755 821 3813 Sibi
851 3756 1130 3812 collatum
1158 3771 1264 3829 per
1292 3757 1592 3812 hominem
1615 3757 1695 3812 nil
1717 3757 2049 3815 videbat.Et

393 3844 734 3918 occultabat
756 3861 819 3900 se
838 3845 1147 3900 mensibus
1179 3846 1468 3918 quinque,
1499 3845 1643 3917 quia
1672 3846 1781 3902 etsi
1819 3853 1946 3904 erat
1963 3847 2048 3902 di-

391 3932 510 3990 vini
544 3934 827 4000 muneris,
859 3935 950 3989 sui
964 3940 1162 3990 tamen
1175 3935 1456 4005 temporis
1477 3950 1596 3989 non
1616 3942 1741 3990 erat
1766 3937 1926 4007 quod
1947 3937 2048 3993 ha-

389 4021 591 4079 bebat.
609 4022 840 4080 Celabat
853 4038 911 4079 se
923 4023 1213 4080 mensibus
1225 4026 1505 4095 quinque.
1521 4023 1548 4063 ἀ
1584 4025 2048 4080 Erubescitanus

389 4110 529 4176 feta,
555 4113 994 4168 verecundatur
1024 4113 1223 4168 vetula
1244 4113 1420 4184 primi
1459 4119 1682 4184 partus,
1712 4119 1767 4167 et
1798 4130 2047 4185 puerpe-

389 4215 523 4257 ram
553 4207 823 4256 senectus
851 4201 1466 4270 absconditextrema,
1509 4217 1580 4256 ne
1610 4200 1927 4257 sterilitatis
1944 4218 2048 4274 op-

388 4289 698 4361 probrium
711 4289 864 4344 risus
884 4289 1154 4344 fecundae
1173 4290 1488 4344 senectutis
1501 4292 1936 4358 augeret.Quod
1950 4307 2048 4345 au-

391 4381 506 4432 tem
536 4377 680 4432 risui
707 4377 1186 4447 subjacetsenilis
1202 4383 1258 4432 et
1285 4381 2044 4450 veteranaconceptio,per-

391 4462 600 4518 similis
619 4464 795 4534 hujus
831 4463 1104 4519 sterilitas
1147 4469 1204 4519 et
1234 4465 1421 4520 aetatis
1445 4466 1589 4520 Sara
1636 4465 1853 4536 probat
1882 4466 2040 4537 (Gen.

459 4615 486 4646 ι
508 4603 763 4659 Familia:
776 4604 1140 4659 sacerdotum
1158 4621 1225 4661 ex
1254 4605 1517 4661 Eleazare
1533 4611 1589 4662 et
1613 4607 1902 4664 Ithamare
1929 4612 2040 4665 Δα-

386 4675 705 4750 ronisfiliis
745 4676 1019 4750 oriundus,
1050 4691 1352 4750 numerum
1406 4677 1740 4749 vigesimum
1767 4687 2038 4750 quartum

384 4748 707 4820 explebant,
743 4752 804 4801 ut
833 4763 898 4802 ex
933 4749 952 4802 ι
983 4749 1229 4818 Parelip.
1267 4765 1396 4804 xx1v
1428 4748 1749 4806 edocemur.
1783 4748 1894 4806 Has
1937 4758 2040 4808 Ua-

383 4821 478 4874 vid
500 4824 652 4875 sorte
670 4820 978 4890 delegerat,
999 4825 1059 4873 ut
1085 4837 1444 4890 unaquaeque
1464 4825 1660 4876 ordine
1683 4839 1785 4877 suo
1815 4823 1871 4876 in
1898 4833 2039 4878 tem-

381 4893 476 4964 plo
505 4890 851 4964 ministraret
870 4907 970 4961 per
992 4891 1245 4961 singulas
1273 4893 1660 4948 hebdomadas
1687 4911 1699 4960 ;
1731 4895 1809 4948 ita
1829 4900 1907 4959 ut,
1934 4898 2035 4951 168

379 4963 578 5020 diebus
605 4963 835 5028 exactis,
866 4979 1072 5016 munus
1103 4965 1175 5017 ad
1208 4964 1455 5032 primam
1489 4971 1883 5020 reverteretur.
1923 4968 2035 5020 Pa-

379 5038 462 5091 tet
509 5037 688 5089 vicem
722 5034 900 5099 Abiaa,
934 5051 1003 5089 ex
1034 5051 1147 5104 qua
1177 5035 1504 5102 Zacharias,
1539 5043 1801 5090 octavam
1838 5036 2029 5092 fuisse.

378 5107 535 5182 Yices
587 5107 693 5182 has
735 5107 920 5182 Grtece
967 5108 1296 5176 ephemerue.
1347 5108 1545 5172 Lucas,
1580 5124 1616 5173 ι,
1669 5107 1722 5170 ἐξ
1751 5109 2034 5182 ἐφημερίας

381 5177 554 5244 ’Δϐἰα,
583 5180 648 5232 de
675 5193 786 5232 vice
810 5178 978 5231 Abite.

446 5249 474 5288 δ
496 5251 572 5302 Ex
609 5248 857 5304 Latinio.
899 5247 1067 5313 Editi,
1098 5247 1302 5318 legalis.

347 5335 362 5340 “
444 5319 840 5389 ςϐιετὶςοτυω
868 5317 1192 5375 caelibatum
1220 5317 1581 5389 aptissimum
1613 5319 1818 5375 innuit.

446 5388 471 5429 ἀ
504 5392 766 5454 Quanam
795 5392 863 5446 de
893 5407 1066 5445 causa
1097 5388 1383 5445 Elisabeth
1415 5408 1472 5446 se
1498 5391 1786 5460 celaverit,
1831 5393 2027 5449 obscu-

367 5475 516 5542 rum.
552 5461 842 5542 gonnulli,
885 5466 948 5515 ut
972 5462 1371 5542 Chrysol‘ogus,
1411 5467 1619 5542 putant
1655 5465 1726 5542 ob
1759 5480 2023 5542 verecun-

371 5532 900 5602 diam.Propudium
927 5532 1226 5587 enim'erat
1252 5532 1308 5586 in
1337 5549 1449 5587 anu
1464 5535 1665 5588 effecta
1682 5534 2019 5601 fecunditas,

364 5603 530 5668 sicuti
561 5604 618 5660 in
652 5600 871 5659 femina
901 5602 1138 5678 integras
1160 5604 1347 5659 astatis
1377 5605 1649 5661 sterilitas
1668 5623 1686 5679 ,'
1709 5606 1826 5676 alii,
1860 5610 1922 5662 ut
1938 5600 2024 5665 re?

2154 3133 2564 3201 iutentio,fidei
2596 3139 2836 3205 pateant
2856 3135 3586 3203 oculi,c0rdisreserentur
3607 3153 3820 3204 aures,
3887 3159 3902 3172 ι

2156 3222 2376 3278 mentis
2403 3227 2603 3278 currat
2622 3229 2678 3278 et
2707 3223 2970 3279 incurrat
2994 3225 3264 3280 incessus
3289 3243 3302 3280 :
3326 3231 3383 3280 ut
3404 3227 3709 3297 pervenire
3741 3227 3823 3282 ad

2157 3310 2508 3382 mysterium
2533 3310 2779 3380 virginei
2794 3318 3138 3383 conceptus,
3155 3313 3232 3368 ad
3247 3319 3666 3369 sacramentum
3683 3331 3819 3386 par-

2156 3404 2253 3455 tus
2278 3398 2524 3469 virginei
2541 3407 2844 3471 penetrare
2858 3403 3179 3472 possimus,
3200 3402 3298 3474 adj
3311 3410 3522 3458 uvante
3557 3407 3820 3460 Domino

2155 3490 2293 3544 Jesu
2323 3489 2572 3555 Christo,
2599 3489 2702 3560 qui
2757 3504 2825 3544 ex
2854 3505 2928 3545 ea
2975 3490 3208 3561 genitus
3247 3507 3407 3547 nunc
3435 3491 3496 3546 in
3553 3491 3823 3549 caelestia

2154 3592 2342 3649 regna
2366 3593 2504 3632 cum
2547 3579 2664 3632 Deo
2694 3577 2860 3634 Patre
2889 3584 2946 3634 et
2970 3579 3190 3651 Spiritu
3211 3585 3415 3636 sancto
3446 3580 3820 3653 vivitperin-

2155 3665 2324 3722 finita
2351 3665 2571 3723 saecula
2609 3665 2987 3722 saeculorum.
3019 3668 3229 3724 Amen.

2722 3788 2745 3831 ἲ
2771 3787 3002 3846 SERMO
3043 3791 3234 3846 XCIII.

2514 3905 2596 3962 De
2632 3907 3005 3961 conversione
3027 3905 3411 3978 Magdalenen

2226 4019 2316 4076 Ad
2348 4021 2691 4092 prandium,
2719 4029 2775 4076 et
2804 4021 2882 4077 ad
2912 4022 3200 4079 Pharisaei
3224 4022 3547 4094 prandium
3569 4022 3822 4080 venisse

2157 4107 2453 4163 Christum
2486 4107 2770 4163 sollicitus
2795 4109 3043 4165 forsitan
3069 4111 3314 4166 miratur
3339 4110 3821 4168 auditor.Phari-

2157 4197 2260 4252 seei
2272 4197 2522 4252 domum
2537 4197 2803 4252 Christus
2816 4197 3073 4268 intravit,
3096 4215 3218 4255 non
3232 4207 3586 4270 accepturus
3604 4200 3635 4253 Ι
3645 4199 3823 4258 udai-

2156 4300 2256 4340 cos
2283 4285 2469 4354 cibos,
2502 4285 2607 4340 sed
2636 4285 2904 4341 divinam
2936 4287 3401 4342 misericordiam
3454 4287 3819 4360 largiturus;

2156 4388 2350 4445 neque
2363 4373 2677 4430 accubuit!
2692 4375 2906 4446 pocula
2919 4383 3201 4447 saporata
3214 4377 3388 4432 melle
3400 4375 3654 4432 floribus
3667 4377 3822 4435 odo-

2153 4468 2284 4518 rata
2306 4468 2676 4535 sumpturus,
2710 4463 2817 4519 sed
2848 4464 3189 4536 paenitentis
3231 4464 3532 4536 lacrymas
3560 4480 3633 4520 ex
3660 4467 3820 4538 ipsis

2151 4609 2320 4686 petite
2341 4605 2612 4686 prodiens
2633 4605 2692 4660 in
2719 4607 3226 4686 oculisbominum
3258 4613 3515 4686 tumente
3542 4624 3815 4686 corpore,

2151 4677 2426 4731 illustrius
2461 4678 2623 4751 fieret
2655 4679 3056 4751 Amiraculum;
3115 4680 3199 4734 vel
3247 4686 3310 4734 ut
3355 4681 3528 4734 solius
3561 4681 3660 4734 Dei
3704 4677 3814 4751 pro

2151 4752 2312 4801 tanto
2347 4748 2618 4802 beneficio
2649 4749 2914 4804 laudibus
2954 4748 3175 4806 vaearet
3205 4768 3218 4814 ;
3244 4752 3325 4806 vel
3347 4753 3606 4815 demum,
3643 4748 3719 4805 ut
3737 4755 3813 4807 ab

2149 4819 2308 4873 omni
2341 4819 2707 4874 immunditia
2727 4827 2963 4886 careret,
2990 4839 3056 4876 ac
3085 4823 3346 4876 sordibus
3362 4840 3419 4877 se
3441 4824 3811 4878 subduceret.

2147 4891 2322 4944 Filius
2353 4891 2508 4944 enim
2546 4893 2828 4946 Nazareus
2861 4893 3083 4947 futurus
3119 4900 3257 4948 erat.

2217 4974 2241 5002 ο
2274 4963 2348 5015 Ex
2369 4965 2483 5035 hoc
2515 4965 2803 5034 Evangelii
2835 4964 2956 5019 loco
2987 4965 3131 5019 eruit
3169 4965 3530 5019 Maldonatus
3560 4964 3617 5019 id
3651 4969 3815 5035 quod

2145 5033 2524 5108 Chrysologus
2558 5033 2958 5108 :sterilitatem
3001 5037 3216 5090 scilicet
3246 5053 3359 5090 non
3393 5037 3567 5091 fuisse
3597 5033 3812 5108 oppro-

2141 5105 2334 5229 grium
2366 5121 2560 5160 coram
2586 5107 2719 5172 Deo,
2754 5123 2856 5162 nec
2877 5123 3102 5178 semper
3132 5109 3201 5161 ab
3232 5108 3378 5162 irato
3399 5105 3652 5163 Numine
3673 5105 3811 5179 pro-

2184 5192 2339 5229 ClSCl.

2184 5192 2339 5234 ClSCl.

2209 5249 2231 5288 ί
2251 5248 2436 5303 Sermo
2467 5248 2557 5303 hic
2597 5249 2652 5302 in
2685 5249 2810 5304 aliis
2849 5249 3195 5304 editionibus
3225 5249 3551 5306 inscribitur
3579 5269 3592 5305 :
3627 5253 3718 5308 De
3746 5271 3810 5306 ea

2135 5335 2260 5390 quae
2291 5323 2450 5374 unxit
2475 5323 2772 5376 Dominum
2804 5329 3103 5391 unguento.

2207 5403 2237 5443 8
2262 5392 2367 5446 Mel
2403 5392 2670 5456 Hebraeis,
2693 5397 2752 5446 ut
2778 5397 2832 5446 et
2853 5393 3072 5448 cwteris
3094 5392 3478 5448 Orientalibus
3504 5393 3806 5450 familiare

2135 5462 2403 5535 multum,
2440 5469 2500 5517 ut
2537 5480 2567 5519 e
2592 5463 2851 5534 plurimis
2890 5480 3068 5519 sacrie
3101 5466 3409 5535 Scriptura;
3449 5465 3588 5520 locis
3636 5467 3802 5520 lucu-

2135 5531 2317 5588 lenter
2338 5535 2572 5589 eruitur.
2592 5531 2870 5590 Ἑταῖρε-εδ
2893 5551 3026 5590 vero
3056 5531 3288 5591 floribus
3332 5542 3390 5590 et
3415 5536 3649 5593 coronis
3675 5555 3802 5594 mos

2133 5604 2308 5662 fuisse
2342 5607 2620 5664 veteribus
2649 5623 2945 5675 exornare,
2981 5607 3172 5664 nullus
3196 5607 3394 5666 nescit.
