3958 6182
161 221 253 285 461

1560 208 1801 275 SERMO
1844 213 2038 276 XCIII.

3411 221 3532 280 [s62

154 353 429 412 oculorum
449 347 715 405 fontibus
739 352 1054 420 potaturus
1087 367 1097 404 :
1120 349 1275 406 Deus
1293 348 1768 420 delinquentium
1807 349 1853 411 Α
1879 353 2053 414 retro,
2077 352 2368 423 quiareus
2389 351 2626 408 animus
2639 352 2774 424 post
2790 353 3021 420 tergum
3044 353 3160 406 stat
3176 351 3254 407 ad
3266 353 3523 422 veniam,

155 443 372 515 gemitus
397 439 599 502 esurit,
621 437 1046 508 sititlacrymas
1069 447 1471 510 peccatorum.
1492 437 1767 507 negabat,

156 531 331 603 inquit,
356 530 659 585 Dominum
675 527 918 596 quidam
938 528 1300 592 Phariszus,
1318 535 1378 582 ut
1393 527 1770 582 manducaret

153 637 255 676 cum
268 619 372 674 illo
391 641 404 672 :
427 625 479 673 et
493 617 792 686 ingressus
806 617 1043 672 domum
1057 617 1371 680 Pharisaei,
1388 614 1773 670 discubuit.Et

151 724 250 766 ecce
267 708 626 776 mulierque?
642 709 768 760 erat
785 705 846 759 in
860 704 1091 761 civitate
1105 705 1494 775 peccatrix,ut
1511 705 1775 773 cognovit

150 799 280 870 quod
293 795 659 854 accumberet
682 794 959 848 Dominus
981 795 1042 847 in
1065 794 1235 848 domo
1257 792 1774 858 Pharisaei,attulit

151 887 375 944 alabastt
390 901 490 939 um
509 883 806 952 unguenti,
831 887 1053 942 etstans
1072 889 1229 938 retro
1251 897 1409 938 secus
1432 881 1606 949 pedes
1628 883 1774 949 ejus,

151 974 401 1044 lacrymis
418 974 592 1040 coepit
606 970 798 1040 rigare
807 971 975 1039 pedes
988 973 1132 1039 ejus,
1147 974 1198 1025 et
1212 970 1446 1038 capillis
1468 970 1674 1032 capitis
1686 967 1778 1024 sui

150 1064 475 1135 tergebat,et
498 1060 877 1115 osculabatur
901 1059 1071 1127 pedes
1097 1061 1244 1127 ejus,
1296 1064 1348 1114 et
1381 1058 1632 1127 ungebat
1676 1074 1776 1110 un-

149 1158 330 1224 guento
348 1150 516 1218 (Luc.
545 1157 662 1216 vn).
700 1147 917 1201 Videtis
945 1149 1088 1218 quia
1114 1147 1192 1201 ad
1211 1146 1491 1204 Pharismi
1507 1160 1780 1200 mensam

150 1242 283 1297 venit
308 1239 600 1301 Christus,
629 1251 750 1290 non
778 1241 843 1290 ut
881 1235 1222 1294 carnalibus
1253 1234 1574 1305 repleretur
1604 1234 1779 1300 escis,

150 1331 234 1386 sed
253 1335 309 1383 ut
331 1328 392 1382 in
408 1341 589 1381 carne
611 1325 916 1394 negotium
933 1323 1166 1379 cceleste
1182 1328 1535 1378 monstraret
1560 1338 1573 1387 ;
1589 1336 1781 1392 neque

149 1427 198 1474 ut
219 1417 496 1490 probaret
523 1413 722 1485 posita
760 1413 1111 1470 humanitus
1146 1418 1280 1467 ante
1312 1427 1395 1474 se,
1422 1411 1526 1466 sed
1557 1418 1692 1482 post
1721 1425 1782 1464 se

150 1514 292 1580 gesta
305 1503 589 1562 divinitus
603 1501 967 1573 approbaret.
991 1501 1276 1556 Christum
1290 1515 1548 1570 namque
1563 1514 1785 1570 semper

149 1595 520 1666 agnoscimus
549 1606 655 1663 per
683 1592 981 1645 humanos
1002 1595 1167 1645 actus
1191 1590 1425 1643 divinas
1451 1589 1785 1643 exercuisse

1881 436 2025 507 quia
2042 455 2144 508 per
2157 441 2395 512 culpam
2412 439 2574 496 novit
2591 455 2652 494 se
2666 439 2862 494 vultus
2875 438 3154 494 ﬁduciam
3173 440 3525 512 perdidisse;

1883 529 2042 581 venit
2060 529 2436 585 satisfactura
2452 533 2589 595 Deo,
2611 545 2729 585 non
2745 527 2972 583 homini
2987 529 3269 600 placitura
3287 545 3426 585 cum
3440 545 3534 586 ve-

1882 615 1967 669 nit
1991 631 2004 679 ;
2037 618 2192 672 venit
2208 619 2437 689 pietatis
2453 618 2572 678 illa,
2588 616 3038 687 nonvoluptatis
3052 617 3386 674 exhibitura
3397 633 3535 673 con-

1882 703 2125 762 vivium.
2161 708 2422 780 Denique
2453 713 2508 761 et
2529 705 2887 778 poenitentiae
2915 706 3079 777 ponit
3101 722 3398 774 mensam,
3425 706 3535 764 fer-

1883 792 2019 848 cula
2045 795 2522 867 compunctionis
2552 794 2820 866 apponit,
2848 808 3066 865 panem
3093 794 3533 860 dolorisinfert;

1884 886 2094 951 potum
2117 882 2400 954 lacrymis
2422 886 2709 953 temperat
2729 882 2789 936 in
2805 896 3104 948 mensura,
3129 887 3184 937 et
3201 882 3276 938 ad
3289 881 3538 938 delicias

1886 967 2126 1024 deitatis
2157 975 2329 1037 totas,
2357 969 2379 1010 τ
2403 976 2592 1027 totam
2625 968 2825 1041 pulsat
2851 968 3045 1024 cordis
3072 972 3164 1024 sui
3197 974 3252 1027 et
3271 970 3538 1041 corporis

1889 1058 2338 1132 symphoniam,
2365 1071 2395 1114 ε
2416 1059 2627 1129 organi
2654 1057 2923 1130 planctus
2948 1057 3050 1112 dat
3075 1057 3419 1125 clamorem,
3453 1059 3537 1115 ci-

1889 1147 2122 1202 tharam
2143 1164 2248 1218 per
2267 1147 2715 1219 suspirialonga
2726 1145 3086 1211 modulatur,
3110 1148 3363 1219 gemitus
3377 1151 3542 1220 aptat

1889 1233 1916 1274 ιι
1937 1235 1994 1288 in
2017 1234 2282 1290 ﬁstulam
2302 1254 2317 1299 ;
2337 1241 2392 1292 et
2408 1236 2555 1291 dum
2577 1241 2782 1308 pectus
2800 1233 2995 1305 ipsam
3010 1235 3432 1292 conscientiam
3453 1251 3544 1291 ar-

1892 1339 2081 1394 guens
2104 1340 2263 1396 saepe
2287 1325 2560 1396 percutit,
2589 1323 2730 1379 facit
2757 1322 3050 1395 placitura
3076 1325 3193 1379 Deo
3225 1323 3235 1362 ί
3262 1322 3546 1394 cymbala

1893 1427 2209 1481 personare
2232 1431 2244 1480 ;
2260 1414 2526 1485 dumque
2542 1413 2729 1468 taliter
2740 1416 3020 1483 apportet
3033 1411 3254 1467 divinis
3269 1412 3454 1469 oculis
3470 1413 3548 1468 cie

1893 1501 2185 1569 b03,totas
2213 1501 2630 1557 misericordiae
2645 1501 2848 1572 c0pias
2862 1500 2944 1555 sic
2967 1507 3245 1573 reportat.
3265 1503 3409 1557 Ecce
3423 1518 3548 1558 mu-

1895 1589 2143 1660 lierque
2159 1597 2287 1646 erat
2301 1591 2362 1645 in
2379 1592 2612 1646 civitate
2621 1589 2942 1659 peccatrix.
2962 1592 3552 1662 Exaggeratevange-

148 1688 394 1752 virtutes,
411 1681 562 1735 dum
591 1683 1040 1749 novaetpraeter
1061 1695 1203 1732 usus
1218 1677 1558 1732 mortalium
1572 1681 1786 1731 cuncta
1823 1706 1865 1764 Β
1895 1677 2069 1734 listai
2104 1679 2369 1734 mulieris
2392 1679 2644 1742 facinus,
2668 1685 2729 1734 ut
2754 1679 3087 1734 accumulet
3114 1680 3548 1751 indulgentiam

148 1790 256 1830 esse
291 1787 433 1844 quin
466 1769 545 1824 ab
575 1784 646 1823 eo
672 1769 854 1822 etiam
876 1766 1261 1838 corporaliter
1286 1772 1451 1835 gesta
1481 1772 1788 1820 suntcom-

149 1862 486 1935 probantur.
502 1857 835 1912 Pharismus
849 1856 926 1911 ad
940 1855 1428 1910 manducandum
1444 1859 1616 1908 vocat
1627 1851 1786 1907 Chri-

150 1956 292 2006 stum
320 1967 334 2000 :
368 1946 524 2019 quid
550 1946 629 2000 ibi
657 1944 868 2017 quaerit
890 1943 1100 1998 mulier
1115 1958 1236 1998 non
1252 1947 1462 1997 vocata
1477 1943 1498 1995 ἲ
1523 1941 1789 1996 Claustra

149 2040 348 2095 domus
363 2051 491 2091 non
520 2033 857 2106 prorumpit
873 2038 1204 2101 extraneus,
1224 2030 1477 2094 convivii
1496 2034 1789 2085 secretum

152 2144 253 2190 non
271 2124 587 2198 prmsumit
609 2137 732 2177 non
757 2133 783 2162 ι
809 2119 1342 2186 invitatusintrare,
1359 2118 1523 2174 cibos
1546 2123 1790 2190 paratos

151 2215 479 2273 relaxandis
509 2210 812 2268 mentibus
839 2214 978 2282 post
1000 2209 1270 2264 laborem
1303 2208 1651 2280 perturbare
1668 2223 1792 2264 non

153 2305 310 2361 sudet
323 2302 551 2359 arbiter
571 2299 909 2354 luxuriosus
925 2315 938 2364 ;
953 2297 1162 2368 etquid
1177 2301 1262 2352 est
1275 2297 1438 2367 quod
1451 2297 1580 2356 haec
1595 2296 1794 2352 mulier

155 2396 358 2463 ignota,
381 2392 580 2445 immo
597 2387 752 2443 male
770 2394 930 2454 nota,
957 2390 1179 2442 onusta
1197 2384 1480 2450 luctibus,
1506 2385 1681 2455 plena
1709 2385 1792 2441 la-

155 2482 380 2553 crymis,
401 2479 676 2534 clamosa
693 2476 954 2548 planctu,
980 2475 1181 2530 nescio
1193 2474 1640 2544 janitore,nullo
1658 2489 1795 2530 con-

158 2572 276 2636 scio,
293 2571 428 2641 ipso
445 2567 763 2637 ignorante
789 2569 1040 2635 pastore,
1061 2563 1275 2617 domus
1293 2561 1489 2618 aditus
1510 2563 1798 2634 percurrit

157 2675 370 2722 omnes,
429 2655 644 2712 transit
698 2659 854 2709 totas
890 2652 918 2694 ιι
944 2651 1407 2714 ministeriorum
1450 2663 1473 2693 ο
1504 2659 1793 2714 catervas,

155 2750 333 2821 ipsum
367 2744 634 2801 convivii
660 2741 929 2814 pervolat
941 2741 1017 2797 ad
1033 2744 1407 2803 seeretum,et
1421 2739 1796 2795 facitdomum

151 2838 349 2893 laetitiae
380 2835 642 2889 domum
666 2828 1109 2886 lamentatiouis
1134 2833 1187 2883 et
1211 2828 1526 2899 planctus?
1549 2830 1794 2897 Fratres,

153 2941 258 2980 non
285 2927 508 2993 rogata
539 2920 702 2975 venit
731 2918 852 2985 illa,
880 2917 983 2973 sed
1005 2916 1173 2987 jussa
1197 2933 1210 2981 ;
1244 2915 1483 2973 intravit
1510 2915 1798 2980 exhibita,

148 3028 256 3068 non
285 3023 667 3084 praesumens
698 3024 710 3060 :
741 3006 866 3077 ipse
894 3007 975 3060 sic
1002 3005 1138 3060 fecit
1153 3021 1288 3061 eam
1315 3005 1441 3060 sisti
1463 3004 1594 3068 sibi,
1619 3005 1722 3074 qui
1740 3004 1802 3060 il-

151 3103 254 3158 lam
279 3098 509 3156 caelesti
541 3094 836 3152 sententia
861 3094 1038 3163 jussit
1066 3093 1318 3149 absolvi.
1359 3094 1620 3164 Denique
1649 3092 1798 3150 dum

151 3191 477 3248 Pharisaeus
506 3190 665 3240 veste
717 3183 934 3248 clarus,
998 3183 1226 3253 primus
1268 3182 1378 3241 diu
1423 3183 1695 3251 sigmate,
1741 3183 1801 3237 in

148 3281 278 3351 ipsis
293 3277 492 3335 oculis
517 3273 727 3330 Christi
749 3298 774 3331 θ
807 3277 1062 3335 tumens,
1088 3271 1276 3342 epulis
1292 3271 1664 3336 homini,non
1685 3271 1800 3326 Deo

149 3369 495 3440 placiturus,
519 3363 769 3421 festivus
785 3360 1136 3426 infunditur,
1161 3362 1319 3418 venit
1341 3360 1805 3424 mulier,etvenit

211 3511 416 3564 alnter
461 3503 810 3561 triclinarios
850 3517 1041 3557 servos
1089 3503 1427 3556 censebatur
1452 3502 1720 3556 invitator
1747 3507 1804 3558 et

152 3587 374 3644 vocator,
411 3593 628 3634 nomen
677 3574 862 3630 sortiti
908 3589 974 3628 ex
1003 3589 1259 3628 munere.
1311 3574 1492 3644 Hujus
1532 3575 1802 3628 meminit

152 3654 451 3707 Athaeneus
484 3650 583 3704 lib.
616 3664 694 3712 iv,
729 3646 881 3700 illius
912 3645 1184 3700 Martialis
1215 3645 1310 3700 lib.
1343 3661 1422 3710 1x,
1455 3649 1512 3700 et
1536 3649 1697 3700 vetus
1718 3645 1802 3702 in-

152 3724 375 3796 scriptio
406 3721 566 3793 apud
597 3717 928 3790 Pignorium
959 3717 1028 3772 de
1064 3716 1271 3772 Servis.

817 3803 1134 3843 AGATHOPUS

828 3875 988 3914 AUGG.
1020 3875 1126 3913 LIB.

839 3935 1132 3996 iuvirnoa

208 4009 320 4064 Sed
333 4005 1018 4063 esseinvitatorcsservos
1045 4000 1321 4072 expressit
1349 4000 1609 4057 Christus
1649 4001 1804 4071 apud

147 4080 351 4134 Matth.
399 4096 479 4134 xu
511 4082 568 4132 et
603 4077 810 4135 Lucam
836 4089 950 4126 xxv.

205 4152 232 4193 δ
261 4153 352 4206 ita
383 4165 612 4204 omnes.
642 4148 903 4200 Fortasse
929 4143 1234 4212 legendum
1265 4142 1806 4196 ministrorum.ch

145 4225 300 4286 enim,
337 4222 427 4278 ait
455 4218 762 4290 Pignorius
784 4231 910 4286 pag.
945 4215 1211 4290 47,_justa
1234 4219 1285 4269 et
1317 4213 1558 4290 legitima
1574 4214 1806 4290 [uittri-

141 4284 343 4347 rimari
379 4284 814 4347 nomint-latura.
844 4289 992 4341 Zeno
1017 4286 1246 4351 Veron,
1280 4301 1455 4342 serm.
1487 4285 1556 4339 de
1589 4284 1806 4338 Invidia

143 4365 406 4418 etlivore
442 4381 453 4416 ;
511 4361 698 4430 Ioseph
739 4375 845 4414 non
876 4359 1103 4430 venisset
1158 4357 1217 4411 in
1263 4356 1577 4426 ngyptum,
1609 4372 1701 4410 nec
1738 4372 1807 4411 ea:

142 4436 428 4489 ministris
457 4428 794 4492 Pharaonis
809 4428 1130 4485 exstitisset.

207 4519 232 4547 ε
263 4506 482 4560 Mirum
519 4520 657 4558 sane
683 4505 965 4572 quantum
1007 4499 1157 4572 apud
1178 4497 1470 4572 antiquos
1501 4498 1810 4572 excreverit

145 4593 450 4631 servorum
483 4569 780 4630 numerus.
811 4572 867 4626 Si
900 4569 1229 4626 testimonia
1268 4571 1340 4625 ad
1365 4570 1692 4625 satietatem
1714 4570 1810 4625 de-

145 4649 386 4721 sideras,
425 4649 520 4702 adi
557 4644 887 4721 Pignorium
929 4643 991 4721 in.
1019 4640 1256 4721 praefat.

212 4719 238 4759 ἀ
269 4721 484 4790 Sigma
528 4735 563 4790 a
611 4713 824 4790 figura
854 4713 1260 4790 semicirculari
1316 4713 1807 4790 quemadmodum

148 4784 402 4855 porticus
435 4791 502 4844 C.
541 4784 1318 4856 P.Juliani,apudZozimum
1349 4784 1445 4837 lib.
1467 4800 1522 4837 ιιι
1546 4800 1559 4849 ;
1583 4784 1809 4856 aﬁgura

146 4862 556 4917 semirotunda
592 4861 768 4928 sigma
806 4855 1134 4912 vocabatur.
1174 4856 1538 4928 Cumautem
1580 4855 1809 4924 sigillati

148 4932 256 4984 duo
283 4938 489 4988 essent
518 4927 798 4995 extrema,
841 4929 994 4984 velut
1024 4943 1257 4989 cornua,
1311 4927 1605 4980 dexterum
1652 4942 1812 4980 occu-

148 5005 303 5070 panti
331 5020 562 5076 primus
593 5007 717 5056 erat
743 5000 806 5076 in,
821 5002 1088 5076 convivio
1120 4999 1296 5076 locus.
1329 4998 1489 5076 Alter
1519 4996 1567 5050 ei
1600 4997 1812 5076 obtige-

148 5067 251 5146 rat,
286 5067 392 5146 qui
419 5072 834 5146 sinistrum._Si
856 5089 988 5142 ergo
1018 5069 1333 5146 Pharisaeus
1365 5067 1587 5139 primus
1609 5074 1731 5122 erat
1754 5067 1813 5121 in

148 5142 424 5214 sigmate,
459 5148 725 5217 dextrum
758 5142 1347 5217 ille_cornu_tenebat.
1490 5209 1524 5217 __
1619 5208 1672 5217 Μ
1771 5207 1780 5217 ⁸

214 5208 239 5254 δ
272 5208 589 5289 Gregorius
626 5215 823 5289 etiam,
858 5215 1015 5269 hom.
1059 5213 1126 5266 33
1173 5211 1230 5264 in
1263 5209 1586 5289 Evangelia,
1619 5208 1814 5263 Phari-

151 5304 328 5345 saeum
365 5285 524 5343 h'unc
562 5287 943 5358 superbumet
972 5289 1258 5338 tumentem
1280 5285 1471 5358 vocat.

219 5361 242 5402 ί
269 5362 538 5415 Deducto
568 5377 601 5413 a
622 5349 782 5437 more
813 5357 1148 5437 priscorum,
1196 5353 1292 5437 qui
1314 5429 1322 5437 ι
1345 5353 1403 5406 in
1433 5349 1707 5437 conviviis
1734 5349 1817 5404 in-

147 5422 946 5501 strumentorumpulsatione
971 5422 1420 5501 delectabantur,
1440 5427 1493 5477 et
1497 5422 1686 5501 ξιιάωί
1701 5438 1817 5501 prae

148 5504 396 5558 caeteris.
433 5503 567 5558 Vide
611 5493 802 5556 locum
853 5505 1026 5554 Amos
1076 5512 1151 5561 v1,
1193 5496 1246 5549 ὃ.
1285 5496 1463 5566 Verba
1487 5493 1817 5566 Chrysologi

148 5571 357 5632 laudat
398 5574 697 5653 Pignorius
723 5573 794 5628 de
825 5570 1014 5626 Servis
1041 5584 1170 5643 pag.
1212 5565 1330 5623 162.

1895 1767 2209 1836 largitoris.
2230 1768 2301 1822 In
2333 1768 2567 1824 civitate
2587 1769 2913 1835 peccatrix.
2947 1765 2974 1807 ¹ί
2999 1767 3242 1823 Civitate
3267 1783 3551 1839 peccave-

1895 1861 2004 1920 rat,
2038 1856 2181 1927 quia
2209 1855 2374 1910 fama
2403 1871 2513 1910 sua
2537 1855 2761 1910 famam
2782 1855 2957 1909 totius
2975 1855 3240 1923 tetigerat
3255 1855 3506 1910 civitatis
3534 1871 3551 1925 ;

1897 1946 2100 2016 sicque
2125 1945 2251 2014 jam
2279 1959 2400 1999 non
2432 1945 2726 2015 peccatrix
2743 1942 2958 2010 solum,
2983 1943 3117 1998 sed'
3144 1943 3331 2015 ipsius
3349 1943 3550 2000 civita-

1898 2036 1970 2090 tis
1996 2034 2153 2089 facta
2182 2033 2372 2090 fuerat
2401 2033 2538 2105 ipsa
2568 2038 2902 2105 peccatum.
2939 2035 3071 2090 Haec
3096 2034 3373 2103 cognovit
3391 2032 3557 2104 quod

1899 2123 2010 2179 nisi
2042 2123 2120 2178 ab
2145 2122 2245 2178 illo
2276 2122 2404 2178 solo
2430 2121 2681 2178 civitatis
2720 2127 3032 2193 peccatum
3062 2137 3185 2179 non
3212 2130 3414 2194 posset
3451 2137 3554 2179 au-

1900 2212 2056 2276 ferri,
2076 2211 2179 2282 qui
2199 2210 2362 2266 solus
2387 2210 2593 2266 mundi
2610 2215 2847 2265 venerat
2861 2209 3100 2266 abolere
3119 2215 3454 2282 peccatum.
3477 2212 3557 2266 Et

1900 2307 1966 2356 ut
1980 2299 2255 2370 cognovit
2267 2300 2410 2371 quia
2422 2315 2624 2356 aecum
2633 2299 2789 2355 beret
2804 2299 3086 2355 Dominus
3103 2302 3162 2355 in
3175 2301 3340 2358 domo
3353 2300 3561 2356 Phari-

1901 2391 2164 2447 swi.Non
2179 2388 2256 2444 ad
2282 2393 2559 2454 stantem,
2590 2403 2711 2443 non
2734 2387 2812 2444 ad
2837 2388 3144 2444 sedentem
3164 2389 3342 2446 audet
3358 2389 3560 2446 venire

1902 2477 2197 2549 peccatrix
2226 2493 2238 2530 :
2265 2478 2420 2532 Deus
2450 2493 2587 2532 cum
2613 2481 2749 2544 stat,
2779 2477 3023 2546 corripit
3048 2495 3062 2542 ;
3096 2493 3233 2533 cum
3267 2478 3450 2542 sedet,
3466 2479 3558 2549 ju-

1903 2566 2095 2630 dicat;
2119 2565 2428 2636 prostratis
2443 2565 2729 2634 conjacet,
2746 2580 2882 2619 cum
2897 2564 3218 2622 decumbit.
3261 2567 3333 2622 Ut
3359 2581 3560 2636 cogno-

1906 2654 1990 2716 vit
2008 2653 2164 2724 quod
2181 2653 2551 2709 occumberet
2582 2652 2865 2707 Dominus
2885 2652 3121 2708 indomo
3134 2653 3454 2719 Pharisaei.
3470 2657 3558 2708 ln-

1907 2741 2112 2797 clinem
2127 2741 2195 2795 ad
2212 2740 2599 2796 miserandum
2616 2755 2923 2810 supernam
2937 2740 3142 2796 didicit
3156 2741 3514 2811 majestatem
3538 2755 3552 2806 ;

1908 2836 1964 2886 et
1985 2830 2119 2884 ideo
2132 2828 2552 2899 crediditquod
2570 2834 2726 2883 esset
2748 2829 2821 2883 ad
2852 2828 3082 2884 veniam
3110 2829 3224 2884 sibi
3242 2835 3552 2901 promptus,

1908 2918 2010 2991 qui
2033 2917 2316 2972 Pharisaei
2335 2922 2578 2972 venerat
2596 2922 2717 2972 tam
2732 2923 3044 2988 promptus
3064 2918 3136 2972 ad
3153 2919 3560 2974 mensam.At-

1910 3008 2047 3062 tulit
2062 3006 2425 3064 alabastrum
2438 3008 2738 3076 unguenti.
2754 3017 2794 3045 αι
2813 3006 3437 3078 Portavitoleum,quia
3451 3021 3564 3062 me-

1909 3095 2172 3151 dicinam
2194 3094 2389 3149 lethali
2411 3094 2636 3150 vulneri
2662 3111 2698 3151 a
2724 3111 2986 3166 superno
3007 3095 3241 3158 medico
3263 3096 3565 3167 perquire-

1909 3183 2031 3240 bat.
2060 3183 2226 3240 Stans
2255 3187 2412 3239 retro
2437 3198 2594 3238 secus
2622 3185 2793 3254 pedes
2823 3185 2966 3254 ejus.
3005 3184 3092 3248 Ad
3144 3184 3326 3256 pedes
3376 3185 3566 3241 tendit

1911 3287 2147 3342 semper
2171 3272 2351 3327 citam
2380 3272 2619 3326 veniam
2650 3272 2753 3344 qui
2786 3271 3049 3344 requirit.
3098 3275 3163 3327 Et
3189 3272 3342 3327 bene
3375 3277 3558 3338 stans,

1909 3361 2053 3434 quia
2075 3361 2201 3431 jam
2233 3359 2446 3419 cadere
2473 3375 2592 3416 non
2617 3366 2833 3436 potest,
2860 3360 2962 3436 qui
2994 3373 3022 3404 ιι
3041 3361 3120 3416 ad
3148 3360 3332 3433 pedes
3352 3360 3564 3416 Christi

1981 3515 2012 3556 κ
2041 3501 2306 3559 Sidonius
2333 3501 2430 3556 lib.
2462 3505 2516 3558 ix
2541 3518 2666 3573 cap.
2709 3503 2776 3558 13
2806 3502 2947 3558 dixit
2974 3519 3179 3574 gemere
3199 3502 3417 3560 tibiam.

2066 3617 2294 3680 Crepulis
2318 3616 2540 3666 reﬂanda
2566 3617 2734 3667 buccis

2068 3680 2227 3729 Gemit
2250 3694 2372 3728 aura
2401 3681 2603 3730 tibialis.

1980 3787 2008 3828 δ
2039 3787 2199 3842 Unde
2229 3785 2380 3856 apud
2413 3791 2630 3842 veteres
2673 3787 3020 3856 ﬁstulatores.
3073 3787 3273 3843 Puella
3296 3788 3438 3846 item
3463 3789 3567 3847 illa

1912 3857 1970 3932 in
2023 3857 2177 3932 regio
2208 3857 2464 3932 congvio
2523 3859 2779 3932 calamos
2814 3859 3219 3914 modulabatur
3266 3861 3422 3932 apud
3457 3863 3567 3916 Ab-

1913 3930 2068 3984 diam
2102 3928 2203 3983 lib.
2243 3945 2302 3983 ix
2334 3928 2773 3999 Histor.Apost.

1984 4001 1996 4040 ί
2028 4001 2241 4072 Horum
2269 4015 2402 4052 usus
2424 3998 2703 4072 plurimus
2725 4000 2876 4070 apud
2899 3999 3182 4055 Hebraeos.
3205 3999 3346 4056 Vide
3363 3999 3562 4072 Lamy,

1915 4073 1984 4127 de
2010 4071 2263 4140 Templo,
2289 4085 2417 4140 pag.
2461 4071 2581 4124 120.

1979 4142 1998 4195 .i
2043 4139 2246 4196 Fuerat
2277 4139 2432 4194 enim
2481 4139 2767 4205 meretrix,
2818 4140 2903 4195 vel
2951 4141 3272 4197 scortatrix.
3322 4141 3470 4198 Nam
3509 4141 3569 4198 id

1913 4230 2094 4288 genus
2107 4212 2416 4288 mulierum
2439 4211 2619 4288 Graeci
2640 4217 2846 4288 vocant
2871 4209 3197 4288 ἁμαρτάδας,
3224 4215 3565 4286 peccatrices.

1987 4285 2006 4317 “
2033 4283 2209 4346 Alius,
2243 4283 2460 4337 civitati
2492 4300 2504 4338 :
2539 4284 2598 4336 in
2620 4283 2866 4339 civitate.

1986 4355 2012 4438 ι.
2034 4354 2128 4409 Vel
2155 4353 2288 4438 quia
2309 4354 2607 4438 civitasbb
2640 4354 2988 4438 scandalum
3014 4355 3370 4438 Magdalenen
3395 4358 3567 4438 .apud

1840 4417 1882 4472 Ι)
1914 4429 2150 4481 caeteros
2171 4417 2323 4480 male
2341 4425 2644 4490 audiebat;
2682 4426 2763 4480 vel
2794 4431 2916 4481 tota
2945 4417 3144 4482 civitas
3170 4428 3242 4482 ad
3274 4417 3568 4483 lasciviam

1916 4498 1986 4551 ob
2034 4498 2361 4568 exemplum
2416 4498 2585 4570 hujus
2630 4497 2885 4553 mulieris
2931 4497 3120 4553 fuerat
3169 4501 3423 4566 redacta,
3458 4504 3568 4560 etc.

1918 4571 2074 4623 ΜιτΑ.

1988 4650 2029 4679 m
2061 4638 2264 4694 Oleum
2285 4639 2540 4713 sumpsit
2570 4657 2670 4710 pro
2703 4657 3062 4713 quocumque
3106 4646 3414 4713 unguento.
3445 4642 3572 4696 Ala-

1915 4710 2173 4764 bastrum
2206 4712 2380 4784 enim,
2415 4711 2473 4766 in
2494 4729 2604 4784 quo
2633 4710 2964 4784 hujusmodi
2997 4710 3570 4775 oleum—servabatur,

1917 4797 2016 4835 vas
2039 4786 2160 4835 erat
2183 4783 2435 4855 vulgare,
2467 4789 2521 4855 et
2553 4782 2903 4855 inconviviis
2936 4784 3228 4848 usitatum,
3262 4790 3572 4855 aptumque

1919 4853 2567 4922 unguentiscondendis.
2597 4854 2829 4917 Plinius,
2857 4854 2952 4924 lib.
2978 4871 3144 4908 xxxvi
3165 4853 3365 4924 capf8.
3391 4858 3458 4907 At
3477 4870 3573 4922 po—

1919 4924 2032 4978 tior
2055 4924 2296 4980 fortasse
2330 4924 2614 4978 sententia
2643 4923 3005 4994 opinantium
3038 4923 3309 4978 alabastri
3341 4925 3574 4977 nomine

1922 5012 1988 5054 ea
2019 4995 2213 5049 omnia
2246 4995 2431 5049 vocari
2459 5012 2594 5049 vasa
2617 4995 2673 5048 in
2701 4996 2904 5065 quibus
2936 5000 3227 5064 unguenta
3254 4996 3574 5048 condeban-

1923 5071 2032 5120 tur.
2063 5065 2196 5120 Vide
2229 5066 2504 5136 Epiphan.
2532 5068 2599 5120 de
2626 5067 2866 5120 Ponder.
2892 5083 2904 5129 ;
2927 5069 2982 5119 et
3008 5065 3373 5120 scholiastem
3399 5066 3577 5120 Theo-

1923 5136 2048 5191 criti
2082 5136 2138 5189 in
2171 5137 2327 5206 idyll.
2355 5139 2420 5208 -15
2443 5154 2572 5208 pag.
2604 5137 2810 5208 188,7et
2840 5136 3235 5208 Aristophanis
3274 5137 3346 5192 ad
3369 5137 3578 5193 Achar-

1925 5223 2149 5274 nenses,
2184 5223 2308 5276 pag.
2342 5207 2482 5270 302;
2525 5206 2644 5277 prae
2697 5206 2822 5261 aliis
2873 5207 3234 5262 Guillelmum
3279 5209 3578 5266 Stuchium

1925 5278 2115 5348 Antiq.
2149 5277 2358 5332 Conviv
2410 5277 2504 5331 lib.
2547 5278 2604 5332 ni
2632 5293 2755 5347 cap.
2791 5279 2876 5330 15.

1996 5359 2021 5383 ιι
2060 5347 2181 5403 Non
2213 5353 2332 5402 tam
2364 5347 2474 5402 cito
2490 5348 3114 5405 moduinaccumbendi
3138 5353 3370 5419 mensis,
3403 5357 3465 5408 ut
3484 5369 3582 5409 no~

1928 5418 2012 5474 bis
2034 5419 2203 5473 hodie
2234 5435 2358 5472 mos
2404 5424 2513 5485 est,
2545 5419 2920 5474 deseruerunt
2971 5422 3205 5477 Hebraei.
3241 5418 3395 5479 Licet
3425 5426 3583 5481 enim

1930 5491 2191 5562 Proverb.
2221 5506 2382 5554 xxm,
2419 5492 2441 5544 1
2470 5493 2685 5562 ;Amos
2712 5508 2782 5557 iv,
2810 5491 2842 5545 7
2870 5508 2883 5557 ;
2917 5493 3184 5550 Ezechiel.
3209 5512 3347 5552 χχιιι
3373 5513 3387 5562 ;
3411 5501 3467 5551 et
3482 5499 3585 5550 Το-

1930 5561 2040 5624 biae
2071 5578 2133 5633 ιι,
2163 5561 2196 5617 4
2218 5579 2237 5634 ,'
2279 5562 2498 5624 Esther.
2519 5581 2556 5642 ι,
2579 5563 2613 5620 6
2633 5579 2647 5632 ;
2667 5580 2760 5634 vu,
2795 5564 2850 5638 t,
2871 5581 2990 5626 non
3009 5565 3249 5626 obscura
3269 5571 3626 5664 appareaut‘
