3958 6182
404 226 519 288 ιδξι

1691 222 1750 281 S.
1799 205 2004 278 PETRI
2052 202 2521 270 CHRYSOLOGI.

3700 207 3815 266 ιδι

402 356 619 415 meruit
646 356 976 428 pervenire.
1007 357 1190 412 Stans
1224 362 1384 411 retro
1409 368 1569 411 secus
1609 352 1781 423 pedes
1810 351 1953 420 ejus.
1989 346 2057 399 Ut
2089 343 2138 404 Α
2170 354 2502 395 mereamur
2535 339 2915 428 aliquatenus
2935 335 3291 428 c9mP9ta_ri,
3315 338 3372 392 εί
3395 351 3821 428 illigantur?!»

403 445 615 503 Christi
645 446 907 515 vestigiis
936 446 1141 500 innixa
1165 447 1530 515 percurreret
1559 459 1665 515 per
1708 442 1867 496 viam
1900 438 2054 499 vitae,

403 549 540 608 quae
567 551 673 606 per
700 536 858 589 viam
891 538 1225 588 cucurrerat
1253 532 1478 587 mortis.
1513 532 1814 603 Lacrymis
1833 527 2056 600 rigabat

400 626 578 694 pedes
599 625 746 692 ejus.
770 624 853 676 En
885 626 1140 676 mutatur
1166 620 1314 675 ordo
1339 637 1556 688 rerum,
1589 621 1853 693 pluviam
1888 623 2055 672 terra;

403 713 621 769 cmlum
667 711 771 765 dat
797 725 1035 781 semper
1064 727 1075 763 :
1100 725 1235 764 ecce
1271 725 1430 765 nunc
1460 710 1612 779 rigat
1635 715 1788 765 terra
1816 707 2055 774 coelum,

401 801 589 856 immo
605 814 778 869 super
791 798 972 854 caelos
993 802 1048 854 et
1061 814 1243 870 usque
1256 799 1326 853 ad
1341 799 1535 871 ipsum
1552 800 1868 855 Dominum
1882 795 2059 851 imber

400 887 810 944 humanarum
838 887 1066 957 prosilit
1095 887 1524 959 lacrymarum,
1544 893 1606 943 ut
1625 888 1797 959 juxta
1810 885 2056 940 Psalmi-

401 979 554 1032 stam
576 980 631 1030 et
653 976 722 1029 de
746 976 918 1047 aquis
933 975 1178 1031 ﬂetuum
1195 991 1303 1032 can
1314 983 1462 1032 tetur
1473 975 1618 1032 illud
1634 993 1644 1030 :
1660 977 1914 1045 Etaquae
1925 988 2058 1046 qua:

397 1079 568 1136 super
580 1065 752 1120 celos
764 1065 1161 1130 sunt,laudent
1173 1081 1364 1122 nomen
1382 1067 1610 1122 Domini
1621 1064 2053 1134 (Psal.cxi.vm).

399 1153 705 1222 Lacrymis
720 1153 957 1222 rigabat
973 1155 1148 1222 pedes
1166 1153 1362 1223 ejus.0
1381 1152 2058 1226 quantavisinlacrymis

401 1241 824 1315 peccatorum!
851 1241 1043 1311 rigant
1067 1243 1306 1307 caelum,
1323 1247 1542 1298 terram
1565 1241 1817 1307 diluunt,
1842 1241 2060 1296 exstin-

399 1335 590 1400 guunt
610 1330 946 1399 gehennam
959 1373 971 1395 ,
988 1329 1187 1386 delent
1206 1332 1262 1385 in
1281 1347 1456 1386 omne
1473 1331 1702 1386 facinus
1719 1330 1840 1384 lata
1852 1328 2059 1384 divina

395 1417 876 1491 promulgatione
892 1420 1347 1476 sententiam.Et
1365 1421 1604 1489 capillis
1617 1419 1826 1489 capitis
1838 1419 1933 1473 sui
1948 1424 2057 1474 ter-

393 1508 588 1578 gebat.
625 1506 966 1562 Dominicos
998 1508 1183 1578 pedes
1213 1507 1370 1563 lavat
1402 1509 1704 1580 lacrymis,
1741 1520 1766 1549 ι
1792 1506 2055 1562 crinibus

393 1596 584 1666 tergit.
603 1597 783 1650 Vacat
798 1595 874 1650 ab
889 1597 1271 1652 excusatione
1285 1602 1610 1668 paupertas
1632 1595 2056 1663 ;inhumanitas

392 1685 620 1740 veniam
634 1699 755 1738 non
769 1684 1253 1755 habebit,quiain
1270 1691 1456 1740 totum
1479 1685 1821 1740 sibinatura
1838 1682 2054 1739 sufﬁcit
2088 1704 2133 1762 Β

391 1773 466 1829 ad
483 1772 848 1844 obsequium
866 1771 1175 1828 Creatoris.
1191 1775 1267 1828 Et
1285 1775 1529 1842 capillis
1546 1773 1750 1844 capitis
1764 1774 1856 1827 sui
1871 1779 2053 1842 terge-

391 1859 582 1917 bat.ln
596 1861 949 1932 peccatrices
963 1865 1143 1932 caput
1156 1861 1480 1931 purgandis
1494 1860 1838 1917 criminibus
1850 1860 2051 1915 reﬂue-

386 1948 492 2006 bat
525 1950 708 2015 unda,
741 1955 803 2004 ut
831 1964 939 2004 sua
970 1951 1130 2004 fonte
1165 1949 1376 2004 mulier
1401 1951 1460 2004 in
1491 1965 1716 2006 novum
1742 1949 2047 2021 baptisma

388 2053 636 2093 suorum
653 2037 904 2092 dilueret
917 2037 1173 2092 illuviem
1193 2039 1686 2108 peccatorum.Et
1707 2038 1940 2107 capillis
1957 2054 2046 2093 ca-

379 2127 524 2194 pitis
536 2127 630 2180 sui
644 2126 996 2195 tergebat.Ut
1007 2127 1024 2195 j
1037 2131 1177 2180 uxta
1189 2127 1546 2183 Psalmistam
1563 2127 1840 2182 verticem
1854 2127 2044 2198 capilli

389 2212 572 2283 (Psal.
601 2213 796 2283 vau),
829 2229 902 2266 ex
926 2228 1046 2284 quo
1069 2213 1483 2270 ambulaverat
1529 2215 1590 2269 in
1617 2215 1843 2269 delictis
1894 2215 2038 2279 suis,

382 2300 445 2356 'm
473 2299 846 2356 sanctitatem
874 2300 974 2354 tali
988 2305 1236 2355 verteret
1254 2301 1635 2357 servitute.Et
1657 2302 2041 2358 osculabatur

379 2389 554 2458 pedes
580 2390 726 2458 ejus.
754 2389 1178 2443 Praecesserant
1195 2388 1644 2445 intervenientes
1669 2390 2042 2462 lacrymae,ut

382 2477 594 2533 oscula
609 2476 826 2532 devota
840 2477 1393 2548 sequerentur,quia
1404 2478 1686 2550 lacrymaa
1702 2479 2042 2536 satisfactio-

380 2566 476 2622 nis
496 2569 636 2620 sunt
652 2565 1105 2630 documentum,
1119 2563 1149 2606 ι)
1179 2565 1387 2623 oscula
1401 2567 2040 2624 suntreconeiliationis

379 2654 619 2718 indicia,
648 2655 726 2710 Et
750 2655 1007 2724 ungebat
1033 2663 1355 2725 unguento.
1391 2667 1416 2696 ο
1440 2655 1736 2712 Mulierem
1752 2672 1930 2729 super
1946 2673 2040 2714 ca-

377 2749 486 2816 put
502 2744 733 2800 Domini
746 2743 969 2799 fudisse
988 2742 1208 2807 oleum,
1225 2743 1341 2798 alio
1354 2744 1723 2814 evangelista
1733 2745 2035 2812 referente,

378 2833 766 2903 cognovimus
789 2832 1024 2902 (Matth.
1052 2833 1209 2900 xxv1)
1238 2850 1250 2888 :
1286 2849 1409 2889 non
1431 2839 1521 2888 est
1552 2849 1692 2904 ergo
1708 2833 1873 2906 quod
1899 2834 2038 2891 facit

373 2919 507 2976 haec
537 2921 748 2976 mulier
777 2919 975 2975 mollis
993 2924 1048 2974 et
1077 2921 1330 2976 carnalis
1348 2922 1643 2994 obsequii,
1670 2921 1696 2962 ἀ
1717 2923 1819 2977 sed
1841 2923 2034 2995 plente

373 3007 766 3064 humanitatis
780 3012 870 3063 est
882 3013 1325 3063 sacramentum
1350 3029 1364 3076 ;
1391 3011 1534 3080 quia
1545 3023 1570 3050 ο
1596 3012 1655 3065 in
1675 3011 1863 3082 capite
1875 3012 2032 3067 Chri-

2167 433 2386 497 guento
2403 430 2562 500 quod
2585 428 2844 500 pedibus
2858 426 3123 482 funditur
3138 424 3453 482 Salvatoris
3478 426 3658 498 :quia
3672 426 3823 482 sicut

2166 515 2388 570 oblatio
2419 521 2526 584 est,
2547 532 2685 571 cum
2714 515 2956 571 offertur
2977 517 3348 583 unguentum
3372 530 3385 578 ;
3412 513 3494 568 ita
3511 525 3541 568 ε
3559 513 3822 571 chrisma

2168 605 2494 676 perfectum
2521 607 2709 669 est,de
2728 604 3047 661 Dominicis
3059 604 3317 673 vestigiis
3341 619 3476 658 cum
3499 602 3815 660 redundat.

2169 695 2559 764 Cujusautem
2585 695 2798 750 mulier
2818 695 2931 750 ista
2957 701 3166 766 typum
3186 693 3480 764 praeferat,
3515 693 3606 748 vel
3629 709 3819 765 quam

2167 799 2460 853 magnum
2489 784 2829 856 praeﬁguret
2857 799 3165 846 arcanum,
3211 782 3471 838 donante
3511 785 3648 848 Deo,
3681 789 3823 838 tunc

2165 871 2457 944 dicemus,
2496 873 2743 945 quando
2769 889 2840 930 ea
2870 881 3006 945 qua?
3039 877 3176 927 sunt
3211 871 3273 926 in
3311 871 3701 942 sequentibus
3729 887 3824 928 ex-

2165 968 2484 1033 ponentur.

2763 1034 2992 1091 SERMO
3030 1033 3210 1089 XCIV.

2165 1123 2253 1179 De
2279 1124 2498 1190 eadem,
2531 1127 2584 1180 et
2628 1124 2939 1180 Pharist
2983 1126 3420 1191 murmurante,
3473 1137 3546 1178 ac
3577 1121 3822 1181 Christo

2787 1212 3191 1281 respondente.

2239 1301 2531 1366 Quoniam
2565 1316 2838 1357 sermone
2861 1301 3130 1372 proximo
3161 1304 3394 1372 partem
3425 1300 3687 1372 primam
3708 1301 3824 1358 ho-

2164 1388 2385 1444 diernae
2415 1390 2817 1461 percurrimus
2843 1389 3130 1454 lectionis,
3164 1387 3445 1443 admirati
3470 1389 3692 1460 pariter
3723 1406 3824 1445 su-

2164 1493 2300 1532 mus
2329 1495 2450 1551 quo
2471 1479 2718 1543 fervore,
2743 1494 2867 1551 qua
2897 1478 3035 1545 ﬁde,
3070 1478 3232 1551 quali
3264 1493 3439 1546 ausu,
3471 1484 3698 1550 quanta
3716 1480 3824 1536 ob-

2164 1568 2352 1638 sequii
2374 1570 2652 1635 novitate,
2667 1568 2966 1639 peccatrix
2979 1566 3190 1622 mulier
3218 1566 3410 1639 ipsius
3420 1568 3668 1638 vestigia
3681 1584 3826 1624 con-

2163 1655 2358 1725 tigerit
2381 1656 2699 1712 Salvatoris
2717 1673 2734 1711 :
2748 1656 2930 1711 modo
2941 1657 3089 1728 quid
3104 1656 3436 1711 Pharisaaus
3450 1660 3650 1712 tacens
3663 1657 3826 1712 dixe-

2161 1744 2253 1813 rit,
2271 1745 2418 1816 quid
2436 1744 2722 1811 Christus,
2738 1745 2834 1800 cui
2850 1745 3173 1815 loquuntur
3199 1745 3395 1810 tacita,
3417 1746 3816 1817 responderit,

2163 1833 2503 1888 audiamus.
2527 1833 2981 1906 Videns,inquit,
3010 1833 3487 1905 Pharisaeus,qui
3506 1842 3819 1892 vocaverat

2158 1938 2306 1988 eum,
2340 1925 2424 1978 ait
2449 1925 2610 1978 intra
2629 1939 2686 1978 se
2706 1924 2904 1978 dicem
2927 1939 2938 1977 :
2962 1922 3062 1978 Hic
3086 1924 3135 1978 si
3152 1928 3292 1978 esset
3297 1923 3608 1992 propheta,
3633 1925 3817 1980 sciret

2155 2016 2354 2082 utique
2379 2026 2507 2083 qua?
2528 2018 2581 2066 et
2598 2012 2778 2083 quatis
2799 2012 3108 2068 estmulier
3127 2027 3254 2082 quae
3278 2013 3474 2082 tangit
3494 2027 3619 2069 eum
3633 2013 3811 2084 (Luc.

2152 2101 2274 2171 vn).
2307 2101 2625 2165 Pharisme,
2652 2101 2818 2173 quod
2856 2101 3152 2172 conspicis
3174 2117 3296 2157 non
3325 2107 3412 2156 est
3441 2101 3811 2172 ignorantia,

2152 2189 2258 2243 sed
2288 2192 2585 2259 potestas;
2614 2189 2903 2244 estdivini
2926 2189 3156 2260 judicii,
3179 2205 3302 2245 non
3318 2190 3810 2250 errorishumani.

2151 2276 2470 2342 Pharisaee,
2499 2293 2682 2340 erras,
2706 2279 2933 2332 nescire
2965 2280 3155 2348 magis
3172 2279 3363 2350 potuit
3379 2279 3426 2332 si
3449 2278 3812 2351 fuissetpro-

2151 2366 2349 2437 pheta,
2373 2367 2516 2437 quia
2534 2366 2842 2437 prophetia
2868 2382 2990 2422 non
3017 2372 3103 2422 est
3129 2367 3379 2423 humani
3411 2367 3657 2435 arbitrii,
3683 2385 3810 2425 mu.

2150 2455 2307 2509 neris
2333 2461 2419 2510 est
2438 2456 2621 2510 divini
2650 2471 2662 2509 :
2696 2456 2854 2510 unde
2880 2456 3210 2527 prophetah
3234 2457 3340 2512 scit
3358 2472 3477 2512 non
3509 2463 3807 2528 quantum

2149 2543 2293 2608 vult,
2321 2545 2427 2600 sed
2456 2549 2752 2616 quantum
2783 2544 3012 2600 dederit
3037 2545 3164 2600 illei
3193 2546 3297 2617 qui
3327 2545 3528 2600 tribuit
3551 2548 3809 2618 prOphe-

2149 2634 2315 2690 tiam.
2333 2636 2449 2690 Hic
2475 2636 2678 2690 siesset
2687 2637 2998 2705 propheta,
3020 2636 3193 2691 sciret
3224 2638 3420 2707 utique
3432 2651 3564 2707 quae
3586 2643 3640 2692 et
3662 2653 3804 2708 qua-

2151 2724 2224 2778 tis
2240 2723 2878 2794 estmutierquartangit
2901 2723 3082 2779 eum.i
3116 2724 3371 2780 Mulieris
3403 2725 3574 2780 malae
3603 2730 3802 2782 tactus

2147 2814 2263 2868 urit
2283 2813 2437 2869 male
2453 2812 2780 2878 conscium,
2798 2829 3006 2884 parem
3019 2813 3247 2884 polluit,
3263 2820 3596 2886 suspectum
3611 2821 3804 2883 notat,

2143 2901 2454 2959 hominem
2467 2903 2641 2957 malae
2655 2902 2972 2957 voluntatis
2986 2901 3266 2958 infamat:
3293 2907 3572 2958 caeterum
3593 2920 3806 2976 pecca-

2143 2991 2254 3046 trix
2281 2991 2346 3046 ﬁt
2373 2993 2554 3057 bona,
2581 2991 2646 3047 ﬁt
2675 2996 2900 3061 sancta,
2931 2991 2997 3046 ﬁt
3039 2992 3346 3056 innocens,
3385 3008 3523 3048 cum
3545 2993 3806 3063 tetigerit

377 3097 451 3151 sti
477 3096 632 3150 Deus
656 3101 761 3160 est,
794 3095 856 3150 in
896 3095 1151 3166 pedibus
1199 3063 2019 3170 evangelizantium‘pacem.
2063 3063 2107 3123 ϐ
2145 3080 2707 3170 νθβίωίθιτϐξῑοΐθφ·
2742 3078 3016 3170 εφΐοοτα
3031 3081 3402 3149 Contingunt:
3428 3082 3535 3170 39d
3564 3097 3687 3137 n00
3708 3083 3800 3138 in-

376 3180 402 3225 τ
423 3183 617 3249 Orate,
644 3183 870 3248 fratres,
897 3189 958 3238 ut
989 3189 1043 3238 et
1073 3199 1186 3238 nos
1214 3185 1274 3238 in
1301 3186 1566 3254 unguine
1598 3187 1832 3241 Domini
1864 3204 2026 3244 com-

374 3299 614 3371 vestigia
661 3297 1034 3354 accubitionis
1087 3315 1255 3368 super
1279 3303 1481 3364 strata,
1520 3300 1608 3355 vel
1656 3301 2025 3368 lectisternia,

372 3371 604 3427 moshic
629 3371 815 3444 adhuc
828 3372 977 3441 apud
991 3385 1192 3444 omnes
1219 3387 1334 3444 non
1366 3371 1880 3444 obtinuerat.Quod
1901 3392 2026 3444 pro-

373 3460 534 3499 cessu
561 3442 834 3513 temporis
865 3441 1128 3513 evenisse
1149 3441 1742 3513 creduntinterpretes
1759 3441 2025 3500 eximitu-

372 3515 529 3569 tione
560 3512 866 3570 Persarum
918 3519 971 3566 et
998 3512 1411 3567 Chaldaeorum.
1445 3512 1606 3569 Certe
1654 3515 1937 3581 Salvator,
1969 3521 2026 3572 et

370 3584 430 3639 in
461 3585 573 3656 hoc,
599 3583 1179 3656 Pharismiconvivio,
1209 3588 1265 3638 et;
1295 3586 1351 3656 in
1383 3584 1588 3639 ultima
1613 3585 2021 3656 discipulorum

370 3671 538 3710 caena
563 3655 722 3709 lectis
746 3653 1018 3709 incubuit.
1049 3656 1133 3708 lta
1159 3671 1290 3727 vero
1298 3655 1594 3726 jacebant,
1625 3662 1688 3710 ut
1713 3653 1882 3727 pedes
1904 3675 2023 3714 ver-

367 3741 464 3781 sus
495 3742 780 3800 mensam,
811 3731 869 3800 et
890 3730 1062 3800 caput
1080 3725 1423 3800 anteriorem
1447 3732 1670 3800 partem
1695 3725 2019 3800 respiceret.

367 3798 1094 3872 Accumbebant_detractis
1120 3798 1339 3872 calceis,
1375 3803 1429 3872 et
1451 3799 1639 3872 soleis,
1667 3798 1807 3869 quas
1824 3807 2021 3872 postea

368 3879 587 3933 Servus,
607 3885 775 3939 quem
799 3869 1044 3923 Romani
1061 3870 1339 3923 vocabant
1354 3870 1423 3921 ad
1442 3871 1622 3940 pedes,
1646 3869 2016 3927 custodiebat.

436 3953 462 3982 ι
493 3941 621 3996 Heri
651 3956 872 4013 quoque
897 3956 1190 3995 servorum
1218 3957 1448 3995 suorum
1474 3942 1693 4012 capillis
1723 3945 2021 4016 tergebant

363 4029 630 4139 mabnii’lisde
664 4084 829 4138 Hebr.
862 4097 923 4150 ιι,
945 4082 1032 4148 21,
1057 4086 1113 4137 et
1134 4082 1272 4154 alibi
1292 4083 1500 4154 saepius
1525 4087 1611 4151 ;et
1630 4083 1861 4140 consule
1879 4085 2018 4141 Wo-

361 4172 578 4211 werum
607 4156 678 4210 ad
709 4155 914 4208 Minue.
949 4153 1248 4208 Octavium
1280 4171 1407 4224 pag.
1439 4154 1526 4207 18.

393 4245 399 4251 ε
434 4239 458 4267 ο
488 4226 732 4279 Dubium
766 4242 836 4278 an
871 4224 1254 4294 Chrysologus
1275 4225 1557 4294 putaverit
1579 4224 1725 4279 hanc
1746 4227 2011 4280 eamdem

359 4296 536 4352 fuisse
562 4295 859 4350 mulierem
894 4295 963 4347 de
1001 4311 1114 4363 qua
1144 4296 1447 4348 Matthaaus
1474 4311 1628 4349 xxvx.
1654 4297 1838 4349 Aliam
1859 4298 1928 4350 ab
1946 4314 2012 4351 eo

357 4365 749 4421 existimatam
781 4365 1111 4430 crederem;
1150 4365 1310 4418 illam
1361 4366 1513 4418 enim
1546 4371 1714 4419 vocat
1756 4368 2012 4423 absolute

358 4436 683 4499 mulierem,
708 4436 855 4490 hanc
882 4450 1013 4488 vero
1031 4451 1132 4504 per
1156 4435 1496 4504 particulam
1518 4436 1626 4490 hac
1640 4437 2006 4506 determinat,

356 4508 523 4578 quasi
545 4508 697 4580 dicat
728 4507 832 4561 hac
853 4506 1051 4580 mulier
1100 4506 1161 4580 de
1184 4522 1293 4576 qua
1325 4507 1619 4580 loquimur.
1661 4508 2008 4580 Cbrysologo

354 4576 704 4635 conveniunt
731 4577 1076 4632 cordatiores
1115 4576 1471 4648 interpretes.
1513 4579 1669 4633 Alius
1700 4576 1790 4634 hic
1829 4576 2006 4649 locu's,

353 4649 501 4706 alius
532 4650 737 4705 Christi
759 4665 969 4704 sermo.
994 4649 1407 4702 Obmurmurat
1423 4649 1760 4714 Pharisaaus,
1784 4667 1895 4705 non
1915 4652 2005 4707 Ju-

353 4723 489 4794 das;
519 4726 575 4777 et
603 4721 1282 4794 diversapropemodum
1320 4726 1412 4794 est
1458 4723 2006 4779 obmurmurationis

351 4792 525 4851 causa
557 4810 569 4850 :
597 4793 687 4849 hic
717 4792 973 4847 mulieris
1008 4796 1276 4856 attactus,
1316 4792 1430 4848 illic
1461 4795 1732 4865 unguenti
1765 4795 2003 4864 perditio

352 4865 742 4938 redarguitur.

420 4940 446 4978 ἀ
474 4933 856 4995 orientalibus
870 4933 1248 4990 humanitatis
1267 4934 1518 4988 ofﬁcium
1535 4934 1655 4997 fuit,
1672 4936 2004 5005 prandenti-

347 5007 449 5064 bus
473 5016 527 5064 et
544 5008 902 5065 coenantibus
915 5011 1084 5076 caput
1104 5007 1386 5076 pedesque
1413 5012 1701 5076 unguento
1719 5005 1954 5061 delinire
1984 5023 1995 5060 :

345 5081 666 5151 cujusmodi
703 5079 887 5134 officio
922 5077 1152 5151 femina:
1201 5077 1563 5146 potissimum
1597 5077 1996 5151 iungebantur,

343 5148 546 5219 quibus
568 5152 749 5221 magis
768 5166 940 5220 quam
959 5165 988 5202 a
1002 5148 1133 5202 viris
1159 5163 1247 5221 res
1271 5148 1652 5221 unguentaria
1668 5149 1994 5221 curabatur.

342 5218 481 5274 Vide
513 5224 530 5275 Ι
563 5218 800 5276 Samuel
821 5237 930 5283 vin,
967 5221 1053 5288 13,
1077 5223 1134 5273 et
1161 5218 1247 5272 hic
1279 5218 1688 5272 Maldonatum.
1732 5219 1869 5274 Mita
1916 5222 1997 5275 ait

382 5306 443 5343 ro
471 5294 595 5345 oleo
626 5292 792 5361 capiti
825 5290 1021 5354 eﬂuso,
1056 5289 1390 5360 obsequium
1427 5290 1735 5361 signiﬁcari
1770 5291 1994 5346 Christo

391 5362 587 5416 omino
605 5363 916 5417 exhibitum
944 5377 956 5426 ;
977 5377 1077 5432 pro
1105 5361 1230 5417 oleo
1246 5361 1424 5415 effuso
1448 5362 1702 5430 pedibus,
1724 5361 1991 5432 humani-

2137 3169 2391 3240 quinant
2416 3168 2624 3224 solem.
2653 3168 2680 3210 κ
2694 3168 2981 3224 Medicum
2993 3184 3130 3224 cum
3145 3169 3671 3239 tanguntvulnera,
3685 3188 3802 3243 pu-

2137 3281 2350 3356 Christi
2376 3300 2579 3356 corpus
2611 3285 2915 3354 mysticum
2949 3284 3224 3339 unxisset.
3246 3285 3536 3355 [ntegrum
3564 3286 3798 3356 praesti-

2136 3356 2222 3426 tit,
2249 3355 2387 3408 dum
2419 3355 2704 3409 Christum
2730 3363 2901 3426 caput
2922 3356 3204 3419 Ecclesiae,
3239 3361 3295 3410 et
3323 3355 3640 3411 sacerdotes
3671 3374 3798 3413 ver-

2134 3425 2304 3500 bique
2334 3425 2433 3481 Dei
2465 3442 2778 3497 praacones,
2802 3425 2917 3498 qui
2948 3429 3118 3498 pedes
3161 3431 3313 3492 sunt,
3344 3432 3635 3499 unguento
3659 3446 3794 3500 per-

2137 3496 2403 3632 fugiijuia
2433 3567 2585 3622 idem
2629 3569 2794 3632 Deus,
2830 3568 2927 3638 qui
2978 3573 3063 3623 est
3114 3568 3171 3623 in
3215 3569 3397 3640 capite
3442 3569 3669 3635 Christi,
3702 3577 3795 3626 est

2132 3639 2306 3693 etiam
2338 3639 2394 3692 in
2421 3640 2655 3712 pedibus
2675 3641 2932 3711 ejusdem
2951 3641 3207 3712 corporis
3233 3641 3473 3711 mystici,
3505 3641 3562 3695 in
3582 3642 3794 3712 quibus

2131 3714 2265 3782 sunt
2295 3710 3040 3780 prmdicatores’Evangelii,
3076 3711 3170 3780 qui
3215 3710 3344 3766 ideo
3370 3714 3541 3782 pedes
3575 3710 3790 3768 Christi

2131 3781 2575 3854 dicuntur,_quia
2607 3782 2862 3837 Christus
2884 3788 3182 3852 tamquam
3214 3788 3382 3853 caput
3402 3784 3529 3837 illos
3553 3785 3789 3854 prtecelo

2128 3851 2213 3915 lit,
2252 3852 2560 3926 illuminat,
2595 3870 2659 3926 ac
2680 3853 2852 3926 regit,
2896 3859 2964 3926 ut
3006 3851 3318 3924 sequantur
3367 3851 3594 3925 vestigia
3633 3858 3786 3926 ejus,

2130 3928 2298 3993 prout
2345 3924 2552 3977 dicitur
2599 3924 2772 3987 infra,
2806 3923 2977 3979 ser‘m.
3013 3926 3102 3979 95.
3144 3923 3549 3979 Verumtamen
3593 3923 3790 3981 obser-

2127 3997 2379 4067 vandum
2407 4000 2511 4060 est,
2553 3995 2608 4048 in
2650 4000 2768 4049 toto
2813 3997 2919 4049 hoc
2949 4013 3186 4065 corpore
3213 3998 3447 4067 mystico
3477 3997 3687 4051 Christi
3727 4004 3790 4054 et

2127 4066 2412 4130 Ecclesiae,
2443 4067 2618 4120 Deum
2664 4068 2885 4121 diverso
2910 4071 3082 4120 modo
3119 4066 3322 4123 inesse.
3367 4069 3661 4138 Siquidem
3695 4075 3788 4124 est

2125 4137 2576 4192 eminentissime
2602 4139 2658 4192 in
2688 4138 2873 4208 capite
2905 4139 3128 4203 Christi,
3163 4140 3268 4193 hoc
3305 4149 3390 4193 est
3418 4137 3476 4193 in
3507 4140 3791 4194 humani-

2125 4211 2241 4264 tate
2269 4210 2473 4263 Christi
2520 4225 2626 4281 per
2652 4210 3072 4280 hypostaticam
3105 4210 3373 4265 unionem
3400 4228 3412 4272 ;
3438 4212 3495 4264 in
3541 4211 3788 4281 pedibus

2124 4281 2348 4353 Christi,
2378 4281 2486 4334 hoc
2502 4285 2587 4335 est
2617 4280 2958 4353 inh‘cclesia,
2979 4298 3106 4351 quae
3134 4285 3418 4353 praecipue
3435 4299 3500 4336 ex
3513 4283 3789 4353 gentibus

2121 4352 2370 4424 conﬂata
2401 4356 2506 4417 est,
2536 4368 2634 4424 per
2663 4352 2831 4406 ﬁdem
2857 4355 3017 4406 adest
3044 4357 3098 4407 et
3116 4352 3386 4424 gratiam,
3412 4352 3582 4424 atque
3604 4355 3789 4410 inter

2045 4424 2088 4480 Ι)
2122 4422 2790 4496 nam__illu_minationem,
2826 4423 3074 4494 dirigens
3099 4422 3296 4478 eorum
3326 4422 3782 4496 actus,gressus,

2119 4497 2225 4568 etc.
2261 4493 2428 4548 Unxit
2458 4496 2580 4548 haec
2606 4495 2813 4548 mulier
2844 4493 3014 4568 caput
3043 4501 3099 4549 et
3129 4497 3300 4565 pedes
3333 4493 3559 4568 Christi,
3596 4503 3660 4550 ut
3684 4515 3783 4568 pe-

2117 4564 2280 4618 dibus
2306 4582 2405 4639 per
2435 4576 2623 4639 caput,
2657 4570 2712 4639 et
2741 4564 2929 4635 capiti
2949 4582 3048 4636 per
3073 4564 3244 4636 pedes
3270 4567 3607 4637 obsequium
3630 4564 3783 4639 prie-

2115 4640 2293 4709 staret
2322 4636 2719 4709 humanitatis,
2744 4643 3085 4708 argumento
3117 4654 3315 4693 eorum
3343 4636 3471 4709 quin
3502 4636 3649 4692 dixit
3669 4650 3781 4695 Au-

2113 4707 2438 4780 ctoriinfra,
2473 4724 2645 4780 serm.
2678 4710 2780 4762 ’173
2819 4726 2830 4762 z
2864 4711 3022 4764 Sicut
3041 4709 3209 4764 honor
3235 4707 3446 4780 capitis,
3471 4715 3579 4764 etc.
3603 4712 3776 4766 Min.

2184 4779 2206 4818 ί
2233 4779 2443 4833 Suadet
2475 4779 2636 4833 nobis
2659 4797 2821 4852 orare
2843 4782 3042 4848 Deum,
3077 4786 3137 4834 ut
3161 4785 3216 4834 et
3247 4779 3348 4836 nus
3368 4798 3656 4852 ungamur
3676 4800 3779 4838 un-

2111 4855 2325 4918 guento
2356 4852 2508 4920 quod
2557 4851 2791 4920 pedibus
2822 4852 3079 4905 funditur
3138 4851 3467 4919 Salvatoris,
3513 4853 3620 4908 hoc
3663 4860 3772 4920 est,

2112 4923 2180 4974 de
2208 4921 2469 4976 Ecclesiae
2510 4922 2884 4976 sacramentis
2918 4922 3341 4993 participemus.

2189 5005 2217 5045 βξ
2247 4995 2347 5047 Ms.
2380 4996 2543 5057 (1:33.,
2580 4997 2658 5047 ita
2689 4996 2922 5064 profectu
2946 4995 3177 5047 chris-ma
3203 5003 3298 5049 est.

2179 5063 2206 5104 δ
2227 5064 2335 5118 ΛΙἱί
2361 5081 2583 5135 quoque
2609 5071 2969 5120 enarratores
2993 5071 3195 5120 notant
3213 5066 3300 5120 hic
3323 5066 3598 5121 Pharisaei
3616 5084 3775 5123 erro-

2104 5151 2248 5200 rem,
2301 5137 2460 5206 quasi
2487 5137 2779 5206 propheta:
2805 5137 3001 5191 omnia
3053 5137 3194 5191 scire
3240 5139 3585 5194 debuissent.
3623 5140 3772 5197 Vide

2105 5205 2387 5275 Grotium,
2417 5205 2784 5278 Br’uge’nsem,
2821 5213 2877 5263 et
2903 5209 3244 5263 Calmetum.

2174 5280 2186 5317 λ
2217 5280 2457 5335 Consule
2499 5280 2889 5334 Maldonatum
2929 5282 2999 5334 ad
3024 5279 3173 5334 hunc
3198 5280 3407 5334 locum.

2167 5347 2435 5432 J_Neinpe
2469 5350 2588 5432 haec
2619 5356 2742 5432 erat
2768 5350 3182 5432 Pharisaeorum
3212 5351 3527 5432 Opiniohex
3555 5359 3770 5432 contaf

337 5435 426 5486 tas
441 5434 696 5502 praestita
711 5421 1052 5502 apostolis-et
1084 5421 1519 5487 successoribus.
1541 5421 1702 5497 Quod
1725 5429 1770 5487 si
1789 5432 1993 5489 mulier

2206 5421 2932 5502 heminam-ﬂagitiosorum
2948 5423 3090 5478 alios
3112 5421 3531 5502 inquinarilsa.
3548 5441 3684 5493 μιν,
3712 5427 3765 5482 5.

335 5503 598 5560 Ecclesiae
627 5519 928 5574 personam
953 5518 1150 5574 agens,
1181 5518 1303 5574 qua
1330 5508 1415 5574 est
1444 5508 1498 5557 et
1533 5503 1778 5559 aliorum
1820 5503 1993 5559 inter-

329 5580 559 5654 pretum
590 5571 775 5642 mens,
826 5571 1162 5648 obsequium
1214 5571 1593 5651 dimidiasset,
1643 5590 1755 5632 non
1802 5579 1988 5634 totum

2170 5492 2203 5536 κ
2223 5494 2299 5548 Ex
2325 5493 2568 5550 Latinio.
2597 5493 2765 5560 Editi,
2792 5495 3050 5552 medicum
3088 5492 3204 5551 cuni
3235 5497 3428 5567 tangit.
