3958 6182
195 325 313 386 509

1667 313 1912 379 SERMO
1953 314 2148 379 CXIII.

3496 326 3616 387 510

193 472 264 513 ex
294 453 392 512 his
425 471 555 528 quae
585 455 803 528 adjecit
826 455 1148 528 Apostolus
1181 455 1419 528 plenius
1449 450 1846 528 approbatur.
1886 446 1936 508 Α
1971 447 2142 507 dicit:
2178 449 2547 520 Dicverbo,et
2562 452 2877 509 sanabitur
2890 433 3461 521 puermeus(lfatth.
3475 456 3624 528 viii).

192 545 349 601 Sicut
373 547 524 602 enim
540 547 713 601 unius
731 546 922 601 homin
931 545 980 601 is
997 545 1372 602 inobedientia
1386 549 1718 617 peccatores
1731 557 1859 596 con-

190 637 387 692 stituti
396 641 536 691 sunt
550 636 724 691 multi
729 637 830 701 ,ita
841 637 1013 691 unius
1025 635 1284 691 obedient
1291 636 1351 692 ia
1354 633 1858 706 justieonstituen-

191 732 292 781 tur
318 726 520 781 multi.
566 725 646 781 Sit
675 725 860 781 homo
888 730 1183 796 peccator,
1212 737 1237 768 ι
1265 729 1327 780 ut
1359 727 1430 780 sit
1457 726 1612 779 Deus
1638 723 1855 794 justus,

191 813 333 886 quia
360 819 562 869 reatus
588 813 890 870 redundat
912 814 988 869 ad
1005 813 1290 885 judicem,
1316 815 1364 870 si
1383 830 1576 886 pmnte
1601 810 1860 884 percellit

191 902 538 958 innoxium.
565 903 777 958 Etideo
791 902 938 958 dixit
971 920 985 959 :
1015 904 1187 960 Sicut
1197 903 1490 972 perunius
1504 902 1752 958 hominis
1767 901 1855 955 in-

190 990 570 1046 obedientiam
580 998 894 1063 peccatores
909 993 1210 1047 constituti
1220 997 1360 1047 sunt
1371 990 1542 1046 multi
1549 992 1639 1047 .Ut
1650 988 1860 1043 scirent

192 1095 252 1135 se
277 1080 411 1151 ejus
430 1081 626 1152 culpa:
640 1079 820 1135 fuisse
831 1080 1352 1153 participes,cujus
1375 1096 1568 1153 pmnaa
1583 1078 1775 1134 socios
1797 1092 1858 1132 se

191 1183 320 1224 esse
354 1169 748 1240 persentiunt.
782 1169 895 1224 Sed
913 1169 1043 1238 jam
1076 1167 1221 1239 quid
1250 1168 1342 1224 lex
1374 1167 1678 1241 profuerit,
1707 1171 1857 1221 atte-

190 1261 387 1312 stante
415 1257 722 1329 Apostolo,
743 1257 991 1314 audiant
1009 1257 1154 1329 legis
1168 1263 1486 1314 amatores.
1511 1259 1856 1324 Lexautem,

187 1346 407 1419 inquit,
437 1346 895 1411 subintravit,ut
925 1347 1260 1403 abundaret
1288 1347 1583 1403 delictum.
1615 1348 1776 1409 Ecce,
1798 1349 1862 1398 ut

188 1435 524 1507 Apostolus
550 1435 710 1498 dicit,
744 1451 866 1491 non
891 1435 1372 1492 immunitionem
1403 1431 1751 1491 delictorum
1769 1433 1860 1488 lex

187 1524 323 1580 fecit
345 1539 503 1588 esse,
523 1523 554 1566 ι)
584 1524 687 1579 sed
711 1524 984 1596 copiam;
1012 1540 1134 1579 non
1161 1540 1266 1595 per
1286 1541 1367 1590 se,
1388 1525 1616 1589 fratres,
1633 1522 1738 1578 sed
1760 1536 1862 1592 per

189 1630 326 1670 eum
363 1615 474 1685 qui
496 1613 689 1682 legem
705 1629 809 1684 per
833 1612 1294 1669 imbecillitatem
1316 1613 1463 1670 ferre
1477 1629 1596 1668 non
1615 1614 1856 1684 poterat.

189 1703 316 1759 Non
335 1701 1489 1775 magnitudolucishebetatoculos,qum
1509 1701 1650 1757 solis
1687 1717 1722 1756 a
1740 1700 1860 1754 Deo

1972 542 2037 595 Et
2075 540 2421 613 impleretur
2463 541 2611 598 illud
2661 541 3120 615 propheticum:
3180 540 3346 596 Misit
3386 543 3622 600 verbum

1969 645 2161 692 suum,
2191 637 2244 686 et
2264 634 2496 688 sanavit
2517 648 2608 688 eos
2657 631 2998 704 (Psal.cv1).
3043 632 3108 685 Et
3144 629 3279 686 ideo
3310 631 3621 703 sequitur:

1974 719 2083 776 Ubi
2108 720 2775 791 abundavitpeccatum,
2798 719 3303 789 superabundavit
3329 727 3381 776 et
3405 723 3620 790 gratia.

1969 810 2058 866 Ac
2090 808 2139 863 si
2161 808 2381 865 diceret
2403 830 2416 869 :
2440 810 2548 866 Ubi
2578 809 2888 865 dilatatum
2904 808 3625 880 estvulnus,supereffusa

1969 906 2055 954 est
2085 899 2332 955 sanitas.
2365 903 2549 955 Nemo
2563 915 2704 969 ergo
2727 899 2995 968 ingratus
3018 898 3091 952 sit
3111 897 3248 967 legi,
3275 898 3418 969 quia
3438 915 3621 970 quem

1967 994 2355 1058 aegrotantem
2377 994 2431 1045 et
2451 989 2750 1060 jacentem
2767 989 3093 1054 invenerat,
3119 987 3355 1053 levavit,
3388 987 3546 1056 fovit,
3569 991 3627 1043 et

1967 1082 2031 1134 ut
2052 1077 2227 1133 saluti
2255 1078 2509 1134 traderet
2533 1079 2732 1150 ipsum
2749 1093 2938 1148 usque
2960 1077 3038 1132 ad
3069 1076 3369 1132 medicum
3397 1075 3622 1132 salubri

1966 1165 2352 1222 exsultatione
2408 1166 2704 1238 perduxit,
2758 1170 2839 1231 ut,
2888 1165 3039 1220 sicut
3072 1164 3216 1219 dixit
3257 1165 3621 1234 Apostolus:

1970 1254 2460 1320 Quemadmodum
2499 1256 2771 1325 regnavit
2807 1258 3112 1323 peceatum
3146 1254 3203 1307 in
3239 1259 3502 1317 mortem,
3539 1253 3622 1308 ita

1967 1345 2161 1416 gratia
2185 1352 2376 1416 regnet
2395 1347 2455 1400 in
2475 1346 2655 1401 vitam
2668 1351 2973 1408 aeternam,
2998 1358 3105 1412 per
3115 1344 3309 1398 Jesum
3331 1341 3623 1397 Christum

1969 1434 2267 1489 Dominum
2282 1440 2573 1490 nostrum.
2591 1434 2788 1490 Gratia
2802 1434 2861 1488 in
2875 1433 3056 1488 vitam
3067 1436 3398 1503 ,peccatum
3413 1435 3626 1501 regnat

1969 1522 2029 1577 in
2055 1528 2330 1578 mortem.
2351 1526 2528 1579 Recta
2556 1523 2708 1578 ﬁdes
2730 1538 2852 1578 non
2885 1525 3160 1584 mortem,
3182 1536 3304 1576 non
3326 1520 3624 1577 interitum

1968 1609 2230 1666 hominis
2251 1612 2479 1667 auctori
2511 1614 2628 1667 Deo
2648 1611 2912 1682 deputat,
2939 1612 3045 1665 sed
3070 1609 3341 1664 salutem.
3375 1611 3529 1664 Mors
3552 1610 3625 1664 sit

1968 1700 2250 1765 hominis,
2285 1702 2357 1756 sit
2385 1701 2631 1772 peccati,
2652 1706 2716 1756 ut
2739 1700 2859 1755 vita
2881 1703 3080 1755 creata
3101 1703 3155 1754 et
3180 1697 3411 1754 reddita
3428 1698 3623 1756 solum

191 1799 398 1848 creata
412 1791 838 1857 estoculis,sed
851 1792 1164 1847 oculorum
1186 1790 1500 1847 inﬁrmitas
1516 1790 1860 1846 lucistotam
1890 1811 1937 1870 Β
1971 1789 2246 1845 credatur
2274 1805 2401 1844 esse
2431 1805 2538 1862 per
2561 1788 2880 1844 Christum.

191 1882 491 1936 sustinere
518 1896 640 1936 non
666 1886 883 1952 potest,
913 1885 968 1936 et
996 1880 1144 1937 ferre
1165 1880 1492 1936 claritatem
1524 1881 1636 1936 :ita
1671 1885 1727 1934 et
1745 1877 1859 1942 lex,

191 1970 427 2034 fratres,
463 1985 602 2040 quae
631 1985 737 2041 per
766 1985 828 2023 se
859 1969 1003 2024 satis
1024 1969 1191 2040 justa
1219 1974 1363 2035 erat,
1395 1974 1452 2024 et
1475 1969 1616 2024 satis
1633 1970 1860 2030 sancta,

191 2059 341 2114 dum
361 2058 444 2115 ab
459 2058 708 2113 homine
736 2058 927 2129 fragili
954 2073 1223 2114 severam
1255 2058 1434 2128 exigit
1460 2056 1860 2129 disciplinam,

194 2147 394 2218 magis
417 2147 736 2219 magisque
763 2148 1032 2203 oneravit
1049 2153 1101 2203 et
1124 2147 1380 2219 prodidit
1395 2147 1859 2218 delinquentem.

198 2241 265 2293 Et
284 2237 408 2293 hoc
421 2236 891 2309 quare,fratres?
913 2238 977 2293 Ut
999 2253 1104 2308 per
1121 2238 1374 2307 gratiam
1397 2242 1450 2292 et
1464 2237 1703 2292 veniam
1717 2236 1864 2290 Con-

190 2326 405 2383 ditoris
436 2325 655 2381 rediret
681 2325 758 2381 ad
774 2325 952 2380 vitam
967 2325 1063 2397 qui
1083 2330 1495 2396 pertumorem
1520 2325 1864 2394 etignoran-

195 2415 364 2479 tiam,
385 2440 410 2469 c
442 2430 584 2469 cum
607 2413 762 2470 male
778 2413 1207 2470 deinnocentia
1228 2414 1596 2483 gloriaretur,
1619 2413 1678 2468 in
1701 2411 1863 2467 debi-

189 2510 316 2560 tum
351 2503 628 2575 parentis
645 2503 1055 2559 deducebatur
1076 2509 1131 2558 et
1152 2518 1411 2575 poenam.
1432 2501 1668 2559 Morbus
1688 2502 1864 2573 igitur

188 2593 418 2651 latebat
429 2592 837 2664 occultus,per
851 2608 1032 2664 quem
1046 2593 1208 2648 omni
1219 2609 1317 2648 um
1333 2596 1558 2648 secreta
1576 2590 1864 2647 medulla-

188 2699 316 2739 rum
344 2687 403 2738 et
429 2697 722 2738 venarum
749 2686 982 2736 meatus
1003 2681 1062 2736 in
1080 2682 1348 2752 ipsorum
1373 2679 1859 2737 vitaliumtende-

189 2773 333 2829 bant
362 2771 639 2836 exitium,
674 2775 728 2826 et
750 2770 1085 2842 quamdam
1116 2769 1143 2811 ά
1172 2775 1453 2843 συνχρίσιν
1481 2769 1540 2824 in
1575 2768 1860 2825 omnibus

194 2862 535 2935 generabat
553 2859 1103 2916 internis.Venitlex
1128 2875 1264 2931 qua:
1277 2858 1562 2915 etvulnus
1574 2857 1862 2929 proderet,

192 2956 248 3007 ct
260 2950 516 3006 tandem
532 2947 1049 3018 vetustolanguori
1061 2962 1086 2991 ο
1118 2963 1440 3020 supernum
1455 2948 1733 3002 advenire
1746 2961 1866 3001 me-

191 3039 401 3095 dicum
419 3037 742 3093 nuntiaret.
753 3037 1184 3107 Venitlex,quze
1198 3036 1623 3092 mandatorum
1640 3034 1867 3091 fomen-

192 3130 266 3184 tis
290 3129 354 3183 in
377 3132 583 3184 cutem
615 3127 972 3198 produceret
992 3126 1156 3198 quod
1174 3125 1234 3181 in
1257 3125 1443 3182 altum
1460 3124 1752 3181 letbaliter
1763 3140 1870 3180 sa:-

195 3218 424 3273 viebat.
455 3215 752 3280 Venitlex,
777 3221 840 3271 ut
854 3214 1055 3285 gladio
1071 3221 1508 3287 praceptorum
1539 3213 1696 3270 velut
1719 3229 1867 3286 apo-

192 3311 392 3362 stema
407 3304 576 3374 longi
591 3304 858 3375 temporis
871 3303 1205 3376 aperiret,et
1216 3303 1522 3360 collectam
1537 3302 1636 3358 diu
1649 3305 1867 3359 saniem

191 3394 487 3450 salutaris
519 3392 772 3448 subinde
793 3394 1039 3449 siccaret
1056 3392 1289 3449 effusio.
1318 3396 1431 3450 Nec
1450 3399 1647 3449 tamen
1664 3409 1767 3465 per
1783 3409 1864 3458 se,

189 3483 436 3551 fratres,
453 3486 562 3537 aut
585 3481 803 3537 vulnus
818 3481 1097 3538 claudere
1111 3486 1488 3552 autmgrotan
1497 3483 1537 3538 ti
1549 3481 1868 3552 perfectam

189 3571 426 3628 addere
453 3569 839 3641 valebatipsa
855 3571 1191 3626 sanitatem.
1209 3571 1378 3636 Quod
1401 3571 1503 3626 ubi
1521 3571 1667 3626 vidit
1686 3587 1870 3643 aegro-

193 3666 320 3729 tus,
364 3666 424 3716 et
456 3659 704 3715 tandem
737 3664 959 3715 statum
995 3676 1172 3715 suum
1196 3660 1579 3716 miserandus
1603 3661 1866 3729 agnovit,

192 3750 389 3823 ccepit
413 3749 658 3805 tendere
680 3749 927 3805 festinus
951 3749 1028 3804 ad
1053 3749 1374 3815 medicum,
1399 3755 1462 3806 ut
1482 3750 1644 3822 quod
1669 3766 1774 3820 per
1791 3750 1870 3806 le-

195 3854 340 3910 gem
372 3837 707 3908 proditum,
730 3838 1120 3909 etperipsam
1148 3838 1251 3893 diu
1277 3839 1466 3895 fuerat
1488 3839 1864 3910 ampliatum,

195 3928 354 3984 tanti
383 3927 606 3983 medici
626 3926 835 3998 peritia
861 3933 1166 3982 curaretur
1190 3931 1246 3983 et
1270 3932 1477 3999 gratia.
1500 3927 1865 4000 Ampliatum

192 4016 432 4073 vulnus
463 4015 744 4082 dicimus,
778 4015 1005 4082 fratres,
1029 4017 1173 4089 quia
1203 4023 1337 4089 post
1366 4017 1735 4083 incisionem,
1755 4032 1866 4089 pu-

195 4106 403 4174 tredo,
434 4104 606 4168 fetor,
626 4103 856 4168 horror,
889 4104 1124 4160 vexatio
1139 4105 1250 4176 ipsi
1269 4104 1492 4161 vulneri
1506 4105 1870 4161 abscissione

193 4198 551 4264 generatur,
571 4199 627 4248 et
649 4193 712 4249 tit
728 4209 833 4264 per
845 4209 1050 4249 curam
1077 4194 1331 4249 deterior
1349 4193 1671 4250 miserandi
1691 4194 1871 4250 facies

193 4285 334 4356 ipsa
345 4280 666 4351 languoris
681 4298 861 4354 quam
879 4282 1378 4352 fueratignoranti
1391 4282 1718 4354 periculum
1733 4299 1871 4340 cum

193 4373 435 4428 lateret.
471 4371 640 4427 Venit
669 4386 812 4441 ergo
839 4371 1140 4436 medicus;
1173 4377 1228 4426 et
1251 4372 1378 4442 jam
1408 4371 1564 4427 fesso
1610 4373 1784 4438 curis,
1817 4378 1872 4428 et

197 4461 594 4518 curationum
608 4460 1021 4516 vexationibus
1033 4459 1580 4532 perdefesso,solius
1594 4461 1757 4517 verbi
1771 4478 1874 4518 au-

1893 3173 1945 3239 Ο

2569 1879 2796 1934 SEBMO
2838 1878 3016 1932 CXlll.

1973 1987 2053 2042 De
2080 2003 2189 2041 non
2214 1984 2581 2057 per-manendo
2605 1983 2663 2037 in
2691 1989 2924 2054 peccato,
2953 1989 3016 2037 ut
3041 1984 3235 2052 gratia
3282 1981 3543 2046 abundet,
3575 1989 3624 2036 et

2041 2077 2103 2130 de
2130 2075 2431 2130 virtutibus
2457 2073 2824 2129 inserviendo.
2854 2073 2918 2127 In
2941 2073 3112 2127 verba
3139 2071 3419 2143 ejusdem.
3448 2071 3628 2138 :Quid

2041 2165 2171 2218 ergo
2190 2147 2425 2202 dicemus
2443 2149 2471 2200 ?
2499 2145 2950 2202 Permanebimus
2976 2147 3034 2199 in
3056 2149 3288 2215 peccato,
3335 2149 3395 2197 ut
3434 2145 3629 2212 gratia

2043 2219 2282 2274 abundet
2305 2219 2332 2273 Ῡ
2361 2221 2466 2273 etc.

2043 2234 2282 2274 αοαηαεῑ
2305 2234 2332 2273 Τ
2361 2234 2466 2273 θιο.

2043 2325 2258 2381 Beatus
2271 2324 2599 2396 Apostolus
2615 2322 2863 2395 quando
2877 2327 3018 2378 nota
3035 2322 3628 2393 interrogat,quando

1969 2413 2288 2470 manifesta
2317 2412 2625 2487 perquirit,
2653 2428 2756 2468 eos
2777 2411 3342 2481 videlicetobjurgat
3365 2411 3627 2466 etincre-

1970 2509 2068 2575 pat
2079 2502 2172 2574 qui
2187 2502 2414 2573 eloquia
2427 2502 2622 2556 divina
2635 2500 3215 2572 suainterpretatione
3230 2503 3624 2564 corrumpunt:

1969 2591 2169 2647 etinde
2183 2591 2406 2662 concipi
2417 2589 2816 2659 untsuﬂ'ragia
2827 2589 3318 2654 criminum,unde
3331 2604 3626 2643 assumere

1968 2679 2300 2736 debuerant
2323 2679 2687 2733 documenta
2699 2678 3005 2733 virtutum.
3027 2676 3118 2732 Sic
3134 2677 3292 2730 enim
3313 2676 3491 2731 hodie
3512 2692 3623 2730 cce-

1970 2769 2086 2840 pit:
2122 2768 2277 2835 Quid
2297 2783 2426 2836 ergo
2454 2767 2749 2822 dicemus?
2765 2765 3244 2822 Permanebimus
3271 2765 3333 2818 in
3360 2769 3622 2831 peccato,

1971 2864 2035 2914 at
2063 2857 2263 2926 gratia
2294 2855 2550 2911 abundet
2583 2855 2771 2925 (Rom.
2795 2854 2875 2925 v1)
2906 2855 2933 2910 ?
2953 2852 3622 2925 Superiusdixerat,fra-

1973 2951 2090 3004 tres
2109 2964 2121 2999 :
2136 2946 2247 3002 Ubi
2257 2944 2556 3000 abundavit
2567 2941 3334 3014 peccatum,superabundavit
3344 2948 3393 2997 et
3405 2941 3587 3012 gratia
3607 2957 3625 3006 ;

1975 3040 2031 3092 et
2055 3035 2190 3090 ideo
2221 3035 2303 3090 ita
2331 3049 2581 3088 exorsus
2616 3035 2722 3095 est,
2752 3047 2820 3087 ac
2847 3047 2954 3102 pro
2985 3030 3085 3086 illo
3107 3031 3311 3086 divino
3337 3035 3393 3086 et
3429 3030 3632 3099 singu-

1975 3124 2085 3181 lari
2103 3120 2741 3193 magisterioimperitis
2763 3137 2824 3175 se
2838 3120 2997 3176 velut
3016 3119 3475 3189 interrogatione
3498 3135 3631 3190 par-

1976 3214 2202 3285 ticipat,
2230 3216 2293 3267 ut
2320 3228 2456 3284 quae
2488 3215 2624 3265 sunt
2643 3210 2973 3282 prudentia:
2991 3209 3432 3281 cmlestisplena
3445 3208 3637 3264 erudi-

1978 3303 2135 3359 tione
2163 3301 2533 3373 respondeat.
2569 3298 2625 3356 Si
2657 3299 2813 3354 enim
2838 3299 2939 3354 ubi
2969 3299 3292 3355 abundavit
3309 3306 3634 3367 peccatum,

1977 3391 2478 3461 superabundavit
2493 3395 2547 3445 et
2557 3388 2777 3459 gratia.
2800 3387 2947 3455 Quid
2963 3402 3096 3457 ergo
3113 3387 3358 3442 dicemus
3375 3387 3403 3440 ?
3417 3386 3639 3440 Perma-

1977 3482 2244 3539 nebimus
2275 3481 2337 3534 in
2355 3483 2607 3548 peccato,
2632 3484 2696 3532 ut
2712 3480 2913 3547 gratia
2935 3476 3191 3532 abundet
3214 3475 3240 3530 9
3264 3475 3319 3529 Si
3335 3489 3528 3544 prona
3549 3478 3637 3530 est

1978 3568 2467 3642 delinquentibus
2482 3567 2745 3639 pietas,si
2760 3566 2952 3636 gratia
2963 3566 3211 3637 copiosa
3223 3561 3632 3635 peccantibus,

1979 3659 2026 3715 si
2051 3658 2290 3728 injustis
2317 3658 2514 3713 amica
2529 3656 2775 3726 largitas
2805 3659 2895 3710 est
2923 3654 3148 3718 divina,
3183 3656 3338 3708 certe
3368 3651 3414 3706 si
3433 3651 3634 3708 futura

1976 3747 2139 3803 bona
2155 3745 2330 3801 malis
2344 3745 2732 3816 prmsentibus
2752 3744 3155 3815 acquiruntur,
3175 3741 3313 3813 quid
3326 3739 3502 3796 nobis
3518 3740 3631 3796 vir-

1976 3839 2172 3891 tutum
2187 3834 2295 3888 iter
2307 3830 2737 3904 arduum,quid
2750 3831 2937 3886 durus
2954 3829 3318 3901 obtinendmj
3330 3831 3538 3886 ustitiaa
3551 3829 3632 3886 la-

1976 3921 2258 3994 bor,quid
2272 3921 2422 3976 inter
2435 3921 2626 3976 malos
2634 3920 2654 3990 j
2666 3920 2796 3988 ugis
2813 3919 3120 3974 servanda
3134 3919 3633 3974 innocentiazcru-

1979 4013 2168 4070 ciatus
2185 4011 2211 4065 ?
2229 4015 2574 4081 Augeantur
2593 4009 2863 4063 humana
2880 4007 3168 4071 facinora,
3185 4012 3248 4061 ut
3266 4006 3500 4062 bonitas
3519 4023 3633 4061 cce-

1979 4101 2141 4159 lestis
2168 4101 2487 4169 exuberet;
2521 4097 2811 4154 faciamus
2833 4095 3013 4160 mala,
3040 4094 3284 4159 utdixit,
3313 4093 3634 4150 utveniant

1979 4191 2342 4259 bona(Rom.
2365 4191 2453 4260 Ill)
2479 4200 2975 4260 ;permaneamus
2994 4184 3055 4239 in
3077 4187 3342 4256 peccato,
3367 4188 3430 4238 ut
3446 4182 3634 4252 gratia

1981 4279 2266 4337 abundet.
2299 4277 2387 4334 Ad
2416 4278 2565 4339 haec,
2588 4276 2817 4345 fratres,
2843 4273 3005 4329 idem
3021 4273 3123 4346 qui
3144 4273 3467 4341 interrogat
3485 4276 3637 4344 Apo-

1982 4369 2170 4424 stolus
2185 4370 2307 4440 ipse
2326 4365 2636 4438 respondit
2659 4365 2874 4420 :Absit.
2897 4362 3009 4429 Qui
3029 4363 3179 4418 enim
3201 4363 3419 4417 mortui
3439 4377 3634 4417 sumus

1977 4464 2236 4528 peccato,
2257 4456 2534 4530 quomodo
2555 4453 2754 4511 adhuc
2784 4455 3043 4511 vivemus
3064 4452 3121 4506 in
3144 4452 3248 4508 illo
3264 4452 3291 4506 ?
3313 4450 3462 4506 Cum
3492 4451 3634 4508 dicit

198 4550 480 4608 ctoritate
503 4549 802 4604 subvenit.
820 4550 980 4606 Sicut
1000 4550 1267 4606 centurio
1280 4549 1374 4605 ille
1395 4549 1872 4614 conﬁtetur,cum
1904 4545 1949 4604 D
1979 4548 2002 4590 ί
2025 4551 2070 4603 Α
2085 4541 3283 4613 bsit,taliterintelligentiaminsipientium
3297 4545 3633 4597 exsecratus

276 4678 305 4707 ι
333 4666 532 4720 Justus
549 4665 788 4720 omnino
810 4670 895 4720 est
923 4665 1088 4729 Deus,
1114 4664 1246 4736 quia
1272 4665 1446 4719 homo
1470 4669 1730 4735 peccator
1752 4670 1870 4732 est;

200 4743 261 4792 et
296 4736 752 4808 Deusjustitiam
781 4737 837 4791 in
856 4736 1176 4802 hominem,
1203 4742 1500 4807 tamquam
1523 4737 1581 4791 in
1599 4753 1727 4793 vere
1748 4754 1873 4808 pec-

201 4813 493 4871 catorem,
524 4812 765 4863 exercet.
800 4811 961 4862 Mm.

277 4879 308 4920 δ
332 4880 398 4933 In
432 4879 706 4949 Apostolo
736 4879 1018 4950 particula
1046 4886 1108 4934 ut
1148 4879 1452 4950 abundaret
1477 4895 1591 4933 non
1621 4882 1707 4934 est
1748 4879 1873 4934 loco

200 4966 423 5013 causae,
456 4952 554 5004 sed
587 4949 752 5021 quod
780 4951 1077 5005 occasione
1109 4949 1247 5021 legis
1277 4954 1486 5013 evenit,
1519 4967 1872 5021 quamquam

203 5021 332 5092 ipsa
362 5025 725 5102 repugnante
773 5022 919 5092 lege,
976 5037 1103 5091 quae
1136 5021 1317 5075 minui
1351 5026 1581 5091 peccata
1622 5021 1871 5090 volebat,

204 5109 325 5148 non
357 5109 558 5164 augeri
574 5135 586 5147 .

279 5177 303 5205 ε
335 5162 523 5218 Homo
547 5166 738 5236 justus
767 5163 956 5217 adhuc
986 5164 1090 5218 sub
1143 5163 1264 5236 lege
1310 5169 1557 5236 naturae
1580 5162 1776 5217 videns
1816 5179 1874 5236 se

204 5250 382 5306 agere
406 5233 564 5306 quod
581 5239 798 5289 rectum
823 5239 928 5292 est.
957 5238 1182 5289 tumore
1210 5235 1408 5304 plenus
1439 5235 1508 5289 de
1545 5233 1874 5289 innocentia

201 5305 555 5386 laetabatur,
575 5322 749 5386 quam
789 5306 1090 5386 sebabere
1120 5306 1484 5386 confidebat;
1518 5310 1572 5359 et
1596 5321 1698 5386 per
1718 5306 1875 5386 igno-

199 5376 466 5458 rantiam
481 5377 718 5458 minime
731 5377 1013 5458 sentiebat
1037 5393 1096 5432 se
1111 5376 1262 5458 justo
1287 5395 1319 5430 a
1341 5378 1454 5431 Deo
1477 5376 1661 5458 puniri
1682 5376 1762 5431 ob’
1778 5395 1874 5449 pa-

201 5448 388 5502 rentis
419 5448 714 5510 delictum,
734 5453 789 5503 et
821 5448 1096 5503 amissam
1116 5447 1172 5502 in
1200 5448 1319 5518 ipso
1345 5451 1576 5517 parente
1602 5447 1871 5504 innocen-

201 5518 373 5591 tiam.
409 5520 576 5574 Venit
606 5520 694 5574 lex
728 5519 953 5591 Moysis,
979 5536 1108 5591 quas
1141 5519 1375 5588 protulit
1395 5522 1600 5591 totum.
1636 5522 1796 5575 Mm.

280 5589 311 5630 ἀ
339 5590 402 5644 Id
431 5593 538 5654 est,
570 5589 1431 5661 contagidnem,interpretatur
1479 5589 1631 5645 Mita.
1670 5592 1729 5645 Id
1761 5595 1866 5656 est,

205 5659 358 5718 idem
377 5662 656 5734 judicium
676 5659 794 5719 Hoc
813 5667 920 5731 est,
940 5663 1124 5720 omnia
1143 5659 1411 5721 interiora
1429 5662 1693 5720 similiter
1708 5669 1870 5721 erant

1974 4665 2184 4734 aﬂ'ecta,
2239 4662 2446 4735 legitur
2492 4660 2551 4715 in
2604 4659 2864 4732 margine
2911 4675 3039 4730 pag.
3097 4656 3377 4728 484_‘edit.
3429 4657 3626 4713 Colon.

2045 4820 2070 4848 θ
2097 4805 2351 4862 Christus
2377 4804 2671 4867 Dominus.
2702 4819 2817 4858 non
2848 4817 2980 4857 raro
3019 4801 3170 4871 apud
3199 4801 3404 4871 Patres,
3420 4798 3631 4871 dicitur

1973 4879 2228 4933 medicus.
2265 4877 2704 4948 Chrysostomus
2732 4878 2889 4948 tom.
2922 4875 2981 4948 Y_
3007 4869 3212 4948 homil.
3240 4872 3303 4925 31
3318 4890 3345 4948 _:
3381 4870 3462 4948 {Ve
3492 4869 3630 4948 mibi

1975 4950 2140 5014 dicas,
2166 4941 2414 5020 peccavi;
2447 4948 2577 5020 quid
2604 4963 2759 5020 agam
2781 4947 2809 5002 ?
2829 4944 3103 5020 Medicum
3123 4943 3275 4996 habes
3307 4941 3630 5020 inﬁrmitate

1974 5014 2332 5091 superiorem,
2365 5014 2629 5072 medicum
2642 5014 2813 5072 habes
2832 5015 3010 5070 morbi
3033 5020 3292 5091 naturam
3313 5014 3627 5091 vincentem,

1977 5081 2248 5149 medicum
2284 5081 2448 5145 habes
2500 5094 2636 5143 nutu
2687 5094 2990 5149 sanantem,
3039 5085 3298 5140 medicum
3339 5081 3492 5136 habes
3519 5083 3631 5137 sola

1979 5165 2250 5218 voluntate
2279 5165 2584 5224 curantem,
2613 5166 2661 5214 et
2682 5160 2784 5230 qui
2808 5162 2996 5230 potest,
3027 5158 3081 5210 si
3107 5155 3240 5213 vult.
3269 5153 3506 5230 Basilius
3537 5155 3635 5230 Se-

1979 5234 2294 5296 leuciensis,
2329 5236 2474 5286 orat.
2513 5231 2600 5293 35,
2651 5225 2816 5284 vocat
2873 5226 3156 5284 Christum
3216 5225 3482 5279 medicum
3520 5228 3635 5281 sine

1977 5303 2384 5360 medicamentis
2430 5307 2738 5355 sanantem.
2776 5302 2891 5355 Hoc
2941 5298 3115 5354 etiam
3157 5297 3226 5352 de
3265 5297 3482 5351 morbis
3513 5314 3635 5353 cor-

1977 5376 2130 5448 poris
2155 5373 2395 5448 intelligi
2445 5376 2653 5442 potest.
2717 5369 3019 5442 Gregorius
3073 5373 3376 5442 Nyssenus,
3410 5374 3561 5425 orat.
3603 5369 3634 5423 3

1975 5447 2176 5503 contra
2203 5447 2599 5498 Eunomaeum.

2048 5519 2070 5561 ἰ
2096 5516 2376 5572 Particula
2435 5515 2574 5569 absit
2631 5512 2978 5569 exsecrantis
3040 5517 3146 5578 est,
3203 5515 3267 5568 ut
3319 5512 3487 5568 Rom.
3549 5526 3633 5577 ιιι,

1961 5584 2040 5647 ’31
2083 5605 2096 5647 :
2129 5587 2290 5661 quasi
2346 5587 2482 5644 dicit
2514 5603 2526 5645 :
2569 5585 3025 5644 Absurdissimus
3072 5589 3160 5644 est
3200 5588 3258 5644 et
3286 5580 3652 5642 detestabilisv

1979 5677 2156 5720 II‘I'OI‘.
