3958 6182
251 282 368 342 511

1546 293 1608 352 8.
1654 285 1867 352 PETRI
1913 287 2369 358 CHRYSOLOGI

3547 304 3660 362 ειη

247 415 336 506 est
365 415 420 468 et
446 430 688 506 sensum
725 432 740 472 :
768 418 1064 492 siquidem
1085 423 1358 480 medicus
1383 439 1505 481 non
1526 423 1774 489 vulneri,
1799 422 1904 479 sed
1936 425 1985 486 A
2014 425 2118 484 bat
2139 429 2721 498 illicita,contemnat
2741 434 2920 491 etiam
2936 433 3203 491 licentiae
3217 438 3558 506 corporales
3583 438 3666 500 ;et

246 495 404 558 curae
425 505 654 576 proficit
669 509 910 569 etsaluti
929 528 940 576 ;
959 527 1066 567 nec
1080 513 1396 583 putredini,
1413 530 1520 569 nec
1539 511 1906 578 morbis,sed

248 590 352 658 soli
383 588 834 662 congaudetille
851 600 1109 656 sanitati.
1130 603 1215 656 Ita
1238 609 1291 656 et
1320 604 1492 669 Deus,
1521 604 1622 676 qui
1655 619 1760 676 pro
1779 619 1902 659 ma-

248 679 547 751 gnitudine
568 683 826 741 vulneris
840 687 1106 744 adhibuit
1125 693 1589 762 magnitudinem
1608 693 1901 761 vigorem-

249 788 364 845 que
381 769 772 839 medicinte,et
791 791 898 831 nec
914 781 1292 847 peccato,sed
1307 782 1533 839 homini
1551 782 1795 851 largitus
1811 785 1900 838 est

248 861 530 931 gratiam,-
557 878 664 917 nec
696 863 771 919 ad
795 865 961 920 multi
971 868 1268 938 plicanda,
1294 871 1398 928 sed
1424 872 1501 926 ad
1523 871 1779 928 delenda
1803 872 1900 927 de-

242 949 380 1005 licta
402 950 656 1006 imbrem
683 969 806 1008 suae
829 954 1061 1026 pietatis
1080 958 1706 1027 effudit.Nemo,nemo
1729 961 1808 1016 sic
1825 960 1900 1016 de

244 1039 594 1108 aegritudine
608 1043 952 1111 gratuletur,
978 1052 1039 1102 ut
1053 1049 1256 1106 velitin
1271 1050 1507 1107 vulnere
1528 1067 1895 1123 permanere.

242 1130 514 1199 Ingratus
543 1131 1088 1201 medico,inimicus
1115 1145 1203 1195 est
1231 1156 1408 1205 curae,
1428 1140 1529 1214 qui
1559 1156 1898 1213 sempercu-

241 1213 355 1274 rari
373 1224 601 1285 aestuat,
619 1237 727 1276 nec
747 1239 1037 1296 umquam
1055 1227 1354 1285 desiderat
1379 1213 1474 1286 hic
1496 1230 1695 1286 sanari
1713 1249 1731 1300 3
1748 1237 1802 1285 et
1818 1229 1899 1285 ita

245 1307 338 1361 Dei
357 1307 612 1377 gratiam
630 1311 753 1365 suis
771 1313 934 1384 CUpit
955 1315 1281 1374 exuberare
1296 1320 1574 1389 peccatis,
1596 1325 1654 1375 ut
1672 1318 1782 1374 sibi
1802 1335 1899 1374 cu-

243 1396 363 1467 piat
389 1404 633 1467 peccata
656 1401 966 1458 cumulari.
991 1406 1158 1462 Miser
1177 1408 1283 1478 qui
1315 1409 1414 1464 tali
1439 1415 1578 1464 voto
1609 1425 1744 1464 reus
1771 1423 1900 1462 esse

243 1486 542 1542 contendit
575 1505 677 1559 per
704 1492 960 1548 veniam.
983 1495 1306 1566 Fugienda,
1340 1498 1567 1562 fratres,
1597 1498 1904 1554 dementia

246 1574 358 1630 ista
375 1581 478 1641 est,
497 1576 962 1654 fulgienda,qua3
992 1585 1171 1641 etiam
1195 1593 1328 1658 post
1345 1605 1549 1644 curam
1573 1588 1808 1660 captiva
1823 1593 1899 1644 te-

243 1668 414 1718 netur
426 1680 628 1722 amore
643 1669 1268 1744 morborum,recidiva
1281 1679 1438 1733 enim
1451 1677 1680 1734 lethalis
1697 1684 1783 1733 est
1796 1694 1903 1734 sm-

2012 519 2113 589 qui
2138 520 2536 579 innocentiam
2557 524 2844 580 hactenus
2869 524 3046 596 impie
3071 523 3426 580 moliebatur
3446 525 3664 583 exstin-

2011 623 2211 676 guere,
2244 626 2352 683 pro
2381 613 2720 669 innocentia
2751 613 3065 679 gloriosius
3094 613 3218 684 ipse
3250 612 3556 668 moriatur.
3599 617 3666 670 Et

2008 697 2152 768 quid
2181 699 2353 770 plura
2375 701 2401 756 ?
2422 702 2480 757 Si
2508 718 2579 757 ex
2601 707 2792 758 vetere
2816 702 3059 758 homine
3073 704 3192 774 jam
3209 718 3402 757 novus
3419 702 3658 757 effectus

2008 791 2118 850 est,
2138 787 2417 846 vitiorum
2446 792 2807 862 gurgitemin
2830 791 3050 847 fontem
3065 795 3390 847 commutet
3405 792 3533 863 ipse
3551 791 3662 846 vir-

2008 879 2228 934 tutum.
2264 880 2461 951 Usque
2491 880 2567 936 ad
2601 880 2782 937 ﬁnem
2804 886 3006 938 autem
3031 881 3294 936 lectionis
3312 880 3425 936 hoc
3449 880 3667 950 ingerit

2006 963 2219 1021 beatus
2241 969 2581 1040 Apostolus,
2597 970 3115 1035 hocdemonstrat,
3141 969 3302 1026 illum
3324 985 3502 1041 posse
3521 986 3661 1025 cum

2006 1052 2233 1110 Christo
2260 1057 2472 1126 vivere,
2495 1060 2662 1115 illum
2674 1075 2922 1130 regnare
2944 1076 3079 1115 cum
3100 1058 3662 1131 Christo,quiresur-

2007 1143 2195 1211 gentis
2217 1145 2425 1203 Christi
2449 1149 2853 1204 innocentiam
2871 1147 3156 1221 sequitur,
3177 1147 3440 1204 imitatur
3456 1147 3661 1214 vitam,

2007 1232 2255 1305 implere
2275 1237 2478 1293 nititur
2501 1240 2893 1296 sanctitatem.
2922 1239 3089 1304 Quod
3115 1238 3287 1294 dicit:
3318 1239 3390 1296 Ut
3405 1239 3665 1293 destrua-

2009 1327 2100 1376 tur
2114 1338 2326 1393 corpus
2337 1329 2592 1396 peccati;
2608 1329 2964 1394 destruatur,
2980 1328 3204 1396 fratres,
3215 1333 3370 1393 actu,
3386 1343 3507 1384 non
3525 1326 3667 1382 sub—

2010 1412 2228 1468 stantia
2248 1429 2604 1486 ;opere,non
2621 1416 2983 1489 figura,quia
2999 1420 3390 1487 peccato,non
3409 1418 3528 1470 Deo
3541 1415 3669 1472 vult

2008 1498 2314 1558 hominem
2347 1505 2558 1575 perire,
2589 1505 2693 1577 qui
2729 1506 2807 1560 ait
2848 1523 2860 1559 :
2889 1505 3241 1561 Existimate
3280 1520 3371 1560 vos
3402 1511 3667 1563 mortuos

2010 1602 2124 1644 esse
2135 1599 2398 1658 peccato,
2425 1594 2609 1650 vivere
2635 1601 2825 1650 autem
2844 1594 2976 1651 Deo.
3008 1593 3360 1666 Etsupernm
3383 1592 3664 1662 libertati,

2006 1675 2235 1743 fratres,
2263 1683 2565 1738 restituere
2600 1683 2906 1739 hominem
2940 1689 3056 1738 tota
3090 1683 3303 1754 pietate
3335 1682 3661 1748 contendit,

243 1753 379 1823 pius
410 1757 721 1823 aegritudo.
752 1761 918 1825 Quod
942 1770 1143 1820 autem
1174 1766 1321 1822 dixit
1341 1785 1351 1821 :
1371 1769 1650 1834 Quienim
1677 1777 1896 1824 mortui
1925 1794 1972 1854 Β
2006 1768 2281 1840 quidicit.
2309 1771 2653 1844 Nonregnet
2671 1780 2980 1842 peccatum
3003 1775 3061 1827 in
3076 1753 3264 1829 uestro
3278 1774 3522 1828 mortali
3539 1789 3665 1828 cor-

241 1858 439 1898 sumus
457 1854 714 1915 peccato,
742 1853 1044 1929 praesentis
1063 1857 1342 1927 temporis
1358 1857 1618 1928 loquitur
1634 1857 1729 1912 hic
1745 1858 1894 1928 ﬁgu-

240 1946 398 1986 ram:
420 1933 561 2004 quia
587 1943 855 1994 mortuos
870 1956 979 1996 nos
998 1942 1142 1998 dixit
1157 1960 1282 2000 esse
1305 1952 1566 2017 peccato,
1584 1963 1704 2002 non
1720 1948 1894 2003 nobis

235 2017 363 2088 jam
398 2021 454 2076 in
484 2027 602 2080 toto
650 2031 953 2084 mortuum
1010 2030 1155 2088 dixit
1194 2049 1322 2089 esse
1371 2041 1711 2107 peccatum;
1749 2038 1892 2109 quia

239 2108 345 2162 etsi
381 2116 909 2187 peccatumipsum
926 2122 1271 2194 actuoperis
1302 2126 1523 2181 sanctis
1547 2131 1601 2182 et
1621 2108 1893 2182 ﬁdelibus

242 2202 328 2252 est
358 2199 877 2268 defunctum,vivit
905 2213 1127 2281 tamen,
1144 2213 1411 2268 etadhuc
1427 2215 1490 2269 in
1505 2220 1775 2271 nostram
1793 2217 1894 2271 de-

242 2288 407 2341 saevit
433 2296 707 2347 mortem.
724 2297 884 2351 Tunc
897 2303 1095 2354 autem
1113 2309 1423 2370 peccatum
1437 2304 1634 2374 ipsum
1658 2316 1684 2346 a
1698 2305 1898 2360 morie-

241 2379 335 2429 tur
349 2376 406 2429 in
424 2377 743 2446 nobis,cum
758 2387 1128 2456 corruptibite
1139 2390 1243 2446 hoc
1257 2391 1499 2447 induerit
1520 2394 1898 2463 incorruptio-

243 2469 454 2529 nem,et.
477 2471 723 2525 mortale
737 2471 844 2527 hoc
860 2474 1112 2532 induerit
1129 2477 1686 2551 immortalitatem,et
1697 2484 1898 2552 factus

239 2553 429 2620 fuerit
457 2571 642 2612 sermo
668 2562 772 2631 qui
794 2563 1034 2632 scriptus
1057 2574 1137 2621 est
1152 2585 1173 2622 :
1204 2569 1311 2624 ubi
1329 2574 1430 2635 est,
1460 2587 1639 2635 mors,
1660 2573 1898 2629 aculeus

247 2647 380 2697 tuus
401 2644 431 2698 ?
453 2645 553 2700 ubi
582 2657 685 2713 est,
711 2652 958 2719 inferne,
975 2656 1226 2714 victoria
1249 2666 1348 2713 tua
1377 2661 1405 2714 ?
1429 2660 1687 2717 Aculeus
1707 2669 1899 2718 autem

245 2734 447 2823 mortis
467 2746 770 2804 peccatum
787 2747 867 2796 est
895 2743 938 2814 (Ι
968 2744 1100 2801 Cor.
1121 2747 1608 2819 xv).Vivitautem
1632 2756 1905 2823 peccato,

239 2820 342 2892 qui
356 2822 731 2893 ejus,sicutin
747 2836 1246 2906 consequentibus
1260 2838 1411 2909 dicit,
1437 2839 1465 2881 δ
1481 2820 1904 2914 concupiscem-

240 2909 336 2976 tiis
365 2913 691 2973 famulatur
713 2927 796 2984 ;et
818 2922 1074 2979 stimulis
1104 2926 1480 2985 miserandus
1502 2930 1766 2997 inservit,
1795 2934 1903 3005 qui.

240 3000 614 3074 obseeundat
633 3007 802 3077 vitiis,
823 3012 925 3081 qui
940 3014 1287 3071 criminibus
1302 3019 1513 3078 infelici
1533 3027 1592 3077 et
1613 3000 1896 3080 continua

238 3090 579 3159 captivitate
600 3098 1074 3173 succumbit,qui
1100 3107 1264 3176 quod
1277 3108 1474 3166 delicti
1491 3117 1718 3167 estesse
1731 3118 1895 3170 autu—

239 3180 367 3266 mat
396 3178 509 3234 hoc
542 3188 788 3256 naturae,
843 3194 899 3243 et
924 3191 1136 3248 morbo
1167 3196 1269 3266 qui
1298 3205 1385 3253 est
1406 3200 1685 3257 accidens
1714 3204 1898 3260 utitur

237 3263 395 3360 velut
417 3282 590 3360 opere
607 3273 859 3331 etbenefi
869 3278 955 3333 cio
971 3263 1393 3343 Conditoris.Et
1406 3289 1540 3344 ideo
1554 3291 1632 3345 ad
1648 3308 1896 3360 arguen-

237 3351 384 3409 dum
406 3356 1026 3430 taliumignorantiam
1039 3372 1482 3433 addiditdicens
1510 3382 1637 3435 :An
1658 3351 1894 3438 nescitis

237 3458 378 3513 quia
401 3447 747 3521 quicumque
773 3456 830 3510 in
856 3457 1079 3515 Christo
1109 3463 1238 3520 Jesu
1267 3465 1543 3536 baptz'zati
1584 3484 1796 3534 sumus,
1830 3470 1894 3526 in

236 3537 614 3629 morteipsius
628 3541 909 3612 baptizati
917 3565 1114 3607 sumus
1137 3556 1164 3607 ?
1183 3554 1505 3624 Consepulti
1525 3558 1676 3613 enim
1697 3575 1893 3616 sumus

239 3621 330 3675 illi
353 3639 460 3693 per
492 3626 837 3696 baptismum
860 3638 918 3693 in
942 3647 1208 3697 mortem.
1233 3621 1893 3711 Audiauttidetes,etin-

239 3711 497 3808 telligant
512 3736 523 3774 :
543 3723 1055 3789 quemadmodum
1071 3730 1342 3787 triduana
1353 3733 1580 3789 Domini
1595 3736 1897 3808 sepultura

239 3799 390 3891 trina
415 3804 789 3867 demersione
815 3813 1105 3885 ﬁguratur
1132 3821 1192 3874 in
1228 3820 1528 3891 baptismo
1559 3843 1572 3891 ;
1607 3799 1889 3882 tit-resur-

235 3890 456 3986 rexisse
477 3910 614 3952 cum
636 3898 881 3968 Christo,
916 3904 1034 3960 etsi
1055 3890 1596 3983 necdumﬁcorpore,
1620 3914 1749 3971 vitae
1763 3917 1894 3986 jam

233 3979 493 4068 novitate
527 3991 985 4059 congaudeant;
1021 3995 1211 4068 sitque
1244 3979 1894 4064 totushomovirtutum

232 4066 732 4149 domicilium,qui
750 4066 1187 4154 receptaculum
1209 4087 1401 4146 fuerat
1436 4099 1572 4148 ante
1606 4093 1892 4150 vitiorum.

241 4157 330 4226 Ut,
362 4159 510 4219 sicut
527 4165 690 4231 dixit,
711 4172 994 4239 quomodo
1009 4174 1274 4236 Christus
1302 4182 1566 4236 surrexit
1597 4200 1630 4236 a
1647 4186 1896 4240 mortuis

225 4251 978 4327 pergloriamPalris,itaet
1016 4283 1118 4321 nos
1139 4271 1200 4323 in
1221 4271 1480 4326 novitate
1508 4273 1898 4332 vitaambute‘

230 4352 378 4429 mus.
411 4342 676 4401 Christus
699 4351 993 4422 quidquid
1025 4371 1271 4412 suarum
1290 4358 1576 4415 virtutum
1599 4367 1706 4429 est,
1721 4364 1896 4420 refert

234 4426 311 4522 ad
343 4429 592 4522 gloriam
609 4438 794 4492 Patris
816 4457 829 4505 ;
845 4447 901 4494 et
916 4442 1220 4514 homo,cuj
1231 4462 1297 4500 us
1311 4463 1487 4502 suum
1500 4450 1645 4504 nihil
1661 4459 1768 4522 est,
1787 4453 1893 4508 sibi

235 4514 524 4576 vindicare
538 4525 683 4592 quod
700 4542 798 4596 per
813 4529 1096 4586 Christum
1114 4514 1890 4605 resurrexitelaboratbuod
1924 4520 1972 4578 D

235 4611 420 4701 autem
441 4608 581 4664 dixit
597 4629 608 4664 :
627 4615 692 4667 In
708 4619 956 4674 novitate
972 4623 1107 4677 vita
1120 4624 1617 4700 ambulemus,quze
1633 4633 1891 4701 superius

235 4691 522 4791 diximus,
556 4699 652 4757 illa
687 4707 1019 4774 conﬁrmat,
1045 4717 1102 4766 ut
1131 4713 1178 4767 si
1209 4691 1595 4773 necdumh'oc
1618 4691 1890 4791 corpore,

372 4788 698 4878 tamenjam
714 4799 870 4853 totus
884 4798 1459 4860 immutatusincedat
1478 4825 1491 4870 ;
1508 4782 1791 4878 intelligat
1806 4782 1886 4876 se,

230 4875 285 4968 et
309 4873 647 4935 dominetur
677 4883 1005 4954 elementis,
1030 4889 1134 4960 qui
1150 4891 1456 4947 elementis
1475 4873 1763 4950 hactenus
1784 4913 1891 4969 per

228 4958 621 5028 ignorantiam
636 4975 926 5031 serviebat
945 4995 955 5044 ;
973 4958 1260 5050 largiatur
1275 4998 1384 5037 sua
1399 4971 1496 5055 per
1511 4958 1891 5064 gloriam,qui

226 5053 389 5124 prius
410 5062 1188 5133 turpiterfurabaturaliena
1213 5089 1224 5138 ;
1247 5075 1303 5127 et
1327 5053 1427 5144 qui
1450 5053 1892 5132 carnisexerce:

287 5221 319 5291 ,ι
348 5212 522 5296 Jugtta
553 5221 807 5296 veterum
852 5217 1323 5296 philosophorum
1359 5224 1652 5293 placitum,
1687 5228 1888 5296 quibus

226 5280 443 5366 aliquid
472 5280 980 5366 moridicebatur,
1015 5280 1143 5366 cum
1179 5295 1296 5348 suis
1325 5280 1519 5351 exibat
1571 5280 1887 5366 finibus,

229 5352 420 5406 aliena
468 5357 778 5434 transiens.
831 5352 1052 5434 Platoni
1108 5365 1284 5420 homo
1316 5371 1455 5422 mori
1489 5352 1802 5434 dicebatur:
1831 5352 1888 5426 et

229 5439 355 5478 cum
390 5426 595 5516 anima.
617 5431 889 5516 relinquit
919 5452 1142 5516 corpus,
1177 5443 1249 5516 et.
1270 5455 1401 5494 cum
1449 5426 1646 5516 anima
1675 5442 1734 5516 in
1765 5426 1888 5497 τίοι·-

230 5498 705 5624 ἓῗὲιῗῗηεᾰῐυὶε
752 5498 884 5560 suas
914 5498 1068 5564 exuit
1100 5498 1418 5577 passiones,
1462 5516 1518 5565 et
1546 5513 1619 5568 ad
1647 5512 1884 5570 virtutes

2001 1873 2156 1927 pore.
2183 1861 2248 1914 Et
2274 1859 2484 1916 iterum
2507 1880 2518 1915 :
2539 1862 2840 1918 Peccatum
2860 1863 3012 1918 vobis
3034 1878 3153 1917 non
3173 1861 3664 1916 domineturﬁon

2002 1945 2166 2016 dixit,
2198 1950 2324 2002 Non
2348 1949 2550 2005 veniat
2577 1951 2654 2006 ad
2677 1967 2785 2006 vos
2815 1968 2827 2017 ;
2856 1967 2977 2007 non
3008 1951 3172 2014 dixit,
3202 1952 3327 2005 Non
3357 1956 3663 2020 provocet,

2003 2052 2125 2092 non
2159 2036 2379 2108 titillet;
2415 2039 2540 2106 sed,
2561 2041 2698 2096 Non
2720 2048 2928 2112 regnet,
2951 2056 3062 2096 non
3087 2039 3441 2103 dominetur,
3457 2039 3666 2095 conﬂi-

2006 2133 2104 2194 gat
2131 2126 2206 2180 ad
2242 2126 2535 2184 vincentis
2577 2129 2851 2201 gloriam,
2898 2129 3136 2186 dimicet
3189 2137 3244 2184 et
3302 2128 3543 2184 decidat
3587 2129 3670 2184 ad

2009 2215 2376 2286 triumphum
2405 2218 2644 2274 victoris
2664 2237 2681 2285 ;
2698 2223 2756 2275 et
2774 2219 3014 2276 tandem
3035 2235 3095 2274 se
3107 2218 3306 2274 doleat
3325 2218 3512 2290 impia
3530 2235 3671 2290 pec-

2008 2304 2120 2358 cati
2133 2303 2466 2361 dominatio
2482 2323 2514 2361 a
2530 2309 2716 2364 servis
2730 2310 3042 2380 quondam
3057 2309 3178 2364 suis
3208 2312 3328 2363 tota
3347 2309 3670 2364 securitate

2008 2393 2222 2449 calcari
2251 2410 2264 2448 :
2299 2395 2617 2452 etcrudelis
2641 2403 2930 2470 tyrannus
2951 2397 3672 2468 iugemiscatsubjectum

2009 2497 2069 2536 se
2097 2498 2341 2539 suorum
2358 2485 2610 2555 pedibus
2629 2487 3002 2559 captivorum
3035 2504 3047 2553 ;
3070 2494 3124 2545 et
3142 2487 3214 2542 ad
3237 2503 3443 2542 eorum
3459 2486 3672 2543 trium-

2009 2570 2218 2640 phum,
2248 2571 2320 2626 de
2346 2573 2566 2644 quibus
2591 2575 2696 2630 diu
2725 2576 3213 2649 triumphaverat,
3249 2591 3311 2631 se
3343 2581 3664 2632 veteranus

2008 2658 2194 2716 hostis
2225 2662 2570 2731 pervenisse
2609 2663 2900 2736 deploret.

2611 2755 2838 2811 SERMO
2879 2756 3058 2811 CXIV.

2007 2868 2284 2923 Deservis
2297 2869 2438 2942 tegis
2451 2875 2503 2924 et
2524 2871 2750 2940 gratia.
2776 2873 2835 2926 In
2859 2872 3043 2928 verba
3067 2873 3324 2942 ejusdem
3352 2895 3364 2934 :
3389 2876 3671 2932 Peccavi-

2042 2955 2189 3007 mus,
2217 2940 2352 3011 quia
2374 2957 2494 2995 non
2523 2958 2707 2998 sumus
2727 2943 2834 2998 sub
2867 2943 3005 3014 lege,
3030 2940 3131 3000 sed
3155 2946 3250 3001 sub
3275 2951 3483 3016 gratia,
3511 2954 3627 3003 etc.

2076 3029 2237 3086 Sicut
2264 3031 2666 3101 peregrinanti
2691 3032 2916 3088 reditus
2935 3033 3012 3088 ad
3038 3036 3277 3106 propria
3296 3036 3486 3092 dulcis
3509 3053 3672 3092 sem-

1932 3160 1985 3220 a
2004 3134 2110 3189 per
2140 3119 2421 3176 etcharus
2436 3125 2541 3185 est,
2559 3122 2962 3178 etvernaculaa
2973 3122 3192 3180 domus
3209 3125 3503 3182 vestibula
3523 3131 3672 3183 sunt

2005 3209 2266 3277 gratiosa
2293 3215 2428 3279 post
2466 3215 2718 3282 tempus,
2751 3213 2833 3266 ita
2862 3212 3006 3267 mihi
3038 3218 3172 3284 post
3207 3214 3518 3270 intervalla
3544 3231 3670 3270 ser-

2005 3297 2198 3352 monis
2215 3296 2288 3352 ad
2311 3297 2781 3368 apostolicarum
2803 3312 2827 3341 ο
2857 3302 3069 3356 seriem
3084 3301 3405 3360 lectionum
3419 3304 3670 3359 suavior

2005 3390 2092 3439 est
2118 3400 2417 3441 recursus.
2452 3385 2764 3459 Siquidem
2785 3389 3139 3461 aproposito
3161 3391 3397 3446 dicendi
3426 3391 3663 3457 ordine,

2003 3477 2059 3528 et
2084 3474 2362 3529 continuo
2380 3475 3229 3548 tramiteloquendidiscedere
3242 3496 3352 3536 nos
3376 3497 3536 3552 saepe
3560 3498 3667 3537 ne-

2004 3563 2244 3618 cessitas
2275 3563 2553 3631 religiosa
2573 3565 2906 3636 compellit;
2934 3567 3078 3638 quia
3109 3568 3191 3624 sic
3212 3569 3492 3624 doctrinm
3505 3569 3665 3625 ordo

2004 3651 2412 3707 moderandus
2441 3657 2549 3717 est,
2578 3660 2638 3709 ut
2657 3670 2779 3710 non
2811 3655 2996 3712 modo
3018 3656 3180 3712 aliud
3202 3657 3569 3730 impediatur
3585 3675 3662 3714 ex

2005 3740 2140 3795 alio.
2180 3741 2344 3797 Unde
2365 3741 2509 3812 quid
2531 3742 2710 3799 hodie
2736 3743 2948 3800 beatus
2973 3746 3292 3816 Apostolus
3319 3747 3529 3803 dixerit
3553 3765 3662 3804 au-

2003 3828 2166 3884 diam
2176 3830 2426 3894 us.Quid
2443 3845 2584 3898 ergo
2604 3830 2685 3886 ait
2708 3832 2736 3887 ‘I
2762 3833 3302 3906 Peccavimu:,quia
3329 3852 3446 3891 non
3464 3852 3662 3892 sumus

2003 3918 2110 3973 sub
2134 3919 2272 3989 lege,
2299 3919 2390 3974 sed
2413 3920 2520 3975 sub
2549 3921 2745 3990 gratia
2764 3923 2791 3976 i’
2808 3923 2853 3976 Α
2866 3922 2976 3978 bsit
2999 3924 3181 3992 (Rom.
3204 3925 3303 3995 v1).
3329 3925 3463 3980 Haec
3483 3926 3668 3981 inter-

2003 4007 2256 4076 rogatio,
2290 4006 2516 4073 fratres,
2541 4025 2749 4066 eorum
2781 4013 2975 4080 arguit
2995 4011 3355 4084 imperitiam
3377 4013 3663 4086 qui,legis

2005 4097 2435 4152 consuetudine
2462 4099 2767 4170 captivati,
2793 4099 2996 4168 gratiae
3037 4100 3335 4158 beneficio
3387 4103 3664 4158 nesciunt

2006 4188 2219 4242 sentire
2247 4189 2522 4255 virtutes;
2553 4196 2608 4245 et
2633 4206 2785 4261 quos
2805 4200 3240 4262 praeceptorum
3269 4192 3550 4265 legalium
3575 4211 3670 4249 se-

2008 4276 2122 4330 ries
2141 4277 2402 4347 prodidit
2415 4285 2930 4346 contumaces,eos
2944 4280 3403 4336 sola-munerum
3415 4298 3669 4337 commo-

2005 4363 2081 4420 da
2113 4371 2167 4420 et
2180 4365 2557 4421 festivitatum
2575 4382 2798 4438 pompa
2811 4369 3324 4424 observationibus
3346 4371 3670 4427 vanisfecit

2004 4458 2060 4508 et
2088 4454 2772 4511 reddiditobstinatos.Et
2786 4473 2914 4511 cum
2935 4456 3129 4525 legem
3144 4468 3379 4531 tempus
3398 4459 3665 4515 excluse-

2001 4542 2092 4608 rit,
2122 4542 2262 4613 quid
2296 4544 2484 4598 cultor
2502 4542 2647 4612 legis
2665 4559 2700 4598 a
2727 4545 2856 4611 lege
2877 4545 3370 4602 facietabdicatus
3390 4546 3658 4615 ‘i’Jndme,

2001 4631 2142 4701 quid
2158 4630 2344 4685 habes
2358 4630 2520 4702 quod
2538 4647 2654 4686 non
2671 4633 2977 4704 perdidisti
3003 4635 3028 4688 ‘2
3046 4635 3098 4690 Si
3117 4642 3314 4692 autem
3337 4637 3652 4708 perdidisti,

2001 4719 2143 4789 quid
2159 4718 2432 4787 gloriaris
2444 4719 2749 4790 quasinon
2764 4723 3086 4793 perdideris
3099 4724 3126 4777 ἱ)
3149 4724 3253 4780 Ubi
3266 4731 3353 4779 est
3366 4726 3652 4796 templum,

2001 4808 2103 4862 ubi
2126 4813 2213 4861 est
2245 4808 2545 4876 sacerdos,
2577 4809 2676 4864 ubi
2708 4811 3196 4876 sacriticium,ubi
3219 4814 3657 4877 incensum,ubi

2000 4897 2438 4965 purificationes
2471 4903 2604 4962 tum,
2636 4898 2733 4952 ubi
2771 4900 3209 4955 solemnitatum
3256 4907 3490 4957 tuarum
3531 4919 3656 4958 non

2003 4984 2332 5040 omittenda
2362 4986 2596 5042 devotio
2618 4988 2645 5042 ?
2666 4987 2778 5042 Sed
2812 4995 2872 5043 ut
2903 4989 2980 5043 sis
3011 4990 3275 5059 Iudaeus,
3305 4992 3512 5047 merito
3541 4993 3655 5048 cir-

1999 5077 2527 5148 cumcideris,quia
2555 5079 2733 5134 bonis
2746 5081 3025 5134 omnibus
3039 5080 3341 5141 abscissus
3363 5099 3426 5138 es
3448 5099 3658 5155 supra-

2086 5228 2114 5270 b
2139 5228 2609 5303 Concupiscentia
2640 5232 2869 5301 quando
2901 5237 3132 5287 vocatur
3174 5239 3491 5303 peccatum,
3536 5251 3656 5291 non

1997 5301 2192 5376 utique
2212 5301 2350 5376 quia
2383 5308 2675 5376 peccatum
2707 5307 2792 5356 est.
2836 5310 3089 5376 vocatur,
3121 5301 3218 5360 sed
3247 5306 3385 5376 quia
3420 5313 3658 5376 peccato

1998 5371 2147 5450 facta
2179 5373 2764 5450 sit._S.AAugu-stinus,
2798 5378 2940 5450 tom:
2969 5375 3087 5432 νη.
3115 5371 3317 5432 contra
3343 5371 3485 5432 duas
3520 5380 3657 5450 Epi-

1996 5443 2172 5498 stolas
2207 5444 2492 5514 Pelagian.
2522 5445 2624 5499 lib.
2674 5461 2840 5514 icap.
2887 5447 2969 5500 12.
3010 5449 3178 5502 Mm.

2065 5528 2088 5555 ε
2117 5515 2252 5570 Vide
2278 5521 2484 5571 notam
2507 5528 2531 5559 ο
2555 5531 2724 5572 serm.
2759 5518 2848 5582 66,
2883 5518 2992 5574 col.
3024 5517 3148 5572 385.
