4006 6184
199 286 313 343 561

1667 285 1912 348 διεξιΜο
1951 285 2224 349 CXXXII.

3515 292 3630 348 562

200 419 356 471 Deus
387 418 768 488 peccatorem
796 431 934 472 cum
959 416 1126 487 fugit,
1142 417 1330 488 parcit
1355 435 1368 483 ;
1402 417 1554 473 Deus
1581 415 1863 474 rebellem
1895 418 1945 478 Α
1975 420 2199 476 ctorem
2225 436 2237 475 :
2265 424 2322 477 et
2344 416 2954 493 quiaviliaetindigna
2975 417 3272 487 precatur,
3286 416 3626 486 praestantis

197 519 314 560 non
349 503 478 560 vult
507 503 770 576 perdere,
805 521 946 560 cum
977 505 1256 562 declinat.

770 621 1001 677 SERMO
1044 624 1290 678 CXXXII.

708 737 791 792 De
819 739 1044 793 unitate
1089 737 1368 804 ﬁdelium.

270 861 332 915 Si
357 858 627 931 perfecta
643 861 867 922 omnia,
884 860 928 915 si
944 859 1212 926 robusta,
1238 862 1284 916 si
1307 861 1528 917 nullius
1557 861 1762 930 indiga
1779 860 1860 930 gi-

194 952 411 1018 gneret
436 953 494 1003 et
520 948 810 1018 proferret
830 952 1063 1018 natura,
1095 951 1360 1021 proiecto
1393 951 1731 1006 aboleretur
1747 950 1864 1022 pie-

195 1043 308 1100 tas,
332 1036 651 1107 ingenium
669 1035 966 1103 deficeret,
982 1053 1078 1094 ars
1089 1039 1324 1110 periret,
1340 1055 1553 1094 aurum
1579 1039 1862 1094 obscura-

191 1129 360 1182 retur
384 1126 449 1180 in
477 1129 654 1188 terra,
682 1140 924 1193 gemma
947 1127 1336 1182 occultaretur
1366 1128 1424 1182 in
1447 1127 1644 1198 lapide
1669 1144 1681 1181 :
1713 1131 1862 1182 utra-

187 1230 311 1284 que
347 1220 548 1270 tamen
577 1213 821 1277 invenit,
850 1215 1645 1286 purgat,distinguit,elimat
1663 1215 1860 1287 opifex

188 1301 551 1374 disciplina;
576 1306 631 1358 et
661 1317 757 1358 ars
774 1302 986 1359 eadem
1009 1319 1199 1376 usque
1233 1304 1309 1359 ad
1354 1303 1683 1360 murenulae
1732 1320 1859 1376 pre-

189 1393 357 1448 tiosae
391 1391 679 1464 speciem,
709 1394 1082 1465 gratiamque
1114 1393 1383 1466 perducit
1407 1414 1418 1461 ;
1439 1394 1677 1466 etquod
1704 1399 1859 1450 terra

189 1489 428 1537 natura).
450 1481 621 1551 largo
643 1480 716 1535 de
752 1481 910 1536 fonte
924 1483 1326 1554 producit,aut
1357 1489 1668 1555 asperatur
1684 1485 1858 1539 senti-

187 1569 669 1640 bus,autagresti
683 1569 920 1627 luxuria
930 1570 1281 1627 dominante
1296 1573 1568 1636 silvescit,
1584 1573 1697 1628 nisi
1710 1573 1854 1628 illud

185 1658 265 1714 ad
291 1658 526 1714 cultum
547 1674 710 1712 suum
729 1658 912 1714 solers
927 1659 1202 1731 agricola;
1221 1661 1756 1717 revocetindustria
1772 1678 1784 1725 ;
1801 1665 1857 1716 et

1973 512 2329 578 potestatem
2357 515 2412 566 et
2440 508 2768 582 potentiam
2797 506 3059 576 degener
3102 502 3315 576 petitor
3369 503 3622 572 ignorat.

1977 598 2102 651 Non
2133 613 2274 668 ergo
2291 597 2605 670 impia,sed
2618 597 2747 669 pia;
2773 610 2896 651 non
2921 598 3177 656 terrena,
3195 590 3304 647 sed
3328 590 3622 657 caelestia;

1973 699 2096 740 non
2125 685 2434 750 illecebris,
2462 685 2565 742 sed
2585 684 2784 741 virtuti
2797 697 3066 753 congrua
3085 700 3098 748 ;
3114 695 3236 737 non
3249 679 3435 749 digna
3447 679 3622 744 odiis,

1973 772 2080 828 sed
2105 781 2244 846 apta
2272 773 2789 837 concordiaa,atali
2802 785 3028 844 semper
3039 767 3346 826 exoranda
3362 767 3626 824 suntlar-

1972 862 2176 933 gitore.
2212 863 2308 920 thi
2324 864 2576 936 suntqui
2590 864 2954 936 praesumunt
2967 859 3236 916 Ecclesiae
3257 862 3620 914 conventum

1971 967 2148 1022 posse
2169 953 2490 1019 contemni,
2505 957 2560 1008 et
2577 951 2872 1008 solitariae
2889 965 3092 1022 preces
3109 947 3468 1004 venerandae
3481 962 3618 1002 con-

1972 1040 2297 1110 gregationi
2324 1045 2640 1097 autumant
2665 1039 2960 1104 anteferri,
2989 1038 3036 1093 si
3055 1037 3294 1093 duobus
3313 1035 3405 1092 vel
3434 1035 3620 1090 tribus

1972 1129 2151 1184 simul
2169 1130 2372 1201 positis
2392 1130 2415 1171 τ
2440 1129 2704 1186 medium
2720 1145 2782 1184 se
2802 1128 3087 1192 futurum,
3102 1131 3158 1182 et
3182 1126 3388 1181 omnia
3401 1141 3464 1180 se
3478 1139 3617 1195 pro-

1970 1219 2143 1274 mittit
2165 1235 2300 1291 quae
2331 1220 2660 1292 postulatus
2691 1219 2865 1274 fuerit
2905 1220 3327 1290 praestaturum
3378 1213 3614 1284 (Matth.

1966 1309 2172 1375 xvni)?
2203 1309 2310 1374 Qui
2341 1309 2424 1364 nil
2445 1313 2626 1378 negat
2644 1313 2760 1364 tam
2778 1305 3159 1380 paucis,quid
3188 1305 3247 1360 in
3270 1302 3532 1360 conciliis
3559 1308 3619 1357 et

1967 1397 2427 1466 congregatione
2439 1401 2774 1454 sanctorum
2787 1393 3167 1468 poscentibus
3181 1390 3618 1462 denegabit78ic

1965 1486 2213 1542 credens
2242 1486 2538 1558 prOpheta
2565 1487 2680 1542 hoc
2701 1485 2988 1558 adeptum
3002 1499 3064 1539 se
3077 1483 3362 1554 gloriatur
3379 1497 3517 1536 cum
3532 1480 3618 1534 di-

1964 1574 2076 1630 cit:
2109 1575 2545 1646 Conﬁtebortibi,
2583 1575 2844 1639 Domine,
2875 1576 2936 1629 in
2984 1578 3098 1629 toto
3143 1571 3307 1627 corde
3355 1586 3491 1634 meo,
3556 1569 3615 1623 in

1962 1663 2202 1718 concilio
2213 1667 2507 1732 justorum
2534 1667 2587 1720 et
2625 1663 3065 1735 congregatione
3094 1661 3283 1732 (Psal.
3305 1661 3422 1728 cx).
3473 1661 3615 1713 Toto

187 1762 262 1803 ne
294 1747 546 1815 longius
560 1760 902 1816 evagemur,
918 1763 1034 1804 uno
1047 1753 1102 1804 et
1122 1750 1445 1805 vernaculo
1469 1766 1538 1806 ea
1555 1751 1614 1804 in
1633 1750 1854 1822 quibus
1885 1771 1928 1828 Β
1961 1751 2139 1808 corde
2160 1751 2598 1824 conﬁtetur,qui
2619 1756 2810 1808 totum
2822 1751 2931 1806 sibi
2942 1752 3003 1806 in
3015 1748 3262 1807 concilio
3276 1752 3612 1802 sanctorum

186 1834 782 1892 nitimuraﬁ‘eramus
803 1836 1100 1908 exemplo.
1127 1838 1190 1893 ln
1209 1839 1656 1908 cunabulisjam
1678 1844 1854 1894 natus

187 1925 380 1980 homo
403 1925 466 1980 in
492 1924 737 1980 homine
765 1929 870 1988 est,
898 1935 924 1966 ει
946 1925 1050 1980 sed
1071 1925 1246 1993 latet;
1278 1931 1365 1982 est
1395 1943 1634 1998 corpus,
1659 1932 1854 1984 etnon

184 2017 313 2078 est;
347 2012 628 2068 membra
649 2013 948 2077 videntur,
964 2019 1153 2070 etnon
1167 2019 1336 2082 sunt;
1361 2015 1714 2087 vivuntque:
1731 2030 1854 2072 non

186 2102 402 2171 vigent
415 2101 943 2166 sensu;inclinatur
955 2101 1852 2174 pietas,desudatindustria,ars

183 2189 427 2246 laborat
447 2193 532 2257 ;et
547 2195 612 2245 ut
631 2189 863 2262 plenius
876 2189 1096 2260 dicam,
1125 2197 1272 2263 quot
1284 2191 1557 2247 membra
1575 2191 1851 2256 hominis,

187 2284 271 2335 tot
299 2278 654 2348 magisteria
677 2278 1054 2335 uthominem
1075 2279 1402 2351 perﬁciant,
1424 2279 1758 2336 elaborant.
1790 2283 1857 2337 Et

183 2366 342 2440 quid
359 2366 530 2439 plura
544 2367 571 2420 ?
584 2370 798 2423 cuncta
812 2383 948 2440 quae
961 2372 1178 2424 natura
1198 2373 1440 2438 generat
1454 2369 1544 2426 vel
1559 2370 1851 2441 producit,

185 2457 388 2528 pietas
413 2456 618 2520 nutrit,
651 2456 943 2512 industria
972 2457 1309 2523 excolit,ars
1325 2458 1585 2515 decorat.
1615 2462 1680 2515 Et
1707 2459 1856 2532 quid

185 2546 443 2608 mirum,
475 2543 708 2609 fratres,
745 2544 793 2600 si
820 2547 994 2610 Deus,
1026 2547 1129 2618 qui
1161 2546 1277 2617 pati
1297 2552 1530 2619 propter
1547 2549 1855 2604 hominem

185 2633 402 2698 voluit,
434 2637 496 2688 ut
526 2632 789 2689 hominis
818 2633 1138 2690 bonoraret
1166 2634 1542 2701 industriam,
1580 2637 1639 2691 in
1681 2636 1858 2693 rebus

184 2720 598 2794 praesentibus
629 2720 918 2778 inﬁrmari
940 2721 1130 2778 voluit
1160 2728 1216 2778 et
1241 2727 1520 2779 naturam
1540 2724 1566 2778 i’
1596 2724 1743 2779 Hinc
1771 2729 1862 2780 est

182 2810 357 2882 quod
377 2810 406 2851 δ
437 2825 649 2866 sensus
682 2810 745 2866 in
769 2809 1142 2878 litteralatet,
1167 2812 1779 2868 occultatur-divinum
1797 2813 1855 2868 in

183 2900 466 2956 humano
496 2915 772 2956 sermone
795 2899 1147 2972 mysterium
1170 2919 1186 2970 ;
1229 2906 1291 2957 ut
1318 2917 1449 2973 quae
1480 2901 1858 2957 credentibus

187 2989 396 3045 adhuc
424 2988 623 3044 futura
640 2989 770 3059 jam
798 2993 1024 3061 patent,
1055 2989 1300 3061 perﬁdis
1330 2995 1386 3046 et
1414 3005 1535 3045 non
1565 2990 1856 3046 credenti-

187 3079 309 3133 bus
335 3077 758 3142 obscurentur,
786 3093 855 3134 ac
875 3078 924 3133 si
941 3076 1272 3134 inﬁdelium
1294 3093 1475 3150 pmna
1492 3079 1858 3135 tideliumre-

188 3166 428 3222 dundet
451 3165 525 3221 ad
540 3165 946 3235 gloriam.Non
960 3167 1117 3222 enim
1137 3167 1300 3237 parvi
1314 3174 1397 3222 est
1415 3168 1712 3223 cruciatus
1730 3168 1854 3224 visa

189 3271 314 3311 non
345 3270 607 3319 cernere,
640 3254 841 3311 audita
868 3257 1116 3321 nescire,
1141 3255 1442 3312 salutifera
1480 3257 1640 3312 velut
1672 3257 1854 3314 noxia

188 3343 514 3406 declinare,
534 3343 777 3399 virtutes
791 3345 964 3415 quasi
982 3344 1122 3400 vitia
1136 3344 1217 3399 sic
1230 3360 1460 3413 cavere,
1475 3345 1705 3401 dicente
1721 3345 1852 3417 ipso

191 3432 562 3489 Domino:ln
588 3431 869 3502 parabolis
895 3432 1102 3504 loquor,
1136 3439 1196 3487 ut
1228 3432 1462 3488 videntes
1489 3450 1594 3487 non
1613 3433 1846 3497 videant,

189 3529 239 3576 et
273 3521 557 3576 audientes
574 3538 678 3574 non
697 3520 927 3576 audiant
956 3521 1152 3591 (Marc.
1182 3522 1414 3590 1v;Luc.
1437 3522 1559 3592 Vlll)
1581 3539 1593 3585 ;
1619 3527 1674 3577 et
1695 3522 1851 3577 adti-

189 3610 354 3665 deles
389 3627 401 3663 :
442 3609 600 3663 Vobis
626 3615 803 3666 autem
833 3610 1031 3665 datum
1058 3617 1131 3664 est
1163 3626 1312 3665 nosse
1373 3612 1698 3680 mysterium
1753 3612 1850 3666 Dei

190 3699 408 3766 (Matth.
442 3700 586 3766 xui).
613 3697 945 3769 Nulliergo,
976 3697 1201 3763 fratres,
1227 3699 1600 3770 simplicitate
1629 3705 1848 3755 suaaut

189 3785 514 3841 communis
526 3790 630 3842 aut
646 3786 780 3841 vilis
794 3802 980 3842 sermo
993 3787 1372 3856 evangelicus
1386 3787 1846 3858 habeatur,prae-

191 3877 388 3931 sertim
415 3891 552 3930 cum
593 3876 723 3947 ipsa
745 3887 770 3916 ο
798 3891 1127 3946 personans
1181 3877 1536 3945 evangelicae
1578 3877 1844 3933 lectionis

192 3964 330 4020 tuba
355 3966 512 4019 bene
543 3963 878 4035 petentibus
908 3969 963 4020 et
993 3965 1087 4036 pie
1111 3965 1487 4036 cupientibus
1508 3966 1844 4036 praedixerit

190 4051 632 4122 denegandum,
661 4051 915 4108 dicendo
950 4069 962 4106 :
992 4051 1017 4092 ἀ
1048 4054 1192 4120 Quia
1220 4053 1270 4108 si
1295 4053 1407 4108 duo
1439 4069 1512 4108 ex
1541 4055 1694 4108 vobis
1717 4070 1839 4108 con-

192 4143 447 4198 venerint
461 4158 636 4211 super
663 4148 892 4211 terram,
911 4142 978 4197 de
999 4143 1160 4197 omni
1173 4157 1254 4206 re,
1273 4159 1666 4212 quamcumque
1681 4143 1842 4213 petie-

191 4232 325 4294 rint,
350 4232 447 4300 ﬁet
461 4231 588 4286 illis
601 4247 633 4283 (ι
648 4232 830 4286 Patre
840 4246 958 4286 meo
971 4231 1168 4299 (Matt.
1182 4239 1360 4298 xvui).
1379 4231 1636 4285 Audistis
1652 4247 1842 4302 quan-

192 4325 307 4375 tum
327 4320 520 4392 possit
541 4324 596 4374 et
621 4319 940 4391 praevaleat
965 4323 1185 4374 sanctae
1201 4319 1494 4389 petitionis
1513 4335 1794 4374 assensus
1825 4343 1835 4374 :

189 4409 486 4502 DOlIAdll-tl-l
513 4408 658 4502 illud
689 4413 791 4463 aut
819 4407 984 4502 illud,
1032 4407 1133 4502 sed
1189 4413 1386 4502 totum.
1434 4425 1496 4502 se
1553 4409 1839 4479 promittit
1874 4445 1916 4502 ι)

189 4496 479 4570 quidquid
497 4497 692 4551 unitas
713 4495 1119 4568 postulationis
1133 4495 1518 4568 concupierit,
1540 4503 1841 4568 praestatu-

191 4603 336 4653 rum,
362 4601 506 4640 cum
533 4583 671 4638 dicit
703 4605 714 4638 :
751 4584 828 4638 De
855 4585 1001 4638 omni
1016 4601 1094 4648 re,
1142 4601 1519 4656 quamcumque
1557 4587 1830 4654 petierint,

187 4675 266 4742 ﬁet
297 4675 433 4730 illis.
456 4673 633 4729 Salva
661 4678 856 4729 tamen
881 4689 950 4728 ea
981 4673 1208 4728 cautela
1239 4679 1294 4728 et
1322 4674 1666 4739 reverentia,
1701 4677 1764 4730 ut
1803 4691 1839 4730 a

188 4764 317 4832 Deo,
347 4779 489 4836 quae
520 4764 638 4816 Deo
670 4774 694 4802 ο
715 4761 899 4830 digna
926 4766 1084 4829 sunt,
1119 4762 1518 4834 postulentur;
1550 4763 1645 4834 qui
1677 4764 1837 4818 enim

190 4852 339 4908 mala
367 4867 404 4906 a
429 4851 548 4906 Deo
577 4849 1049 4921 postulat,l)eum
1085 4850 1222 4905 ntali
1241 4851 1536 4920 judicatet
1558 4853 1838 4908 sentitau-

249 5017 272 5045 α
298 5001 668 5073 imperfectus
699 5001 851 5056 enim
885 5006 988 5065 cst,
1020 5006 1073 5056 et
1117 5019 1229 5056 non
1263 5008 1346 5056 cst
1385 5003 1715 5072 completus.
1763 5005 1834 5058 Ex

187 5074 486 5128 Aristotele
519 5090 549 5127 ιι
584 5077 641 5126 et
669 5088 729 5125 ιιι
756 5073 824 5126 dc
855 5074 1120 5127 Generat.
1156 5077 1313 5128 Mm.

249 5146 275 5185 ι)
297 5145 414 5201 Soli
447 5143 668 5199 homini
705 5143 835 5197 vitae
865 5160 1060 5198 cursus
1087 5144 1143 5197 in
1187 5145 1378 5199 labore
1431 5143 1831 5214 praescribitur,

185 5221 239 5270 ut
267 5215 618 5271 rationabile
657 5216 808 5284 quod
836 5214 1053 5285 accepit
1083 5221 1359 5270 exerceat.
1401 5217 1462 5268 D.
1501 5215 1834 5269 Ambrosius

182 5288 390 5358 Optime
433 5286 490 5340 iu
544 5285 772 5358 praefat.
805 5286 1092 5358 Evangelii
1120 5289 1302 5348 Lucae,
1352 5304 1524 5356 propc
1555 5286 1831 5348 medium,

183 5355 268 5413 ubi
302 5363 360 5414 et
384 5355 820 5428 congruentiam
851 5355 1084 5428 hujusce
1114 5358 1192 5412 rei
1221 5355 1404 5412 affert.
1431 5355 1583 5412 ΜΠΑ.

246 5432 366 5484 cEx
399 5429 642 5483 edition.
677 5430 902 5484 Bonon.
935 5428 1026 5497 59,
1067 5433 1122 5483 et
1151 5445 1216 5483 ex
1248 5429 1395 5484 Mita.
1446 5429 1604 5491 Alias,
1637 5445 1834 5498 perpe-

177 5518 323 5564 ram,
356 5518 474 5555 cum
507 5502 629 5570 ipsa
656 5501 881 5570 praemia
913 5499 1232 5569 evangelicae
1258 5500 1501 5554 lectionis
1531 5500 1691 5561 nihil,
1725 5505 1830 5554 etc.

248 5574 274 5613 ά
312 5572 468 5628 Miris
499 5569 688 5625 modis
705 5569 822 5625 haec
839 5571 1014 5627 verba
1031 5587 1065 5625 a
1093 5570 1354 5627 Patribus
1373 5576 1750 5642 exponuntur.
1778 5577 1836 5625 ut

1961 1841 2122 1912 quod
2149 1841 2500 1912 poposcerit,
2516 1853 2547 1893 κ
2565 1840 2734 1896 audit
2761 1855 2889 1896 esse
2905 1835 3458 1911 prmstandum.Sed
3471 1849 3617 1890 non-

1962 1929 2108 1985 nulli
2127 1929 2240 1985 sub
2253 1929 2447 2001 specie
2457 1928 3001 2000 ﬁdei,contemptus
3015 1927 3108 1982 sui
3121 1939 3406 1982 excusare
3418 1923 3614 1978 nitun-

1962 2023 2056 2074 tur
2074 2017 2412 2088 ignaviam;
2445 2021 2509 2074 ut
2531 2017 2800 2086 neglecto
2828 2013 3154 2071 venerandi
3179 2016 3366 2068 coetus
3398 2017 3454 2066 et
3477 2024 3618 2065 con-

1963 2104 2712 2176 gregationisardore,illud
2726 2119 2788 2159 se
2804 2107 3023 2173 tempus
3035 2099 3288 2157 orationi
3306 2100 3617 2168 deputasse

1961 2192 2497 2266 conﬁngant,quod
2508 2191 2849 2248 domesticis
2861 2189 3106 2246 dederin
3117 2195 3134 2244 t
3145 2194 3202 2244 et
3213 2186 3618 2259 impenderint

1964 2283 2153 2350 curis;
2185 2287 2241 2339 et
2265 2282 2412 2338 dum
2446 2281 2697 2354 propriis
2721 2279 3034 2336 desideriis
3062 2278 3498 2348 mancipantur,
3531 2275 3620 2330 di-

1964 2372 2107 2428 vina
2134 2374 2524 2428 contemnunt
2557 2375 2614 2426 et
2637 2368 2969 2440 despiciunt
2989 2367 3274 2423 instituta.
3328 2365 3424 2419 lsti
3484 2366 3622 2418 sunt

1967 2461 2069 2533 qui
2100 2475 2318 2532 corpus
2341 2459 2553 2516 Christi
2583 2457 2898 2528 dissipant,
2924 2455 3199 2512 membra
3229 2455 3616 2526 dispergunt:

1965 2564 2076 2605 nec
2105 2548 2183 2604 ad
2211 2549 2491 2604 decorem
2512 2563 2690 2603 suum
2716 2547 3024 2618 patiuntur
3044 2545 3304 2601 formam
3331 2540 3621 2598 Dominici

1965 2637 2204 2694 habitus
2228 2636 2558 2708 pervenire,
2587 2650 2775 2706 quam
2802 2633 3096 2706 propheta
3121 2648 3261 2687 cum
3286 2630 3532 2686 vidisset
3562 2628 3621 2682 in

1969 2725 2194 2797 spiritu,
2217 2725 2300 2780 sic
2321 2723 2606 2780 canebat:
2628 2723 2922 2793 Speciosus
2933 2723 3134 2791 forma
3149 2735 3270 2790 prae
3281 2718 3420 2786 ﬁliis
3440 2716 3600 2771 hami
3611 2746 3623 2758 ο

1969 2811 2287 2882 num(Psal.
2321 2811 2496 2881 xuv).
2533 2810 2762 2867 Habent
2790 2809 3028 2882 quidem
3059 2806 3295 2876 singula
3348 2803 3622 2859 membra

1967 2900 2279 2973 proprium
2305 2899 2396 2955 sui
2422 2913 2644 2955 munus
2665 2897 2866 2966 officii,
2898 2895 3066 2968 quod
3095 2899 3295 2950 tamen
3347 2897 3488 2947 tunc
3522 2889 3622 2944 im-

1966 2989 2125 3062 plere
2151 2992 2446 3062 poterunt,
2467 2987 2515 3043 si
2533 3002 2808 3043 connexa
2834 2984 2947 3042 sibi
2962 2989 3018 3040 et
3037 2981 3462 3054 compaginata
3491 2994 3618 3051 per-

1965 3079 2099 3134 fecti
2129 3077 2398 3149 corporis
2425 3075 2777 3150 perveniant
2806 3073 2885 3132 ad
2909 3071 3336 3129 decorem.Hoc
3363 3083 3504 3137 ergo
3536 3068 3620 3123 in-

1966 3170 2140 3223 terest
2163 3166 2314 3221 inter
2327 3163 2810 3235 congregationis
2828 3160 3258 3234 plenitudinem
3270 3157 3590 3228 gloriosam
3601 3196 3615 3221 ,

1964 3260 2020 3311 et
2031 3253 2422 3328 separationis
2434 3256 2870 3326 prwsumptam
2883 3251 2958 3306 de
2969 3247 3308 3320 ignorantia
3320 3250 3423 3303 aut
3435 3244 3618 3314 negli-

1961 3345 2158 3414 gentia
2183 3343 2506 3400 vanitatem
2535 3340 2732 3414 ;quod
2750 3341 2812 3396 in
2838 3339 3025 3396 salute
3039 3343 3096 3394 et
3115 3337 3343 3394 honore
3375 3334 3616 3404 intregri

1960 3434 2226 3507 corporis
2240 3433 2474 3506 specios
2486 3435 2577 3488 est
2592 3432 2789 3487 unitas
2808 3429 3222 3486 membrorum
3235 3427 3362 3483 etin
3376 3440 3613 3497 separa-

1958 3524 2116 3580 tione
2145 3524 2440 3578 viscerum
2455 3529 2544 3577 est
2569 3520 2748 3588 fceda,
2771 3518 3006 3575 lethalis
3036 3514 3404 3573 ethorrenda
3420 3513 3612 3585 perni-

1957 3613 2095 3668 cies.
2129 3614 2338 3674 Homo,
2366 3609 2513 3682 quid
2541 3608 2703 3664 aliud
2725 3612 2778 3663 te
2809 3606 3082 3663 docuitin
3109 3609 3210 3660 tuo
3232 3607 3611 3675 corpore,aut

1957 3701 2038 3756 sic
2065 3697 2629 3769 divisaconjunctio,
2647 3701 2883 3753 auttam
2909 3695 3230 3766 conjuncta
3249 3689 3608 3755 divisio,nisi

1956 3794 2018 3844 ut
2047 3804 2113 3844 ex
2146 3787 2346 3843 multis
2372 3802 2545 3850 unus,
2579 3789 2635 3841 et
2657 3801 2812 3840 unus
2840 3786 2901 3841 in
2933 3784 3134 3840 multis
3190 3781 3464 3838 viveres?
3510 3783 3610 3836 Est

1956 3876 2366 3932 membrorum
2386 3874 2746 3930 commercio
2778 3873 3020 3930 salutari
3051 3872 3344 3944 pretiosus
3374 3869 3603 3938 oculus,

1955 3965 2058 4020 sed
2091 3965 2140 4020 si
2161 3963 2572 4036 perseveratin
2599 3977 2849 4033 corpore
2867 3979 2880 4028 ;
2896 3961 3119 4033 alioqui
3135 3960 3235 4014 ubi
3261 3958 3495 4028 corpori
3506 3957 3606 4011 de-

1953 4053 2147 4119 fuerit,
2187 4052 2298 4107 sibi
2326 4066 2448 4106 non
2481 4049 2697 4106 aderit:
2732 4049 2954 4105 debent
2977 4047 3060 4102 illi
3109 4046 3383 4101 membra
3407 4044 3605 4100 omnia

1953 4157 2074 4196 suae
2095 4141 2242 4196 lucis
2268 4137 2668 4210 obsequium;
2703 4136 2806 4191 sed
2833 4134 3030 4206 etipse
3057 4132 3268 4188 oculus
3291 4131 3602 4186 sentitcor-

1949 4230 2078 4301 pori
2103 4245 2162 4283 se
2175 4227 2391 4283 debere
2413 4225 2579 4298 quod
2606 4224 2705 4279 lux
2724 4222 3151 4295 est,quiutique
3175 4235 3305 4275 cum
3331 4217 3601 4275 omnibus

1950 4316 2210 4372 membris
2232 4316 2258 4356 h
2279 4314 2665 4370 ministerium
2680 4311 3079 4367 membrorum
3101 4308 3430 4382 provideat,
3445 4307 3600 4363 evul—

1950 4423 2050 4462 sus
2077 4423 2112 4462 a
2137 4419 2384 4476 corpore
2411 4418 2519 4458 nec
2541 4401 2715 4458 videt.
2733 4399 3120 4474 Quisquisille
3136 4398 3340 4470 estqui
3354 4412 3418 4452 se
3432 4400 3602 4470 putat

1948 4509 2078 4551 esse
2099 4491 2454 4566 aliquid,tali
2479 4491 2779 4547 institutus
2801 4488 3066 4562 exemplo
3083 4490 3314 4545 maneat
3331 4487 3394 4542 in
3411 4486 3599 4542 Eccle-

1949 4586 2056 4654 sia,
2083 4587 2145 4638 ut
2176 4583 2248 4638 sit
2266 4581 2525 4652 aliquid;
2554 4581 2778 4652 alioqui
2807 4579 2902 4636 ubi
2931 4578 3187 4634 defuerit
3207 4576 3308 4643 illi,
3333 4575 3447 4632 sibi
3469 4591 3600 4632 esse

1951 4689 2089 4728 mox
2110 4671 2338 4727 deﬁnit.
2358 4669 2529 4736 Quod
2553 4671 2656 4742 qui
2679 4669 3092 4741 pleniusnosse
3105 4667 3420 4732 desiderat,
3441 4667 3598 4737 Apo-

1949 4761 2079 4817 stoli
2107 4762 2180 4816 de
2201 4775 2448 4832 corpore
2477 4759 2687 4815 Christi
2702 4758 2999 4830 loquentis
3017 4757 3283 4828 perlegat
3310 4755 3595 4817 instituta,

1947 4850 2090 4923 quia
2109 4865 2218 4905 nos
2243 4849 2344 4904 illa
2370 4863 2705 4920 percurrere
2762 4846 3055 4902 sermonis
3101 4843 3357 4900 brevitas
3404 4841 3598 4898 amica

1947 5006 2032 5057 est
2049 5002 2200 5070 apud
2221 4999 2528 5054 Maldonat.
2547 4997 2602 5052 in
2624 4997 2728 5051 hoc
2745 5001 2898 5050 textu
2923 4995 3122 5070 Matth.
3146 5007 3303 5054 xvm,
3328 4991 3589 5070 191M111}.

2017 5085 2043 5115 e
2069 5059 2187 5126 lac.
2221 5087 2293 5135 ιν,
2318 5072 2350 5123 3
2387 5087 2397 5124 :
2430 5071 2637 5132 Petitis,
2669 5074 2716 5121 et
2748 5083 2856 5121 non
2876 5065 3154 5134 accipitis,
3197 5079 3253 5116 eo
3281 5060 3418 5130 quod
3456 5059 3595 5114 male

1965 5144 2146 5198 ietilis.

1965 5164 1978 5195 Ι
2057 5164 2146 5196 ηδ.

1943 5164 2432 5267 [cill’romissioni
2465 5209 2594 5263 huic
2620 5208 2820 5262 nititur
2869 5203 3123 5259 Ecclesiae
3177 5205 3384 5257 nostra:
3429 5201 3591 5266 ﬁdes,

1946 5301 2069 5355 qute
2102 5280 2624 5355 ﬁdeliumcmtibus
2650 5283 2708 5332 et
2730 5275 3002 5336 conciliis,
3035 5273 3410 5355 omnibusque
3434 5272 3592 5338 locis,

1947 5343 2002 5409 in
2030 5355 2232 5424 quibus
2263 5350 2572 5406 catholicus
2596 5365 2731 5424 grex
2753 5351 3151 5424 congregatur,
3171 5343 3440 5415 Spiritum
3461 5361 3594 5400 san-

1946 5417 2100 5480 ctuin
2143 5439 2384 5495 praeesse
2421 5417 3110 5495 constantissimecredit.

2020 5510 2049 5549 κ
2069 5488 2157 5549 Ex'
2173 5512 2280 5549 ms.
2314 5497 2534 5550 Ctesen.
2566 5492 2624 5546 in
2656 5488 2965 5561 impressis,
2993 5489 3178 5561 audet.

2019 5568 2044 5609 δ
2069 5568 2141 5622 Ex
2183 5582 2318 5621 mss.
2352 5565 2567 5620 Censen.
2603 5567 2655 5619 et
2686 5559 2946 5616 vatican.
2988 5559 3157 5627 Editi,
3203 5559 3594 5616 ministratum.
