4040 6178
423 296 537 365 563

1720 297 1780 358 S.
1826 290 2038 358 ΡΕΤΒῘ
2080 293 2560 359 CHRYSOLOGI.

3724 292 3840 353 5M

423 444 543 490 non
575 430 798 504 patittir
827 430 871 503 (Ι
903 431 1029 487 Cor.
1059 431 1124 502 t).
1158 432 1271 487 Lex
1301 432 1391 486 est
1432 428 1573 485 data
1619 443 1739 485 non
1789 430 1913 493 uni,
1967 429 2068 486 sed
2112 428 2159 492 Α
2186 438 2393 502 parem
2427 428 2619 499 gratia
2646 428 2775 500 ipsa
2797 427 3143 499 perfecerat.
3172 426 3262 482 Ad
3290 439 3477 483 unam
3504 438 3722 482 vocem
3736 426 3843 480 Do-

428 519 732 583 omnibus,
753 519 1019 576 Christus
1051 534 1172 576 non
1200 534 1310 591 pro
1334 532 1477 585 uno,
1506 531 1615 573 nec
1641 517 1717 572 ad
1741 532 1943 585 unum,
1969 518 2076 574 sed
2186 519 2333 575 mini
2363 519 2514 573 sicut
2541 517 2637 573 ille
2662 521 2905 590 patrem,
2933 516 3211 590 patriam,
3253 530 3498 572 censum
3551 513 3791 586 reliquit
3819 532 3835 572 :

429 609 503 666 ad
532 624 766 671 omnes,
792 611 848 664 et
878 624 985 679 pro
1017 608 1298 663 omnibus
1327 604 1524 671 venit;
1555 608 1621 661 ut
1656 604 2081 675 redintegraret
2188 607 2518 671 laboribus,
2552 606 2910 679 opprobriis,
2943 604 3277 673 itineribus,
3306 602 3704 668 contumeliis,
3754 605 3838 659 vi-

429 714 641 754 omnes
674 697 731 752 in
755 710 956 761 unum,
987 696 1178 752 solum
1206 697 1455 759 bonum,
1508 695 1699 751 solum
1745 696 2079 765 jucundum

430 785 719 858 propheta
747 785 926 840 futuri
954 785 1263 856 praescius;
1286 784 1371 840 sic
1383 783 1705 856 proclamat
1725 785 1899 841 :Ecee
1916 799 2080 855 quam

436 874 643 929 bonum
673 879 726 929 et
748 888 922 944 quam
936 873 1271 944 jucundum
1304 872 1559 930 habitare
1576 873 1798 943 fratres
1816 874 1875 929 in
1903 888 2082 928 unum

432 961 607 1031 (Psat.
642 963 871 1030 cxxxu).
890 962 1039 1027 Quia
1063 965 1179 1018 Deo
1192 976 1314 1018 non
1328 962 1707 1031 singularitas
1719 965 2082 1032 estaccepta,

435 1049 541 1104 sed
575 1050 789 1106 unitas.
821 1051 1069 1122 Spiritus
1090 1056 1333 1107 sanctus
1361 1050 1643 1123 apostolis
1669 1050 1725 1105 in
1756 1065 1932 1105 unum
1951 1065 2088 1105 con-

435 1138 674 1209 gretatis
707 1139 978 1195 ubertate
1002 1143 1123 1195 tota
1160 1140 1251 1195 sui
1280 1140 1455 1195 fontis
1486 1139 1746 1195 illabitur
1795 1139 1943 1210 (Act.
1995 1139 2082 1209 ιι),

437 1229 607 1299 cujus
620 1233 682 1284 ut
697 1228 1161 1300 simuldiscipuli
1175 1229 1541 1301 operirentur
1554 1229 1629 1284 ad
1640 1233 1870 1283 ventum
1886 1228 2086 1283 Domi-

435 1318 571 1374 nica
601 1321 739 1373 sunt
768 1318 1164 1390 praeceptione
1195 1318 1563 1374 commoniti.
1601 1319 1847 1381 Fratres,
1874 1317 2089 1373 amittit

437 1406 642 1463 divina
662 1422 924 1473 munera,
950 1407 1144 1479 perdit
1174 1408 1379 1477 gratias
1408 1406 1761 1476 largitatem,
1783 1406 2087 1462 charitatis

437 1494 751 1552 fraudatur
762 1494 957 1561 bonis,
977 1495 1217 1551 unitatis
1230 1495 1384 1552 illum
1399 1495 1731 1551 benedictio
1749 1511 1870 1551 non
1885 1510 2084 1551 mane-

436 1583 541 1647 bit,
573 1585 676 1657 qui
703 1584 776 1640 de
804 1600 865 1640 se
892 1585 1213 1650 maleﬁcus,
1242 1589 1297 1641 et
1322 1600 1393 1641 ex
1410 1583 1640 1640 defectu
1659 1596 1767 1640 suo
1789 1584 1960 1641 stulte
1974 1583 2087 1641 sibi

439 1672 766 1735 sufﬁciens,
801 1673 887 1728 sic
908 1677 1123 1746 praeter
1143 1674 1464 1729 Ecclesiam
1479 1673 1661 1728 vitam
1674 1673 1897 1744 quierit,
1913 1689 2089 1745 quam

435 1764 497 1818 in
522 1762 655 1835 ipsa
680 1766 916 1818 tantum
946 1776 1077 1818 esse
1122 1763 1413 1834 propheta
1468 1765 1735 1829 testatur,
1784 1761 2041 1817 dicendo
2074 1778 2085 1818 :

2192 697 2368 767 giliis,
2399 708 2425 738 ο
2455 696 2684 751 Christo
2713 695 3021 767 largiente,
3057 711 3119 751 se
3146 693 3440 751 indefessa
3462 694 3732 763 germani
3755 709 3839 748 so-

2192 785 2384 841 cietati
2418 784 2659 841 donavit
2690 801 2701 839 :
2727 782 2920 841 solum
2938 782 3199 855 estquod
3226 785 3487 854 tempore
3516 781 3838 838 Dominicm

2192 868 2494 930 Passionis
2514 873 2678 945 fugit,
2706 874 2812 929 sed
2839 887 3035 945 neque
3054 872 3170 929 hoc
3221 872 3435 944 impar,
3485 871 3629 944 quia
3668 870 3833 941 fugit.

2193 963 2417 1034 Negare
2468 965 2667 1019 autem
2725 961 2772 1017 si
2829 961 3033 1034 aliqua
3086 964 3325 1033 putatur
3358 959 3555 1032 culpa,
3586 975 3712 1016 non
3756 964 3842 1018 est

2197 1051 2431 1123 gravius
2455 1050 2658 1120 fugere
2686 1066 2873 1123 quam
2933 1064 3172 1120 negare.
3223 1048 3338 1107 Sed
3396 1049 3648 1105 tacenda
3706 1053 3846 1107 sunt

2196 1140 2314 1197 alia
2346 1157 2357 1196 :
2383 1140 2660 1211 mquavit,
2694 1139 2921 1202 fratres,
2956 1140 3148 1203 venia,
3189 1152 3342 1211 quos
3372 1137 3455 1194 sic
3484 1136 3847 1194 discreverat

2196 1229 2385 1302 culpa.
2410 1228 2476 1283 Et
2505 1227 2858 1284 subsecutus
2883 1226 3151 1299 martyrii
3193 1227 3383 1284 fervor
3434 1226 3683 1283 devotos
3722 1243 3848 1299 per-

2197 1317 2487 1391 probavit,
2529 1332 2680 1390 quos
2731 1320 2928 1372 metus
2969 1315 3417 1389 improbaverat
3461 1315 3845 1374 antecedens.

2195 1411 2341 1465 Nam
2372 1422 2598 1465 crucem
2629 1421 2815 1479 quam
2854 1406 3211 1477 refugerant,
3254 1409 3468 1478 postea
3514 1407 3849 1477 conjunctis

2193 1496 2423 1553 viribus
2444 1496 2719 1553 ardenter
2742 1495 3050 1560 invadunt,
3068 1498 3133 1550 ut
3154 1494 3312 1552 unde
3327 1498 3547 1551 reatum
3579 1511 3848 1569 sumpse-

2196 1588 2349 1652 rant,
2378 1585 2516 1641 inde
2547 1584 3020 1641 conscenderent
3058 1584 3297 1654 omium,
3351 1584 3486 1641 inde
3532 1587 3847 1658 praemium

2200 1678 2575 1731 sumerentet
2594 1690 2893 1731 coronam.
2923 1677 3124 1730 Petrus
3152 1688 3417 1747 namque
3470 1689 3724 1739 crucem,
3758 1691 3849 1732 ar-

2197 1764 2406 1820 borem
2429 1764 2774 1820 conscendit
2797 1764 3097 1829 Andreas;
3121 1767 3184 1819 ut
3208 1764 3310 1836 qui
3336 1763 3569 1821 Christo
3583 1766 3847 1837 compati

435 1853 590 1909 Ecce
616 1866 792 1923 quam
821 1852 1030 1908 bonum
1060 1854 1115 1908 et
1133 1866 1306 1923 quam
1330 1852 1663 1948 jucundum
1688 1851 1951 1948 habitare
1969 1852 2092 1921 fra-
2127 1890 2173 1948 Β
2202 1853 2552 1926 gestiebant,
2587 1854 2645 1908 in
2668 1853 3000 1925 semetipsis
3029 1852 3287 1923 figuram
3328 1853 3708 1927 formamque
3764 1856 3849 1927 ip-

438 1946 546 1996 tres
574 1940 636 1995 in
661 1957 833 1996 unum
857 1941 1034 2012 (Psal.
1068 1941 1317 2011 cxxxn);
1346 1940 1490 2010 quia
1519 1938 1635 1995 illic
1657 1939 1963 1996 mandavit
1982 1940 2092 1997 Do-

436 2031 638 2089 minus
670 2029 1143 2088 benedictionem
1176 2037 1230 2085 et
1258 2030 1442 2086 vitam
1468 2043 1657 2102 usque
1701 2030 1760 2085 in
1806 2030 2091 2087 saeculum

964 2160 991 2191 ει
1023 2146 1251 2203 SERMO
1292 2147 1558 2203 CXXXIII.

777 2261 847 2317 In
906 2262 976 2316 D.
1025 2260 1334 2317 Andream
1395 2261 1739 2330 apostolum.

505 2385 719 2440 Beatus
783 2381 1052 2438 Andreas
1111 2382 1321 2437 merito
1359 2386 1535 2437 natus
1594 2382 1762 2438 hodie
1810 2383 2086 2453 creditur,

432 2471 681 2546 quando
696 2486 818 2527 non
836 2470 909 2526 ad
929 2472 1276 2543 prmsentem
1294 2470 1477 2526 vitam
1494 2468 1524 2512 ι)
1550 2474 1818 2527 materno
1845 2474 2091 2530 esteffu-

436 2577 537 2617 sus
566 2575 639 2617 ex
672 2564 856 2631 utero,
885 2557 988 2614 sed
1012 2570 1035 2600 ο
1065 2561 1352 2631 conceptu
1375 2559 1537 2625 fidei,
1572 2562 1842 2634 martyrii
1889 2567 2085 2634 partu,

435 2649 738 2706 caelestem
762 2648 1023 2704 noscitur
1053 2650 1371 2716 generatus
1396 2648 1467 2703 ad
1500 2647 1776 2721 gloriam.
1837 2652 2088 2715 Quando

435 2753 557 2795 non
588 2754 716 2794 eum
750 2740 1023 2792 materna
1050 2735 1353 2791 cunabula
1380 2751 1696 2809 suscepere
1727 2739 2085 2808 vagientem,

434 2828 532 2882 sed
548 2824 1256 2900 supernatriumphantem
1270 2829 1494 2881 secreta
1505 2829 2088 2900 receperunt;quando

433 2932 553 2972 non
583 2916 870 2972 inﬁrmum
888 2913 914 2955 ἀ
945 2914 1113 2970 lactis
1138 2917 1377 2986 pastum
1397 2914 1697 2985 genitricis
1718 2917 1968 2973 trahitex
1993 2933 2091 2990 pe-

434 3011 613 3071 ctore,
652 3004 755 3060 sed
790 3020 893 3074 pro
920 3019 1056 3073 rege
1080 3016 1187 3059 suo
1217 3003 1645 3060 devotissimus
1674 3006 1832 3061 miles
1864 3008 2090 3064 virtutis

435 3094 783 3161 sanguinem
817 3092 982 3147 fudit.
1019 3090 1587 3164 Vivit,quiamortem
1608 3094 2089 3152 cmlestismilitim

435 3178 686 3237 bellator
702 3178 938 3236 occidit.
967 3179 1243 3250 Sequitur
1271 3180 1365 3235 hic
1388 3181 1703 3238 moriendo
1732 3183 1986 3241 Domino
2017 3202 2089 3242 te-

438 3272 649 3322 stuans
677 3271 732 3322 et
753 3264 1139 3330 anhelans,ac
1171 3269 1288 3322 toto
1305 3266 1539 3323 virtutis
1559 3268 1749 3337 gradu
1771 3272 2087 3329 Dominicis

437 3354 729 3412 incumbit
752 3354 970 3411 haerere
985 3354 1270 3425 vestigiis,
1296 3371 1369 3410 ne
1391 3372 1523 3412 eum
1546 3373 1756 3413 cursus
1773 3359 1951 3416 faciat
1967 3363 2087 3418 dis-

436 3460 647 3519 parem
678 3444 859 3509 fratri,
876 3452 1054 3516 quem
1069 3447 1284 3500 natura
1298 3443 1572 3510 similem,
1588 3447 1822 3503 vocatio
1837 3450 2085 3516 socium,

509 3598 536 3630 α
562 3587 763 3641 Sermo
793 3585 887 3640 hic
914 3585 973 3639 in
1003 3585 1199 3640 codice
1229 3583 1505 3640 Vaticano
1549 3585 1873 3644 inscribitur
1899 3607 1911 3644 :
1944 3591 2087 3646 Ιηοίο

438 3659 521 3729 pit
550 3674 721 3712 sermo
747 3656 1104 3729 denatales.
1136 3655 1386 3729 Andrea’.

509 3726 612 3781 1)ln
646 3726 899 3799 margine
928 3726 1101 3798 ipsius
1128 3726 1335 3781 codicis
1394 3743 1566 3782 manu
1614 3729 1937 3799 recentiori,
1976 3750 2090 3786 ma-

443 3804 597 3854 terno
616 3810 638 3867 ;
662 3798 719 3851 in
743 3802 894 3852 textu
918 3815 934 3869 ;
965 3800 1182 3869 merito.

513 3880 538 3911 α
557 3873 616 3924 in
646 3869 848 3923 eodem
873 3868 1090 3933 codice,
1118 3874 1379 3939 conceptu
1409 3869 1531 3924 Dei.

514 3944 533 3976 ι¹
567 3942 753 4011 Codex
784 3940 935 4007 Vat.,
970 3938 1127 3995 Iactis
1152 3938 1358 4011 potam.

514 4023 537 4054 ε
568 4010 648 4066 Ex
697 4012 945 4067 editione
975 4010 1233 4068 MiteeJIn
1266 4028 1372 4067 ms.
1402 4011 1526 4067 Vat.
1577 4016 1632 4067 et
1674 4012 1732 4067 in
1775 4014 1941 4070 editis
1970 4016 2093 4073 aliis

445 4083 603 4139 deest
630 4082 889 4156 largiente
919 4100 988 4156 se.
1046 4085 1605 4156 Sermonemgautem
1654 4083 1822 4151 hunc,
1868 4103 1978 4156 quo
2015 4088 2091 4142 nil

444 4152 766 4224 corruptior
796 4157 921 4209 erat
950 4152 1006 4207 in
1034 4152 1221 4221 editis,
1256 4155 1326 4207 ad
1368 4154 1537 4209 fidem
1573 4171 1709 4212 mss.
1758 4152 2093 4214 emendasse

446 4231 686 4281 testatur
716 4225 869 4279 Mite.
903 4226 1209 4294 Corruptus
1239 4226 1413 4279 etiam
1442 4226 1686 4279 occurrit
1714 4226 1770 4280 in
1804 4245 1911 4285 ms.
1947 4230 2095 4284 Vati-

445 4314 610 4364 cano,
636 4300 693 4351 et
719 4296 1111 4359 Vallicellano,
1140 4295 1197 4349 in
1228 4312 1340 4364 quo
1370 4296 1507 4349 item
1541 4296 1864 4351 inscribitur
1888 4315 1899 4354 :
1922 4299 1991 4355 In
2010 4301 2097 4356 die

445 4367 621 4421 natali
648 4366 701 4421 S.
736 4367 995 4441 Andreae.
1032 4368 1107 4441 Qe
1123 4365 1516 4441 qualequendi
1540 4365 1791 4441 formula
1813 4368 1936 4441 vide
1962 4387 2090 4441 qum

447 4442 777 4491 notantura
810 4435 998 4490 claris.
1052 4435 1295 4489 Mcursio
1353 4436 1409 4489 in
1444 4435 1629 4491 Gloss.
1683 4438 1751 4491 de
1796 4435 2093 4497 nativitate

445 4511 806 4576 martyrum;
839 4510 895 4560 et
924 4506 1234 4576 Grasparem
1292 4505 1589 4559 Barthium
1642 4507 1941 4563 Adversar.
1995 4512 2088 4566 lib.

2201 1944 2325 1999 sius
2354 1943 2747 2015 exprimerent
2763 1942 3093 2015 passionis;
3118 1942 3467 2015 etredempti
3491 1942 3675 2013 ligno,
3709 1959 3851 2000 con-

2202 2035 2641 2088 summarentur
2670 2031 2749 2087 ad
2777 2031 3069 2103 palmam.
3101 2031 3192 2088 Sic
3222 2030 3487 2087 Andreas
3515 2037 3722 2088 noster
3741 2034 3852 2090 etsi

2201 2121 2389 2177 credit
2413 2119 2629 2187 ordini,
2656 2120 2907 2192 praemio
2938 2124 3136 2176 tamen
3164 2134 3286 2175 non
3332 2120 3485 2177 cedit
3522 2126 3578 2177 et
3632 2120 3851 2179 labori.

2730 2208 2755 2251 ί
2774 2209 3004 2265 8ΕῆΜο
3041 2208 3313 2265 CXXXIV.

2553 2297 2618 2353 In
2660 2297 2728 2353 D.
2760 2296 3122 2354 Felicitatem
3154 2304 3493 2369 martyrem.

2271 2388 2567 2453 Quoniam
2591 2385 2790 2443 varios
2820 2390 3155 2458 martyrum
3188 2385 3618 2459 multiplicesve
3646 2387 3858 2446 trium-

2198 2475 2937 2550 phos,quospersecutoris
2950 2475 3267 2533 crudelitas
3279 2476 3635 2533 totiesillusa
3645 2493 3851 2534 cumu-

2197 2565 2360 2631 lavit,
2395 2569 2633 2637 tempus
2661 2579 2772 2621 nos
2797 2564 3180 2622 dinumerare
3200 2580 3321 2622 non
3336 2566 3574 2638 patitur,
3595 2567 3671 2623 ad
3686 2567 3857 2625 illam

2201 2658 2323 2711 tota
2342 2654 2526 2709 nostri
2554 2653 2847 2709 sermonis
2863 2652 3128 2726 confugit
3144 2655 3357 2725 oratio,
3374 2668 3509 2728 qum
3542 2657 3759 2712 meruit
3781 2656 3857 2712 fi-

2197 2743 2309 2800 lios
2344 2745 2429 2799 tot
2450 2742 2673 2798 habere
2703 2745 2851 2814 quot
2879 2742 3009 2798 dies
3038 2754 3069 2798 It
3096 2743 3361 2799 mundus
3414 2744 3662 2816 accepit.
3702 2746 3858 2803 Vere

2199 2830 2872 2895 materluminum,fons
2894 2831 3146 2897 dierum,
3175 2847 3312 2904 qum
3335 2834 3669 2906 septenario
3681 2849 3860 2891 coru-

2199 2937 2302 2977 sco
2332 2920 2619 2992 germinis
2649 2920 2739 2976 sui
2770 2923 2891 2976 toto
2935 2919 3079 2977 orbe
3129 2921 3412 2993 splendet.
3475 2924 3669 2989 Beata,
3717 2937 3860 2997 ques

2198 3011 2226 3053 ιι
2257 3025 2375 3066 non
2392 3010 2571 3065 solum
2594 3025 2702 3082 pro
2723 3009 2853 3078 lege
2875 3009 3459 3082 patitur,sedipsiusi
3490 3011 3863 3083 iegishepta—

2197 3098 2429 3154 iismum
2443 3097 2657 3153 meruit
2672 3101 2862 3154 mater
2875 3103 3083 3154 sancta
3096 3112 3394 3169 generare:
3408 3100 3729 3173 heptalism
3738 3115 3860 3171 um,

2196 3186 2428 3253 fratres,
2443 3187 2547 3259 qui
2574 3201 2693 3242 non
2706 3187 2886 3243 unius
2910 3187 3321 3259 ettemporalis
3336 3188 3711 3245 tabernaculi
3730 3189 3863 3246 illu-

2199 3280 2409 3331 straret
2436 3290 2742 3341 arcanum,
2765 3275 2864 3331 sed
2891 3275 3201 3331 Ecclesiam
3229 3278 3654 3350 sempiternam
3681 3294 3861 3335 sacro

2197 3363 2561 3421 liluminaret
2580 3364 2845 3420 incenso.
2871 3364 3044 3432 Felix,
3069 3379 3201 3437 quae
3234 3366 3450 3422 meruit
3488 3371 3723 3439 portare
3772 3371 3863 3424 tot

2199 3453 2483 3509 virtutum
2499 3452 2747 3525 pignora
2767 3452 3025 3526 quotilla
3049 3452 3225 3510 arcai
3259 3460 3681 3528 prmceptorum
3695 3454 3840 3512 volu

2199 3596 2355 3676 iulii,
2382 3595 2717 3676 hujus-fero
2743 3594 2834 3676 die
2854 3594 3305 3676 ‘23ONoyembris.
3334 3596 3632 3676 _Celebrem
3658 3605 3858 3676 autem

2203 3666 2375 3723 fuisse
2397 3664 2535 3720 olim
2554 3666 2748 3721 Romae
2775 3664 3082 3722 Felicitatis
3104 3665 3465 3731 memoriam.
3493 3686 3560 3723 ex
3585 3687 3653 3725 eo
3673 3674 3862 3729 maxi—

2204 3754 2295 3793 me
2327 3738 2603 3810 arguitur,
2633 3736 2786 3810 quod
2817 3736 2981 3810 indie
3005 3737 3404 3810 ejuspassioni
3435 3756 3597 3795 sacro
3622 3748 3861 3800 sanctus

2204 3807 2505 3891 Gregorius
2536 3824 2684 3891 papa
2727 3807 3046 3891 homiliem'
3078 3807 3167 3863 ad
3186 3810 3461 3934 pppulum
3508 3811 3730 3880 habuit,
3765 3816 3858 3871 ubi

2204 3880 2460 3934 mulieris
2492 3879 2660 3934 huius
2680 3882 3064 3934 constantiam
3081 3897 3178 3934 mu
3208 3885 3280 3934 tis
3309 3881 3571 3934 laudibus
3592 3885 3858 3934 extollit:

2202 3878 2460 3934 mulieris
2492 3878 2660 3949 hujus
2680 3878 3064 3935 constantiam
3081 3878 3281 3936 multis
3309 3881 3571 3938 laudibus
3592 3878 3824 3942 extollit
3845 3904 3858 3941 :

2202 3956 2260 4008 et
2288 3950 2427 4005 olim
2458 3950 2631 4006 etiam
2659 3950 2761 4005 sub
2804 3951 2928 4021 ejus
2960 3952 3183 4007 nomine
3226 3953 3618 4010 coemeterium
3662 3958 3861 4013 Roma

2203 4022 2483 4098 esstitisse
2509 4024 2673 4098 notat
2698 4021 2974 4098 Beronius
3001 4021 3328 4098 in__noiis_ad
3366 4024 3858 4098 Martyrologium.

2204 4093 2470 4170 Ejusdem
2525 4096 2650 4170 acta
2681 4092 2901 4170 sincera
2935 4090 3169 4170 exhibet
3221 4090 3547 4170 Ruinartius
3597 4090 3734 4170 pag.
3769 4099 3859 4155 26.

2204 4111 2470 4218 r‘ﬂusaem
2525 4111 2650 4147 acra
2681 4111 2901 4146 Sincera
2941 4111 3169 4148 exmoet
3221 4111 3547 4149 humaruus
3597 4114 3734 4170 pag.
3769 4111 3857 4155 26.

2254 4163 2342 4219 ide
2372 4163 2545 4218 etiam
2579 4162 3047 4235 Martyrologium
3082 4164 3297 4219 Adonis
3327 4168 3397 4220 ad
3429 4165 3578 4222 diem
3609 4168 3672 4222 iO
3702 4170 3857 4235 Julii,

2203 4240 2260 4291 et
2287 4235 2361 4309 2.3
2386 4234 2741 4309 Novembris,
2763 4233 2955 4309 ibique
2976 4238 3140 4289 notas
3171 4237 3399 4309 doctiss.
3429 4238 3674 4309 Georgii.

2272 4317 2302 4361 8
2330 4305 2556 4377 Scilicet
2583 4310 2723 4377 quot.
2745 4305 2866 4360 dies
2894 4306 3217 4377 consumpti
3262 4313 3392 4363 sunt
3430 4308 3487 4364 in
3530 4305 3852 4369 creatione.

2206 4378 2433 4459 Septem
2453 4376 2620 4459 enim.
2633 4375 2799 4459 ﬁlios,
2814 4376 2909 4447 qui
2924 4393 3037 4459 una
3049 4375 3239 4459 secum
3257 4379 3595 4459 martyrium
3610 4383 3857 4447 subiere,

2203 4447 2368 4501 enixa
2398 4447 2541 4513 fuit;
2574 4450 2630 4501 et
2652 4449 2897 4513 septimo
2928 4448 3018 4502 die
3044 4450 3292 4504 mundus
3324 4447 3637 4507 absolutus.

2273 4518 2549 4591 h_Alludit
2578 4518 2650 4571 ad
2681 4517 2840 4572 illam
2875 4519 3113 4591 Matrem
3148 4524 3363 4591 septem
3391 4521 3640 4578 ﬁliorum
3671 4523 3719 4577 II
3749 4525 3860 4580 Ma-

443 4592 540 4660 Ξιχ
569 4575 692 4647 cap.
721 4577 754 4630 3
779 4593 791 4642 ;
823 4580 880 4631 et
911 4575 1316 4660 Historiam'de
1346 4577 1565 4660 duobus
1592 4578 1794 4660 Christi
1825 4581 2093 4639 Militibus
2127 4601 2169 4657 ι)
2202 4588 2368 4644 chab.
2398 4605 2495 4656 vn,
2531 4604 2656 4657 quae
2682 4605 2783 4658 pro
2804 4590 3004 4660 patriis
3032 4575 3250 4659 legibus
3276 4575 3390 4647 una
3410 4575 3859 4651 cumuliisatro-

446 4650 804 4724 Damasceno
828 4647 1160 4724 ascriptum.
1190 4648 1347 4703 Unde
1372 4652 1589 4724 veteres
1619 4655 1937 4724 martyrum
1967 4671 2091 4724 pas-

444 4719 632 4775 siones
659 4719 973 4790 baptismum
1016 4717 1190 4773 etiam
1230 4719 1613 4790 appellavere.
1657 4717 1794 4777 Vide
1826 4717 2024 4779 noiain
2064 4727 2092 4768 (ί

442 4808 613 4847 serm.
651 4788 773 4846 435.

515 4861 742 4933 'Hujus
787 4859 1068 4916 sermonis
1110 4857 1307 4933 titulus
1356 4861 1554 4933 inrms.
1606 4863 1991 4921 Csescnatir-o:
2022 4868 2093 4923 In

440 4933 620 4988 natali
648 4932 719 4988 ’S.
756 4933 1084 4987 Felicitatis.
1124 4932 1299 4986 Beata
1350 4932 1607 4988 Felicitas
1638 4952 1752 4990 una
1792 4954 1923 4991 cum
1961 4938 2089 4993 ﬁliis

440 5007 639 5060 Romae
672 5002 1009 5075 martyrium
1041 5019 1209 5072 passa
1240 5007 1323 5057 est
1354 5005 1455 5058 sub
1480 5007 1870 5074 persecutione
1902 5011 2090 5065 Severi

438 5074 994 5148 imperatoris,_’circa
1026 5088 1209 5129 annos
1237 5075 1462 5148 Domini
1491 5077 1616 5140 200,
1645 5078 1730 5132 vel
1762 5079 1929 5147 paulo
1960 5086 2091 5136 ante

436 5146 539 5203 sub
567 5150 639 5203 M.
673 5146 903 5202 Aurelio
936 5150 1190 5215 tempore
1225 5146 1437 5201 Soteris
1482 5165 1645 5217 papas
1678 5146 1829 5203 anno
1862 5151 2091 5207 circiter

436 5220 560 5291 176,
584 5219 745 5291 Mm.
765 5248 836 5291 έ-
863 5220 918 5273 S.
950 5216 1253 5291 Felicitatis
1278 5216 1487 5287 passio,
1510 5216 1624 5291 una
1645 5236 1771 5273 cum
1794 5228 2006 5291 septem
2032 5224 2088 5276 ﬁ-

433 5288 544 5353 liis,
578 5289 805 5344 obvenit
830 5291 1029 5343 Bomae
1052 5288 1200 5343 circa
1228 5304 1441 5342 annum
1476 5289 1599 5356 150,
1628 5292 1733 5343 sub
1762 5288 1956 5346 Publio
1983 5295 2084 5348 Ur-

435 5358 519 5435 bis
552 5359 841 5435 praefecto,
871 5364 929 5435 _et
962 5360 1251 5435 Antonino
1284 5360 1382 5414 Pio
1406 5361 1753 5435 imperatore
1782 5378 1793 5415 :
1825 5364 1927 5417 sub
1950 5383 2079 5435 quo,

434 5428 565 5501 licet.
601 5429 984 5501 placidissimo
1034 5431 1309 5499 principe,
1348 5428 1625 5501 martyria
1674 5449 1785 5487 non
1829 5428 2077 5491 defuere:

2202 4659 2431 4714 cissima
2459 4664 2751 4733 tormenta
2793 4659 2864 4715 ab
2907 4660 3186 4717 Antiocho
3225 4668 3467 4733 tyranno
3507 4665 3679 4721 simul
3722 4684 3856 4723 cum

2202 4733 2408 4812 morte,
2440 4729 2838 4812 potentissime
2862 4729 3267 4812 sustinuerunt.
3282 4736 3376 4812 Pe
3403 4736 3606 4812 quibus
3634 4739 3690 4812 Sf
3719 4739 3860 4812 Gre-

2239 4818 2391 4855 OPIUS

2255 4888 2363 4927 ῙΤΑ.

2273 4943 2285 4983 ί
2322 4944 2409 5019 ita
2436 4960 2655 4999 omnes.
2690 4943 2825 4998 Mite
2851 4945 3011 4999 addit
3054 4945 3401 5019 inoraiibri
3434 4964 3445 5002 :
3482 4949 3859 5019 Heptalismus

2196 5014 2426 5083 ponitur
2456 5031 2556 5084 pro
2583 5030 2808 5069 numero
2853 5018 3175 5086 septenario.
3212 5017 3311 5071 Hic
3338 5023 3532 5074 autem
3562 5014 3857 5077 'meudum

2200 5086 2407 5165 cubare
2424 5089 2583 5165 notat
2600 5086 2840 5165 Macrius
2862 5086 2919 5140 in
2945 5088 3072 5142 Not.
3095 5087 3313 5165 _Eccles.
3338 5106 3351 5156 ;
3380 5089 3548 5165 debet
3570 5092 3725 5165 enim
3747 5092 3855 5165 legi

2199 5156 2625 5234 heptalychnum,
2651 5158 2819 5234 juxta
2848 5174 3043 5234 vocem
3084 5158 3340 5234 Graecam
3390 5159 3733 5234 ἕπταλύχνος,
3776 5156 3857 5218 lu-

2196 5232 2698 5302 cernamLseptem
2723 5228 2996 5302 refertam
3023 5229 3354 5300 luminibus,
3386 5249 3511 5302 quae
3534 5228 3778 5289 ardebat
3796 5234 3855 5289 in

2195 5299 2410 5423 templo
2444 5298 2987 5371 Hierosolymitano,
3018 5305 3075 5357 et
3118 5301 3189 5356 ad
3217 5298 3654 5375 quam—respicit
3677 5304 3855 5378 Chry-

2196 5385 2256 5423 so
2283 5386 2450 5423 oeus.

2196 5385 2421 5441 soiogus
2435 5412 2450 5424 .

2256 5440 2275 5517 .i
2311 5440 2371 5517 lin
2401 5440 2796 5517 arcafcederis
2825 5445 2945 5497 erat
2975 5440 3119 5517 liber
3148 5445 3571 5517 Denteronomii
3604 5446 3849 5517 scriptus

2491 4802 2844 4869 azianzenus,
2896 4807 3041 4858 orat.
3085 4804 3152 4858 20
3182 4803 3236 4858 in
3282 4802 3561 4872 Macﬁab.,
3596 4808 3857 4879 pulchre.

432 5500 567 5584 {Ejus
595 5500 801 5584 festum
830 5506 951 5580 tum
992 5501 1231 5584 antiqua
1265 5500 1696 5584 Martyrologia,
1747 5510 1869 5584 tum
1904 5506 2079 5584 etiam
2190 5511 2683 5584 tabulislapideis
2711 5529 2778 5567 ex
2827 5514 3112 5569 sententia
3167 5516 3401 5571 Tostati.
3460 5500 3845 5573 Forte'sens‘u

430 5571 1499 5661 Sacrameptagriumbeati’Gregorii,a9
1518 5571 1766 5661 filiorum
1820 5577 1963 5661 festi)
1992 5578 2078 5661 di:
2188 5582 2470 5661 éuctoris,
2500 5571 2544 5637 Si
2576 5582 2794 5661 lapides
2820 5589 2985 5661 erant
3012 5600 3252 5643 numero
3279 5589 3518 5661 septem,
3552 5571 3844 5661 inquibus

428 5641 765 5717 stinguunt;
795 5641 1022 5697 illorum
1068 5641 1222 5696 enim
1258 5643 1602 5700 memoriam
1652 5645 1867 5702 habent
1893 5648 1983 5704 die
2016 5651 2078 5705 t0
2188 5641 2696 5710 Deuteronomiuin
2720 5660 2844 5714 erat
2871 5641 3843 5732 scriptum,quod‘preecepta‘conti?
