4040 6178
79 3593 82 3600 ι

81 3609 86 3626 l.

95 3729 116 3884 Χ

347 239 462 302 1181
1795 229 2036 299 SERMG
2077 235 2315 299 CXLIII.
3645 248 3762 316 392?

340 381 510 430 ctum
533 371 847 430 vocabitur
867 370 1061 428 Filius
1090 367 1213 427 Dei.
1244 367 1419 438 Virgo
1451 371 1504 425 te
1534 368 1725 440 gratia
1750 373 2002 426 matrem
2033 371 2082 432 Δ
2113 369 2220 426 sed
2238 369 2482 440 Spiritus
2512 376 2748 429 sanctus
2769 374 3125 442 superveniet
3155 374 3216 436 in
3239 379 3307 430 te.
3339 378 3488 442 Quia
3513 386 3672 452 quod
3696 387 3762 444 de

335 460 642 534 praestitit,
665 476 790 517 non
820 466 1067 525 natura;
1096 459 1440 531 genitricem
1470 461 1524 514 te
1549 457 1666 513 dici
1694 457 1881 528 pietas
1903 474 2003 514 vo-

336 551 472 616 luit,
506 567 697 624 quam
715 566 836 606 non
858 549 1092 605 sinebat
1115 548 1453 617 integritas;
1477 547 1537 602 in
1560 553 1661 604 tuo
1687 552 2000 618 conceptu,

328 640 396 695 in
424 644 539 696 tuo
565 647 742 712 partu
763 637 1168 710 crevitpudor,
1189 644 1363 692 aucta
1380 637 1736 702 estcastitas,
1766 636 2001 707 integri-

325 729 732 785 tasrohorata
748 733 854 793 est,
871 732 959 783 est
981 739 1006 770 ει
1029 726 1281 782 solidata
1305 726 1850 796 virginitas,omnes
1872 740 2000 797 per-

320 834 694 874 severavere
710 817 978 874 virtutes.
1001 817 1198 886 Virgo,
1221 816 1269 870 si
1298 815 1404 871 tibi
1429 813 1597 871 salva
1627 820 1764 870 sunt
1783 814 1998 884 omnia,

315 907 485 979 quid
514 907 782 964 dedisti?
809 909 865 963 Si
887 907 1075 976 virgo,
1095 905 1405 977 quomodo
1422 909 1613 961 mater
1633 906 1661 960 Ῥ
1677 905 1734 960 Si
1756 919 1998 976 sponsa,

317 998 597 1064 genitrix
623 995 934 1068 quomodo
955 997 982 1051 ‘t
1011 995 1132 1063 Ille,
1156 1010 1273 1066 quo
1291 994 1394 1049 tibi
1419 1000 1597 1050 aucta
1627 999 1764 1049 sunt
1785 995 1999 1057 omnia,

318 1085 413 1142 nil
448 1086 694 1149 minuit,
730 1086 926 1155 Virgo.
971 1085 1162 1154 Virgo,
1194 1083 1528 1154 concipitur
1554 1098 1626 1138 ex
1669 1088 1720 1139 te
1751 1082 2003 1139 hauctor

317 1180 499 1241 tuus,
537 1180 639 1231 tua
656 1189 726 1229 ex
755 1178 807 1230 te
829 1172 1015 1228 oritur
1035 1173 1223 1241 origo,
1253 1183 1278 1212 ο
1303 1170 1362 1226 in
1391 1176 1492 1227 tuo
1515 1172 1779 1242 germine
1804 1175 1893 1227 est
1907 1185 2002 1240 ge-

320 1265 502 1321 nitor
523 1270 686 1328 tuus,
707 1264 770 1318 in
794 1268 895 1319 tua
910 1276 1091 1318 carne
1118 1265 1210 1317 est
1235 1259 1390 1316 Deus
1413 1265 1567 1329 tuus,
1593 1266 1649 1316 et
1669 1260 2001 1331 ipselucem

323 1353 557 1410 mundi
592 1353 618 1388 ά
649 1368 756 1424 per
779 1357 834 1408 te
858 1350 1080 1423 recepit
1099 1348 1199 1422 qui
1217 1349 1412 1405 lucem
1441 1348 1671 1404 mundo
1694 1348 2004 1408 deditJto-

325 1443 460 1500 nita
490 1457 641 1512 ergo
669 1457 777 1512 per
793 1439 1095 1510 angelum,
1119 1440 1310 1508 Virgo,
1339 1449 1362 1482 ο
1391 1453 1464 1492 ne
1495 1451 1825 1509 prwsumas
1846 1438 2002 1494 hunc

325 1546 559 1588 vocare
586 1529 778 1584 ﬁlium
811 1535 1000 1591 tuum,
1032 1526 1138 1583 sed
1181 1542 1324 1583 mox
1355 1531 1416 1581 ut
1457 1525 1752 1596 genueris,
1788 1525 2004 1582 invoca

330 1621 709 1678 salvatorem
743 1637 756 1676 :
789 1618 935 1690 quia
971 1615 1280 1686 virginitas
1310 1630 1427 1670 non
1458 1615 1569 1671 sibi
1608 1615 1764 1686 parit
1789 1614 1999 1682 ﬁlium,

331 1711 441 1767 sed
473 1708 636 1782 parit
663 1708 876 1780 pignus
905 1705 1184 1770 auctoris,
1219 1703 1600 1772 etintegritas
1617 1720 1793 1760 suum
1817 1709 2004 1773 gestat
2033 1735 2078 1793 Β

329 1799 811 1862 dominum,non
825 1793 1402 1861 alumnum,dicente
1416 1793 1630 1862 angelo
1653 1809 1663 1846 :
1690 1793 1760 1848 Et
1774 1794 2000 1849 vocabis

332 1904 555 1946 nomen
587 1888 716 1956 eius
745 1885 961 1948 Iesum,
993 1883 1157 1956 quod
1194 1882 1463 1939 Salvator
1481 1882 1684 1937 Latino
1707 1881 2001 1937 vocabulo

331 1981 748 2047 nuncupatur.
773 1975 946 2029 Dixit
979 1979 1169 2029 autem
1199 1971 1400 2028 Maria
1425 1972 1505 2027 ad
1529 1970 1822 2040 angelum,
1852 1970 2001 2037 Quo-

331 2067 516 2122 modo
552 2065 655 2133 ﬁet
684 2063 890 2120 istud?
915 2065 1060 2118 Ecce
1104 2060 1282 2118 Maria
1311 2060 1634 2129 interrogat
1673 2076 1687 2114 ι
1729 2064 1786 2115 et
1822 2060 1868 2115 si
1901 2059 2001 2130 qui

333 2157 690 2224 interrogat,
707 2151 960 2216 dubitat,
977 2166 1084 2207 cur
1103 2149 1265 2206 solus
1291 2148 1598 2204 Zacharias
1615 2147 1773 2204 velut
1787 2164 2002 2220 queru-

330 2245 433 2301 lus
465 2245 889 2315 percunctator
917 2237 1205 2296 incurrit?
1229 2240 1379 2303 Quia
1401 2241 1710 2310 pectorum
1735 2238 2006 2308 cognitor

330 2349 463 2391 non
494 2331 703 2397 verba,
749 2329 858 2386 sed
885 2329 1062 2384 corda
1089 2327 1373 2399 pervidit;
1408 2341 1524 2382 non
1545 2325 1694 2398 quid
1727 2325 2000 2390 dixerint,

327 2423 444 2479 sed
470 2421 620 2494 quid
650 2419 960 2483 senserint,
980 2417 1268 2488 judicavit
1291 2433 1304 2482 ;
1324 2420 1451 2472 erat
1465 2417 1621 2471 enim
1642 2415 2005 2486 interrogan-

328 2513 491 2568 tium
505 2525 697 2566 causa
713 2506 1042 2567 dissimilis.
1065 2505 1294 2577 species
1308 2504 1625 2578 perdivisa.
1649 2505 1784 2560 Hinc
1799 2508 2006 2561 contra

322 2606 630 2657 naturam
663 2596 932 2664 credidit,
964 2595 1060 2651 ille
1079 2595 1313 2650 dubitat
1330 2609 1438 2665 pro
1456 2606 1672 2649 natura
1695 2594 1848 2660 ;hasc
1864 2592 2006 2649 inte-

2112 473 2290 514 carne
2318 467 2522 516 natum
2553 466 2657 526 est,
2682 476 2818 517 caro
2841 469 2964 530 est;
2987 470 3038 518 et
3067 465 3222 533 quod
3240 465 3314 521 de
3327 466 3573 535 Spiritu,
3592 474 3764 541 spiris

2114 553 2206 603 tus
2228 554 2309 604 est
2341 548 2523 618 (Joan.
2561 550 2668 619 Ill).
2692 549 2801 613 Qui
2835 565 2976 619 ergo
3007 551 3080 606 de
3109 553 3326 624 Spiritu
3349 557 3628 624 nascitur,
3646 561 3766 616 sine

2112 637 2513 694 controversia
2529 638 2682 694 Deus
2699 643 2808 706 est,
2841 639 2982 710 quia
3005 640 3256 711 Spiritus
3272 650 3357 699 est
3384 645 3558 701 Deus.
3580 650 3768 717 Spiri-

2112 729 2206 780 tus
2217 729 2452 782 sanctus
2471 728 2837 796 superveniet
2849 728 2908 782 in
2923 734 3056 793 te,et
3073 732 3255 787 virtus
3270 734 3311 788 Α
3327 735 3769 796 ttissimiobum-

2114 813 2306 871 brabit
2324 815 2792 874 tibi.0bumbrat
2813 817 2909 873 Dei
2931 817 3218 884 virtus,ne
3239 828 3542 892 portatura
3555 827 3760 895 Deum,

2111 914 2136 955 Β
2162 903 2446 972 fragilitas
2469 905 2737 961 humana
2755 909 3126 965 succumbat.
3160 911 3236 966 Et
3263 912 3451 968 virtus
3471 917 3514 969 Α
3531 915 3764 974 [tissimi

2112 991 2478 1050 obumbrabit
2497 994 2610 1049 tibi.
2629 993 2656 1036 ιι
2678 993 2877 1054 Ᾱέδιιιε
2891 997 3078 1054 nostri
3097 1001 3362 1071 corporis
3375 1005 3762 1076 nescitquam

2111 1079 2332 1139 divinas
2364 1083 2616 1153 protegit
2636 1083 2852 1141 umbra
2867 1085 3096 1142 virtutis
3119 1105 3132 1153 ;
3152 1103 3260 1144 nec
3282 1097 3570 1148 secretum
3590 1109 3763 1151 mun-

2111 1169 2286 1225 danae
2312 1169 2697 1228 habitationis
2723 1171 2990 1243 inquirit,
3016 1191 3150 1247 quae
3171 1193 3232 1232 se
3255 1184 3486 1250 septem
3519 1185 3758 1254 superni

2113 1259 2442 1330 splendoris
2467 1260 3236 1332 circumspicitvelamento.
3266 1267 3588 1337 Propterea
3607 1275 3761 1343 quod

2113 1356 2385 1404 nascetur
2404 1364 2479 1405 ex
2501 1356 2554 1406 te
2572 1357 2857 1416 sanctum,
2892 1354 3196 1410 vocabitur
3225 1357 3416 1414 Filius
3433 1361 3557 1414 Dei.
3590 1365 3762 1420 Nemo

2111 1437 2207 1493 hic
2219 1439 2883 1512 communiteraccipiat
2909 1446 3312 1508 sanctum,sed
3331 1447 3428 1503 illa
3452 1449 3764 1520 singulari-

2111 1530 2228 1583 tate
2257 1542 2378 1598 qua
2398 1527 2690 1584 clamatur
2708 1528 2769 1584 in
2786 1530 3158 1590 coelestibus:
3189 1533 3458 1606 Sanctus,
3490 1541 3761 1606 Sanctus,

2109 1616 2388 1680 Sanctus,
2419 1618 2704 1673 Dominus
2731 1621 2886 1676 Deus
2916 1622 3179 1678 Sabaoth
3211 1625 3376 1694 (1εαὶ.
3408 1631 3504 1698 vi).
3533 1630 3766 1686 Mittitur

2111 1708 2313 1762 autem
2343 1704 2532 1762 Maria
2549 1706 2624 1763 ad
2657 1707 2971 1778 Elisabeth,
2992 1709 3160 1781 virgo
3177 1713 3252 1768 ad
3276 1715 3549 1782 sterilem,
3579 1719 3765 1774 infans

2110 1791 2185 1849 ad
2214 1807 2420 1855 anum,
2455 1798 2517 1848 ut
2546 1794 2866 1851 certamine
2922 1797 3018 1868 pic
3051 1806 3293 1856 sumant
3317 1803 3536 1868 ambas,
3582 1808 3766 1877 perci-

2110 1881 2279 1953 piant
2306 1882 2544 1952 pariter,
2577 1882 2762 1939 altera
2785 1883 2858 1939 de
2879 1885 3139 1942 novitate
3158 1888 3552 1956 tidem,altera
3569 1892 3644 1950 de
3665 1910 3760 1950 ne-

2111 1969 2384 2026 cessitate
2415 1971 2706 2032 virtutem.
2744 1973 2844 2026 His
2883 1973 3121 2039 auditis,
3171 1979 3478 2048 respondit
3521 1981 3713 2039 Maria
3745 2005 3758 2038 :

2110 2059 2259 2114 Ecce
2273 2057 2493 2115 ancilia
2509 2060 2858 2129 Daininiﬁat
2874 2062 3012 2118 mihi
3024 2065 3328 2120 secundum
3343 2068 3573 2125 verbum
3587 2077 3759 2127 tuum.

2114 2149 2254 2213 Quae
2286 2153 2533 2204 vocatur
2564 2148 2643 2203 ab
2673 2151 2888 2219 angelo
2918 2150 3184 2217 domina,
3219 2154 3350 2225 ipsa
3371 2171 3430 2210 se
3461 2161 3767 2228 cognoscit

2112 2241 2169 2293 et
2195 2236 2507 2293 conﬁtetur
2527 2237 2826 2295 ancillam.
2851 2240 3001 2304 Quia
3027 2241 3279 2298 devotus
3307 2244 3541 2302 animus
3573 2247 3588 2290 ί
3614 2249 3765 2305 infu.

2113 2325 2184 2381 Iis
2212 2325 2640 2382 beneﬁciorum
2671 2328 2877 2385 crescit
2905 2329 2983 2386 ad
3007 2331 3360 2403 obsequium
3386 2343 3673 2406 :augetur
3689 2341 3765 2396 ad

2114 2413 2391 2483 gratiam,
2418 2429 2540 2470 non
2557 2414 2635 2472 ad
2656 2416 3060 2486 arrogantiam
3076 2420 3327 2489 prosilit,
3341 2438 3456 2480 non
3473 2424 3544 2481 ad
3565 2443 3767 2498 super-

2115 2503 2271 2558 biam
2283 2503 2626 2574 pertumesci
2637 2508 2650 2559 t
2661 2504 2817 2560 .Fiat
2829 2505 2977 2562 mihi
2995 2510 3314 2566 secundum
3329 2512 3563 2570 verbum
3577 2522 3763 2572 tuum.

2107 2591 2126 2644 .i
2177 2593 2321 2656 Quae
2353 2592 2538 2648 credit
2568 2592 2772 2658 verbo,
2805 2594 3010 2650 merito
3058 2598 3309 2668 concipit
3364 2603 3652 2659 Verbum:
3702 2607 3766 2659 In

320 2706 462 2760 εγω
479 2689 564 2745 rei
579 2687 854 2745 ordinem
871 2685 1102 2758 quaerit,
1123 2683 1216 2740 ille
1233 2700 1369 2756 quas
1393 2686 1546 2738 Deus
1556 2682 1864 2754 jubetﬁeri
1884 2697 2004 2737 non
2107 2680 2407 2749 principio
2430 2687 2556 2736 erat
2587 2681 2842 2746 Verbum,
2875 2689 2922 2737 et
2965 2685 3208 2740 Verbum
3224 2694 3350 2743 erat
3370 2692 3534 2758 apud
3561 2694 3761 2755 Deum.

319 2793 523 2852 posse
535 2774 848 2848 perscribit
870 2791 884 2842 ;
906 2773 999 2830 ille
1013 2772 1459 2845 impellentibus
1478 2771 1763 2842 exemplis
1778 2785 1899 2826 non
1913 2786 2007 2825 ac-

318 2867 501 2923 cedit
516 2865 596 2922 ad
613 2863 815 2929 ﬁdem,
830 2863 958 2918 haec
972 2863 1098 2917 sine
1110 2859 1386 2931 exemplo
1409 2858 1696 2929 percurrit
1711 2859 1784 2914 ad
1797 2859 2002 2925 ﬁdem;

317 2955 471 3012 haec
504 2955 759 3010 miratur
778 2954 852 3008 de
871 2956 1043 3022 partu
1069 2950 1332 3020 virginis,
1363 2947 1459 3003 ille
1479 2948 1553 3004 de
1580 2952 1866 3018 conceptu
1893 2945 2007 3001 dis-

2113 2770 2166 2824 et
2203 2769 2351 2824 Deus
2380 2775 2505 2825 erat
2549 2770 2792 2826 Verbum
2823 2770 3020 2842 (Joan.
3049 2773 3130 2843 i);
3189 2780 3244 2829 et
3299 2777 3371 2829 ad
3424 2782 3605 2834 totam
3636 2795 3760 2836 rem

2115 2857 2400 2928 pervenit,
2433 2873 2568 2929 quae
2600 2864 2891 2914 secretum
2924 2859 2951 2901 k
2998 2861 3135 2916 ﬁdei
3184 2865 3474 2922 consentit
3527 2868 3758 2924 auditu.

2115 2947 2414 3010 Quantum
2442 2949 2650 3018 peccat
2679 2946 3010 3012 haereticus,
3039 2949 3143 3021 qui
3175 2956 3309 3022 post
3351 2968 3598 3012 causam
3641 2973 3762 3014 non

321 3049 516 3117 putat
529 3041 1062 3113 conjugali.Iterito
1075 3054 1212 3110 ergo
1231 3039 1357 3094 hinc
1370 3036 1650 3109 loquitur,
1673 3035 1802 3091 haec
1821 3038 2005 3091 Deum
2042 3101 2082 3117 η
2114 3034 2319 3098 credit,
2348 3050 2487 3090 cum
2520 3040 2749 3091 tantum
2780 3036 2937 3091 hanc
2968 3037 3286 3096 credidisse
3312 3044 3596 3116 conspicit
3626 3053 3766 3103 ante

321 3101 454 3188 δυο
504 3101 817 3201 cognoscit
851 3134 906 3184 et
943 3101 1256 3184 conﬁtetur
1297 3125 1357 3182 in
1387 3101 1637 3196 corpore
1655 3143 1672 3195 ;
1706 3123 1801 3180 ille
1831 3127 2002 3189 tacet,
2039 3101 2084 3163 θ
2115 3138 2388 3180 causam.

322 3222 542 3278 donec
565 3222 860 3276 Joannem
890 3233 1071 3289 quem
1115 3215 1394 3286 negabat,
1429 3214 1733 3270 convictus
1762 3213 2004 3286 proprio

321 3310 624 3368 redderet
654 3325 724 3365 ex
754 3322 1026 3378 corpore.
1074 3305 1364 3374 Quomodo
1385 3304 1484 3373 ﬁet
1516 3303 1716 3358 istud?
1765 3304 1957 3368 Quare
1978 3302 2005 3356 ‘t

328 3402 497 3468 Quia
521 3399 718 3456 virum
737 3412 851 3452 non
867 3409 1170 3466 cognosco.
1193 3393 1410 3456 Mulier,
1436 3408 1618 3464 quem
1644 3393 1839 3447 virum
1866 3407 2007 3462 qum-

327 3489 425 3545 ris
443 3489 471 3545 ‘l
490 3505 659 3561 quem
675 3491 739 3544 tu
751 3487 808 3544 in
822 3484 1101 3541 Paradiso
1116 3482 1450 3555 perdidisti?
1477 3482 1666 3537 Redde
1678 3481 2006 3550 virum,mu-

329 3577 472 3643 lier,
502 3576 688 3634 redde
713 3575 1055 3648 depositum
1086 3573 1206 3636 Dei,
1238 3571 1422 3628 redde
1439 3587 1511 3626 ex
1543 3576 1594 3626 te
1611 3586 1791 3642 quem
1815 3568 2007 3641 perdi-

333 3667 485 3724 disti
518 3682 623 3738 per
655 3671 752 3721 te:
805 3662 1188 3736 praetermitte
1236 3666 1463 3716 naturae
1509 3659 1806 3723 ordinem,
1847 3674 2008 3715 reco-

338 3771 573 3826 gnosce
603 3753 876 3810 ordinem
907 3752 1217 3808 Creatoris.
1246 3749 1341 3805 Ille
1371 3765 1445 3806 ex
1476 3755 1528 3805 te
1545 3753 1812 3805 assumet
1839 3753 1895 3804 et
1919 3749 2005 3804 fa-

340 3846 461 3902 ciet
491 3844 713 3908 virum,
739 3842 918 3914 quiin
945 3839 1237 3913 principio
1266 3844 1322 3895 te
1352 3838 1488 3894 fecit
1511 3837 1910 3908 etassumpsit
1937 3853 2010 3893 ex

339 3937 477 3991 viro
502 3950 516 4000 ;
551 3948 626 3989 ne
651 3947 888 4004 qumras
915 3931 1131 3998 virum,
1159 3935 1346 3984 cesset
1373 3944 1526 4000 opus
1555 3928 1835 3992 hominis,
1867 3926 2011 3998 quia

347 4024 429 4081 ad
460 4021 906 4096 reparationem
919 4018 1178 4076 hominis
1194 4016 1517 4073 suiﬁcitars
1531 4017 1749 4072 divina.
1772 4015 1912 4071 Hinc
1925 4022 2010 4071 est

345 4114 519 4188 quod
552 4116 705 4168 Deus
743 4111 871 4182 ipse
901 4109 978 4166 ad
1024 4115 1076 4165 te
1117 4107 1289 4172 venit,
1340 4108 1484 4180 quia
1515 4111 1567 4163 te
1620 4105 1894 4178 paenituit
1932 4104 2010 4161 ad

346 4203 663 4260 hominem
695 4198 1038 4272 pervenisse
1068 4196 1106 4252 ¹.
1141 4200 1255 4252 Nec
1289 4196 1417 4267 jam
1446 4209 1584 4249 caro
1614 4193 1692 4250 ad
1730 4207 2006 4258 carnem;

422 4337 451 4370 ι
481 4322 971 4382 Communissima
987 4326 1240 4377 veterum
1263 4323 1493 4374 Patrum
1512 4316 1796 4374 sententia
1816 4332 2010 4388 perpe-

347 4404 514 4454 tuam
552 4396 808 4476 agnoscit
840 4394 1185 4476 B.-yirgi_nis
1207 4391 1630 4476 integritatem;
1649 4389 1787 4470 Vide
1821 4388 2010 4470 Hiero-

2661 3214 2676 3249 ¹
2708 3214 2944 3271 SEHMO
2984 3217 3210 3274 CXLIII.

2777 3305 2863 3359 De
2891 3305 3109 3361 eadem.

2189 3391 2439 3447 Debetur
2468 3390 2716 3463 quidem
2739 3390 2907 3447 vobis
2931 3395 3228 3451 natalitins
3258 3412 3475 3465 sermo,
3497 3402 3601 3457 sed
3623 3401 3764 3459 inef-

2114 3480 2290 3537 fabile
2319 3479 2651 3536 Nativitatis
2701 3483 3021 3537 Dominicae
3053 3492 3498 3544 sacramentum
3531 3491 3768 3548 credere

2115 3570 2307 3643 magis
2333 3569 2608 3625 convenit
2635 3584 2820 3641 quam
2849 3569 3081 3628 referre.
3117 3574 3290 3644 Virgo
3319 3578 3564 3649 peperit.
3597 3580 3767 3645 Quod

2115 3665 2332 3716 natura
2355 3674 2477 3714 non
2505 3658 2703 3723 habet,
2735 3675 2879 3715 usus
2902 3661 3107 3733 nescit,
3135 3664 3365 3732 ignorat
3397 3668 3567 3739 ratio,
3595 3685 3764 3726 mens

2117 3762 2239 3803 non
2271 3747 2450 3817 capit,
2481 3751 2649 3816 pavet
2678 3747 2914 3813 cmlum,
2945 3755 3140 3822 stupet
3172 3759 3342 3824 terra,
3372 3763 3640 3815 creatura
3662 3759 3770 3815 mi-

2116 3841 2300 3901 ratur,
2321 3834 2629 3905 quomodo
2647 3851 2842 3890 sermo
2860 3839 3442 3900 narrabithumanus
3461 3846 3489 3901 ?
3514 3849 3768 3920 Denique

2118 3922 2482 3992 evangelista
2537 3930 2892 3994 conceptum
2940 3925 3212 3997 Virginis,
3242 3933 3494 3999 Virginis
3532 3942 3770 4006 partum

2122 4013 2274 4067 sicut
2301 4010 2572 4066 humano
2587 4027 2863 4066 sermone
2877 4014 3191 4084 pandit,ita
3215 4017 3418 4074 divino
3439 4020 3660 4078 claudit
3680 4039 3769 4078 ar-

2121 4117 2273 4159 cano
2303 4117 2316 4155 :
2350 4103 2405 4156 et
2434 4100 2550 4156 hoc
2595 4099 2734 4156 facit
2765 4106 2825 4155 ut
2850 4101 3051 4169 homo,
3085 4107 3248 4175 quod
3290 4109 3529 4165 credere
3568 4112 3773 4182 jussus

2121 4197 2226 4260 est,
2258 4189 2556 4245 discutere
2567 4203 2688 4244 non
2719 4196 3062 4260 prmsumat.
3080 4193 3222 4258 Quis
3235 4196 3660 4267 attingitarcan
3671 4217 3771 4257 um

2122 4314 2475 4389 Salvatorem
2499 4317 2665 4389 tuum
2695 4312 2896 4369 invoca
2938 4319 2994 4389 et
3022 4316 3346 4389 deprecare.

2193 4387 2214 4428 f
2238 4386 2469 4469 Frustra
2498 4384 2589 4439 hic
2613 4401 2671 4440 se
2690 4390 2929 4469 torquet
2974 4384 3146 4460 Mitti;
3181 4407 3314 4447 nam
3343 4395 3556 4449 Auctor
3593 4394 3776 4469 loqui-

349 4455 619 4542 nymum:
662 4471 887 4542 contra~
905 4455 1246 4542 Helvidium,
1302 4455 1426 4542 cap.
1461 4462 1530 4528 9;
1590 4459 1914 4542 Origenem,
1950 4459 2008 4542 in
2046 4455 2092 4514 D
2125 4463 2214 4542 tur
2253 4459 2325 4542 de
2358 4458 2490 4542 lﬂva,
2519 4458 2742 4542 nonnde
2770 4455 2964 4514 Maria.

351 4531 484 4599 Luc.
521 4531 721 4594 homil.
754 4539 786 4592 7
810 4554 824 4604 ς
851 4536 1290 4592 Constantinum
1325 4531 1618 4604 Magnum,
1671 4531 1727 4586 in
1759 4537 1901 4588 orat.
1937 4531 2009 4586 ad

353 4614 453 4669 SS.
486 4614 723 4678 Gustum,
755 4626 884 4679 cap.
923 4608 990 4662 19
1015 4624 1026 4672 ;
1053 4605 1451 4679 Epiphanium,
1487 4605 1690 4658 haeres.
1724 4605 1814 4679 7S,
1845 4619 2004 4679 num.

352 4686 420 4751 7;
453 4673 925 4754 Augustinum'tsi
949 4673 1212 4754 ipse-est)
1245 4680 1315 4732 de
1350 4678 1559 4754 Haeres.
1592 4691 1715 4754 cap:
1748 4675 1843 4730 56.
1879 4673 2008 4754 lici-

356 4745 493 4834 Zi'dii
513 4745 924 4834 argumentum
937 4745 1146 4834 refellit
1176 4745 1508 4834 Ba'snagius,
1531 4751 1669 4834 tom.
1697 4748 1713 4800 l
1736 4761 1861 4817 pag.
1884 4745 2005 4834 106.

356 4818 740 4883 Τετὶιιιιίἱιιιιιε
762 4823 858 4876 lib.
894 4824 963 4878 de
992 4821 1204 4876 Velam.
1245 4818 1482 4890 Virgin.,
1508 4818 1588 4873 ait
1613 4818 2010 4890 hocconstare

356 4899 487 4954 licet
516 4895 730 4950 Ilebion
773 4892 1018 4950 resistat.
1061 4893 1194 4946 Post
1244 4887 1566 4946 Helvidium
1605 4894 1660 4944 et
1701 4887 2010 4944 Hebionem

358 4968 486 5024 haec
517 4967 717 5021 eadem
751 4966 998 5022 effutisse
1029 4963 1240 5018 scimus
1267 4961 1654 5017 Jovinianum.

432 5039 460 5082 b
490 5037 711 5094 Laudat
749 5037 893 5098 haec,
934 5040 990 5090 et
1018 5035 1264 5092 aliorum
1295 5035 1525 5088 Patrum
1571 5030 1686 5086 fere
1735 5028 2014 5084 similibus

359 5108 544 5168 verbis
569 5109 815 5165 illustrat
847 5105 1109 5162 Barthius
1127 5107 1356 5160 Advers.
1392 5104 1487 5158 lib.
1510 5117 1530 5160 ῐ
1552 5119 1680 5171 cap.
1714 5101 1744 5154 7
1768 5116 1897 5170 pag.
1923 5101 2014 5156 14.

359 5181 686 5252 Bucherius,
724 5179 905 5247 homil
937 5176 1358 5252 in_Annuntiat.
1393 5177 1452 5231 Β.
1488 5175 1553 5228 V.
1587 5191 1606 5252 :7
1636 5173 1868 5228 Creator
1894 5178 2016 5225 tuus

359 5249 471 5311 erit
497 5251 647 5324 ﬁlius
677 5261 822 5315 tuus,
854 5252 947 5323 qui
973 5249 1101 5324 fecit
1127 5256 1177 5304 te
1206 5254 1461 5303 nascetur
1498 5263 1562 5300 ea:
1590 5251 1658 5301 te.

435 5337 461 5368 ε
488 5321 664 5388 Alias,
696 5327 755 5394 in
776 5321 1123 5394 tuoggremio.
1147 5393 1161 5394 ί
1412 5389 1422 5394 ,
1453 5389 1462 5394 _
1543 5387 1555 5394 .
1607 5386 1641 5394 ..

439 5396 464 5438 ά
488 5387 788 5464 Nonnulla:
808 5387 1102 5464 editiones,
1138 5393 1240 5446 Per
1265 5398 1312 5446 te
1336 5389 1486 5444 nobis
1522 5387 1686 5464 dedit.

440 5479 464 5507 ο
488 5468 666 5526 Verba
700 5459 823 5523 haec
868 5455 1340 5534 cautelegenda,
1395 5464 1452 5516 et
1493 5461 1645 5514 recte
1688 5455 2024 5534 explicanda

370 5538 615 5596 advertit
646 5535 920 5599 Latinius,
943 5527 1166 5590 scilicet
1186 5550 1197 5587 :
1225 5549 1295 5589 ne
1311 5546 1627 5604 praesumus
1650 5543 1786 5604 eum
1816 5527 2026 5604 habere

368 5611 449 5668 ad
478 5609 659 5666 instar
687 5607 790 5665 ﬁlii
821 5606 1078 5664 humano
1126 5621 1286 5662 more
1312 5599 1489 5677 geniti
1513 5619 1528 5672 ;
1568 5601 1668 5660 sed
1697 5616 1829 5658 eum
1855 5599 2026 5657 veluti

2191 4541 2221 4586 κ
2245 4527 2752 4609 Juxta-nonnullos
2803 4547 2902 4600 per
2931 4532 3253 4609 verbailla,
3285 4538 3463 4592 virtus
3500 4538 3779 4597 Altissimi

2121 4600 2498 4682 obumbrabit,‘
2533 4602 2770 4682 angelus
2814 4604 3162 4682 operationis
3207 4609 3442 4682 modum
3494 4611 3773 4682 explicat:

2121 4671 2218 4743 qui
2249 4671 2610 4752 consistituiu
2628 4672 2823 4752 divina
2855 4671 2954 4731 Dei
2988 4679 3358 4752 protectione,
3387 4698 3499 4752 qua
3527 4671 3773 4749 remota,

2122 4760 2250 4826 eam
2282 4743 2772 4826 divinabiajestas
2801 4743 3280 4826 consumpsisset;
3309 4743 3365 4826 et
3387 4743 3511 4808 haec
3540 4743 3777 4826 Chryso;

2122 4814 2235 4896 logi
2253 4831 2444 4896 mens:
2465 4814 2598 4896 Vide
2621 4817 2921 4887 Synopsim
2942 4814 3163 4874 Sacror.
3185 4814 3374 4878 Critic.
3399 4827 3540 4878 tom.
3562 4827 3630 4881 IV
3644 4814 3773 4896 pag.

2122 4886 2346 4966 8‘17,__in_
2364 4886 2661 4966 principio.

2195 4957 2221 5000 h
2251 4957 2386 5013 Vide
2415 4960 2473 5031 S_.
2519 4958 2801 5031 Thomam
2834 4976 2887 5028 p.
2935 4975 3017 5031 in,
3052 4967 3251 5031 quaest.
3303 4962 3389 5028 27,
3433 4969 3540 5020 art.
3596 4966 3652 5029 4,
3684 4964 3774 5020 ubi

2126 5029 2288 5084 docet
2320 5031 2378 5083 B.
2413 5029 2475 5084 V.
2501 5046 2604 5084 nec
2630 5030 2892 5084 fomitem
2932 5029 3214 5088 habuisse.

2198 5100 2210 5140 ἱ
2242 5099 2469 5164 Fasciis,
2501 5099 2728 5156 funibus
2750 5101 3174 5157 beneficiorum.

2193 5169 2214 5223 l
2249 5171 2402 5225 Alias
2436 5187 2446 5222 :
2478 5173 2606 5231 quia
2643 5172 2838 5231 credit.

2202 5239 2222 5268 ⁸
2259 5239 2684 5320 adperfectam
2736 5243 2900 5320 Verbi
2927 5243 3414 5320 incarnationem,
3443 5250 3501 5304 et
3538 5248 3639 5306 Dei
3672 5265 3790 5306 ma-

2135 5313 2469 5393 ternitatem
2521 5313 2878 5394 p_ervcnit_B.
2928 5317 3050 5394 AV),
3095 5315 3229 5388 quia
3286 5313 3484 5394 auditu
3539 5321 3789 5394 proprio,

2135 5384 2298 5508 (1mg?
2331 5400 2429 5455 per
2455 5384 2626 5440 scala
2669 5385 2879 5456 gradus
2921 5386 3053 5444 ﬁdei
3093 5384 3486 5450 summitatem
3514 5384 3787 5454 ascendit:

2193 5471 2304 5511 ΠΛ.

2210 5527 2222 5569 Ι
2255 5526 2498 5584 Consule
2526 5527 2943 5599 pretationem.
