4040 6178
567 246 680 304 583

1854 237 1914 296 S.
1963 232 2174 294 PETRI
2217 231 2688 294 CHRYSOLOGI.
3826 245 3923 304 584

565 372 685 440 Dei,
717 373 958 444 partum
1000 366 1269 436 Virginis,
1321 381 1523 423 rerum
1565 382 1803 434 causas,
1858 364 2214 422 saeculorum
2245 363 2297 426 Α
2327 363 3926 438 partitastillicidiistemporaﬁdeirigarentgerminamon

567 461 891 531 negotium,
919 457 1347 513 commercium
1377 455 1703 512 divinitatis
1723 460 1780 512 et
1803 455 2020 523 carnis,
2040 453 2214 510 homi-

563 565 702 606 nem
734 551 1042 619 Deumque
1073 561 1262 601 unum
1299 547 1481 600 Deum
1502 546 1532 601 ?
1561 545 1930 614 Evangelista
1972 545 2054 599 sic
2083 543 2164 598 ait
2195 560 2207 598 :

564 639 755 694 Missus
783 642 867 694 est
888 637 1138 706 angelus
1171 633 1394 691 Gabriel
1414 649 1450 690 a
1479 640 1590 691 Deo
1617 636 1677 689 in
1720 635 2014 690 civitatem
2052 633 2216 689 Gali-

567 728 695 784 lcem
707 728 806 782 cui
815 741 1027 782 nomen
1040 730 1170 781 erat
1185 723 1504 793 Nazareth,
1519 724 1600 779 ad
1613 724 1897 794 virginem
1913 723 2218 792 desponsa-

567 824 680 871 tam
694 817 752 872 vi
755 832 814 870 ro
827 817 922 871 cui
934 830 1133 870 nomen
1145 819 1266 870 erat
1279 813 1558 883 Joseph,et
1571 828 1764 867 nomen
1775 812 2011 882 virginis
2025 811 2215 867 Maria

566 907 734 976 (Luc.
757 907 818 974 ι).
837 903 1042 960 Missus
1063 907 1152 959 est
1171 901 1422 973 angelus
1439 917 1474 957 a
1494 903 1640 968 Deo;
1663 901 1765 957 ubi
1781 913 1807 943 ι
1837 901 2110 955 mediator
2127 903 2216 955 est

565 992 836 1064 angelus,
879 992 1143 1048 humana
1180 996 1371 1047 cesset
1414 990 1660 1062 opinio:
1715 989 1820 1046 ubi
1845 988 2095 1046 ccelestis
2125 992 2216 1044 est

564 1083 828 1147 nuntius,
863 1081 1265 1152 interpretatio
1313 1083 1543 1134 terrena
1571 1079 1842 1150 pellatur.
1898 1077 2213 1133 Curiositas

565 1171 834 1227 humana
856 1174 1174 1242 torpescat,
1195 1168 1294 1224 ubi
1311 1183 1608 1240 supernus
1627 1167 1882 1224 habetur
1901 1167 2212 1238 interpres.

564 1262 779 1316 Missus
799 1265 881 1316 est
910 1259 1150 1330 angelus
1175 1273 1212 1314 α
1240 1256 1374 1314 Deo.
1396 1256 1503 1322 Qui
1526 1258 1693 1312 audit
1711 1256 2157 1327 attentius,quia
2179 1271 2215 1311 a

568 1353 686 1406 Deo
712 1349 932 1404 missus
946 1347 1279 1412 sit,deitatis
1301 1346 1512 1415 refugit
1531 1347 1884 1418 perscrutari
1908 1350 2213 1400 secretum.

567 1437 733 1502 Quod
746 1453 853 1509 per
882 1435 1162 1507 angelum
1182 1437 1334 1492 Deus
1356 1434 1626 1502 mandat,
1654 1434 1744 1490 ille
1771 1439 2026 1490 meretur
2046 1435 2211 1499 scire,

565 1525 668 1598 qui
698 1526 866 1582 timet
894 1525 1064 1582 scire.
1111 1523 1263 1580 Audi
1296 1524 1614 1580 Dominum
1666 1524 1992 1578 dicentem:
2020 1524 2218 1591 Super

565 1631 735 1686 quem
759 1615 1069 1684 respiciam
1093 1615 1209 1669 nisi
1229 1628 1405 1682 super
1421 1613 1723 1677 humilem,
1754 1617 1803 1668 et
1818 1617 2210 1676 mansuetum,

2325 458 2625 509 necarent.
2647 453 2694 508 Α
2709 454 3002 524 ve.gratia
3013 455 3216 522 plena,
3236 456 3520 511 Dominus
3543 465 3739 514 tecum.
3754 461 3931 518 Missus

2326 546 2414 597 est
2447 540 2696 610 angelus
2727 559 2760 597 ει
2798 545 2927 608 Deo,
2963 547 3018 597 et
3068 542 3212 614 quid
3243 541 3426 598 dicit?
3454 545 3720 602 Dominus
3750 555 3930 605 tecum.

2328 629 2355 672 ιι
2386 633 2536 701 Ergo
2568 636 2847 686 eratcum
2879 631 3130 702 Virgine,
3158 632 3356 702 quiad
3388 634 3677 703 Virginem
3703 638 3930 696 miserat.

2328 719 2627 775 Praecessit
2648 721 2922 776 nuntium
2957 736 3134 777 suum
3162 723 3331 786 Deus,
3383 723 3484 778 sed
3513 740 3546 780 a
3579 726 3690 781 Deo
3727 741 3838 784 non
3862 745 3934 786 re-

2326 808 2500 863 cessit
2530 823 2542 863 :
2577 810 2759 864 teneri
2791 808 2934 864 locis
2987 825 3107 865 non
3157 815 3366 882 potest,
3418 812 3522 884 qui
3551 816 3816 871 omnibus
3848 818 3932 875 ha-

2322 896 2496 951 betur
2525 897 2584 953 in
2638 897 2821 960 locis;
2857 903 2912 954 et
2943 902 3097 955 totus
3141 900 3363 972 ubique
3408 905 3522 968 est,
3563 903 3684 958 sine
3711 921 3821 977 quo
3865 909 3932 964 ni-

2324 984 2403 1040 hil
2435 991 2521 1041 est
2575 991 2783 1042 totum.
2818 988 3137 1044 Benedicta
3175 997 3241 1045 tu
3286 990 3444 1046 inter
3489 993 3768 1050 mulieres.
3814 998 3930 1052 Vere

2322 1073 2636 1130 benedicta
2651 1076 2840 1146 virgo,
2873 1093 3007 1149 qua:
3039 1082 3094 1133 et
3121 1079 3469 1148 virginitatis
3498 1082 3927 1152 possidetdecus,

2325 1165 2530 1219 matris
2558 1173 2615 1218 et
2643 1165 2880 1236 pertulit
2909 1165 3284 1235 dignitatem.
3312 1170 3450 1224 Vere
3474 1168 3794 1239 benedicta,
3821 1189 3930 1246 qua:

2325 1257 2381 1307 et
2411 1253 2648 1324 superni
2680 1262 3008 1326 conceptus
3027 1256 3526 1328 meruitgratiam,
3557 1263 3612 1314 et
3632 1262 3932 1318 sustulitin-

2328 1342 2608 1411 tegritatis
2654 1359 2958 1398 coronam.
2994 1345 3136 1399 Vere
3166 1344 3500 1412 benedicta,
3540 1363 3669 1419 quae
3697 1353 3750 1404 et
3775 1350 3929 1407 divini

2327 1432 2603 1501 germinis
2617 1433 2874 1504 suscepit
2889 1433 3439 1507 gloriam,etregina
3461 1438 3634 1492 totius
3651 1440 3931 1497 exstititca-

2327 1520 2550 1576 stitatis.
2586 1523 2723 1577 Vere
2738 1521 3218 1594 benedicta,quae
3241 1523 3346 1579 fuit
3363 1525 3558 1598 major
3583 1526 3740 1594 coelo,
3763 1529 3932 1586 fortior

2325 1613 2498 1673 terra,
2515 1608 2842 1666 orbelatior
2869 1629 2881 1676 ;
2913 1626 3056 1666 nam
3073 1614 3254 1668 Deum
3271 1628 3456 1685 quem
3469 1615 3717 1671 mundus
3737 1633 3844 1674 non
3855 1634 3932 1674 ca-

564 1711 612 1758 et
642 1710 983 1760 trementem
1012 1703 1184 1759 verba
1198 1702 1486 1772 mea(Isai.
1507 1717 1654 1766 vai,
1664 1705 1849 1772 juxta
1872 1699 2216 1772 LXX)?Hu-
2251 1716 2290 1774 Β
2325 1698 2430 1768 pit,
2460 1697 2588 1754 sola
2601 1699 3187 1770 cepit.l’ortaviteum
3200 1702 3302 1773 qui
3317 1703 3741 1774 portatorbem,
3764 1709 3932 1778 genuit

565 1793 789 1860 milem,
808 1796 1257 1847 etmansuetum
1283 1807 1293 1844 :
1322 1796 1617 1862 quantum
1638 1795 1988 1846 mansuetus
2009 1795 2099 1845 est
2120 1788 2214 1844 ille

564 1881 666 1952 qui
691 1880 874 1950 jussis
889 1881 1279 1950 obtemperat,
1301 1878 1732 1933 immansuetus
1746 1882 1974 1933 tantum
2004 1882 2092 1932 est
2118 1877 2214 1932 ille

564 1968 668 2040 qui
691 1968 859 2038 jussa
887 1968 1145 2023 discutit.
1179 1967 1388 2023 Missus
1413 1973 1498 2023 est
1527 1967 1758 2038 angelus
1795 1966 1876 2023 ad
1901 1966 2209 2036 virginem.

566 2057 713 2122 Quia
725 2061 1063 2130 semperest
1082 2055 1309 2126 angelis
1339 2061 1598 2127 cognata
1609 2055 1934 2125 virginitas.
1961 2056 2025 2109 In
2042 2069 2214 2110 carne

564 2151 777 2217 praeter
806 2162 1049 2202 carnem
1075 2145 1273 2200 vivere
1302 2159 1424 2200 non
1447 2149 1679 2200 terrena
1697 2145 1815 2199 vita
1844 2149 1952 2207 est,
1979 2143 2083 2200 sed
2101 2159 2215 2198 cm-

563 2233 749 2290 lestis.
783 2237 852 2289 Et
881 2234 930 2289 si
959 2233 1137 2288 vultis
1164 2233 1332 2298 scire,
1365 2231 1698 2302 angelicam
1731 2231 1980 2300 gloriam
2019 2233 2215 2303 acqui-

561 2337 688 2377 rere
719 2322 918 2392 majus
939 2326 1025 2376 est
1053 2337 1238 2392 quam
1269 2320 1520 2386 habere;
1554 2335 1682 2375 esse
1720 2320 2002 2390 angelum
2030 2320 2205 2376 felici-

562 2408 698 2464 tatis
721 2413 828 2473 est,
859 2407 1148 2475 virginem
1166 2422 1298 2462 esse
1315 2406 1546 2462 virtutis
1568 2423 1581 2471 ;
1601 2407 1904 2475 virginitas
1921 2407 2080 2463 enim
2097 2407 2212 2463 hoc

560 2497 786 2553 obtinet
800 2495 1022 2552 viribus
1042 2495 1206 2567 quod
1225 2495 1400 2551 habet
1415 2494 1664 2566 angelus
1684 2511 1754 2550 ex
1776 2499 2210 2568 natura.Ange-

561 2584 652 2640 lus
683 2600 824 2654 ergo
838 2585 1072 2653 etvirgo
1085 2584 1351 2639 divinum
1367 2583 1848 2655 aguntoﬁicium,
1869 2600 1989 2640 non
2007 2584 2211 2641 huma-

561 2690 729 2729 num.
761 2676 1087 2743 Ingressus,
1119 2672 1319 2743 inquit,
1348 2673 1681 2743 angelusad
1700 2688 1822 2728 eam
1849 2673 2003 2730 dixit
2033 2691 2045 2728 :
2071 2675 2208 2742 Ave,

557 2763 760 2834 gratia
770 2763 1239 2832 plena.Dominus
1259 2762 1758 2822 tecum.benedicta
1772 2770 1827 2816 tu
1844 2763 1996 2818 inter
2015 2764 2209 2818 mulie-

560 2853 1220 2923 res,Ave,gratiaplena,
1237 2852 1517 2907 Dominus
1537 2857 1746 2908 tecum:
1772 2852 1983 2907 videtis
2005 2853 2210 2924 quibus

560 2942 825 3012 estvirgo
841 2942 1241 3013 oppignorata
1261 2941 1775 3004 muneribus.Ave,
1796 2941 1989 3010 gratia
2013 2943 2208 3012 plena,

559 3030 845 3084 Dominus
861 3035 1069 3085 tecum.
1088 3031 1227 3092 Ave,
1244 3029 1358 3083 hoc
1380 3034 1466 3083 est
1494 3030 1716 3100 accipe.
1739 3029 1890 3093 Quid
1912 3029 1938 3082 ?
1956 3031 2209 3086 Virtutes

561 3131 894 3178 munerum,
911 3131 1031 3171 non
1050 3115 1321 3186 pudoris.
1359 3118 1498 3183 Ave,
1528 3116 1725 3184 gratia
1744 3117 1941 3184 plena.
1970 3119 2104 3173 Haec
2125 3122 2212 3173 est

557 3205 745 3273 gratia
766 3220 901 3275 qum
924 3204 1090 3260 dedit
1117 3203 1280 3259 cmlis
1309 3203 1583 3272 gloriam,
1612 3204 1776 3259 terris
1805 3205 2010 3268 Deum,
2028 3206 2207 3262 fidem

555 3293 1052 3364 gentibus,ﬁnem
1081 3292 1257 3358 vitiis,
1291 3292 1418 3347 vitae
1449 3291 1740 3355 ordinem,
1760 3292 2027 3347 moribus
2043 3293 2208 3349 disci-

557 3383 802 3456 plinam.
822 3382 976 3438 Hanc
989 3381 1244 3453 gratiam
1258 3379 1459 3436 detulit
1485 3380 1753 3450 angelus,
1785 3381 2008 3452 accepit
2033 3382 2208 3452 Virgo

554 3473 808 3529 salutem
831 3470 1064 3528 saeculis
1092 3470 1419 3526 redditura.
1437 3472 1579 3533 Ave,
1611 3471 1805 3540 gratia
1829 3470 2024 3539 plena.
2061 3471 2210 3536 Quia

553 3561 804 3631 singulis
829 3560 1020 3630 gratia
1045 3575 1107 3615 se
1131 3563 1222 3614 est
1248 3558 1462 3626 largita
1485 3573 1591 3630 per
1603 3565 1814 3629 partes,
1839 3559 2041 3614 Mariae
2069 3576 2210 3616 vero

554 3649 732 3704 simul
764 3665 828 3704 se
858 3652 1043 3704 totam
1072 3646 1236 3702 dedit
1267 3647 1470 3716 gratiae
1495 3645 1825 3717 plenitudo.
1860 3647 2092 3716 Omnes,
2121 3649 2206 3704 in.

552 3738 682 3808 quit
721 3736 1104 3806 evangelista,
1159 3736 1232 3792 de
1267 3735 1642 3804 plenitudine
1695 3737 1824 3804 ejus
1875 3739 2209 3806 accepimus

553 3826 750 3894 (Joan.
783 3826 846 3895 ι).
878 3823 1038 3880 Unde
1051 3829 1108 3881 et
1122 3823 1308 3880 David
1320 3823 1462 3879 dicit
1485 3841 1497 3879 :
1518 3823 1978 3880 Descenditsicut
1997 3827 2208 3895 pluvia

554 3914 615 3970 in
656 3914 845 3971 vellus
885 3914 1072 3984 (Psal.
1105 3913 1283 3985 LXXI).
1314 3911 1506 3968 Velius
1555 3929 1691 3968 cum
1721 3913 1794 3967 sit
1819 3913 1893 3968 de
1938 3930 2206 3985 corpore,

552 4003 739 4060 nescit
767 4003 1032 4075 corporis
1061 4002 1368 4075 passiones
1389 4017 1406 4065 ;
1427 4001 1509 4056 sic
1535 4001 1844 4070 virginitas
1877 4018 2014 4058 cum
2046 4003 2121 4058 sit
2149 4003 2207 4058 in

551 4109 747 4161 carne,
780 4093 924 4149 vitia
955 4091 1150 4148 carnis
1177 4089 1708 4161 ignorat.Coelestis
1737 4090 2206 4159 ergoimbervir-

551 4182 791 4252 gineum
813 4182 871 4237 in
894 4179 1086 4238 vellus
1103 4178 1339 4252 placido
1369 4194 1432 4234 se
1463 4177 1862 4250 fuditillapsu,
1891 4185 1947 4234 et
1977 4183 2096 4235 tota
2124 4180 2208 4234 di-

550 4270 807 4326 vinitatis
829 4267 1210 4325 undabibulo
1235 4283 1298 4322 se
1315 4272 1531 4323 nostrae
1555 4266 1752 4322 carnis
1782 4266 1987 4322 celavit
2019 4268 2075 4322 in
2096 4267 2208 4324 vel-

546 4359 685 4423 lere,
717 4359 909 4413 donec
938 4374 1037 4428 per
1070 4356 1407 4427 patibulum
1439 4354 1633 4410 crucis
1663 4370 2016 4426 expressum
2041 4357 2206 4411 terris

2325 1786 2649 1857 genitorem
2664 1788 3110 1853 suum,nutrivit
3122 1791 3396 1846 omnium
3418 1791 3718 1850 viventium
3731 1796 3929 1852 nutrito-

2324 1876 2590 1931 rem.Sed
2607 1875 2898 1932 videamus
2937 1877 3084 1949 quid
3115 1879 3612 1950 aitevangelista:
3639 1884 3834 1950 Maria,
3861 1887 3930 1942 in-

2325 1964 2598 2035 quit,cum
2611 1965 2858 2022 audisset
2872 1967 3397 2035 angelum,turbata
3409 1976 3486 2025 est
3504 1972 3560 2025 in
3570 1987 3798 2029 sermone
3807 1977 3923 2044 ejus.

2324 2052 2583 2109 Turbata
2611 2059 2696 2109 est
2725 2071 2887 2116 caro.
2919 2070 3213 2113 concussa
3234 2062 3383 2113 sunt
3397 2058 3640 2126 viscera,
3666 2077 3819 2118 mens
3841 2069 3925 2119 tre-

2326 2142 2494 2209 muit,
2525 2146 2638 2198 tota
2649 2143 2841 2198 cordis
2855 2143 3158 2216 obstupuit
3177 2144 3454 2203 altitudo:
3478 2149 3616 2220 quia
3631 2149 3685 2205 in
3701 2151 3926 2221 ingressu

2325 2231 2692 2301 angelivirgo
2706 2232 3218 2289 sensitdivinitatis
3239 2235 3600 2305 ingressum.
3613 2238 3929 2296 Turbabatur

2322 2318 2850 2390 humanicorporis
2869 2322 3179 2394 templum,
3199 2328 3256 2380 et
3277 2324 3539 2383 carnalis
3557 2327 3813 2384 domicilii
3827 2346 3927 2386 mo-

2322 2405 2608 2462 vehantur
2623 2409 2936 2477 angustiae,
2964 2425 3102 2465 cum
3135 2425 3198 2467 se
3232 2413 3291 2468 in
3319 2414 3924 2488 virgineopectoretota

2319 2495 2419 2549 Dei
2449 2495 2729 2552 conderet
2754 2497 3130 2566 magnitudo.
3157 2499 3270 2555 Sed
3301 2501 3348 2557 si
3393 2503 3598 2574 placet,
3624 2504 3927 2578 priusquam

2320 2583 2459 2639 ﬁdei
2486 2584 2830 2640 Christianae
2848 2592 3228 2657 penetremus
3244 2593 3929 2666 arcanum,loquamurad

2320 2688 2423 2729 eos
2443 2672 2548 2745 qui
2561 2678 2797 2744 partum
2812 2675 3080 2745 virginis,
3107 2678 3209 2749 qui
3222 2695 3527 2751 magnum
3544 2683 3758 2755 pietatis
3770 2699 3928 2740 sacra-

2323 2761 3168 2834 mentum,quireparationem
3195 2766 3698 2829 salutishumante
3715 2773 3930 2828 referunt

2323 2848 2397 2902 ad
2414 2848 3315 2921 divinitatisinjuriam.Venitad
3344 2857 3647 2928 virginem
3662 2862 3812 2927 Deus,
3839 2859 3928 2916 hoc

2322 2945 2428 3001 est,
2463 2937 2531 2992 ad
2566 2955 2720 3010 opus
2758 2955 2936 2994 suum
2969 2941 3182 3012 opifex,
3219 2950 3462 3003 creator
3516 2948 3589 3004 ad
3640 2955 3922 3004 creaturam

2321 3042 2516 3083 suam.
2552 3026 2801 3091 Quando
2825 3027 2900 3083 ad
2919 3028 3151 3100 opiﬁcis
3175 3031 3474 3092 honorem
3487 3036 3674 3109 operis
3687 3042 3920 3094 restaura-

2321 3115 2399 3170 tio
2430 3130 2551 3169 non
2581 3115 2681 3169 red
2694 3116 2914 3172 undat?
2933 3118 3180 3181 Quando
3197 3119 3398 3180 honor
3417 3140 3536 3181 non
3553 3125 3836 3198 deputatur
3856 3124 3918 3181 ad

2321 3202 2649 3274 gloriam,si
2666 3203 2849 3260 factor
2864 3204 3156 3263 facturam
3175 3226 3353 3267 suam
3367 3214 3634 3286 reparet?
3651 3218 3722 3271 Ne
3737 3214 3920 3271 amittat

2320 3292 2456 3362 quis
2474 3306 2626 3361 opus
2659 3308 2857 3362 suum,
2887 3309 3088 3351 nonne
3118 3313 3255 3353 cum
3277 3304 3593 3360 veterascit
3623 3308 3851 3368 revocat,
3875 3305 3920 3357 et

2320 3395 2457 3434 cum
2481 3379 2638 3434 cadit
2663 3380 2911 3450 erigit,et
2935 3399 3073 3439 cum
3097 3386 3424 3446 destruitur
3443 3392 3502 3447 in
3519 3392 3717 3449 melius
3735 3407 3837 3449 non
3852 3405 3920 3446 re-

2323 3467 2537 3522 format
2560 3469 2587 3524 ?
2608 3471 2755 3538 Ergo
2773 3471 2937 3541 quod
2961 3471 3020 3527 in
3039 3480 3203 3544 partu
3224 3477 3478 3549 virginis
3499 3482 3704 3552 agitur,
3731 3496 3834 3537 non
3855 3483 3922 3535 est

2321 3555 2608 3611 Creatoris
2628 3556 2860 3629 injuria,
2889 3561 2994 3616 sed
3022 3563 3182 3618 salus
3204 3570 3293 3620 est
3310 3575 3611 3627 creaturae.
3639 3572 3691 3628 Si
3708 3568 3920 3626 Deusfe—

2321 3645 2396 3700 cit
2423 3645 2750 3734 hominem,
2781 3649 2916 3720 quis
2945 3653 3138 3722 arguit
3167 3670 3273 3710 cur
3300 3659 3552 3716 refecit?
3571 3661 3778 3734 etquod
3795 3657 3921 3716 exli-

2322 3749 2420 3789 mo
2449 3733 2736 3792 formasse
2763 3737 2941 3807 digne
2973 3741 3249 3809 creditur,
3277 3761 3470 3817 quare
3490 3766 3560 3805 ex
3586 3733 3751 3807 carne
3776 3749 3920 3804 refor-

2323 3823 3146 3899 massejudicaturindignum
3164 3833 3191 3888 ?
3209 3835 3366 3898 Quid
3384 3839 3686 3910 pretiosus,
3703 3853 3825 3895 caro
3839 3839 3920 3892 aut

2318 3911 2536 3966 limus?
2561 3915 2711 3982 Ergo
2742 3919 3132 3987 reparationis
3149 3927 3374 3980 nostrae
3413 3933 3628 3998 quanto
3656 3927 3919 4000 pretiosior

2323 4001 2589 4064 materia,
2628 4007 2788 4058 tanto
2821 4006 3014 4076 major
3049 4014 3135 4064 est
3169 4009 3378 4077 gloria.
3401 4017 3516 4072 Aut
3540 4017 3769 4089 quando
3796 4015 3918 4069 Deus

2319 4104 2436 4144 non
2469 4089 2528 4144 in
2562 4095 2724 4145 utero
2744 4091 3069 4162 plasmator
3093 4104 3177 4152 est
3195 4099 3457 4158 hominis
3479 4101 3917 4160 ?AudiJob:il{a-

2318 4193 2432 4232 nus
2445 4183 2563 4234 tute
2578 4178 2850 4247 fecerimt
2868 4189 2918 4238 et
2936 4183 3244 4251 ﬁnxerunt
3265 4194 3451 4248 me.Et
3465 4200 3624 4266 post:
3647 4194 3714 4250 Ut
3725 4206 3918 4249 czslmm

2317 4266 2641 4336 coagulasti
2654 4284 2760 4324 me:
2783 4271 2896 4326 ossi
2901 4271 3004 4328 bus
3019 4279 3070 4328 et
3087 4291 3283 4333 nervis
3295 4279 3599 4338 inseruisti
3612 4298 3709 4346 me,
3719 4283 3863 4338 vitam
3877 4282 3920 4333 et

2315 4355 2765 4411 misericordiam
2783 4357 2976 4416 dedisti
2989 4363 3123 4418 mihi
3135 4365 3357 4435 (Job.x).
3369 4371 3432 4425 Et
3445 4372 3618 4427 David
3635 4389 3646 4426 :
3670 4372 3744 4426 Tu
3749 4371 3922 4439 forma-

549 4447 824 4501 omnibus
842 4446 901 4500 in
916 4445 1180 4516 pluviam
1201 4443 1407 4499 salutis
1429 4443 1778 4499 effunderet.
1797 4445 1873 4498 Et
1898 4445 2048 4500 sicut
2076 4447 2204 4501 stil-
2241 4442 2286 4499 D
2315 4444 2394 4497 sti
2404 4459 2512 4508 me,
2539 4451 2587 4498 et
2599 4449 2838 4515 posuisti
2848 4465 3110 4522 superme
3125 4471 3351 4512 manum
3367 4462 3521 4517 tuam
3539 4461 3646 4531 (Ps.
3663 4459 3913 4522 cxxxvm).

553 4535 757 4591 licidia
781 4535 1081 4590 stillantia
1105 4547 1284 4603 super
1308 4539 1524 4588 terram
1557 4532 1779 4602 (Ibid).
1827 4534 1894 4589 Ut
1926 4533 2203 4590 vitalibus

617 4677 881 4758 Quocum“
907 4675 1135 4758 exhibet
1183 4673 1450 4758 Barthius
1493 4675 1739 4758 Advers.‘
1781 4673 1879 4758 lib.
1908 4692 2034 4758 ινιιι
2076 4693 2201 4758 cap.

547 4748 710 4806 6col.
745 4748 902 4812 2733,
934 4747 1126 4817 aitque
1155 4745 1533 4800 mediatorem
1578 4762 1676 4814 pro
1725 4745 1914 4816 legato
1960 4748 2029 4801 ab
2079 4745 2204 4804 aliis

547 4821 722 4877 etiam
754 4817 1036 4890 usurpari.

618 4893 647 4936 ι)
677 4886 1298 4963 Suspicéturfortasse
1325 4886 1864 4963 aliquiscredidjsse
1887 4887 2206 4963 _Chrysolo-

548 4983 681 5039 gum
710 4957 947 5018 Mariam
977 4959 1254 5039 virginem
1277 4957 1706 5039 jamChristum
1737 4957 2044 5039 Dominum
2073 4978 2202 5039 con.

547 5031 761 5108 cepisse
785 5034 1016 5108 cum__ab
1043 5031 1247 5108 angelo
1275 5031 1626 5108 salutaretur
1656 5050 1666 5088 :
1702 5032 1852 5108 quod
1884 5033 2199 5108 eruendum

549 5101 749 5179 putant
798 5107 868 5160 ab
915 5105 1010 5160 illo
1047 5101 1393 5179 Hieronymi,
1427 5102 1669 5172 cpistola
1717 5101 1813 5156 190
1868 5102 1937 5155 ad
1990 5102 2200 5179 lfrinci-

549 5175 743 5249 piam:
801 5182 1003 5232 Sancta
1050 5175 1258 5249 Maria,
1300 5175 1426 5249 quia
1475 5179 1785 5249 rnnceperat
1831 5190 1944 5249 eum
2007 5176 2200 5249 inguo

546 5245 719 5303 omnis
743 5249 1025 5318 plenitudo
1055 5246 1367 5300 divinitatis
1397 5245 1608 5298 habitat
1636 5245 2008 5318 corporaliter,
2044 5246 2199 5314 plena

581 5319 727 5372 ralia
743 5316 1053 5373 salutatur.
1085 5319 1197 5385 Ego
1225 5323 1414 5370 tamen
1445 5331 1596 5385 mgrc
1621 5316 1935 5369 admodum
1967 5318 2196 5370 credam

581 5336 727 5372 rana
755 5336 1053 5373 salutatur.
1085 5336 1124 5371 IS
1165 5336 1197 5371 Ο
1225 5336 1414 5370 tamen
1445 5336 1596 5385 EBng
1621 5336 1935 5369 ἃαιῐιοαυιιι
1967 5336 2194 5370 orenam

545 5336 978 5458 Ylieronymum,
1014 5395 1068 5444 et
1100 5336 1532 5459 Cﬁirysologuin,
1584 5387 1855 5456 aliosque,
1890 5387 1934 5439 si
1974 5387 2194 5459 quialii

547 5463 700 5521 sunt,
728 5475 760 5512 a
795 5465 946 5515 recto
984 5458 1280 5530 Evangelii
1318 5458 1490 5530 sensu
1544 5459 1599 5512 in
1655 5475 1710 5513 re
1740 5458 2196 5530 compertissima

545 5531 864 5594 aberrasse,
897 5529 1133 5600 aliisque
1168 5529 1435 5600 patribus
1483 5545 1851 5601 repugnasse,
1897 5529 1988 5600 qui
2033 5529 2191 5586 Chri-

2318 4531 2466 4588 Etad
2486 4534 2783 4590 Jeremiam
2804 4537 2956 4594 Deus
2981 4555 2992 4594 :
3019 4542 3371 4616 Priusquam
3386 4564 3532 4606 esses
3551 4552 3608 4605 in
3628 4555 3795 4610 utero,
3820 4543 3921 4600 novi

2313 4675 2573 4762 statura“
2597 4675 2825 4762 Virgine
2854 4689 3460 4762 conceptumcredunt
3501 4691 3557 4744 in
3587 4691 3703 4762 ipsa
3729 4691 3918 4743 tantum

2313 4742 2574 4829 colloquii
2603 4742 2880 4829 clausula,
2930 4757 2987 4807 et
3029 4742 3154 4829 post
3186 4742 3456 4829 Virginis
3485 4742 3766 4818 assensum
3796 4762 3919 4812 :Au-

2311 4817 2540 4899 gusti‘n‘o
2569 4817 2797 4899 scilicet,
2853 4817 3120 4899 serm.'18
3153 4829 3221 4882 de
3251 4817 3499 4899 sanctis;
3542 4817 3791 4899 Gregorio
3828 4829 3920 4899 illa;

2311 4901 2444 4980 51°:
2461 4886 2710 4980 Ῑίξζινξη
2743 4892 3057 4980 Μοιξδιίυξη,
3083 4903 3306 4980 cap.“27
3329 4886 3916 4980 ;Βειὲῖ1ἱᾶέὲἶθιιοὶειιξίς

2313 4963 2454 5045 orat.
2509 4959 2577 5014 de
2636 4962 2926 5045 abnuunt;
2958 4959 3169 5045 Joanni
3212 4959 3584 5045 Damasceno,
3634 4974 3723 5029 lib.
3771 4987 3822 5026 ιιι
3863 4969 3918 5022 de

2317 5029 2735 5117 ξῗῆάρεειρονθςιις
2790 5029 3116 5117 ῐξξὲνῐιεξιδάοζ
3147 5045 3389 5117 serm._4
3433 5029 3600 5117 super
3625 5045 3916 5117 Missusest;

2313 5100 2566 5184 bellulio,
2602 5102 2705 5184 lib.
2733 5107 3005 5184 xil’ascli.
3037 5128 3048 5173 ;
3085 5100 3408 5181 Prudentia,
3441 5100 3786 5172 in‘Carmine
3811 5100 3919 5167 cou-

2312 5177 2397 5258 [ιιι
2433 5173 2904 5258 llomunc‘ionitas
2925 5195 2944 5258 :_
2965 5179 3215 5258 Ruperto
3234 5185 3334 5242 lib.
3361 5173 3468 5243 ide
3484 5188 3717 5258 Spiritus
3735 5187 3786 5241 S.
3804 5187 3918 5258 Οιρεξο

2311 5243 2620 5329 ξ’ξίηιδιοθιλξ-
2665 5249 2717 5308 ε),
2749 5253 2853 5327 etc.
2887 5243 3100 5329 Idcirco
3132 5256 3460 5329 (Ehrysologi
3502 5243 3556 5314 ἐι
3603 5243 3913 5329 Ηὶρτοῐιχῇιὶ,

2309 5318 2437 5374 etc.,
2473 5318 2798 5371 testimonia
2829 5321 3152 5378 emollireet
3186 5318 3483 5382 in'rectuvm
3510 5344 3729 5384 sensum
3750 5318 3916 5381 deflec-

2310 5387 2423 5468 tere
2459 5393 2742 5468 opusmest.
2779 5392 3067 5468 Consules
3099 5397 3266 5468 yelim
3323 5399 3706 5454 doctissimum
3753 5399 3913 5462 Sel'l')“

2310 5454 2520 5509 Exercit
2591 5460 2651 5512 27
2697 5476 2822 5530 pag.
2860 5463 2981 5530 180,
3018 5466 3110 5520 ubi
3147 5467 3266 5524 huic
3305 5469 3476 5526 latius
3506 5473 3764 5542 disputat.
