4040 6178
273 247 390 307 597

1731 248 1974 312 SERMO
2017 249 2261 316 CXLIX.

3585 261 3706 330 598

271 391 418 432 nem
448 391 620 432 suam
647 375 816 464 ponit
843 376 1007 443 (Gen.
1039 377 1101 448 ι),
1133 381 1198 435 ut
1226 378 1395 436 terris
1418 378 1768 436 invisibilem
1794 396 1936 436 con-
1968 382 2018 444 Α
2047 383 2695 456 redintegretnaturam
2717 401 2730 452 ;
2749 383 3063 442 infantiam
3081 388 3340 460 suscepit
3355 390 3705 464 ille,patitur

271 465 530 520 ditoreiu
564 463 809 518 visibilis
850 465 1054 535 imago
1093 472 1445 538 praesentem
1483 474 1748 540 poneret,
1787 477 1844 526 et
1874 470 1933 524 in

270 553 515 608 terrenis
546 551 711 607 dedit
741 553 841 609 tibi
879 553 1034 609 vices
1072 571 1231 626 suas,
1263 561 1320 610 ut
1353 572 1472 612 non
1505 568 1531 598 ει
1559 556 1937 614 fraudaretur

269 641 513 696 Domini
531 641 752 696 vicario
771 642 983 697 mundi
997 646 1118 699 tam
1141 643 1307 714 larga
1331 645 1650 715 possessio.
1672 645 1738 701 Et
1757 647 1805 700 si
1826 646 1938 703 ista

268 729 360 785 ita
396 734 552 794 sunt,
581 745 764 802 quare
795 730 979 786 modo
1003 733 1498 803 putaturinjuria,
1520 733 1761 806 quando
1785 738 1938 790 Deus

264 818 442 891 quod
476 833 582 890 per
613 833 675 872 se
705 818 913 874 fecitin
941 823 1012 883 te,
1033 820 1094 875 in
1112 836 1174 875 se
1191 821 1510 878 clementer
1535 823 1848 893 excepit,et
1877 823 1938 878 in

262 905 520 962 homine
541 922 602 961 se
625 922 762 962 vere
777 907 960 963 videri
978 908 1178 973 voluit,
1209 908 1270 964 in
1290 925 1412 981 quo
1431 915 1568 967 ante
1584 910 1938 982 imaginario

262 993 466 1050 voluit
494 1010 556 1050 se
581 994 800 1063 videri;
825 995 1106 1069 deditque
1137 1003 1202 1052 ut
1221 997 1250 1039 b
1275 999 1610 1070 proprietas
1629 999 1934 1071 essetipse,

255 1082 376 1152 qui
408 1086 544 1138 ante
577 1088 641 1138 ut
681 1083 1006 1140 similitudo
1045 1091 1200 1142 esset
1247 1088 1609 1158 acceperat?
1659 1088 1940 1159 Concepit

252 1170 461 1241 virgo,
485 1171 645 1241 virgo
662 1173 908 1243 peperit,
924 1189 1045 1228 non
1068 1178 1120 1230 te
1144 1181 1469 1246 conceptus
1497 1175 1711 1238 turbet,
1733 1181 1937 1248 partus

251 1263 312 1314 te
349 1275 481 1316 non
517 1259 1124 1327 confundatauditus,
1154 1264 1403 1335 quando
1429 1264 1739 1334 virginitas
1763 1263 1938 1335 quid-

255 1347 424 1419 quid
452 1352 538 1404 est
570 1349 815 1406 humani
845 1349 1095 1420 pudoris
1115 1357 1377 1407 excusat.
1399 1355 1510 1407 Aut
1531 1351 1756 1424 qumibi
1779 1368 1934 1408 vere-

247 1437 512 1492 cundiaa
531 1437 716 1502 laesio,
739 1438 843 1493 ubi
869 1439 974 1493 init
1002 1439 1189 1496 deitas
1216 1457 1351 1496 cum
1369 1441 1569 1498 amica
1583 1442 1693 1497 sibi
1711 1457 1937 1514 semper

246 1525 611 1595 integritate
642 1526 1042 1595 consortium;
1076 1528 1181 1584 ubi
1206 1535 1296 1585 est
1332 1530 1623 1601 interpres
1663 1533 1932 1600 angelus,

245 1614 422 1670 ﬁdes
450 1615 754 1686 pronuba,
777 1615 1162 1687 desponsatio
1178 1618 1440 1684 castitas,
1467 1619 1710 1676 donatio
1732 1620 1931 1685 virtus,

235 1703 453 1773 judex
481 1704 854 1771 conscientia,
880 1721 1064 1761 causa
1081 1707 1256 1768 Deus,
1273 1713 1595 1779 conceptus
1613 1708 1930 1777 integritas,
1964 1739 2009 1800 Β

245 1791 582 1861 virginitas
613 1801 841 1863 partus,
875 1794 1048 1864 Virgo
1087 1797 1518 1852 mater?Nemo
1544 1812 1686 1868 ergo
1706 1796 1935 1866 judicet

238 1881 542 1936 humano
555 1881 737 1936 modo
751 1882 909 1952 quod
924 1881 1128 1937 divino
1142 1884 1357 1952 geritur
1375 1890 1932 1953 sacramento,nemo

247 1983 274 2011 ε
313 1969 686 2041 mysterium
706 1968 943 2026 cmleste
964 1970 1239 2026 discutiat
1254 1972 1481 2028 ratione
1507 1978 1931 2038 terrena,nemo

234 2073 321 2114 ex
359 2075 490 2114 usu
519 2063 722 2114 tractet
746 2058 1023 2114 novitatis
1044 2075 1533 2130 arcanum,nemo
1556 2064 1719 2133 quod
1736 2061 1933 2132 singu-

230 2146 376 2203 lare
423 2151 516 2203 est
543 2148 821 2202 metiatur
851 2148 1149 2219 exemplo,
1188 2164 1369 2204 nemo
1399 2149 1823 2205 contumeliam
1855 2155 1928 2205 de

235 2235 491 2307 pietate
517 2240 1040 2306 componat,nemo
1055 2236 1386 2308 periculum
1401 2236 1607 2293 subeat
1622 2237 1697 2292 de
1716 2238 1925 2294 salute.

231 2323 426 2379 Certe
460 2323 570 2394 qui
601 2323 750 2380 scire
780 2323 1077 2380 desiderat
1099 2324 1328 2389 altiora,
1353 2327 1700 2382 recurratad
1721 2326 1924 2395 legem,

230 2427 358 2484 per
396 2411 602 2484 legem
633 2412 778 2482 legis
809 2412 1115 2469 scientiam
1146 2419 1396 2485 qumrat,
1424 2415 1684 2470 auctoris
1701 2414 1926 2470 factum

233 2501 622 2556 auctoritate
649 2507 973 2569 cognoscat
1009 2503 1283 2557 auctoris.
1318 2504 1433 2558 Lex
1462 2503 1638 2558 refert
1665 2503 1834 2572 (Gen.
1867 2505 1925 2574 ιι)

229 2590 418 2662 quod
435 2589 594 2644 Deus
610 2589 910 2644 hominem
926 2591 1213 2661 propriam
1227 2590 1449 2647 creavit
1461 2593 1533 2647 ad
1555 2591 1751 2658 vitam,
1773 2591 1924 2662 quod

225 2675 492 2732 homini
521 2681 733 2732 terram
743 2677 762 2746 j
777 2677 927 2733 ussit
946 2677 1206 2747 proferre
1226 2677 1444 2733 fructus
1466 2685 1797 2750 spontanea
1809 2694 1926 2735 ser-

227 2767 436 2822 vitute
467 2781 482 2830 ;
499 2766 658 2835 quod
677 2765 1787 2837 bestias,pecudes,armenta,humanaa
1800 2768 1926 2837 jus-

228 2857 309 2911 sit
349 2854 648 2926 potestati
678 2853 1006 2924 subjacere,
1046 2871 1168 2911 non
1216 2857 1346 2919 arti,
1382 2862 1444 2912 ut
1472 2857 1656 2912 homo
1695 2856 1923 2911 laboris

222 2945 522 3007 nescius,
548 2942 771 2998 doloris
791 2943 1050 3012 ignarus,
1074 2944 1287 3000 beatus
1309 2944 1550 2999 delicias
1571 2945 1919 3015 possideret.

222 3033 354 3090 Sed
395 3031 614 3087 omnia
627 3031 753 3086 haec
770 3046 841 3086 ne
856 3031 1102 3088 haberet
1130 3033 1334 3101 homo,
1356 3032 1629 3104 angelus,
1655 3031 1925 3104 quiinter

221 3123 491 3195 primos
524 3120 878 3186 habebatur,
907 3121 1140 3188 invidit,
1173 3094 1500 3194 maluitque
1525 3123 1586 3176 in
1615 3094 1923 3178 diabolum
1951 3094 1998 3156 Ο

223 3227 457 3268 comm
471 3211 724 3274 utari,ne
737 3210 1044 3266 hominem
1067 3210 1310 3282 plenum
1325 3211 1514 3280 gloria
1533 3211 1556 3244 ἀ
1575 3211 1658 3266 sic
1675 3210 1918 3266 videret.

227 3300 535 3371 Denique
563 3299 677 3354 hoc
705 3299 882 3353 livore
899 3315 1222 3354 succensus
1239 3300 1582 3368 aggreditur
1605 3299 1923 3355 dolisfemi-

220 3405 391 3446 nam
404 3430 421 3452 ,
452 3387 866 3459 virginemque
883 3393 942 3442 ut
955 3388 1202 3444 vetitum
1217 3387 1563 3458 degustaret
1581 3404 1811 3459 pomum
1833 3389 1919 3442 in-

221 3477 419 3533 ducit
445 3493 458 3531 :
492 3475 737 3530 inducta
755 3479 923 3545 virgo
945 3475 1168 3530 inducit
1185 3476 1466 3545 virginem
1485 3492 1612 3532 mox
1635 3476 1917 3542 maritum,

220 3583 297 3622 ac
335 3563 578 3635 dejecit
601 3564 728 3619 vitm
747 3567 988 3629 statum,
1011 3564 1216 3619 mortis
1236 3565 1458 3629 cibum,
1481 3564 1706 3636 peccati
1729 3564 1917 3635 pabu-

216 3656 391 3719 lum,
439 3652 591 3707 dum
608 3653 920 3715 ministrat,
950 3654 1146 3724 etipsa
1168 3653 1230 3708 ﬁt
1251 3654 1692 3708 totiusmateria
1707 3654 1916 3717 ruinae,

217 3761 378 3818 quae
417 3741 584 3796 facta
612 3740 803 3796 fuerat
832 3741 911 3796 ad
938 3741 1215 3796 solatium
1240 3741 1706 3810 singulare.Hinc
1721 3757 1919 3811 pecca-

219 3839 362 3890 tum
384 3830 681 3902 primum,
697 3827 834 3882 hinc
857 3827 1024 3897 origo
1052 3828 1635 3898 mortis,hinclabor,
1661 3828 1799 3883 hinc
1812 3827 1914 3882 do-

215 3923 340 3984 lor,
371 3919 534 3975 hinc
565 3917 1230 3985 gemitus,hincamara°
1251 3922 1583 3988 propagata
1603 3921 1918 3971 estnostra:

216 4027 340 4068 con
354 4008 519 4062 ditio
538 4005 1126 4076 servitutis.Namque
1148 4005 1330 4061 homo
1348 4011 1486 4060 ante
1506 4005 1781 4060 dominus
1798 4020 1919 4060 om-

215 4101 317 4155 niu
330 4115 391 4151 ω
405 4096 491 4160 ,in
506 4095 751 4149 omnium
765 4094 1018 4164 dejectus
1033 4100 1118 4149 est
1133 4095 1544 4157 servitutem,et
1557 4095 1919 4149 timetomnes

216 4189 327 4259 qui
353 4181 695 4240 timebatur
710 4181 788 4236 ab
807 4182 1122 4247 omnibus;
1154 4182 1317 4236 etvix
1329 4188 1452 4236 arte
1472 4181 1918 4252 valet,quipote-

218 4281 388 4332 state
411 4270 733 4340 regnabat.
753 4271 893 4326 Hinc
917 4275 1021 4339 est,
1039 4269 1262 4334 fratres,
1277 4271 1411 4326 hinc
1423 4269 1692 4340 est,quod
1707 4268 1916 4324 Christi

221 4365 369 4422 talis
385 4365 488 4416 est
516 4359 665 4414 ordo
686 4359 985 4415 nascentis
1009 4375 1020 4412 :
1048 4359 1120 4414 ad
1143 4359 1429 4428 virginem
1449 4357 1724 4413 diabolus
1747 4373 1915 4412 vene-

219 4459 341 4517 rat,
373 4448 816 4520 venitangelus
830 4448 903 4501 ad
927 4447 1165 4503 Mariam
1188 4464 1200 4512 ;
1220 4453 1281 4502 ut
1301 4447 1466 4519 quod
1488 4447 1918 4516 malusdejece-
1949 4454 1995 4512 ι)

221 4547 318 4598 rat
349 4536 850 4606 angelus,bonus
868 4535 1111 4606 angelus
1130 4535 1428 4591 allevaret.
1450 4535 1763 4591 Perfidiam
1782 4551 1918 4590 sua-

225 4632 306 4685 sit
337 4628 476 4692 ille,
510 4625 606 4679 hic
639 4624 806 4680 fidem
841 4641 854 4679 z
899 4624 1128 4680 suasori
1152 4624 1394 4679 credidit
1424 4625 1544 4690 illa,
1575 4624 1691 4680 ista
1735 4623 1922 4678 credit

224 4715 508 4776 auctori.
542 4713 810 4769 Nascitur
834 4713 1114 4776 Christus,
1145 4718 1209 4768 ut
1244 4712 1545 4768 nascendo
1577 4720 1919 4785 corruptam

303 4898 332 4926 ι
378 4881 546 4940 Mita,
583 4879 867 4942 mendose,
903 4878 1252 4946 fundaretur.

299 4955 336 4996 Β
366 4953 569 5006 lonno
620 4950 776 5019 prius
831 4953 1055 5004 tantum
1096 4954 1221 5004 erat
1254 4948 1570 5002 similitudo
1601 4947 1737 5014 Dei;
1774 4965 1924 5003 nunc

229 5025 430 5083 etiam
479 5021 802 5092 proprietas
857 5020 1082 5085 dicitur,
1134 5027 1436 5090 postquam
1477 5019 1809 5075 humanitas
1839 5035 1923 5076 ac-

233 5102 422 5168 cepta
453 5100 541 5168 est.
572 5109 606 5146 a
636 5093 838 5168 Verbo.
869 5095 1034 5168 hii“.

306 5161 335 5211 ἒ
372 5165 568 5235 Hujus
599 5161 748 5218 vocis
766 5161 1243 5235 significationem
1267 5161 1715 5235 eraminandam
1740 5177 1922 5235 susce-

235 5239 324 5310 pit
349 5231 740 5310 Casaubonus
768 5231 1026 5310 Exercit._
1048 5235 1109 5288 16
1139 5249 1266 5303 pag.
1295 5233 1421 5310 542,
1451 5249 1753 5310 eamque-3
1772 5231 1923 5310 clay-

235 5303 420 5363 dendo
452 5307 674 5360 dictam
707 5309 886 5374 putat.
927 5304 1257 5360 Universam
1290 5307 1495 5375 ,autem
1526 5303 1751 5368 Christi,
1777 5305 1925 5358 etde

241 5380 448 5435 Chisto
481 5375 812 5432 doctrinam
839 5375 1134 5444 appellant
1163 5375 1503 5444 mysterium.
1538 5375 1604 5428 Et.
1633 5375 1651 5428 Ι
1686 5375 1810 5428 Cor.
1848 5391 1924 5442 iv,

248 5457 298 5514 t,
331 5447 587 5520 apostoli
614 5450 887 5520 vocantur
902 5445 1296 5520 dispensatores
1319 5447 1695 5520 mysteriorum
1719 5445 1844 5500 Dei.
1877 5447 1922 5500 Α

246 5515 497 5592 paganis
521 5534 723 5574 vocem
753 5517 898 5572 hanc
921 5515 1212 5573 efﬂuxisse
1238 5516 1284 5572 si
1308 5515 1431 5587 quis
1455 5517 1782 5580 contendat,
1808 5532 1920 5571 non

2047 474 2429 539 nutrimenta,
2464 475 2751 546 percurrit
2779 479 2999 541 aetates,
3033 480 3098 530 ut
3125 492 3307 533 unam
3352 481 3700 554 perfectam,

2049 568 2410 629 manentem,
2439 579 2624 634 quam
2655 563 2781 633 ipse
2796 563 3033 627 fecerat,
3056 563 3415 622 instauraret
3434 575 3700 626 aetatem:

2049 650 2672 720 portathominem,ne
2686 652 2814 721 jam
2844 652 3055 707 cadere
3079 653 3262 710 homo
3284 658 3503 726 possit;
3523 674 3706 729 quem

2048 741 2346 793 terrenum
2362 738 2881 805 fecerat,fecitesse
2895 741 3196 798 ccelestem
3219 761 3232 810 ;
3251 745 3586 801 animatum
3598 746 3706 802 hu-

2049 841 2232 882 mano
2255 827 2483 899 spiritu,
2512 829 2784 899 spiritum
2816 828 3074 886 viviﬁcat
3102 831 3162 885 in
3188 832 3462 888 divinum
3492 854 3505 894 :
3533 840 3589 892 et
3619 836 3702 892 sic

2048 929 2187 970 eum
2220 919 2408 970 totum
2437 915 2584 972 tollit
2616 917 2672 971 in
2703 917 2914 984 Deum,
2961 922 3025 973 ut
3053 918 3113 972 in
3145 934 3215 975 eo
3244 922 3409 992 quod
3451 925 3700 993 peccati,

2047 1003 2211 1074 quod
2243 1004 2468 1068 mortis,
2497 1004 2660 1076 quod
2680 1003 2924 1074 laboris,
2955 1005 3121 1076 quod
3137 1006 3383 1077 doloris,
3414 1013 3573 1080 quod
3593 1016 3700 1068 ter-

2045 1106 2121 1147 ra:
2151 1096 2255 1156 est,
2281 1091 2364 1146 nil
2392 1092 2707 1163 relinquat,
2736 1098 3053 1164 prmstante
3084 1095 3330 1153 Domino
3351 1101 3701 1155 nostroJesu

2049 1179 2291 1243 Christo,
2331 1181 2430 1250 qui
2464 1196 2600 1234 cum
2625 1181 2787 1236 Patre
2813 1181 2968 1247 vivit,
3011 1185 3070 1237 et
3109 1189 3316 1254 regnat
3369 1186 3430 1242 in
3475 1187 3698 1243 unitate

2049 1267 2297 1338 Spiritus
2329 1269 2515 1323 sancti
2566 1271 2738 1337 Deus,
2771 1284 2951 1335 nunc,
2992 1275 3048 1326 et
3081 1287 3334 1342 semper,
3368 1278 3419 1329 et
3453 1289 3558 1346 per
3586 1275 3698 1331 im-

2046 1355 2318 1412 mortalia
2350 1357 2568 1412 saecula
2598 1356 2975 1412 seculorum.
2999 1359 3207 1414 Amen.

2577 1445 2597 1488 ί
2629 1446 2852 1502 SERMO
2915 1447 3152 1502 CXLIX.

2148 1534 2236 1589 De
2254 1532 2582 1590 Nativitate
2614 1533 2845 1590 Christi
2861 1541 2914 1591 et
2929 1549 3074 1604 pace
3097 1535 3589 1593 Christianorum.

2115 1621 2180 1674 in
2210 1620 2467 1676 adventu
2491 1622 2726 1677 Domini
2763 1627 2819 1678 et
2849 1622 3168 1678 Salvatoris
3199 1624 3404 1694 nostri,
3429 1630 3607 1696 atque
3638 1625 3698 1681 in

2043 1708 2347 1779 praesentia
2361 1709 2412 1778 ej
2425 1725 2490 1762 us
2503 1709 2790 1781 corporali
2807 1711 2996 1778 angeli
3011 1711 3288 1766 ducentes
3304 1712 3517 1768 choros
3529 1712 3700 1769 ccele-

2043 1803 2176 1860 stes,
2205 1796 2692 1866 evangelizabant
2718 1799 3344 1867 pastoribus,dicentes
3372 1802 3697 1858 :Annuntio

2039 1884 2182 1939 vobis
2193 1886 2450 1955 gaudium
2464 1887 2899 1956 magnum,quod
2915 1887 3028 1942 erit
3050 1888 3197 1942 omni
3209 1890 3418 1958 populo
3437 1889 3596 1957 (Luc.
3613 1889 3693 1960 ii).

2038 1973 2122 2030 Ab
2135 1973 2272 2044 ipsis
2286 1990 2425 2045 ergo
2440 1975 2660 2029 sanctis
2673 1974 2897 2043 angelis
2917 1975 3084 2030 etiam
3101 1991 3205 2030 nos
3221 1976 3460 2030 mutuati
3475 1992 3694 2046 vocem,

2040 2063 2459 2117 annuntiamus
2472 2061 2639 2116 vobis
2653 2063 2930 2132 gaudium
2949 2063 3426 2131 magnum.Hodie
3439 2064 3584 2118 enim
3599 2066 3698 2119 Ec-

2039 2150 2219 2206 clesia
2241 2151 2301 2205 in
2332 2166 2480 2222 pace
2503 2155 2611 2216 est,
2640 2156 2694 2205 et
2718 2151 2975 2206 haeretici
3001 2151 3059 2206 in
3078 2152 3196 2218 ira;
3233 2152 3406 2207 hodie
3424 2151 3696 2208 Ecclesia).

2037 2240 2204 2296 navis
2228 2240 2286 2295 in
2313 2245 2482 2311 portu
2519 2244 2629 2305 est,
2654 2246 2706 2295 et
2727 2241 3145 2296 haereticorum
3167 2239 3331 2296 furor
3355 2241 3612 2311 jactatur
3635 2242 3697 2297 in

2035 2327 2239 2383 ﬂuctib
2248 2345 2314 2383 us
2335 2344 2348 2394 ;
2371 2327 2572 2394 hodie,
2589 2327 3105 2400 fratres,pastores
3121 2327 3387 2384 Ecclesia
3402 2329 3461 2383 in
3480 2329 3698 2386 securi-

2036 2420 2172 2482 tate,
2202 2421 2258 2471 et
2287 2416 2543 2472 haeretici
2573 2415 2635 2471 in
2664 2417 3108 2488 perturbatione
3132 2423 3272 2472 sunt
3286 2435 3304 2487 ς
3347 2417 3524 2473 hodie
3553 2432 3697 2474 oves

2035 2504 2345 2560 Dominiin
2370 2505 2715 2576 tuto,etlu-pi
2731 2506 3038 2562 insaniunt
3060 2522 3072 2569 ;
3091 2505 3269 2560 hodie
3284 2506 3459 2561 vinea
3474 2505 3696 2562 Domini

2033 2592 2096 2647 in
2109 2592 2499 2656 abundantia,
2541 2599 2597 2646 et
2616 2593 2877 2664 operarii
2898 2593 3222 2664 iniquitatis
3245 2594 3302 2648 in
3331 2594 3691 2663 indigentia;

2031 2681 2211 2736 hodie
2243 2680 2496 2751 populus
2525 2679 2752 2744 Christi,
2788 2680 3142 2745 charissimi,
3179 2679 3470 2737 exaltatus
3502 2689 3611 2747 est,
3639 2686 3696 2736 et

2033 2768 2254 2823 inimici
2285 2767 2542 2823 veritatis
2566 2767 2863 2823 humiliati
2887 2775 3021 2822 sunt
3049 2767 3282 2836 ;hodie,
3305 2767 3690 2833 dilectissimi,

2033 2856 2291 2911 Christus
2307 2857 2367 2911 in
2381 2855 2666 2920 lastitia,et
2693 2854 2971 2910 diabolus
2991 2854 3054 2910 in
3073 2855 3234 2910 luctu
3255 2871 3268 2920 ;
3300 2854 3478 2910 hodie
3496 2854 3693 2923 angeli

2031 2945 2090 3000 in
2122 2943 2529 3012 exsultatione,
2554 2948 2611 2998 et
2631 2944 2940 2999 dmmones
2961 2944 3018 2998 in
3039 2942 3415 2999 confusione.
3458 2945 3523 2999 Et
3547 2943 3692 3014 quid

2032 3033 2206 3105 plura
2226 3033 2421 3088 dicere
2441 3033 2470 3089 ?
2493 3033 2671 3088 Hodie
2702 3032 2964 3087 Christus
2984 3031 3087 3103 qui
3104 3036 3191 3088 est
3217 3047 3317 3088 rex
3337 3031 3527 3104 pacis,
3549 3046 3690 3088 cum

2034 3139 2142 3178 sua
2154 3137 2300 3193 pace
2318 3121 2648 3193 procedens
2661 3120 2890 3190 fugavit
2905 3135 3081 3176 omne
3097 3119 3438 3185 dissidium.
3462 3119 3692 3175 dissen-

2034 3211 2230 3266 siones
2260 3209 2504 3280 depulit,
2539 3209 2900 3266 discordiam
2925 3209 3303 3280 perturbavit,
3333 3214 3391 3264 et
3413 3209 3559 3265 sicut
3578 3223 3692 3264 cas-

2029 3298 2154 3353 lum
2169 3298 2447 3369 splendor
2464 3297 2717 3364 solis,ita
2732 3298 3053 3353 Ecclesiam
3068 3297 3298 3367 fulgore
3311 3297 3473 3369 pacis
3486 3296 3690 3354 illumi-

2027 3393 2147 3443 nat.
2173 3388 2314 3455 Quia
2331 3392 2509 3443 natus
2525 3393 2607 3442 est
2632 3387 2782 3444 vobis
2799 3387 2984 3456 hodie,
3005 3387 3105 3450 ait,
3123 3386 3397 3443 Salvator
3413 3386 3621 3441 mundi.
3642 3386 3686 3443 0

2027 3491 2199 3547 quam
2214 3475 2591 3530 desiderabile
2606 3491 2818 3529 nomen
2834 3475 3201 3546 pacis,quam
3216 3472 3517 3544 religionis
3532 3473 3687 3530 Chri-

2029 3565 2234 3619 stianae
2255 3563 2464 3618 stabile
2477 3562 2959 3627 fundamentum,
2985 3562 3249 3618 etaltaris
3273 3561 3689 3617 Dominicicae-

2026 3652 2191 3708 lestis
2223 3657 2469 3707 ornatus
2497 3652 2510 3707 Ξ
2538 3654 2602 3707 Et
2634 3652 2779 3723 quid
2802 3651 3054 3722 dignum
3087 3666 3416 3722 possumus
3438 3649 3512 3705 de
3538 3664 3686 3721 pace

2025 3741 2346 3812 proloqui?
2379 3741 2499 3796 Pax
2521 3755 2740 3796 nomen
2758 3747 2846 3796 est
2863 3741 3053 3811 ipsius
3065 3740 3520 3805 Christi,sicutet
3535 3745 3688 3811 Apo-

2028 3829 2209 3883 stolus
2241 3829 2384 3883 dicit
2420 3845 2430 3882 :
2465 3829 2614 3895 Quia
2643 3829 2910 3884 Christus
2931 3835 3013 3884 est
3044 3844 3163 3898 pax
3188 3837 3406 3893 nostra,
3435 3828 3687 3898 qui/scit

2026 3925 2275 3988 utraque
2297 3933 2481 3972 unum
2501 3918 2733 3986 (Ephes.
2764 3918 2823 3987 ιι)
2850 3933 3016 3987 :quae
3033 3932 3148 3971 non
3165 3917 3685 3986 sententiis,neque

2025 4004 2164 4070 ﬁde,
2196 4005 2299 4059 sed
2328 4005 2555 4059 invidia
2579 4005 2802 4060 diaboli
2837 4004 3236 4060 dissidebant.
3295 4007 3507 4058 Verum
3538 4004 3689 4059 sicut

2027 4093 2384 4165 procedente
2396 4097 2616 4161 rege,et
2630 4092 2837 4162 platea
2865 4091 3249 4153 mundantur,
3275 4090 3540 4145 etomnis
3553 4091 3688 4146 civi-

2028 4188 2118 4238 tas
2141 4181 2388 4236 diversis
2417 4181 2664 4236 ﬂoribus
2695 4185 2750 4234 et
2774 4179 3084 4234 ornatibus
3102 4183 3440 4242 coronatur,
3463 4177 3686 4234 utnihil

2026 4272 2116 4336 sit,
2148 4268 2312 4341 quod
2328 4268 2526 4322 minus
2540 4269 2788 4338 dignum
2807 4265 3156 4336 vultuiregis
3179 4271 3470 4338 appareat
3488 4284 3505 4336 ;
3529 4266 3610 4322 ita
3630 4270 3687 4323 et

2025 4375 2204 4418 nunc,
2236 4357 2589 4428 procedente
2617 4357 2843 4411 Christo
2891 4371 3027 4426 rege
3074 4356 3262 4427 pacis,
3302 4371 3480 4412 omne
3520 4355 3686 4428 quod

2025 4449 2187 4502 triste
2201 4443 2606 4501 estauferatur
2624 4459 2658 4500 a
2687 4444 2885 4501 medio
2910 4461 2922 4511 ;
2951 4448 3004 4501 et
3026 4443 3399 4500 illucescente
3420 4445 3682 4512 veritate,

2021 4535 2259 4606 fugetur
2271 4533 3539 4605 mendacium,fugiatdiscordia,resplendeat
3551 4549 3686 4590 con-

2025 4624 2247 4680 cordia.
2267 4626 2328 4678 Et
2346 4623 2497 4678 sicut
2513 4622 2851 4694 frequenter
2877 4622 3004 4677 fieri
3025 4621 3434 4687 videmus,ubi
3453 4637 3680 4691 regum,

2022 4713 2116 4769 vel
2146 4713 2395 4768 fratrum
2424 4710 2641 4768 tabulm
2671 4710 3099 4783 depinguntur,
3135 4717 3200 4767 ut
3224 4712 3378 4768 inter
3397 4716 3682 4780 utrosque

2023 4897 2290 4938 renuam.
2345 4877 2628 4934 Nonnulla
2675 4878 2830 4934 enim
2874 4895 3076 4934 eorum
3127 4893 3291 4933 sacra
3329 4878 3682 4932 vocabantur

2027 4952 2298 5024 mysteria,
2329 4949 2414 5004 vel
2445 4967 2605 5024 sae-ra
2631 4957 2938 5024 ope-rtanea.

2096 5023 2121 5064 ά
2149 5023 2320 5085 Alias,
2350 5038 2505 5090 quam
2543 5021 2818 5075 hominum
2846 5020 2922 5074 sic
2947 5019 3147 5073 videre.

2098 5107 2123 5136 ο
2154 5084 2442 5148 Editioncs
2467 5091 2816 5146 correximus
2849 5106 2916 5145 ex
2961 5106 3068 5144 ms.
3110 5091 3361 5152 Caascn.,
3394 5087 3452 5140 in
3478 5084 3680 5156 quibus

2029 5165 2205 5227 deest,
2235 5168 2536 5232 propagata
2563 5168 2653 5216 est.

2100 5235 2121 5276 ἲ
2158 5227 2292 5288 Huic
2323 5227 2574 5287 sermoni
2593 5233 2650 5285 in
2670 5231 2959 5287 nonnullis
2982 5229 3326 5286 editionibus
3353 5227 3542 5283 titulus
3559 5231 3675 5285 est:

2029 5306 2107 5361 De
2130 5305 2422 5374 Nativitate
2468 5303 2688 5357 Domini
2711 5319 2924 5358 sermo:
2959 5318 3119 5374 quem
3151 5300 3385 5374 quidam
3419 5302 3486 5355 D.
3525 5299 3678 5355 Seve-

2030 5377 2183 5448 riam'
2214 5373 2521 5448 Gabatemis
2542 5381 2759 5446 putant,
2793 5374 2891 5430 sed
2917 5373 3076 5448 falso.
3125 5373 3368 5432 Consule
3401 5375 3681 5430 annotsta

2033 5447 2090 5502 in
2115 5445 2468 5518 praefatione.
