4040 6178
229 245 348 304 509

1716 237 1961 302 SEBMO
2002 241 2157 302 CLV.

3527 255 3647 317 810

236 379 440 444 tyrum
462 372 717 444 primus,
732 372 1057 442 Stephanus
1073 373 1471 443 purpuratum
1486 383 1514 414 ι
1535 371 1720 427 ducat
1730 385 1891 428 exer-
1919 373 1975 435 Α
1999 387 2101 428 eos
2107 371 2607 442 judicantdignos
2623 370 2791 435 ccelo,
2811 373 3046 444 quando
3066 374 3230 446 ipsos
3253 377 3476 437 faciunt
3496 386 3650 440 terra

235 462 444 524 citum,
463 461 690 533 quipro
714 460 946 516 Domini
965 460 1056 516 sui
1076 458 1104 500 δ
1133 459 1331 515 adhuc
1355 459 1581 516 calente
1599 459 1889 532 sanguine

233 551 595 620 sanguinem
630 565 807 604 suum
834 547 1049 605 avidus
1073 548 1324 604 bellator
1345 546 1613 603 effundit.
1649 549 1714 602 Et
1745 547 1890 620 quia

231 654 437 693 cruore
464 637 708 709 proprio
741 637 984 692 tinctam
1003 635 1115 692 sibi
1138 637 1264 708 ipse
1285 651 1620 708 purpuram
1645 636 1889 708 conqui-

232 727 388 790 sivit,
417 727 630 783 merito
656 742 692 782 a
718 740 855 795 rege
885 740 995 780 suo
1025 730 1382 780 consecutus
1406 729 1497 780 est
1536 727 1673 796 post
1723 739 1886 782 coro-

229 833 390 882 nam,
409 816 515 888 qui
541 815 668 886 jam
695 831 834 870 cum
865 819 1208 869 nasceretur
1236 829 1456 869 nomen
1479 813 1714 870 sortitus
1741 819 1831 870 est
1851 829 1889 871 a

229 920 456 961 corona
482 920 494 958 :
516 920 647 960 vere
664 919 844 975 quem
857 901 1686 975 praescivitetpraedestinavit,
1701 902 1885 974 ipsum

227 1009 392 1048 nunc
421 993 691 1064 martyrii
733 992 993 1064 primum
1011 992 1244 1046 vocavit
1265 991 1340 1046 ad
1363 990 1632 1060 gloriam.

821 1093 844 1121 ε
870 1081 1097 1137 SERMO
1136 1079 1287 1134 CLV.

225 1171 310 1226 De
342 1169 605 1226 kalendis
628 1170 920 1238 Januarii,
962 1183 1088 1240 quae
1117 1168 1289 1224 varia
1317 1169 1576 1237 gentium
1616 1169 1880 1239 superstic

753 1259 911 1314 tione
942 1257 1358 1328 polluebantur.

300 1348 403 1402 tibi
434 1351 703 1404 nostram
733 1347 996 1402 Christus
1022 1347 1116 1419 pie
1148 1351 1321 1402 natus
1359 1350 1446 1402 est
1475 1345 1553 1403 ad
1607 1346 1880 1411 salutem,

223 1452 368 1493 mox
395 1436 676 1492 diabolus
702 1436 920 1491 divina:
956 1435 1202 1492 bonitati
1221 1449 1540 1491 numerosa
1583 1435 1783 1504 genuit
1827 1439 1884 1490 et

222 1525 570 1596 perniciosa
602 1528 896 1597 portenta,
918 1528 982 1579 ut
1003 1523 1320 1578 ridiculum
1338 1523 1412 1578 de
1437 1521 1720 1593 religione
1733 1538 1884 1579 com-

221 1618 495 1686 poneret,
526 1614 586 1669 in
618 1613 987 1682 sacrilegium
1004 1617 1252 1669 verteret
1271 1613 1663 1683 sanctitatem,
1689 1612 1762 1668 de
1777 1612 1881 1669 ho-

220 1717 369 1758 nore
403 1703 507 1757 Dei
533 1703 654 1757 Deo
682 1707 919 1772 pararet
946 1701 1246 1772 injuriam.
1310 1701 1444 1756 Hinc
1501 1705 1607 1763 est,
1649 1700 1876 1766 fratres,
1911 1730 1956 1787 B

217 1791 362 1846 hinc
393 1790 660 1862 estquod
677 1789 701 1830 ά
730 1790 908 1846 hodie
928 1788 1179 1860 gentiles
1195 1789 1340 1844 deos
1360 1805 1498 1845 suos
1516 1788 1877 1846 fceditatibus

217 1879 553 1952 exquisitis,
587 1879 920 1949 excogitato
937 1878 1247 1941 dedecore,
1281 1879 1485 1950 etipsa
1514 1879 1877 1950 turpitudine

215 1969 518 2040 turpiores
549 1980 574 2009 ο
603 1968 896 2024 videndos
927 1967 1185 2031 trahunt,
1231 1967 1590 2032 distrahunt,
1612 1967 1635 2008 ί
1659 1972 1878 2039 pertra-

210 2055 390 2120 hunt,
418 2071 574 2127 quos
603 2054 827 2111 faciunt
847 2071 961 2110 non
982 2054 1442 2119 videndos.0uae
1469 2053 1878 2126 vanitas,qua-

211 2143 286 2199 lis
310 2143 636 2207 dementia,
670 2149 899 2215 quanta
919 2143 1172 2205 cmcitas,
1193 2141 1361 2198 fateri
1386 2142 1550 2206 deos,
1585 2147 1641 2198 et
1661 2158 1762 2198 eos
1791 2142 1878 2199 lu-

211 2231 427 2310 dibriis
461 2230 795 2287 infelicibus
818 2230 1134 2286 infamare!
1158 2231 1425 2286 lrrisores
1443 2235 1598 2296 sunt,
1623 2230 1877 2287 cultores

211 2336 337 2377 non
353 2325 516 2386 sunt,
532 2321 630 2393 qui
650 2320 789 2376 deos
803 2336 957 2392 quos
974 2319 1601 2375 veneranturilludunt
1621 2338 1632 2386 ;
1649 2319 1877 2390 injuriis

212 2410 509 2474 afﬁciunt,
528 2425 648 2466 non
671 2410 987 2479 honorant,
1013 2409 1114 2480 qui
1131 2409 1324 2464 deosa
1345 2408 1561 2480 quibus
1582 2425 1643 2464 se
1661 2409 1876 2466 forma-

211 2505 304 2554 tos
337 2498 706 2561 existimant,
727 2497 812 2551 sic
828 2496 1189 2560 deformant,
1214 2496 1603 2561 confundunt,
1630 2512 1743 2552 non
1760 2497 1876 2565 glo-

209 2587 473 2651 riiicant,
493 2587 710 2658 quieos
722 2589 796 2640 de
818 2586 948 2656 ipsa
968 2584 1317 2641 confusione
1331 2590 1720 2656 componunt.
1737 2588 1877 2642 Vere

211 2677 366 2732 sicut
394 2678 481 2731 ait
501 2674 840 2747 Apostolus,
862 2674 1007 2742 Quia
1025 2690 1139 2729 non
1155 2675 1544 2743 probaverunt
1567 2677 1740 2730 Deum
1775 2675 1878 2730 ha-

210 2765 342 2821 bere
354 2783 371 2818 ι
383 2783 415 2818 η
427 2764 904 2829 notitia,tradidit
918 2765 1050 2819 illos
1066 2764 1212 2819 Deus
1231 2765 1292 2818 in
1310 2763 1613 2832 reprobum
1627 2779 1872 2832 sensum,

209 2863 277 2908 ut
299 2854 538 2923 faciant
563 2868 630 2908 ea
644 2867 904 2924 quznon
926 2853 1280 2908 conveniunt
1298 2852 1486 2923 (Rom.
1512 2853 1554 2922 ι)
1583 2868 1594 2905 :
1631 2853 1876 2922 quando

208 2941 297 2995 eis
331 2941 559 3013 quibus
588 2940 848 2995 humana
878 2939 1193 3009 abrogant,
1215 2939 1356 2995 dant
1385 2937 1612 3002 divina,
1630 2939 1876 3011 quando

283 3078 308 3107 ι
341 3064 523 3128 Alias,
555 3065 728 3129 ducit,
756 3064 939 3119 duxit.

282 3136 314 3177 δ
335 3137 520 3191 Pasus
551 3135 757 3190 dicitur
784 3137 860 3207 ab
888 3135 1169 3206 aliquibus
1187 3135 1330 3207 die3
1348 3135 1588 3206 Augusti
1617 3135 1872 3207 ejusdem

207 3207 352 3262 anni
385 3208 478 3272 31,
511 3224 622 3277 quo
661 3206 918 3261 Christus
949 3208 1095 3262 cruci
1137 3206 1340 3261 afﬁxus
1366 3213 1452 3261 est
1481 3223 1584 3275 pro
1614 3206 1874 3261 omnium

207 3279 422 3333 salute.
462 3279 569 3334 Sed
601 3284 657 3333 et
688 3277 994 3333 traditione
1036 3277 1317 3345 Ecclesiae,
1349 3278 1578 3331 Patrum
1621 3278 1874 3332 testimo-

207 3350 322 3404 niis
361 3350 758 3420 comprobata,
793 3353 1100 3403 coronatus
1134 3351 1219 3402 est
1246 3365 1315 3402 vn
1345 3348 1584 3420 kalend.
1619 3349 1872 3420 Januarii

207 3438 369 3474 anno
391 3418 602 3474 Christi
634 3419 702 3473 34
732 3420 976 3489 expleto,
1013 3419 1316 3474 incohante
1339 3418 1434 3472 illo
1458 3419 1578 3488 ipso
1599 3419 1690 3474 die
1711 3420 1877 3474 annis

208 3494 280 3548 35
313 3509 348 3546 a
377 3491 682 3546 nativitate
704 3492 874 3546 Dom.
908 3492 1067 3546 Mm.
1093 3489 1630 3561 —Martyrologium
1658 3491 1875 3545 Adonis

209 3564 440 3618 editum
470 3580 506 3616 a
534 3561 722 3616 claris.
773 3561 1036 3631 Georgio,
1069 3566 1210 3633 tom.
1244 3561 1288 3616 Ι.
1317 3579 1444 3633 pag.
1476 3561 1536 3615 7:
1585 3561 1791 3617 Natale
1819 3561 1872 3617 S.

211 3635 487 3704 Stephani
525 3637 963 3702 protomartyris
991 3649 1120 3704 non
1164 3632 1317 3701 longe
1359 3632 1476 3702 past
1521 3634 1877 3704 ascensionem

211 3703 446 3760 Domini
477 3706 644 3774 passi,
687 3704 858 3758 eodem
901 3703 1111 3758 scilicet
1150 3719 1296 3758 anno
1341 3704 1604 3773 passionis
1651 3703 1871 3774 Christi.

210 3781 296 3831 An
339 3773 598 3830 vero’die
624 3776 691 3828 '26
721 3774 1045 3830 Decembris
1082 3777 1143 3830 S.
1185 3774 1458 3844 Stephani
1491 3773 1699 3828 natalis
1737 3774 1877 3829 cele-

211 3849 434 3912 bretur,
475 3846 559 3901 vel
598 3847 722 3917 ejus
765 3846 1039 3909 inventio,
1084 3862 1157 3900 an
1189 3845 1340 3900 illius
1369 3845 1694 3917 translatio
1733 3847 1876 3917 Con-

209 3915 679 3987 stantinopolim,
716 3934 844 3988 quas
886 3932 1022 3971 ann.
1073 3918 1239 3971 Dom.
1280 3915 1542 3988 4397hac
1590 3915 1680 3970 die
1731 3915 1878 3988 facta

211 3990 394 4044 fuisse
425 3988 658 4056 dicitur,
681 3987 1066 4043 consulendus
1091 3987 1368 4042 Baronius
1400 3987 1457 4040 in
1484 3987 1722 4056 Martyr.
1742 4028 1754 4051 ,
1788 3987 1878 4042 die

209 4062 242 4112 3
270 4059 541 4131 Augusti,
573 4055 804 4115 acritem
830 4059 1099 4114 Sollerius
1128 4060 1200 4112 ad
1229 4059 1574 4114 Usuardum.
1599 4055 1689 4111 die
1708 4057 1739 4110 3
1770 4061 1878 4112 Au-

255 4132 394 4187 usti.

213 4149 552 4257 gufuSermo
580 4199 671 4255 hic
713 4201 978 4256 laudatur
1007 4217 1041 4254 a
1070 4203 1320 4255 Martene
1343 4200 1412 4254 de
1443 4198 1635 4268 Antiq.
1665 4198 1873 4254 Eccles.

212 4273 450 4344 Discipl.
483 4278 626 4327 tom.
661 4273 681 4327 Ι
712 4290 840 4344 pag.
874 4271 996 4344 104.
1038 4272 1251 4344 Notum
1278 4270 1566 4344 omnibus,
1590 4269 1878 4344 kalendas

212 4341 549 4408 Ianuarias,
575 4341 818 4414 quarum
849 4343 1082 4397 tertium
1109 4342 1260 4414 diem
1282 4342 1367 4396 vel
1391 4341 1571 4411 pridie
1586 4343 1877 4414 Novarum

226 4416 360 4471 Vota
384 4411 699 4470 vocitatum
728 4419 830 4478 est,
859 4415 1011 4484 quod
1036 4431 1102 4468 eo
1131 4413 1220 4468 die
1248 4417 1379 4468 vota
1395 4429 1500 4484 pro
1527 4412 1712 4467 salute
1726 4411 1876 4482 prin-

214 4487 357 4558 cipis
369 4486 814 4558 susciperentur,
840 4486 990 4554 apud
1007 4485 1360 4558 Christianos
1392 4484 1578 4558 adhuc
1599 4484 1879 4558 immode-

215 4556 355 4613 rata:
391 4556 674 4612 libertatis
701 4561 757 4612 et
777 4556 1236 4624 intemperantia;
1261 4556 1453 4611 fuisse.
1490 4556 1876 4619 Quamobrem

213 4629 441 4699 antiqui
495 4628 690 4682 Patres
718 4633 772 4682 et
799 4626 1039 4681 concilia
1071 4627 1274 4682 acriter
1303 4631 1524 4699 contra,
1546 4644 1746 4699 eorum
1769 4627 1876 4699 ob-

217 4697 613 4755 servationem
651 4699 1013 4753 invehuntur.
1048 4698 1789 4768 Chrysostomus,homil.23
1821 4697 1876 4751 in

217 4790 312 4825 eos
339 4772 440 4841 qui
475 4770 772 4824 novilunia
811 4772 1139 4834 observant,
1195 4773 1334 4841 tom.
1388 4771 1403 4822 Ι
1437 4786 1565 4841 pag.
1610 4770 1713 4825 ’264
1738 4769 1875 4822 edit.

218 4840 586 4920 Francol'urt.
622 4841 780 4920 “398-,
817 4841 1028 4920 inultos
1059 4857 1125 4894 eo
1153 4840 1669 4920 diesuperstitiosm
1692 4841 1877 4920 obser-

217 4913 437 4968 vationi
471 4917 528 4966 et
559 4912 811 4982 auguriis
839 4912 1067 4966 deditos
1093 4927 1214 4965 esse
1238 4909 1392 4976 dicit,
1430 4927 1495 4982 ac
1525 4915 1722 4982 putare
1753 4909 1880 4965 reli-

216 5003 395 5055 quum
426 4981 650 5038 annum
671 5001 728 5037 se
750 4983 1008 5036 hilariter
1030 4981 1500 5055 transacturos,si
1520 4981 1876 5036 novilunium

217 5051 319 5110 hoc
355 5055 620 5110 hilariter
660 5056 947 5124 degerent.
997 5053 1222 5108 Similes
1253 5070 1391 5122 quas
1432 5051 1879 5124 Chrysostomus

218 5128 486 5198 querelas
517 5126 690 5198 habet
730 5122 1102 5198 Augustinus,
1137 5140 1310 5198 serm.
1411 5123 1478 5178 de
1512 5122 1749 5198 kalend.
1789 5126 1877 5178 Ja-

219 5194 410 5253 nuarii
442 5203 580 5251 tom.
619 5197 669 5250 Χ
701 5194 840 5268 pag.
871 5195 1014 5268 6'21;
1055 5195 1312 5268 Asterius
1349 5197 1693 5258 Amasenus,
1718 5194 1874 5268 hom.

219 5271 249 5323 4
279 5271 352 5325 de
385 5269 531 5323 festo
563 5266 820 5330 kalend.)
848 5284 940 5338 ap.
969 5266 1268 5329 Combeiis,
1313 5270 1460 5322 auct.
1484 5282 1614 5338 nov.
1649 5282 1778 5337 pag.
1810 5267 1878 5320 65

222 5339 558 5394 Ambrosius
584 5355 755 5394 serm.
779 5340 843 5392 l7
873 5337 972 5407 per
998 5341 1202 5394 totum.
1223 5337 1564 5392 Prudentius
1590 5337 1726 5391 lib.i
1751 5353 1880 5391 con-

225 5417 306 5464 tra
330 5410 749 5481 Symmachum
777 5426 788 5462 :

349 5507 534 5555 ...Jano
563 5506 710 5554 etiam
742 5505 924 5555 celebri
960 5506 1020 5554 de
1050 5514 1210 5555 mente
1235 5505 1400 5554 litatur

286 5571 536 5642 Auspiciis
556 5569 814 5642 epnlisque
836 5569 1005 5623 sacris,
1029 5568 1446 5642 quasinveterato

286 5629 601 5682 Heu'misen'
615 5633 628 5680 l
660 5629 750 5682 sub
775 5631 958 5681 honore
988 5629 1189 5692 agitant,
1223 5637 1271 5681 et
1304 5629 1481 5694 gaudia
1503 5629 1692 5679 ducunt

1997 459 2122 530 ipsa
2142 475 2265 516 non
2279 461 2519 530 dignos,
2535 477 2669 516 vere
2683 461 2799 517 dati
2815 461 3026 517 suntin
3043 464 3368 534 reprobum
3387 484 3646 539 sensum;

1998 552 2052 604 et
2076 561 2107 603 κ
2131 565 2253 605 non
2279 555 2369 606 est
2399 550 2514 605 hoc
2537 549 2746 620 judicii
2781 549 3055 615 humani,
3094 557 3180 608 est
3205 552 3315 609 hoc
3348 557 3647 628 sapientiae

1997 636 2118 703 Dei,
2154 642 2217 694 ut
2235 638 2346 709 ipsi
2373 638 2489 693 sint
2509 638 2588 708 inj
2601 638 2864 694 uriarum
2878 639 2978 694 Dei
2999 641 3285 706 vindices,
3301 645 3395 715 qui
3414 645 3648 716 injuria:

1995 726 2322 797 probantur
2351 732 2642 783 auctores.
2668 729 2806 792 Quae
2838 727 2945 794 ira,
2965 745 3099 800 quae
3113 729 3449 799 ultio,sicin
3468 735 3646 792 Deum

1995 815 2064 870 de
2085 814 2260 870 idolis
2288 819 2707 887 exsequeretur
2728 815 3038 882 offensam,
3077 823 3139 873 ut
3169 835 3270 876 eos
3295 836 3449 893 quos
3479 829 3645 880 vetu-

1995 907 2114 958 stas
2136 903 2274 968 aris,
2301 904 2846 970 incenso,victimis,
2877 906 3148 974 gemmis,
3177 924 3325 964 auro
3350 909 3495 966 deos
3512 927 3644 968 esse

1993 991 2241 1048 mentita
2269 996 2379 1055 est,
2415 992 2723 1063 posteritas
2754 993 2910 1063 turpi
2932 993 3095 1048 cultu
3136 994 3411 1052 homines
3461 998 3642 1055 fuisse

1993 1081 2370 1151 turpissimos
2375 1081 2396 1152 j
2407 1082 2690 1147 udicaret,
2706 1086 2758 1136 et
2773 1096 2979 1137 eorum
2991 1082 3198 1151 vitam,
3214 1101 3431 1150 mores,
3450 1090 3638 1149 actus,

1993 1168 2136 1240 ipsis
2159 1184 2366 1225 eorum
2381 1169 2646 1238 signaret
2666 1169 2728 1224 in
2745 1168 3027 1232 vultibus,
3053 1187 3121 1226 ac
3143 1171 3532 1230 docerettales
3557 1174 3642 1230 fu-

1991 1257 2240 1328 giendos
2264 1273 2394 1313 esse
2409 1258 2607 1329 potius
2626 1273 2810 1329 quam
2833 1257 3144 1317 colendos!
3170 1261 3414 1318 Deﬂeam
3425 1279 3510 1327 us,
3531 1262 3644 1319 fra-

1991 1350 2126 1415 tres,
2161 1351 2216 1400 et
2236 1345 2454 1417 eosqui
2487 1345 2626 1401 talia
2652 1352 2789 1401 sunt
2814 1345 3205 1412 secuti,etnos
3229 1351 3644 1407 evasissetalia

1990 1433 2218 1489 ccelitus
2243 1439 2639 1504 gaudeamus.
2667 1433 2930 1501 Quorum
2963 1435 3224 1493 formant
3254 1438 3545 1496 adulteria
3583 1440 3645 1495 in

1990 1522 2621 1594 simulacris,quorum
2648 1522 3456 1597 fornicationesimaginibus
3478 1543 3644 1585 man-

1989 1612 2420 1684 dant,quorum
2436 1613 2463 1654 δ
2487 1612 2719 1669 titulaut
2732 1613 2959 1669 incesta
2974 1613 3232 1685 picturis,
3250 1631 3502 1688 quorum
3514 1634 3641 1674 cru-

1989 1699 2257 1756 delitates
2271 1700 2697 1756 commendant
2715 1699 2899 1768 libris,
2915 1717 3175 1774 quorum
3188 1703 3509 1774 parricidia
3525 1710 3641 1762 tra-

1987 1788 2138 1844 dunt
2169 1788 2422 1852 saeculis,
2451 1805 2710 1860 quorum
2740 1790 3074 1860 impietates
3091 1797 3642 1865 personanttragm-

1985 1876 2120 1941 diis,
2135 1892 2393 1949 quorum
2407 1877 2911 1942 obscenaludunt,
2927 1877 3032 1932 hos
3045 1894 3166 1950 qua
3183 1879 3483 1936 dementia
3499 1882 3640 1938 deos

1984 1965 2310 2029 crederent,
2343 1965 2456 2020 nisi
2485 1966 2622 2037 quia
2633 1966 2952 2022 criminum
2968 1966 3275 2032 desiderio,
3292 1984 3497 2025 amore
3511 1985 3636 2024 sce-

1983 2053 2174 2109 lerum
2200 2053 2598 2124 possidentur,
2634 2049 2645 2088 ί
2675 2053 2822 2110 deas
2838 2055 3356 2126 exoptanthabere
3374 2057 3640 2113 crimino-

1987 2157 2087 2198 sos
2103 2141 2131 2195 ?
2161 2142 2268 2205 Qui
2294 2156 2541 2213 peccare
2560 2142 2742 2213 cupit,
2767 2149 3150 2214 peccatorum
3164 2144 3303 2201 colit
3319 2153 3374 2201 et
3393 2161 3639 2202 venera-

1987 2237 2080 2286 tur
2109 2234 2398 2286 auctores.
2435 2229 2576 2285 Hinc
2598 2236 2686 2286 est
2714 2231 2870 2302 quod
2903 2248 2964 2286 se
2997 2233 3204 2289 Veneri
3235 2233 3461 2290 adulter
3491 2234 3642 2291 inse-

1986 2318 2134 2385 ruit;
2167 2318 2305 2374 hiuc
2330 2319 2603 2390 estquod
2635 2335 2696 2374 se
2723 2320 2888 2375 Marti
2921 2321 3175 2376 crudelis
3214 2322 3480 2378 addicit..i
3509 2325 3643 2379 llmc

1986 2406 2515 2475 diximus,fratres,
2532 2413 2594 2463 ut
2620 2408 3008 2479 proderemus
3023 2426 3260 2465 causam
3279 2429 3292 2479 ;
3309 2427 3492 2483 quare
3505 2429 3642 2482 gen-

1987 2496 2114 2552 tiles
2135 2496 2314 2552 hodie
2341 2496 2564 2552 faciant
2584 2496 2727 2552 deos
2762 2514 2902 2552 suos
2923 2497 3060 2553 talia
3091 2499 3483 2564 committere,
3511 2518 3641 2573 quae

1989 2585 2434 2652 sustinemus,et
2459 2583 2678 2640 faciant
2694 2585 2837 2641 tales
2859 2587 2962 2656 qui
2987 2586 3320 2643 videntibus
3343 2596 3398 2644 et
3417 2589 3643 2644 horrori

1987 2672 2400 2744 sintetpudori
2427 2691 2440 2739 ;
2464 2672 2762 2728 faciantut
2783 2691 2883 2729 eos
2907 2675 3227 2745 aliquando
3241 2683 3295 2731 et
3312 2676 3639 2748 ipsiquifa-

1987 2761 2149 2815 ciunt
2166 2761 2514 2816 horreantet
2537 2761 2890 2832 relinquant,
2907 2763 3288 2818 etCliristiani
3315 2764 3640 2834 glorientur

1986 2865 2022 2906 a
2051 2849 2267 2906 talibus
2298 2848 2652 2904 seliberatos
2665 2865 2794 2905 esse
2810 2866 2910 2921 per
2922 2851 3203 2906 Christum
3225 2869 3236 2906 :
3260 2851 3310 2906 si
3329 2852 3507 2908 modo
3523 2869 3637 2908 non

1985 2954 2192 2994 eorum
2224 2954 2295 2993 ex
2319 2937 2674 3008 spectaculis
2697 2937 3057 3009 polluantur,
3088 2940 3138 2995 si
3167 2956 3373 2997 eorum
3401 2957 3522 2998 non
3546 2942 3636 2998 in-

1911 3083 1958 3143 c
2049 3060 2580 3143 Ecetranus;
2601 3061 2982 3143 Sisara???
3007 3065 3160 3143 ETS’I’E‘

2050 3124 2119 3173 Ex
2140 3125 2298 3188 atavis
2331 3125 2584 3188 quondam
2617 3125 2746 3188 male
2777 3135 2934 3188 coapta
2959 3141 2970 3180 ;
2999 3125 3177 3176 deinde
3203 3128 3387 3176 secutis

2047 3187 2245 3250 Iraditi
2275 3185 2602 3250 temporibus,
2635 3185 2864 3250 serisque
2881 3187 3144 3250 nepotibus
3165 3197 3374 3238 auctam.

2049 3247 2322 3297 Traxerunt
2343 3247 2536 3311 longam
2566 3249 2710 3297 corda
2728 3247 3007 3300 inconsulta
3039 3260 3260 3300 catenam

2048 3311 2253 3375 Mosque
2285 3310 2569 3359 tenebrosus
2596 3311 2772 3360 vitiosa
2801 3313 2850 3359 in
2879 3313 3064 3362 saecula
3099 3313 3258 3362 ﬂuxit.

1987 3434 2128 3509 _V_i(_le
2159 3435 2408 3509 hlartene
2438 3435 2507 3488 de
2532 3435 2720 3509 Antiq.
2753 3435 2974 3509 Eccles.
2997 3436 3236 3509 Discipl.,
3263 3441 3402 3492 tom.
3446 3439 3462 3492 1
3502 3455 3630 3509 pag.

1987 3506 2091 3578 104
2121 3524 2134 3569 ;
2169 3504 2536 3578 Durantﬁium,
2569 3505 2667 3578 lib.
2693 3504 2764 3578 xi
2782 3522 2912 3576 cap.
2953 3507 3019 3561 48
3050 3504 3185 3578 pag.
3218 3508 3353 3578 380;
3379 3504 3637 3563 Du-Can-

1985 3575 2161 3646 gium,
2196 3580 2343 3647 tom.
2377 3577 2420 3628 ll
2439 3593 2565 3647 pag.
2597 3576 2663 3630 l3
2687 3594 2700 3643 ;
2721 3575 2936 3631 clari’ss.
2959 3575 3377 3644 Sabbatinium,
3400 3579 3633 3636 kalend.

1987 3645 2116 3716 pag.
2153 3645 2217 3699 12
2241 3663 2254 3710 ;
2279 3645 2586 3701 concilium
2613 3647 2965 3714 Trullanum,
3001 3666 3205 3704 canon.
3241 3653 3310 3704 62
3340 3651 3631 3706 concilior.

1988 3725 2131 3800 εὶοξιὶἒ
2155 3718 2245 3800 Vll
2267 3734 2405 3800 pag.
2437 3718 2574 3800 437.5
2601 3733 2613 3782 ;
2638 3718 2972 3800 Bing:_0rig.
3008 3722 3214 3776 Eccles.
3244 3726 3387 3776 tom.
3408 3724 3631 3794 IX,pag.

1988 3788 2019 3842 6
2047 3788 2074 3859 ἓ
2100 3788 2152 3853 3,
2188 3788 2281 3842 ubi
2307 3788 2580 3858 Chrysolo
2624 3805 2718 3843 um
2747 3790 2902 3844 citat.
2924 3788 2941 3790 “
3482 3788 3519 3794 ⁷’
3580 3788 3605 3793 ⁷

2059 3858 2085 3898 d
2119 3861 2194 3912 Ex
2236 3858 2343 3912 hoc
2373 3863 2527 3913 textu
2577 3807 2814 3931 dignum
2869 3862 3268 3918 observatione
3311 3881 3513 3920 censeo
3571 3879 3636 3919 ea

1989 3931 2570 4009 tempestatemultos
2589 3931 2858 4009 deplebe
2885 3949 2950 3986 ac
2980 3934 3392 4009 nobilesfuisse
3423 3938 3638 3990 Raven-

1988 4016 2100 4075 μαι,
2126 3999 2442 4075 qui_adhuc
2468 3999 2763 4075 gentilitio
2777 4018 2940 4075 more
2967 4004 3241 4075 viverent,
3264 4005 3528 4075 idolaque
3549 4022 3640 4058 co-

1989 4069 2192 4126 lerent.
2231 4071 2401 4124 Mm.
2432 4069 2503 4112 4-
2530 4072 2641 4126 Sed
2671 4071 2891 4127 ludicra
2925 4073 3049 4128 hinc
3089 4069 3634 4130 Christianis'etiam

1990 4142 2199 4196 usitata
2235 4149 2429 4213 erant.
2482 4141 2722 4213 Consule
2761 4144 2950 4213 quoad
2991 4145 3350 4200 Ravennates
3382 4147 3636 4200 Rubeum

1991 4213 2197 4267 Histor.
2232 4212 2328 4266 lib.
2361 4228 2399 4267 ιι
2430 4229 2559 4283 pag.
2587 4212 2707 4267 106.

2060 4296 2085 4324 θ
2116 4283 2262 4338 Editi
2289 4299 2303 4338 :
2337 4284 2462 4354 Ipsa
2484 4283 2820 4354 turpitudine
2853 4285 3132 4353 turpiores
3157 4287 3282 4341 deos
3307 4302 3428 4342 suos
3459 4285 3637 4341 viden-

1987 4355 2356 4428 dositrahunt.
2392 4355 2625 4410 Frustra
2653 4354 2894 4425 repetita
2931 4357 3102 4411 verba
3129 4357 3253 4413 deos
3284 4374 3406 4413 suos
3427 4374 3640 4428 expun-

1910 4441 1953 4499 ι)
1987 4425 2387 4499 gitMeursius.

2059 4496 2082 4538 ἰ
2107 4496 2426 4551 Simulacra
2453 4495 2607 4572 enim
2630 4496 3033 4572 deorumtunc
3063 4499 3340 4572 temporis
3370 4501 3640 4572 produce-

1987 4568 2197 4622 bantur
2216 4584 2346 4622 cum
2369 4567 2528 4624 omni
2558 4568 2712 4624 cultu
2735 4585 2746 4624 :
2782 4570 2893 4636 Qui
2917 4587 3040 4626 cum
3061 4567 3332 4627 ridiculus
3351 4567 3486 4628 esset
3505 4572 3644 4626 ridi-

1990 4639 2174 4714 culum
2204 4639 2409 4714 facere,
2440 4646 2506 4714 et
2531 4640 2800 4714 insultare
2826 4641 2962 4711 ipsis
2991 4642 3100 4714 diis
3131 4645 3246 4697 suis
3287 4644 3490 4698 talibus
3516 4660 3643 4714 pro-

1987 4711 2332 4764 ductionibus
2351 4713 2432 4763 ait
2445 4711 2824 4781 Chrysologus.
2859 4713 3150 4782 Barthius,
3176 4714 3414 4770 Advers.
3431 4711 3640 4769 libeui

1989 4799 2111 4851 cap.
2150 4782 2214 4834 l2
2248 4799 2374 4851 pag.
2408 4781 2565 4837 22503.

2059 4854 2185 4906 sDe
2225 4852 2554 4924 hujusmodi
2586 4854 3093 4910 lectionisveritate
3118 4855 3323 4910 merita
3354 4857 3642 4925 suspican-

1989 4923 2123 4977 dum
2158 4939 2280 4978 esse
2303 4923 2467 4977 notat
2498 4924 2750 4979 Latinius
2772 4942 2784 4979 :
2805 4943 2938 4979 nam
2964 4926 3020 4980 in
3049 4944 3149 4980 suo
3171 4927 3361 4980 codice
3383 4923 3637 4995 legerat:

1987 4995 2116 5049 Non
2143 5003 2220 5050 est
2254 4995 2354 5049 hoc
2382 4996 2572 5058 iudicii
2600 4996 2800 5050 divini.
2834 4996 3158 5052 Genuinam
3194 4997 3493 5051 lectionem
3516 5012 3639 5050 res-

1989 5066 2269 5121 tituimus.

2060 5137 2086 5177 h
2113 5138 2425 5191 Exornant.
2458 5136 2838 5191 'l‘ertullianus
2870 5137 2924 5190 in
2951 5154 3139 5199 poem.
3175 5138 3244 5190 de
3268 5136 3485 5191 Judicio
3499 5137 3596 5192 Dei
3623 5152 3634 5190 :

2051 5250 2167 5312 Quis
2199 5249 2318 5312 mihi
2347 5250 2582 5298 ruricolas
2610 5250 2810 5312 aptabit
2833 5252 3045 5299 carmine
3081 5265 3251 5299 musas

2053 5311 2116 5360 Et
2151 5311 2312 5360 vernis
2342 5325 2508 5359 roseas
2539 5311 2760 5361 titulabit
2784 5311 2992 5362 floribus
3015 5327 3158 5362 auras
3176 5315 3200 5360 7

2060 5408 2071 5447 ί
2098 5406 2264 5470 Editi,
2310 5409 2600 5462 criminum
2645 5408 2764 5462 deos
2793 5412 3079 5477 exoptant.
3112 5415 3180 5463 Τὸ
3229 5412 3529 5466 criminum
3555 5413 3637 5468 bis

1990 5477 2296 5556 repe_tit_um
2331 5477 2538 5556 iterum
2579 5479 2852 5551 expungit
2872 5479 3176 5556 Meursius.

2056 5549 2088 5626 ᾇΔ
2107 5551 2310 5626 Totam
2339 5549 2633 5621 periodum
2689 5549 3013 5626 exfmssLet
3040 5555 3365 5626 conjectura
3392 5555 3639 5612 restituit

1993 5619 2153 5677 Mita.
2195 5620 2328 5678 Alta
2341 5619 2460 5677 ‘nox
2490 5637 2663 5694 penes
2691 5621 2836 5678 alias
2859 5619 3156 5681 editiones:
