4040 6178
265 235 382 298 613

1728 221 1972 296 SERMO
2023 231 2232 295 CLVII.

3577 239 3701 308 θη

260 369 542 439 gentium.
573 366 736 424 Unde
759 368 815 422 et
841 363 1056 431 David,
1084 365 1244 422 Juda
1269 379 1380 422 rex
1400 381 1556 422 meus
1571 366 1756 434 (Psal.
1782 370 1917 435 ιιι).
1959 371 2006 428 Α
2040 367 2361 424 insultant:
2385 369 2633 440 quando
2664 368 2915 424 scientes
2949 367 3313 441 interregant
3341 374 3692 450 nescientes,

263 457 404 519 Cum
421 463 591 512 natus
603 461 744 512 esset
755 455 918 510 Jesus
933 455 993 509 in
1014 454 1352 511 Bethlehem
1365 454 1538 512 Judce
1549 456 1608 509 in
1619 456 1806 511 diebus
1820 455 1927 512 He-

261 546 426 601 rodis
453 547 632 615 regis.
665 544 819 610 Quid
845 551 950 609 est,
984 543 1149 615 quod
1168 549 1186 574 ⁸
1220 549 1484 616 tempore
1513 545 1668 614 regis
1683 543 1927 600 nefandi

268 638 421 691 Deus
441 633 751 689 descendit
771 632 848 688 ad
866 637 1050 687 terras
1067 631 1094 684 ?
1113 632 1392 687 miscetur
1413 633 1695 689 divinitas
1722 632 1927 688 carni?

261 722 331 779 ﬁt
352 727 589 778 terreno
616 722 848 792 corpori
871 719 1104 775 caeleste
1128 720 1558 776 commercium
1577 722 1605 775 ?
1626 721 1775 786 Quid
1796 726 1884 777 est
1900 720 1928 775 Ῡ

260 816 316 868 et
340 811 592 886 quando
608 826 727 866 non
748 825 925 865 verus
945 825 1046 864 rex
1079 810 1434 882 expulsurus
1451 811 1928 882 tyrannum,vin-

259 901 570 957 dicaturus
587 900 868 972 patriam,
893 899 1324 954 instauraturus
1347 900 1575 965 orbem,
1602 899 1927 955 libertatem

257 989 587 1046 redditurus
603 986 920 1044 adventat?
936 988 1187 1042 Herodes
1205 986 1234 1030 ιδ
1263 987 1464 1058 refuga
1477 1003 1582 1058 gen
1593 987 1663 1042 tis
1675 987 1928 1042 Judaicze

255 1074 1088 1147 invasitregnum,libertatcm
1103 1073 1685 1143 sustulit,profanavit
1702 1079 1922 1140 sancta,

255 1166 534 1222 confudit
577 1164 851 1221 ordinem
873 1182 890 1234 ;
921 1163 1219 1234 quidquid
1249 1162 1596 1235 disciplina,
1629 1163 1926 1235 quidquid

253 1255 455 1310 cultus
480 1260 586 1322 est,
613 1252 875 1310 abolevit
899 1269 912 1318 ;
934 1251 1145 1307 merito
1161 1267 1302 1321 ergo
1329 1253 1487 1322 genti
1517 1257 1758 1318 sanctas,
1781 1252 1925 1323 quia

250 1342 532 1399 humana
561 1341 796 1406 desunt,
830 1340 1033 1396 divina
1072 1345 1446 1404 succurrunt,
1476 1345 1532 1396 et
1561 1341 1729 1396 adest
1774 1343 1923 1395 Deus

252 1433 393 1504 ipsi,
432 1432 527 1487 cui
551 1431 736 1487 homo
753 1444 874 1484 non
895 1433 1015 1483 erat
1030 1429 1130 1499 qui
1157 1428 1518 1484 adesset.Sic
1535 1429 1747 1484 iterum
1767 1428 1923 1484 Chri-

251 1528 384 1575 stus
414 1521 704 1585 veniet,ut
723 1518 1121 1574 Antichristus
1143 1517 1413 1583 subruat,
1441 1517 1718 1573 liberetur
1733 1518 1913 1582 orbis,

250 1609 518 1683 paradisi
534 1608 726 1680 patria
744 1606 1261 1671 reddatur,mundi
1279 1611 1646 1679 perpetuetur
1661 1605 1914 1673 libertas,

250 1697 464 1753 saeculi
505 1697 755 1792 servitus
779 1699 902 1752 tota
924 1695 1181 1792 tollatur.
1209 1696 1359 1752 Ecce
1384 1697 1542 1766 magi
1562 1695 1632 1750 ab
1684 1695 1918 1751 Oriente
1944 1733 1991 1792 Β

247 1793 564 1842 venerunt.
592 1785 679 1840 Ab
701 1785 933 1840 Oriente
956 1784 1030 1840 ad
1060 1784 1353 1840 Orientem
1371 1787 1617 1840 veniunt
1645 1785 1824 1854 magi,
1853 1787 1918 1840 ut

247 1876 588 1947 susciperet
612 1874 915 1929 venientes
949 1873 1074 1943 ipse
1105 1873 1207 1944 qui
1231 1873 1490 1943 jusserat
1519 1878 1582 1930 ut
1608 1874 1912 1929 venirent:

242 1963 505 2036 quando
518 1963 678 2018 enim
694 1965 877 2017 Deum
900 1961 1253 2030 magus,nisi
1279 1961 1397 2017 Deo
1419 1961 1665 2031 jubente
1688 1961 1916 2032 perqui-

239 2053 450 2108 reret?
476 2051 725 2126 quando
738 2065 940 2120 regem
959 2049 1216 2105 ccelinisi
1231 2050 1528 2104 revelante
1545 2050 1663 2105 Deo
1680 2061 1705 2090 ο
1735 2054 1916 2105 astro-

239 2139 426 2210 logus
442 2139 811 2195 invenisset?
823 2137 1057 2210 quando
1077 2153 1264 2192 unum
1282 2140 1463 2192 Deum
1479 2138 1603 2192 sine
1617 2139 1735 2193 Deo
1753 2136 1920 2193 Chal-

239 2228 419 2284 dreus
452 2228 734 2284 adoraret
764 2228 824 2282 in
854 2232 1028 2291 terra,
1058 2227 1161 2298 qui
1203 2227 1260 2281 in
1293 2226 1444 2281 ccelo
1467 2225 1486 2256 ‘
1518 2226 1632 2280 diis
1671 2226 1918 2282 totidem

236 2322 388 2388 quot
402 2315 694 2372 sideribus
709 2315 1002 2371 serviebat
1022 2316 1052 2370 ’ἲ
1072 2315 1198 2370 Plus
1212 2314 1445 2370 caeleste
1459 2315 1528 2370 de
1543 2314 1726 2384 magis
1735 2330 1918 2385 quam

234 2404 317 2460 de
347 2405 529 2461 stella
560 2405 803 2475 signum
819 2403 1094 2476 est,quod
1108 2405 1132 2458 ,Ι
1143 2404 1327 2458 udeem
1349 2419 1572 2473 regem,
1593 2404 1754 2475 quod
1769 2403 1916 2473 legis

235 2499 561 2550 auctorem
580 2508 785 2564 magus
799 2493 925 2560 scit,
939 2493 1125 2548 nescit
1141 2493 1168 2546 J
1177 2492 1378 2548 udecus
1405 2492 1698 2560 ;Chaldea
1713 2492 1914 2561 defert,

234 2598 366 2639 non
381 2582 612 2638 defertJ
623 2582 796 2637 udzea
815 2597 829 2647 ;
847 2581 1254 2652 Hierosolyma
1267 2586 1576 2636 aversatur
1592 2585 1649 2636 et
1664 2580 1878 2649 refugit
1895 2599 1912 2650 ;

235 2672 418 2745 Syria
429 2671 701 2743 sequitur
712 2675 768 2726 et
781 2670 1009 2726 adorat.
1040 2669 1192 2725 Ecce
1216 2672 1374 2739 magi
1394 2671 1468 2726 ab
1497 2669 1734 2725 Oriente
1755 2684 1915 2725 vene-

231 2767 392 2816 runt
419 2761 706 2815 dicentes:
729 2760 836 2816 Ubi
863 2767 942 2815 est
966 2760 1062 2830 qui
1089 2766 1261 2815 natus
1284 2762 1366 2814 est
1395 2773 1504 2813 rea:
1524 2759 1868 2814 Judceorum
1888 2759 1916 2810 ?

239 2850 520 2905 Vidimus
536 2850 768 2905 stellam
785 2851 1001 2918 ejus.Et
1020 2847 1156 2919 quid
1172 2852 1355 2903 tamen
1371 2849 1631 2918 estquod
1644 2846 1867 2901 videtur
1886 2847 1914 2900 ‘t

233 2940 390 2993 Vere
422 2940 577 2994 sicut
600 2937 742 2992 dixit
767 2934 1121 3008 Apostolus:
1148 2936 1290 2991 Cum
1318 2942 1459 2992 esset
1487 2935 1670 2997 dives,
1689 2949 1916 3006 pauper

217 3027 448 3098 factus
475 3032 558 3083 est
591 3029 658 3095 (ll
682 3025 822 3080 Cor.
856 3024 979 3096 vni)
1001 3042 1017 3095 ;
1040 3040 1177 3080 cum
1204 3029 1356 3080 esset
1377 3026 1437 3079 in
1465 3023 1682 3079 deitate
1705 3039 1813 3079 sua
1832 3021 1915 3077 di-

2038 454 2195 511 fnon
2218 455 2330 528 ipsi
2353 457 2648 526 ignorant,
2682 460 2785 513 sed
2811 457 3176 527 negligentes
3205 466 3482 528 arguunt,
3516 464 3698 521 incre-

2043 550 2183 614 pant
2198 545 2661 612 desides,malos
2675 545 2953 617 produnt,
2971 550 3354 603 contumaces
3366 549 3694 624 verberant,

2039 647 2239 688 servos
2257 635 2508 690 Domino
2526 635 2990 690 nonoccurrisse
3006 640 3452 696 accusant.Nam
3467 640 3602 711 quid
3623 642 3698 696 ab

2038 720 2385 778 hominibus
2408 728 2705 795 quaerunt,
2737 723 2837 795 qui
2867 739 2972 794 per
2999 726 3183 779 Deum
3213 731 3503 782 noverant
3532 729 3697 800 quod

2037 810 2381 880 quaerebant
2394 812 2420 866 ‘I
2447 814 2513 866 Ut
2530 811 2666 883 quid
2690 811 2800 866 illis
2819 812 2892 866 ad
2909 811 3021 867 hoc
3034 811 3316 868 humanae
3330 815 3697 874 demonstra-

2039 898 2210 953 tionis
2227 897 2490 955 ofticium
2508 899 2728 972 quibus
2744 903 2820 955 ad
2836 900 2949 956 hoc
2971 901 3101 955 cceli
3121 903 3313 957 sidera
3329 904 3694 962 serviebant?

2038 989 2165 1051 Quo
2187 987 2298 1042 illis
2325 987 2568 1043 lucerna
2593 989 2815 1059 templi,
2838 989 3060 1061 quibus
3077 989 3208 1045 coeli
3238 992 3402 1046 sidus
3419 992 3692 1051 mirabile

2035 1074 2417 1145 perlucebat?
2437 1076 2544 1132 Ubi
2557 1081 2638 1132 est
2663 1080 2766 1148 qui
2781 1084 2948 1132 natus
2973 1085 3052 1133 est
3080 1094 3185 1134 rex
3199 1080 3692 1137 Judaiorumfﬂoc

2036 1163 2329 1219 estdicere
2351 1180 2361 1217 :
2383 1166 2496 1219 Cur
2508 1181 2608 1220 rex
2628 1165 2956 1220 Judasorum
2975 1165 3032 1221 in
3053 1170 3691 1238 praesepejacet,etnon

2034 1250 2337 1308 decumbit
2357 1252 2416 1306 in
2440 1253 2702 1325 templo?
2725 1254 2840 1309 Cur
2862 1270 2982 1310 non
3002 1253 3257 1325 iulgetin
3278 1271 3559 1327 purpura,
3589 1258 3692 1312 sed

2035 1341 2264 1411 squalet
2285 1341 2344 1396 in
2373 1343 2622 1414 pannis?
2646 1346 2759 1398 Cur
2787 1342 2928 1398 latet
2957 1344 3015 1397 in
3049 1359 3250 1415 specu,
3274 1344 3695 1400 etmanifestus

2031 1430 2091 1484 in
2115 1434 2454 1488 sanctuario
2472 1448 2590 1488 non
2614 1433 2866 1488 habetur
2883 1433 2910 1486 ‘l
2940 1435 3604 1505 Receperuntjumenta
3631 1435 3690 1490 in

2029 1521 2305 1593 praesepi,
2322 1538 2502 1593 quem
2535 1524 2596 1578 in
2619 1523 2799 1578 domo
2823 1539 2933 1578 sua
2961 1524 3221 1593 recipere
3240 1539 3341 1580 vos
3365 1525 3688 1596 sprevistis.

2028 1610 2300 1679 Agnovit,
2325 1610 2469 1667 sicut
2491 1612 2774 1682 scriptum
2802 1612 3006 1677 est,bos
3020 1628 3396 1682 posssesorem
3418 1629 3605 1679 suum,
3635 1619 3690 1669 et

2029 1698 2224 1752 asinus
2253 1713 2513 1766 prasepe
2542 1699 2870 1770 dominiﬁsui
2894 1700 3053 1769 (Isai.
3080 1702 3144 1769 I);
3168 1705 3224 1754 tu
3244 1705 3465 1766 autem,
3489 1701 3687 1765 lsrael,

2031 1790 2198 1840 tuum
2224 1786 2541 1841 Dominum
2555 1802 2675 1842 non
2694 1787 2978 1858 qumsisti.
3007 1788 3264 1842 Vidimus
3286 1791 3519 1844 stellam
3537 1791 3685 1858 ejus.

2027 1874 2316 1945 Apparuit
2334 1874 2500 1930 stella
2517 1891 2637 1929 non
2657 1875 2994 1939 volens,sed
3011 1875 3202 1946 jussa;
3227 1892 3346 1930 non
3370 1876 3497 1931 caeli
3520 1884 3688 1940 nutu,

2027 1961 2132 2016 sed
2156 1961 2476 2018 Divinitatis
2502 1962 2792 2033 impulsu;
2818 1977 2941 2017 non
2966 1962 3092 2032 lege
3116 1963 3503 2033 siderum,sed
3527 1963 3691 2018 novi-

2029 2053 2144 2105 tate
2169 2051 2500 2119 signorum;
2522 2066 2642 2106 non
2666 2051 2795 2106 coeli
2816 2051 3185 2117 climate,sed
3207 2052 3416 2106 virtute
3442 2066 3692 2106 nascen-

2029 2138 2120 2203 tis;
2141 2154 2261 2193 non
2282 2139 2359 2194 ab
2377 2146 2519 2205 arte,
2538 2139 2640 2194 sed
2658 2155 2692 2195 a
2709 2143 2845 2205 Deo;
2866 2155 2985 2194 non
3002 2139 3291 2209 astrologi
3306 2140 3569 2208 scientia,
3586 2140 3691 2196 sed

2029 2227 2398 2298 prasscientia
2415 2227 2770 2299 Conditoris;
2797 2244 2915 2283 non
2939 2227 3309 2284 arithmetica
3330 2228 3690 2294 ratione,sed

2030 2317 2334 2372 sanctione
2357 2317 2590 2383 divina;
2616 2332 2878 2388 superna
2900 2317 3336 2388 procuratione,
3357 2332 3477 2372 non
3497 2317 3689 2372 curio-

2029 2405 2198 2484 sitate
2225 2405 2513 2473 Chaldea;
2549 2421 2672 2462 non
2703 2413 2826 2461 arte
2859 2406 3114 2475 magica,
3148 2405 3250 2460 sed
3276 2405 3527 2461 Judaica
3556 2421 3689 2478 pro-

2028 2493 2246 2564 phetia.
2273 2495 2367 2549 Sic
2391 2493 2492 2548 ubi
2514 2493 2662 2548 vidit
2688 2509 2901 2564 magus
2927 2493 3216 2548 humanas
3232 2494 3475 2564 periisse
3497 2510 3684 2558 curas,

2027 2598 2166 2638 suas
2184 2582 2467 2638 defecisse
2486 2587 2658 2646 artes,
2681 2580 2995 2637 mundanae
3015 2583 3321 2653 sapientiae
3350 2581 3684 2638 exinanitos

2024 2670 2552 2737 labores,omnium
2572 2670 2820 2724 sudores
2836 2669 3167 2739 obriguisse
3181 2671 3685 2732 sectarum,totius

2025 2758 2419 2830 philosophiae
2443 2758 2754 2813 thesauros
2780 2773 2906 2812 esse
2938 2763 3242 2820 vacuatos,
3261 2758 3484 2826 fugisse
3504 2773 3686 2828 paga-

2025 2863 2157 2902 nam
2172 2847 2764 2916 noctem,opinionum
2779 2845 3025 2901 nebulas
3041 2846 3557 2916 concidisse,ipsas
3577 2846 3685 2902 dte—

2026 2952 2273 2991 monum
2291 2936 2588 2990 delituisse
2605 2934 3106 3001 umbras,stellam
3127 2950 3246 2990 non
3264 2940 3326 2989 ut
3343 2939 3637 2990 cometam
3653 2947 3687 2988 ε

2025 3024 2420 3080 incirconfuso
2442 3024 2600 3079 crine
2623 3025 2922 3080 occultare
2942 3024 3103 3095 quod
3127 3024 3380 3087 nuntiat,
3399 3024 3686 3079 obscura-

227 3086 678 3181 ves,nostra‘ﬁt
698 3129 928 3194 pauper
1030 3128 1207 3168 carne
1231 3130 1244 3179 ;
1274 3117 1329 3168 et
1348 3112 1568 3168 habere
1594 3111 1916 3183 ccepitstel-
1943 3086 1988 3146 Ο
2024 3129 2084 3168 re
2112 3113 2276 3186 quod
2310 3113 2483 3177 lucet,
2515 3114 2598 3168 sic
2621 3113 2785 3168 dicit:
2810 3113 2838 3154 ι»
2862 3086 2979 3168 Fas
2992 3119 3102 3181 est,
3126 3117 3190 3167 tu
3215 3127 3370 3168 novo
3400 3112 3588 3176 radio,
3616 3111 3689 3168 si-

227 3201 367 3259 lam
399 3219 613 3266 unam,
645 3207 834 3258 totam
848 3203 951 3269 qui
973 3199 1670 3266 fecit,habetetcontinct
1688 3205 1914 3256 creatu-

229 3306 398 3347 ram.
429 3292 694 3347 Vidimus
723 3292 944 3347 stellam
979 3295 1123 3359 ejus.
1158 3287 1492 3360 Aliquando
1522 3288 1685 3344 videt
1706 3302 1912 3358 magus

231 3379 414 3436 illum
441 3381 544 3451 qui
571 3379 753 3436 habet
782 3379 1034 3444 stellam,
1064 3393 1187 3434 non
1216 3378 1470 3434 habetur
1499 3394 1536 3433 a
1567 3377 1770 3444 stella;
1802 3393 1911 3433 nec

237 3470 376 3540 ipse
408 3469 604 3539 agitur
629 3484 811 3524 cursu
836 3467 1144 3532 stellae,sed
1167 3467 1293 3538 ipse
1313 3466 1493 3522 stellae
1512 3467 1634 3538 agit
1650 3482 1907 3530 cursum,

238 3558 423 3627 cujus
452 3572 558 3629 per
584 3557 802 3612 coelum
819 3556 902 3612 sic
925 3571 1170 3611 cursum
1203 3555 1426 3625 dirigit,
1454 3556 1536 3610 sic
1565 3555 1912 3610 moderatur

244 3646 580 3714 incessum,
607 3645 690 3701 sic
710 3645 871 3701 viam
889 3648 1200 3717 temperat,
1226 3655 1250 3686 ο
1272 3649 1336 3700 ut
1361 3659 1679 3715 magorum
1693 3644 1912 3700 serviat

246 3734 592 3790 etmittatur
603 3734 679 3791 ad
693 3736 1035 3804 gressum.N
1043 3749 1141 3789 am
1156 3733 1503 3788 ambulante
1525 3748 1726 3802 mago,
1745 3732 1912 3789 stella

244 3839 348 3879 am
360 3823 549 3880 bulat:
568 3823 802 3878 sedente
819 3827 1134 3892 mago,stat
1147 3821 1316 3877 stella
1337 3837 1350 3886 ;
1368 3836 1547 3891 mago
1565 3822 1907 3886 dormiente,

244 3911 515 3968 excubat
530 3911 698 3967 stella
721 3929 733 3966 :
755 3912 836 3966 sic
853 3909 1027 3966 sentit
1040 3910 1573 3981 magus,utquibus
1588 3909 1790 3965 viandi
1810 3925 1913 3980 par

243 4001 517 4056 conditio
537 4006 645 4064 est,
669 4016 778 4071 par
801 4000 875 4056 sit
901 4000 1224 4056 necessitas
1239 3998 1532 4054 serviendi
1557 4015 1570 4064 ;
1603 4005 1660 4052 et
1681 3998 1910 4053 stellam

232 4092 374 4158 jam
407 4104 531 4144 non
563 4092 748 4144 Deum
778 4087 983 4158 credit,
1014 4088 1118 4144 sed
1129 4087 1361 4158 judicat
1385 4102 1513 4141 esse
1545 4102 1908 4149 conservam,

240 4193 437 4249 quam
452 4176 634 4232 cernit
652 4175 842 4232 taliter
856 4177 978 4230 suis
1001 4175 1306 4247 obsequiis
1333 4176 1755 4245 mancipatam.
1803 4175 1912 4230 Ubi

243 4271 333 4323 est
345 4267 453 4337 qui
468 4272 646 4322 natus
665 4269 742 4322 est
754 4281 863 4321 rex
872 4265 1216 4321 Judteorum
1227 4265 1254 4318 ?
1274 4263 1528 4322 Vidimus
1541 4264 1770 4320 stellam
1783 4265 1910 4332 ejus

239 4357 314 4411 in
327 4359 577 4419 oriente,
602 4360 655 4411 et
680 4354 949 4411 uenimus
963 4354 1219 4410 adorare
1236 4368 1382 4410 eum.
1412 4351 1799 4417 Dicendo,ubi
1821 4357 1912 4410 est

2031 3201 2260 3271 gnifero
2290 3200 2534 3267 lumine,
2558 3201 2873 3273 splendore
2904 3205 3062 3256 certo
3091 3200 3325 3257 radiare
3352 3200 3591 3256 videam
3626 3199 3688 3254 in

2020 3292 2314 3361 Iudaeam,
2349 3296 2527 3362 atque
2543 3290 2659 3345 illic
2675 3295 2882 3346 natum
2903 3304 3125 3362 regem,
3152 3295 3363 3361 praeter
3385 3289 3588 3344 mundi
3609 3288 3687 3343 Ie-

2023 3385 2400 3450 gem,prteter
2421 3380 2617 3435 carnis
2630 3379 3144 3451 ordinem,preeter
3163 3378 3493 3434 humanam
3516 3393 3684 3433 mon-

2022 3473 2206 3524 strare
2231 3473 2527 3524 naturam.
2549 3467 2643 3524 Sic
2661 3468 2934 3540 deposito
2953 3466 3460 3538 errore,sequitur,
3477 3466 3677 3530 currit,

2021 3557 2300 3629 pervenit,
2328 3556 2571 3621 invenit,
2591 3557 2830 3626 gaudet,
2846 3555 3119 3628 procidit,
3138 3557 3376 3624 adorat;
3399 3555 3543 3626 quia
3559 3570 3680 3610 non

2019 3663 2126 3719 per
2147 3646 2399 3710 stellam,
2422 3662 2542 3702 non
2563 3662 2668 3717 per
2689 3650 2897 3710 artem,
2925 3645 3022 3700 sed
3049 3662 3151 3716 per
3174 3648 3381 3714 Deum,
3406 3646 3594 3700 Deum
3618 3659 3680 3698 se

2021 3735 2317 3790 invenisse
2341 3734 2612 3789 humana
2643 3736 2890 3790 miratur
2933 3735 2992 3789 in
3024 3750 3220 3791 carne.
3251 3737 3425 3804 Ergo,
3447 3733 3677 3798 fratres,

2022 3822 2269 3878 lectione
2299 3823 2574 3892 praesenti
2606 3836 2726 3878 non
2759 3828 2848 3878 est
2886 3823 3145 3879 ﬁrmatus
3181 3838 3344 3878 error
3387 3822 3680 3893 magicus,

2023 3913 2126 3965 sed
2150 3910 2397 3964 solutus.
2428 3909 2543 3964 Sed
2571 3911 2875 3965 sufﬁciant
2899 3909 3015 3966 ista
3042 3911 3244 3974 hodie,
3267 3917 3332 3965 ut
3362 3927 3466 3982 per
3492 3912 3679 3966 Deum

2021 4016 2155 4072 quae
2188 3999 2401 4053 suntin
2423 3999 2811 4069 sequentibus
2843 3999 2998 4054 clare
3028 4000 3387 4055 elucescant.

2608 4121 2848 4178 SEBMO
2891 4121 3096 4180 CLVII.

2677 4237 2757 4292 De
2793 4237 3032 4294 eisdem.

2091 4353 2413 4410 Dominicis
2435 4351 2787 4410 festivitates
2811 4369 3028 4409 causas
3049 4367 3191 4408 suas
3222 4352 3347 4408 suis
3374 4351 3679 4408 vocabulis

239 4445 352 4515 qui
383 4448 559 4498 natus
585 4449 675 4500 est
703 4458 802 4498 rex
829 4442 1193 4510 Iudaeorum,
1236 4457 1357 4496 non
1389 4441 1779 4511 interrogant,
1803 4440 1910 4496 sed
1945 4444 1990 4503 D
2019 4444 2405 4517 eloquuntur:
2424 4458 2566 4506 nam
2583 4442 3054 4500 sicutnascendo
3071 4441 3336 4499 Christus
3350 4441 3499 4498 diem
3515 4441 3681 4512 dedit

319 4581 348 4611 ι
381 4567 662 4624 Convenit
693 4567 869 4623 hodie
923 4566 1074 4623 inter
1117 4565 1496 4637 chronologos
1541 4563 1906 4637 insigniores,

247 4638 544 4695 Christum
575 4643 779 4695 natum
809 4655 930 4694 esse
955 4653 1109 4694 anno
1133 4642 1379 4694 mortem
1409 4636 1661 4693 Herodis
1686 4641 1910 4694 antece-

251 4711 447 4772 dente,
473 4710 588 4780 qui,
610 4715 846 4764 notante
873 4710 1065 4764 Flavio
1094 4709 1338 4779 Josepho
1354 4709 1546 4778 Antiq.
1568 4706 1786 4766 Judaic.
1808 4708 1907 4780 lib.

249 4797 370 4835 xvu
400 4778 525 4851 cap.
557 4784 611 4845 8,
646 4781 783 4836 obiit
828 4797 979 4836 anno
1014 4782 1079 4834 37
1110 4778 1242 4850 post
1275 4781 1546 4850 adeptum
1577 4797 1609 4833 a
1641 4778 1910 4834 Romanis

248 4852 468 4906 Judaeae
496 4868 737 4921 regnum
781 4869 792 4905 :
827 4853 978 4906 unde
1007 4851 1292 4907 Christum
1334 4867 1562 4905 necesse
1593 4855 1677 4905 est
1708 4854 1909 4904 natum

250 4938 375 4976 esse
405 4939 555 4978 anno
590 4922 825 4976 Herodis
855 4923 965 4994 36,7
983 4922 1208 4994 imperii
1250 4922 1486 4994 Augusti
1533 4921 1622 4987 40,
1653 4922 1903 4991 quando-

250 4994 484 5063 quidem
520 5009 734 5047 annnm
767 4993 992 5064 imperii
1032 4995 1116 5048 sui
1161 4993 1426 5063 quintum
1459 4994 1667 5064 agebat
1695 4996 1911 5064 Augus-

247 5067 340 5118 tus
372 5065 510 5118 dum
541 5065 826 5119 Herodem
852 5063 1205 5119 iludteorum
1245 5081 1438 5134 regem
1483 5063 1804 5128 constituit,
1849 5067 1911 5117 ut

249 5136 514 5205 plurimis
541 5136 854 5190 momentis
880 5137 1240 5190 demonstrat
1269 5137 1426 5191 card.
1471 5134 1741 5200 Norisius,
1775 5137 1910 5188 Ceno

250 5207 409 5278 taph.
453 5206 637 5262 Pisau.
675 5208 899 5260 dissert.
933 5207 1021 5271 il,
1053 5225 1177 5278 cap.
1219 5209 1273 5272 6,
1306 5223 1436 5277 pag.
1472 5207 1575 5260 128
1601 5206 1734 5260 edit.
1769 5205 1909 5277 Lugn

249 5278 386 5332 dun.
419 5292 522 5348 per
550 5278 669 5332 Van
693 5278 794 5333 der
820 5281 921 5332 Aa.

313 5348 347 5391 δ
379 5347 541 5404 Unde
573 5349 796 5420 refuga,
829 5348 998 5420 nisia
1028 5348 1359 5404 Judasorum
1385 5347 1584 5402 castris
1617 5349 1688 5401 ad
1720 5347 1908 5419 genti-

251 5421 390 5474 lium
419 5419 837 5491 imperatorum
855 5419 1189 5491 religionem
1212 5421 1240 5473 ?
1264 5420 1404 5474 Vide
1423 5424 1544 5476 not.
1564 5421 1596 5472 4
1617 5436 1790 5491 serm.
1816 5421 1904 5472 52.

313 5503 350 5576 ᾗ
370 5490 576 5576 magiis
602 5490 888 5576 sapientes
915 5490 1080 5546 vecat
1107 5491 1394 5576 astrolpgos
1423 5508 1438 5572 ς
1467 5495 1523 5545 et
1540 5490 1908 5576 .seipsu-mlg-

250 5560 499 5633 plicata?
518 5560 870 5619 forte—alicui
911 5562 1240 5633 scrupulum
1264 5560 1755 5634 irijecisset-erérm.
1776 5561 1905 5617 190.

2019 4570 2346 4641 Numquam
2361 4585 2494 4624 vero
2513 4585 2712 4640 magos
2737 4585 2900 4641 reges
2917 4573 3102 4634 vocat;
3125 4584 3336 4641 eosque
3353 4583 3678 4639 numquam

2019 4640 2350 4712 hujusmodi
2381 4641 2543 4694 titulo
2576 4639 2929 4695 lionorarunt
2963 4645 3199 4702 veteres,
3234 4639 3279 4694 si
3309 4641 3394 4712 ab,
3415 4657 3528 4712 uno
3555 4641 3683 4695 Ter-

2020 4711 2260 4766 tulliano
2295 4711 2699 4782 nonnullisque
2737 4712 2859 4766 aliis
2885 4712 3165 4768 discedas.
3196 4711 3473 4766 Notabilis
3523 4711 3679 4766 locus

2015 4783 2277 4854 Origenis
2317 4782 2517 4838 homil.
2547 4783 2580 4837 3
2609 4785 2704 4852 qui
2735 4801 2932 4854 magos
2957 4786 3178 4837 miseros
3203 4783 3446 4837 homines
3479 4787 3670 4854 vocat.

2090 4853 2351 4919 d"Sidera
2399 4870 2500 4926 pro
2551 4854 2656 4910 diis
2695 4853 3064 4908 olim’habita
3107 4870 3279 4910 nemo
3310 4859 3392 4908 est
3435 4853 3528 4923 qui
3584 4869 3680 4914 ne-

2017 4925 2179 4980 sciat.

2089 5009 2115 5037 ο
2155 4997 2449 5066 Origenes,
2481 4997 2536 5050 in
2563 4997 2727 5050 Joan.
2755 5013 2882 5066 pag.
2915 4995 3008 5049 l7.
3042 4999 3206 5048 vocat
3246 4994 3470 5066 stellam
3503 5008 3677 5062 mago-

2018 5085 2142 5121 rum
2169 5065 2505 5130 ministram,
2535 5073 2584 5120 et
2611 5065 2851 5135 servam,
2877 5068 3201 5136 cognitionis
3233 5065 3379 5118 Jesu.

2090 5139 2110 5178 ι’
2137 5139 2235 5192 Ms.
2264 5137 2530 5204 Caesenae,
2565 5154 2670 5192 non
2702 5135 2958 5207 ignorant
2989 5135 3411 5198 nescientes,sed
3435 5141 3677 5205 arguunt

2018 5209 2358 5280 negligentes.

2088 5278 2119 5333 Β
2145 5280 2195 5333 M
2203 5281 2279 5334 ita
2311 5279 2466 5350 legit,
2494 5279 2804 5333 cincinnato
2830 5278 3003 5332 crine.

2091 5351 2117 5390 δ
2143 5351 2276 5405 Mita
2309 5368 2320 5405 :
2361 5349 2592 5418 Tempus
2619 5357 2690 5403 est
2731 5357 2794 5404 ut
2824 5355 2870 5403 te
2897 5349 3164 5418 prmium
3191 5364 3404 5419 sequar,
3444 5355 3497 5404 et
3519 5362 3671 5414 novo,

2019 5426 2106 5475 etc
2121 5463 2132 5476 .
