4040 6178
249 310 372 370 625

1699 308 1940 370 SERMO
1981 311 2196 372 CLXII.

3557 333 3672 390 626

248 437 1911 510 inutilessumus;quoddebuimusfacere,fecimus.Quan-
1941 444 1986 503 Α
2021 441 2208 500 voluit
2229 445 2537 502 divisionis
2566 446 3006 518 auctorem,qui
3035 449 3109 503 ad
3134 449 3561 513 restituendam
3577 473 3676 516 ve-

250 529 337 585 do
367 543 469 599 per
483 542 544 582 se
574 526 759 581 homo
777 525 1246 593 utilisaddivina,
1273 530 1368 600 qui
1394 531 1476 584 sic
1509 530 1619 585 sibi
1646 528 1910 585 estinuti-

252 618 328 674 lis
348 618 424 672 ad
455 613 768 671 humana?
796 616 1018 686 Cogitet
1048 617 1232 673 homo
1263 619 1459 673 cordis
1494 619 1672 683 mala,
1717 619 1910 674 carnis

254 703 783 776 vitia,voluptatum
799 704 1465 773 ﬂuctus,desideriorum
1483 706 1911 777 procellas,ira-

253 811 389 850 rum
407 793 708 865 scopulos,
731 793 1044 863 naufragia
1057 795 1453 859 criminum,et
1469 803 1604 852 tunc
1618 797 1908 868 quidquid

253 885 316 940 in
334 899 395 940 se
425 882 666 939 estutile
687 895 713 924 δ
743 881 910 938 dabit
938 886 1074 951 Deo,
1108 883 1222 939 sibi
1244 885 1540 957 quidquid
1595 885 1793 940 inutile
1826 890 1912 941 est

251 971 580 1045 deputabit.
598 971 711 1026 Sed
735 970 813 1026 ad
833 973 1134 1044 proposita
1153 974 1486 1038 redeamus,
1521 980 1779 1046 utquare
1804 975 1910 1029 Do-

252 1062 455 1118 minus
469 1059 798 1132 discipulos
811 1077 948 1117 suos
967 1061 1334 1118 admonuerit
1341 1063 1458 1132 jam
1475 1067 1910 1134 patescat.Apo-

248 1151 438 1207 stolos
461 1165 602 1204 suos
628 1148 1009 1204 Christusbut
1051 1151 1304 1206 mitteret
1331 1151 1409 1206 ad
1441 1151 1694 1222 p0pulos
1743 1151 1907 1206 vario

248 1239 456 1296 dolore
481 1237 850 1307 languentes,
872 1238 1037 1294 dedit
1061 1237 1172 1294 illis
1197 1240 1471 1295 virtutem
1507 1239 1768 1311 spiritus,
1804 1255 1904 1310 po-

250 1332 523 1384 testatem
547 1341 873 1398 supernam
895 1327 1079 1391 dedit,
1105 1327 1270 1383 dedit
1299 1329 1541 1397 gratiam
1567 1329 1902 1398 sanitatum,

249 1416 412 1473 unde
446 1415 936 1488 perambulantes
965 1415 1044 1471 illi
1089 1415 1421 1472 reddebant
1468 1416 1668 1472 visum
1707 1417 1904 1483 caecis,

247 1504 479 1562 claudis
510 1519 765 1567 cursum,
791 1503 989 1559 surdis
1019 1503 1309 1574 auditum,
1336 1509 1389 1560 et
1416 1520 1489 1559 ne
1520 1521 1623 1577 per
1675 1504 1907 1574 singula

247 1610 354 1648 vos
367 1607 586 1656 morer,
602 1593 826 1647 cunctis
853 1591 1373 1648 malehabentibus
1396 1593 1901 1659 dabantsalutem,

251 1681 410 1737 unde
427 1681 740 1736 redeuntes
755 1680 1164 1750 gloriabantur
1174 1681 1435 1737 dicentes
1453 1698 1466 1736 :
1483 1683 1717 1737 Domine
1729 1683 1904 1737 etiam

249 1772 312 1826 in
337 1771 560 1825 nomine
581 1775 677 1824 tuo
693 1769 979 1825 daemonia
991 1769 1247 1839 subjecta
1271 1777 1405 1826 sunt
1425 1771 1775 1836 nobis.Quos
1789 1770 1905 1826 Do-

251 1859 452 1914 minus
466 1863 778 1930 temperat,
805 1857 1048 1914 dicens:
1076 1858 1266 1915 Nolite
1289 1859 1535 1930 gaudere
1552 1860 1679 1929 quia
1699 1860 1904 1914 dsz-

244 1949 347 2004 uia
377 1949 641 2016 subjecta
670 1951 809 2004 sunt
840 1947 993 2004 vobis
1013 1963 1034 2002 ,ο
1054 1948 1293 2017 gaudete
1308 1955 1502 2004 autem
1523 1949 1663 2018 quia
1683 1948 1902 2002 nomina

245 2043 440 2093 vestra
468 2036 692 2104 scripta
712 2041 851 2090 sunt
883 2037 942 2090 in
961 2037 1291 2104 cretis(Luc.
1317 2037 1396 2106 x).
1415 2039 1650 2105 Ergone
1673 2051 1778 2107 per
1790 2035 1904 2091 ela-

243 2125 470 2181 tionem
496 2123 811 2197 perderent
830 2124 996 2196 quod
1029 2125 1589 2196 conquisierantper
1607 2124 1898 2188 laborem,

240 2219 295 2270 et
323 2214 687 2286 deputarent
711 2213 822 2268 sibi
839 2213 1003 2285 quod
1028 2213 1312 2270 divinitus
1335 2212 1898 2279 fuerantconsecuti,

239 2302 315 2358 ad
340 2301 904 2373 humilitatem,quae
931 2306 1219 2358 materest
1243 2301 1654 2370 doctrinm,tali
1667 2306 1904 2358 revocat

238 2391 516 2463 exemplo
550 2391 712 2457 :Quis
737 2395 988 2446 vestrum
1016 2390 1226 2447 habens
1238 2406 1468 2448 servum
1489 2397 1775 2455 arantem,
1799 2396 1902 2446 aut

234 2481 700 2552 pascentem,qui
708 2494 964 2550 regresso
977 2481 1052 2536 ab
1067 2495 1207 2550 agro
1219 2479 1379 2536 dicat
1398 2480 1673 2548 ei,Statim
1690 2481 1898 2544 transi,

237 2570 600 2634 etrecumbe,
628 2573 680 2625 et
704 2584 816 2625 non
846 2569 990 2626 dicit
1003 2569 1070 2633 ei,
1093 2569 1247 2625 Para
1271 2569 1420 2640 quod
1434 2575 1735 2639 caenem,et
1759 2583 1902 2638 pra:-

233 2663 503 2730 cingere,
529 2663 584 2714 et
604 2658 878 2714 ministra
903 2657 1049 2713 mihi
1065 2657 1242 2713 donec
1254 2657 1600 2714 manducem
1625 2665 1676 2712 et
1702 2657 1899 2725 bibam,

231 2753 435 2817 etpost
470 2748 595 2804 haec
626 2752 688 2802 tu
717 2746 1092 2802 manducabis
1119 2753 1168 2800 et
1194 2745 1538 2802 bibes?Post
1569 2745 1903 2801 exactosla-

223 2837 443 2904 bores,
481 2839 535 2891 et
584 2850 808 2905 magna
853 2839 908 2892 et
964 2834 1153 2891 multa
1201 2835 1564 2890 documenta
1595 2833 1898 2902 virtutum,

222 2923 497 2997 apostoli
527 2923 668 2978 satis
707 2923 821 2979 sibi
846 2923 1016 2978 utiles
1039 2922 1418 2991 videbantur,
1450 2922 1552 2977 sed
1585 2921 1811 2976 versari
1841 2921 1900 2976 in

216 3015 357 3070 luto
386 3012 610 3081 carnis,
631 3016 687 3067 et
713 3011 858 3067 limo
888 3011 1154 3084 corporis
1175 3011 1375 3082 hujus,
1405 3015 1460 3066 et
1491 3011 1656 3083 quod
1701 3014 1901 3066 essent

214 3101 496 3170 inutiles,
520 3099 889 3164 nesciebant,
923 3099 1028 3156 sed
1049 3099 1576 3171 deprehenduntur
1618 3115 1755 3154 cum
1802 3098 1900 3154 Ju-

2018 536 2184 587 nerat
2211 533 2462 589 humani
2478 535 2708 604 generis
2736 535 3043 591 unitatem.
3067 538 3374 608 Magister,
3389 543 3482 600 dic
3492 545 3670 615 fratri

2017 635 2136 676 meo
2154 622 2450 677 utdividat
2475 638 2693 679 mecum
2707 623 3119 681 haereditatem.
3141 628 3240 683 Hic
3255 644 3377 687 non
3398 634 3676 703 magister

2019 714 2279 779 quaestus
2304 716 2412 776 est,
2445 723 2471 752 ο
2497 711 2601 766 sed
2622 727 2814 768 amor.
2841 712 2949 769 Dic
2972 715 3153 784 fratri
3193 724 3335 775 'meo
3383 729 3442 775 ut
3467 721 3678 777 dividat

2017 813 2232 856 mecum
2252 800 2657 856 haereditatem.
2685 803 2830 856 Cum
2855 801 3009 870 dicit,
3024 804 3123 861 dic
3141 806 3335 874 fratri
3353 825 3494 874 meo,
3526 827 3677 882 prae-

2019 888 2356 959 misitquod
2381 888 2723 945 charitatem
2756 895 3016 957 moneat,
3031 894 3196 963 quod
3226 895 3674 967 interpelletna-

2019 982 2236 1043 turam,
2269 978 2427 1048 quod
2447 977 2644 1048 pulset
2663 977 2953 1034 affectum.
2977 981 3082 1036 Dic
3103 983 3289 1050 fratri
3299 1001 3415 1041 meo
3446 987 3672 1042 utdivi-

2018 1064 2120 1119 dat
2146 1080 2374 1121 mecum
2395 1066 2795 1123 haereditatem.
2812 1071 2938 1124 Non
2951 1073 3142 1140 potest
3152 1071 3345 1128 dicere
3370 1073 3552 1139 fratri,
3571 1075 3672 1129 Di-

2018 1153 2161 1219 vide,
2176 1154 2390 1226 quiper
2409 1155 2769 1226 prophetam
2791 1155 2993 1213 docuit
3021 1174 3034 1212 :
3054 1159 3200 1215 Ecce
3210 1177 3369 1230 quam
3383 1162 3591 1218 bonum
3617 1169 3672 1218 et

2016 1258 2181 1313 quam
2200 1243 2511 1312 jucundum
2524 1243 2784 1300 habitare
2791 1245 3017 1313 fratres
3032 1246 3089 1300 in
3105 1262 3289 1304 unum
3308 1248 3667 1320 (Ps.cxxxu).

2017 1331 2126 1386 Dic
2151 1332 2342 1400 fratri
2360 1347 2484 1388 meo
2510 1337 2570 1386 ut
2593 1331 3059 1389 dividatmecum
3075 1334 3502 1394 hareditatem.
3534 1339 3671 1402 Qum

2015 1421 2212 1488 major
2223 1420 2554 1490 haereditas,
2568 1437 2703 1492 qum
2717 1421 2926 1477 melior
2937 1422 3253 1480 hareditas
3267 1441 3451 1496 quam
3469 1426 3673 1480 divinae

2015 1507 2314 1564 vinculum
2327 1509 2629 1566 charitatis
2641 1509 2670 1563 Ἰ
2683 1511 2834 1575 Quia
2843 1510 3160 1568 haereditas
3173 1512 3491 1583 aliquando
3507 1513 3671 1583 perit,

2016 1596 2176 1651 chari
2185 1601 2274 1652 tas
2287 1612 2617 1668 numquam
2627 1597 2877 1666 ,dicente
2891 1599 3203 1668 Apostolo:
3221 1600 3498 1656 Charitas
3513 1618 3670 1656 num-

2013 1700 2191 1756 quam
2215 1685 2434 1741 excidit
2448 1685 2492 1755 (l
2508 1685 2644 1742 Cor.
2658 1689 2804 1755 mi).
2825 1687 2938 1742 Sed
2958 1687 3099 1742 dicit
3120 1688 3514 1760 aliquis,Ergo
3529 1689 3670 1744 cha-

2012 1773 2154 1829 ritas
2171 1789 2495 1844 numquam
2509 1773 2991 1844 perit,numquam
3007 1774 3290 1830 violatur?
3303 1776 3484 1831 Plane
3502 1792 3674 1831 num-

2012 1877 2218 1933 quam,
2252 1861 2396 1933 quia
2425 1859 2448 1901 ἲ
2466 1861 2722 1918 charitas
2753 1862 2802 1916 si
2820 1867 2924 1927 est,
2960 1868 3268 1933 permanet
3294 1865 3370 1928 ;si
3395 1879 3518 1920 non
3539 1880 3669 1935 per-

2013 1956 2234 2015 manet,
2267 1955 2506 2006 nonest.
2535 1949 2914 2005 Sicutsterilis
2941 1949 3268 2022 arborquae
3287 1951 3670 2006 vernalitem.

2013 2055 2155 2112 pore
2184 2055 2322 2094 cum
2351 2044 2472 2095 tota
2497 2039 2800 2094 candescit
2819 2039 2879 2094 in
2909 2038 3070 2109 ﬂore,
3097 2051 3127 2093 ε
3149 2039 3404 2096 fructum
3430 2055 3551 2096 non
3573 2041 3670 2097 dat

2010 2127 2130 2193 illa,
2164 2127 2268 2182 sed
2297 2126 2475 2193 fallit;
2506 2127 2587 2183 ita
2611 2131 2699 2182 est
2724 2127 2984 2183 charitas
3015 2142 3150 2200 quae
3178 2133 3439 2200 putatur,
3465 2133 3523 2184 et
3547 2144 3669 2185 non

2011 2220 2128 2275 est:
2163 2216 2543 2272 occasionum
2556 2231 2852 2271 concussa
2862 2214 3143 2272 ﬂuctibus
3160 2217 3482 2287 evanescit,
3500 2233 3570 2274 ac
3585 2217 3670 2273 sic

2009 2304 2465 2361 lmditsollicitos
2487 2307 2543 2360 et
2562 2303 2779 2375 decipit
2806 2304 3225 2361 incautos.Sed
3255 2306 3334 2361 ad
3360 2309 3554 2376 coepta
3578 2321 3665 2360 re-

2009 2394 2278 2450 deamus.
2310 2394 2614 2464 Magister,
2636 2393 2728 2449 dic
2749 2392 2942 2462 fratri
2971 2408 3096 2450 meo
3113 2397 3176 2447 ut
3201 2393 3423 2450 dividat
3456 2409 3668 2451 mecum

2011 2481 2751 2540 haereditatemﬂmreditas
2765 2481 3220 2547 mundana,ante
3236 2483 3479 2554 posteris
3494 2481 3670 2539 infert

2004 2573 2394 2643 jurgiaquam
2411 2570 2637 2627 confert
2661 2585 2947 2634 censum;
2977 2573 3302 2642 antequam
3339 2570 3567 2626 dividat
3581 2569 3667 2626 fa-

2012 2661 2279 2725 cultates,
2293 2658 2320 2698 ιι
2353 2658 2572 2714 scindit
2582 2656 2870 2722 heredes;
2885 2662 3210 2729 antequam
3224 2657 3458 2714 debitas
3471 2658 3667 2715 tradat

2010 2746 2591 2819 singulisportiones,
2620 2760 2996 2802 successores
3025 2745 3182 2816 ipsos
3202 2745 3441 2800 desecat
3462 2752 3517 2800 et
3535 2746 3664 2802 mit-

2010 2838 2072 2894 tit
2100 2838 2160 2893 in
2187 2841 2400 2909 partes.
2433 2834 2682 2891 Proinde
2703 2850 2825 2891 non
2855 2838 2944 2890 est
2963 2833 3664 2905 hmreditasista,sedpu-

2010 2941 2130 2996 gna
2150 2943 2163 2992 ;
2187 2931 2242 2982 et
2261 2924 2390 2981 hmo
2409 2938 2669 2980 noverca
2691 2922 2942 2978 ﬁliorum
2974 2925 3079 2988 est,
3108 2936 3232 2977 non
3252 2922 3524 2978 facultas.
3561 2921 3662 2978 Ille

2007 3015 2155 3071 ditat
2164 3012 2444 3085 ﬁlios,qui
2455 3011 2734 3083 relinquit
2744 3009 2882 3065 filiis
2897 3009 3283 3081 plenissimam
3297 3009 3636 3066 charitatem
3646 3050 3659 3063 .

2006 3104 2080 3158 At
2105 3107 2189 3170 tu,
2221 3101 2492 3174 quisquis
2513 3099 2609 3155 ille
2633 3115 2698 3154 es
2720 3098 2824 3170 qui
2851 3097 3173 3154 Dominum
3226 3098 3324 3154 tali
3380 3098 3660 3170 petitione

215 3192 342 3247 das
378 3189 578 3246 tradit.
613 3192 812 3244 Petrus
841 3193 1020 3258 negat
1051 3187 1290 3258 (Matth.
1314 3187 1500 3259 xxvn),
1530 3189 1788 3244 Joannes
1813 3187 1898 3243 fu-
1933 3181 1978 3239 C
2005 3187 3009 3263 compellas,Dominumprovocas,
3044 3185 3366 3241 Dominum
3383 3185 3661 3258 producis

221 3282 333 3350 git,
366 3278 710 3350 relinquunt
739 3292 950 3333 omnes
977 3277 1190 3348 (Marc.
1222 3277 1367 3349 xw),
1401 3283 1466 3332 ut
1501 3277 1660 3332 solus
1687 3279 1748 3332 in
1775 3291 1896 3348 quo

222 3375 382 3437 erat,
413 3372 474 3422 et
506 3381 578 3422 ex
607 3381 730 3438 quo
751 3369 877 3422 erat
921 3370 1041 3422 tota
1064 3365 1279 3422 utilitas
1335 3370 1662 3436 appareret.
1724 3363 1890 3429 Quod

226 3462 441 3513 autem
469 3455 609 3511 dixit
637 3474 648 3513 :
680 3455 756 3510 Et
782 3461 981 3525 postea
1008 3461 1068 3508 tu
1099 3454 1504 3519 manducabis,
1538 3459 1742 3509 monet
1772 3453 1895 3508 dis-

226 3543 493 3617 cipulos,
526 3549 589 3598 ut
618 3547 756 3614 post
779 3542 1195 3598 ascensionem
1226 3557 1399 3598 suam
1427 3542 1624 3597 statim
1656 3540 1896 3613 copula-

231 3636 280 3689 ri
311 3649 380 3688 se
401 3632 662 3688 Domino
689 3632 748 3686 in
771 3630 872 3686 illa
895 3629 1260 3686 beatitudine
1300 3645 1560 3702 superna
1589 3629 1892 3698 gestirent.

233 3725 382 3778 Nam
401 3721 666 3791 denique
692 3720 789 3774 hic
819 3731 843 3760 ο
871 3718 1182 3776 relicturos
1220 3721 1424 3775 omnia
1469 3718 1786 3791 approbat,
1841 3721 1898 3773 et

231 3810 550 3882 praecingit
575 3807 652 3864 ad
676 3807 1055 3864 tolerantiam
1077 3807 1399 3879 passionis,
1415 3806 1789 3862 etministerii
1804 3807 1895 3860 sui

232 3899 471 3969 perficit
501 3896 580 3953 ad
609 3895 899 3952 laborem.
934 3898 1081 3952 Nam
1105 3899 1240 3951 tunc
1272 3901 1435 3951 tanto
1476 3899 1740 3966 tempore
1793 3893 1895 3950 mi-

229 3989 571 4042 nistrarunt
599 3983 850 4055 apostoli
872 3983 1293 4052 discumbenti,
1348 3989 1575 4055 quanto
1627 3989 1893 4053 tempore

230 4079 390 4132 inter
416 4079 796 4146 peccatorum
818 4073 1099 4144 coquinas
1120 4078 1174 4127 et
1195 4071 1635 4143 gentiumfocos
1658 4085 1892 4126 coenam

230 4164 476 4221 Domini
504 4177 684 4233 super
708 4177 950 4217 mensas
975 4161 1248 4216 Ecclesiae
1276 4160 1338 4216 in
1367 4160 1721 4215 memoriam
1772 4174 1894 4229 per-

230 4261 430 4327 petem
462 4255 898 4324 prmpararunt.
928 4253 1089 4307 Hanc
1111 4265 1347 4306 coenam
1373 4250 1476 4322 qui
1497 4248 1525 4290 ἀ
1551 4248 1738 4304 fidelis
1803 4253 1892 4303 est

229 4343 426 4411 novit,
448 4342 555 4413 qui
576 4339 784 4406 nescit,
807 4343 865 4395 et
893 4338 1042 4394 scire
1072 4338 1372 4394 desiderat
1401 4338 1477 4392 sit
1502 4335 1712 4392 ﬁdelis.

836 4427 1068 4484 SEHMO
1106 4427 1304 4483 CLXII.

418 4529 508 4582 De
543 4540 607 4582 eo
632 4526 726 4593 qui
744 4524 972 4581 volebat
1004 4524 1270 4580 dividere
1292 4522 1712 4580 haereditatem.

307 4615 593 4679 Audistis,
617 4613 847 4676 fratres,
880 4612 1056 4668 hodie
1082 4612 1229 4683 quid
1252 4627 1288 4667 a
1310 4612 1551 4666 Domino
1575 4610 1764 4665 haeres
1789 4610 1892 4665 bo-

235 4721 456 4763 norum
488 4703 715 4775 petierit
735 4701 1517 4772 mundanorum.Magister,
1550 4697 1762 4772 inquit,
1805 4699 1896 4754 dic

231 4793 426 4865 fratri
451 4807 571 4848 meo
591 4796 656 4845 ut
685 4789 918 4846 dividat
945 4804 1164 4845 mecum
1177 4789 1568 4844 hereditatem
1589 4788 1742 4854 (Luc.
1767 4787 1892 4857 xu).

233 4887 510 4953 Praeceps
531 4879 846 4951 cupiditas,
880 4883 937 4933 et
965 4879 1224 4940 incauta,
1246 4876 1569 4933 mundanae
1609 4876 1719 4930 litis
1745 4875 1898 4930 arbi-

238 4983 398 5030 trum
431 4968 673 5025 credidit
692 4967 890 5039 ipsum
917 4965 1486 5035 saeculicognitorem
1511 4980 1523 5028 ;
1549 4973 1601 5018 et
1624 4979 1751 5018 eum
1770 4963 1892 5018 lieri

307 5109 333 5138 ει
367 5097 428 5150 ld
462 5097 566 5158 est,
602 5091 849 5146 ascribet
877 5091 1012 5146 Deo.

307 5168 337 5210 ι)
365 5165 672 5230 Alias,cum
717 5163 976 5217 mitteret.

307 5253 332 5280 ο
364 5239 492 5292 Νοιι
521 5226 696 5306 parvo
732 5233 839 5306 loci
893 5232 1242 5306 detrimento
1294 5230 1352 5306 in
1411 5228 1577 5284 editis
1635 5226 1902 5282 omnibus

235 5312 401 5366 deest
431 5301 538 5361 γοιὶ
569 5306 774 5375 omnia.
802 5302 1098 5375 Supplevit
1126 5301 1406 5356 Latinius.

310 5381 337 5422 d
373 5382 616 5435 Sacram
645 5373 1300 5435 sciliceteucharistiam,
1318 5387 1449 5442 quae
1476 5386 1542 5424 ea
1555 5373 1726 5442 aetate
1746 5384 1905 5442 arca-

237 5453 295 5508 ni
327 5448 584 5507 tenebris
614 5447 987 5516 obtegebatur
1018 5439 1420 5516 infidelibus—et
1444 5439 1895 5495 catechumenis.

313 5536 337 5564 ο
361 5519 531 5584 Editi,
566 5515 888 5590 perperam,
938 5515 1030 5570 sed
1057 5515 1273 5590 amoris.

319 5593 341 5636 ί
363 5581 622 5648 ,Ιιιιῑειῖὃ
640 5581 1024 5659 Ᾰιιειιεὶίιιιιω
1051 5585 1294 5642 relatum
1317 5582 1630 5653 aMagistro
1653 5581 1906 5637 distinct.

2007 3279 2084 3336 ad
2096 3279 2276 3342 litem,
2293 3292 2428 3333 cum
2441 3291 2558 3348 quo
2572 3274 2675 3331 tibi
2689 3274 3002 3345 Apostolus
3015 3273 3238 3329 haeredi
3247 3277 3416 3330 tatem
3429 3273 3594 3330 docet
3605 3278 3662 3329 et

2003 3367 2260 3425 ostendit
2271 3381 2406 3422 esse
2418 3362 3434 3434 communemzHa-redesﬁnquit,Dei
3450 3377 3656 3428 sumus,

2002 3456 2323 3513 cohaeredes
2336 3459 2530 3512 autem
2545 3453 2772 3510 Christi
2783 3452 2970 3524 (Rom.
2988 3450 3241 3522 vm).Hic
3255 3449 3360 3506 tibi
3373 3450 3455 3505 sic
3471 3449 3658 3504 haeres

2007 3550 2113 3609 est,
2136 3545 2231 3601 hic
2255 3551 2345 3599 est
2357 3542 2460 3598 tibi
2473 3542 2698 3606 fratrer,
2713 3541 2813 3612 qui
2830 3538 3117 3596 nascendi
3131 3536 3654 3602 sorte,conditione

2005 3633 2328 3696 crescendi,
2345 3630 2584 3687 vivendi
2596 3629 2826 3692 ordine,
2841 3626 3136 3684 moriendi
3149 3626 3329 3690 exitu,
3340 3639 3442 3696 per
3453 3625 3659 3681 omnia

2005 3722 2110 3778 tibi
2123 3721 2312 3776 voluit
2321 3718 2528 3774 similis
2542 3716 2962 3773 inveniri.Nam
2976 3731 3116 3771 cum
3129 3719 3290 3770 esset
3302 3717 3358 3769 et
3375 3712 3537 3769 solus
3556 3712 3658 3768 Dei

2002 3811 2211 3872 haeres,
2239 3813 2295 3863 et
2327 3806 2501 3862 Filius
2529 3805 2744 3860 unicus
2770 3819 2877 3874 per
2904 3807 3206 3868 naturam,
3238 3806 3294 3859 te
3318 3801 3660 3874 participem

2002 3899 2135 3967 sibi,
2161 3901 2214 3952 te
2235 3893 2610 3952 cohaeredem
2636 3892 2748 3947 sibi
2771 3891 2958 3948 voluit
2984 3895 3040 3947 et
3068 3891 3202 3946 fecit
3228 3906 3360 3946 esse
3392 3905 3498 3961 per
3528 3905 3663 3961 gra-

2003 3988 2165 4053 tiam,
2188 3983 2292 4057 qui
2321 3997 2452 4038 eras
2483 3980 2664 4036 miser
2683 3983 2740 4034 et
2767 3979 3071 4049 subjectus
3103 3978 3317 4034 ultimm
3373 3977 3658 4033 servituti.

2001 4072 2260 4129 Habebis
2281 4072 2502 4142 itaque,
2522 4073 2579 4123 et
2598 4066 2813 4123 collata
2832 4066 3053 4138 poteris
3068 4064 3314 4121 feliciter
3328 4063 3660 4135 possidere,

2002 4163 2050 4216 si
2080 4159 2370 4217 manseris
2391 4158 2451 4212 in
2472 4155 2613 4212 aula
2634 4154 2840 4217 Patris.
2866 4153 2910 4208 si
2929 4153 3182 4208 fuerisin
3195 4151 3400 4207 divina
3411 4150 3661 4206 hmredi-

2002 4253 2120 4306 tate
2147 4244 2507 4304 communis.
2534 4242 2670 4298 Dari
2691 4245 2904 4313 potest,
2934 4241 3120 4296 dividi
3141 4255 3264 4296 non
3295 4243 3488 4311 potest
3531 4253 3660 4294 sors

2000 4337 2222 4400 divina,
2255 4334 2394 4406 quia
2426 4330 2688 4388 cmlestia
2712 4334 2767 4385 et
2795 4329 2900 4402 qui
2929 4328 3158 4384 dederit
3187 4342 3309 4383 non
3337 4327 3570 4393 amittit,
3603 4330 3662 4382 et

2002 4424 2102 4496 qui
2125 4421 2419 4493 acceperit
2447 4419 2561 4474 sibi
2594 4415 2970 4486 singulariter
2998 4430 3122 4471 non
3148 4413 3437 4470 recondit.
3495 4413 3660 4470 Unde

1931 4505 1973 4560 ἰ)
2002 4512 2186 4569 homo
2212 4509 2358 4582 quid
2379 4509 2538 4563 hunc
2551 4505 2628 4560 ad
2653 4503 3012 4560 divisionem
3031 4499 3398 4574 vocas,quid
3409 4501 3572 4558 hunc
3583 4501 3664 4559 ad

2005 4599 2427 4657 discussionem
2450 4591 3230 4664 miserandusinvitas,quid
3246 4591 3325 4646 ab
3349 4605 3419 4647 eo
3433 4596 3664 4662 partem

2005 4691 2176 4763 petis,
2208 4687 2311 4759 qui
2343 4685 2447 4742 tibi
2468 4681 2748 4757 quaesivit
2770 4687 2826 4738 et
2845 4681 3092 4738 contulit
3120 4680 3355 4736 totum?
3412 4679 3513 4734 Vel
3567 4695 3663 4735 ex-

2003 4783 2202 4852 pertus
2226 4790 2408 4838 cessa,
2445 4778 2500 4828 et
2515 4773 2643 4842 jam
2672 4771 2951 4843 pmniteat
2972 4769 3114 4825 talia
3135 4774 3187 4823 te
3213 4767 3476 4839 petiisse.
3500 4767 3664 4823 Nam

2005 4872 2237 4939 partem
2260 4861 2608 4918 substantiae
2625 4857 2968 4931 principalis
2981 4855 3343 4928 accepisti,et
3354 4857 3664 4925 acceptam

2007 4955 2373 5028 peregrinus,
2392 4965 2581 5019 vagus
2593 4990 2605 5013 ,
2619 4947 2962 5004 luxuriosus
2977 4942 3440 5000 cumluxuriosis
3458 4939 3664 4995 helluo

2007 5087 2070 5142 31
2108 5087 2206 5143 lib.
2240 5101 2300 5140 ιιι
2335 5103 2348 5142 :
2387 5081 2670 5145 Charitas,
2701 5094 2820 5151 quae
2840 5078 3015 5151 deseri
3041 5081 3229 5151 potest,
3254 5086 3556 5151 numquam
3584 5085 3667 5151 ve-

2011 5140 2076 5213 ra
2105 5140 2256 5228 fuit;
2284 5140 2346 5209 et
2369 5140 2697 5228 Ambrosius
2709 5140 2738 5205 ἐ
2769 5150 2930 5204 Ficta
2960 5140 3201 5202 charitas
3215 5151 3310 5208 est,
3342 5140 3456 5215 qua:
3483 5143 3544 5195 in
3574 5140 3666 5196 ad-

2011 5221 2180 5284 versis
2209 5224 2432 5281 deserit.
2477 5224 2554 5276 Ex
2587 5221 2740 5276 Mita.

2085 5312 2108 5352 κ
2138 5301 2234 5353 Ms.
2277 5296 2532 5357 Cmsen.,
2563 5292 2807 5362 fructum
2833 5289 2926 5362 dot
2974 5287 3203 5362 nullum.

2087 5369 2116 5411 h
2143 5353 2583 5436 Chrysostornus
2604 5361 2759 5436 apud
2789 5359 3048 5430 Lippom.
3075 5358 3151 5436 in
3185 5359 3402 5414 Catena
3423 5353 3671 5436 ἐνωμι-

2017 5447 2195 5495 totum
2225 5425 2527 5491 multitudo
2552 5425 2874 5486 divisionem
2896 5425 3178 5499 operatur,
3204 5426 3550 5485 concordiam
3573 5425 3672 5480 im-

2017 5509 2184 5581 pedit,
2217 5515 2264 5563 et
2298 5504 2634 5576 cognationis
2663 5501 2942 5557 vinculum
2971 5499 3210 5556 dirimit.
