2020 3089
212 147 268 179 817

859 138 889 168 S.
914 137 1019 168 PETRI
1040 136 1275 167 CHRYSOLOGI.

1855 137 1914 166 618

211 207 365 260 νθυδὲἀπίί
377 205 530 260 (“"3"
543 204 761 260 “§“°_P‘{‘E‘i‘
771 204 1037 260 θξῗἯῬίῖῗζῬῗῖεζ
1052 203 1076 234 Α
1092 200 1717 260 21πῖᾙέῗὲῈῖξέἒῗῗῗὶῖῗῖἶῗῖθῖἷῖῗῗῖ
1719 201 1919 260 ῗῗὶῗῖθῗῗξὲ

211 246 311 284 ditatis
319 259 434 282 exsors,
448 250 517 280 hinc
531 248 652 278 extorris
670 256 687 277 a
697 249 767 277 vita.
784 249 889 281 Homo,
904 247 975 276 dicit
985 246 1037 275 tibi

213 299 356 331 Christus,
374 294 459 328 Quod
476 302 493 324 a
504 301 562 326 me,
572 297 600 322 et
614 300 667 328 per
681 300 729 321 me
744 294 921 321 consecutus
928 291 1037 324 es,sine

212 351 260 372 me
269 349 329 371 non
338 339 448 377 poteris
454 337 692 375 possidere,quia
700 337 764 365 sine
772 345 820 365 me
830 336 928 372 qualis
935 335 1037 367 fueris,

210 389 274 424 jam
288 385 406 417 vidisti;
424 384 481 418 hoc
495 383 591 413 sciens
609 389 662 418 pro
675 382 704 411 te
720 382 833 410 Patrem
846 381 961 417 ingrate
973 388 1037 408 om-

212 433 296 461 nium
312 431 353 459 sic
365 428 488 466 poposci
505 436 511 456 :
523 428 619 460 Pater,
630 435 699 462 quos
710 427 816 455 dedisti
828 426 912 459 melii,
934 425 995 454 voto
1005 428 1037 453 ut

212 477 265 505 ubi
280 483 327 512 ego
343 482 415 506 sum,
431 476 457 501 et
467 472 585 500 illc‘sint
595 479 699 500 mecum
708 471 807 506 (Joan.
818 472 898 506 xvn).
915 472 947 498 Et
966 469 1037 506 quia

213 528 268 548 nec
281 520 339 549 hoc
355 518 406 547 tibi
419 516 554 546 sufﬁcere
563 518 678 552 poterat
688 516 726 543 ad
736 515 869 546 tutelam.
886 523 953 542 nam
968 521 1038 541 cum

213 572 331 593 mecum
339 570 421 591 esses
432 562 462 590 in
469 560 621 597 paradiso,
638 562 666 588 et
676 572 689 587 ιι
701 563 783 588 extra
795 562 879 588 metu
891 559 1037 595 periisses,

213 608 319 644 adjeci,
335 607 438 635 dicens
454 614 461 634 :
474 606 657 636 Patensicut
669 607 701 632 tu
713 605 805 636 inme,
818 607 844 632 et
854 612 902 639 ego
909 605 936 631 in
950 607 986 635 te,
996 603 1039 631 ita

213 657 238 681 et
255 653 305 683 isti
317 653 350 679 in
362 650 667 684 nobisunumsint.Ego
678 647 1038 681 utPatrisbonahaheam,

213 696 347 733 processi
360 695 397 723 de
413 696 507 727 Patre,
521 701 539 722 a
553 694 637 722 Patre
651 693 766 729 penitus
783 701 840 721 non
865 693 973 722 recessi
988 702 995 721 ε
1012 695 1040 719 et

212 741 280 769 ideo
296 742 412 768 tantum
423 742 450 767 te
460 739 489 767 in
503 738 591 766 nobis
605 737 713 766 habere
728 737 806 769 volo,
822 739 969 773 quantum
984 744 1039 764 nos

212 785 266 821 ipsi
278 786 422 816 sumus,et
437 790 593 811 manemus
601 782 630 809 in
641 782 738 810 nobis.
751 781 852 809 Desine
859 789 930 816 ergo
942 780 987 808 vel
994 788 1040 808 su-

213 837 307 866 perna
314 827 505 860 dividere,vel
513 827 550 854 de
556 826 678 854 terrenis
686 834 729 853 me
736 826 870 860 audiente
876 826 1039 861 litigare,ne

213 882 304 908 quem
314 875 395 901 tenes
403 872 528 900 ethahes
535 870 802 905 hodielargilorem
812 870 903 906 pium,
920 870 1040 898 severis-

213 918 322 946 simum
332 916 440 945 senlias
446 914 635 951 postmodum
647 915 823 949 cognitorem
829 936 834 941 .
840 915 893 942 Sed
898 915 960 950 jam
967 914 1040 950 quid

212 961 400 997 responderit
413 960 556 988 Dominus
566 959 743 987 audiamus:
757 960 859 991 Homo,
868 959 1041 995 inquit,quis

212 1014 255 1035 me
269 1005 422 1034 constituit
428 1004 559 1039 judiccm
578 1006 631 1031 aut
644 1003 799 1031 divisorem
808 1004 963 1038 supernos?
976 1003 1041 1036 Qui:

212 1059 254 1079 me
270 1050 420 1079 constituit
423 1049 547 1084 judicem
555 1048 568 1075 Ρ
576 1049 608 1075 Et
618 1047 669 1075 ubi
679 1050 721 1075 est
731 1047 802 1075 illud
810 1048 891 1084 quod
898 1050 927 1075 tu
934 1048 1039 1080 dixisti,

213 1095 354 1123 Domine:
368 1094 456 1122 Pater
467 1093 609 1121 neminem
610 1092 741 1127 judicat,
752 1092 803 1120 sed
814 1099 900 1120 omne
902 1092 1040 1127 judicium

213 1138 378 1167 deditFilio
392 1137 489 1171 (Joan.
505 1137 535 1169 v)
549 1135 563 1163 il
574 1136 633 1163 Aut
648 1136 802 1164 divisorem
819 1144 906 1170 super
919 1143 964 1163 eos
974 1136 988 1163 7
1011 1137 1043 1163 Et

215 1184 284 1220 quis
299 1182 411 1210 dividet
423 1182 521 1217 justos
527 1180 566 1209 ab
578 1180 706 1216 injustis,
714 1180 790 1210 sicut
801 1183 936 1215 segregat
945 1183 1043 1216 pastor

214 1235 284 1255 oves
300 1227 339 1255 ab
354 1225 450 1254 hudis
466 1225 579 1259 (Matth.
591 1225 720 1260 xxv)?Si
736 1225 942 1260 tibijudicium
954 1225 1042 1252 debe-

215 1274 262 1300 tur
273 1271 413 1304 hominis,
429 1272 456 1298 et
466 1278 519 1306 per
537 1272 562 1297 te
583 1272 625 1297 est
636 1270 724 1297 totius
738 1269 835 1297 siaouli
863 1269 1043 1299 celebranda

215 1314 496 1351 divisio,quomodo
509 1314 591 1347 dicis,
606 1314 672 1347 Qui:
682 1321 728 1342 me
746 1315 891 1342 constituit
911 1314 1041 1348 judicem

216 1364 268 1389 aut
280 1360 436 1388 divisorem
442 1367 531 1393 super
537 1358 659 1387 vost‘Est
666 1358 782 1394 quidem
790 1366 879 1395 penes
887 1359 1042 1390 Christum,

217 1408 245 1433 et
257 1405 319 1437 fuit,
333 1406 422 1440 atque
439 1404 493 1432 erit
504 1403 812 1438 omnejudicium,sed
824 1406 893 1431 tunc
901 1403 1044 1438 nonjudi-

217 1451 338 1478 caturus
346 1447 786 1482 venerat,sedjudicandus,nee
793 1447 960 1475 addicturus
966 1455 1043 1481 reos,

218 1493 271 1521 sed
286 1501 304 1520 a
318 1494 375 1520 reis
390 1493 533 1520 innocens
548 1491 744 1519 addicendus.
761 1493 790 1519 in
809 1492 927 1524 homine
941 1492 1046 1527 agebat

219 1539 323 1568 Deum,
333 1536 361 1563 in
370 1543 453 1563 servo
464 1536 664 1567 dominumut
675 1536 881 1566 essetvernula
891 1536 1043 1571 temporis,

219 1581 270 1617 qui
282 1582 343 1607 erat
355 1582 383 1608 et
397 1580 490 1607 factor
502 1581 530 1606 et
542 1579 678 1613 cognitor
686 1579 1045 1615 saeculorumMeritoergo

219 1623 389 1660 respondit:
405 1623 474 1656 Qui:
484 1623 821 1658 meconstituitjudicem
833 1628 882 1651 aut
892 1624 1046 1653 divisorem

220 1676 304 1704 super
317 1676 364 1696 vos
374 1668 388 1695 Ῡ
395 1667 496 1704 thuis
502 1675 567 1695 eum
575 1667 966 1704 constitueretjudicem,qui
978 1676 1046 1696 oon-

221 1713 312 1742 stituit
325 1712 484 1740 etrestituit
494 1712 652 1740 universa?
661 1711 790 1739 Christus
797 1712 834 1739 ad
841 1712 994 1747 litigatoris
1002 1721 1047 1740 ar-

222 1757 343 1785 bitrium
359 1757 469 1784 arbiter
483 1763 546 1783 esse
559 1764 619 1784 non
639 1758 762 1792 poterat,
778 1757 828 1792 qui
846 1757 932 1785 totius
946 1757 1047 1792 judicii

223 1809 342 1828 summa
352 1802 396 1828 est
409 1802 437 1827 et
451 1801 616 1836 potestas.h
631 1801 665 1827 At
676 1800 716 1827 illi
726 1800 863 1835 jurgator
876 1808 969 1837 quare
985 1808 1046 1829 non

222 1846 360 1881 opposuit
373 1853 380 1872 τ
398 1844 551 1877 Quomodo
566 1851 626 1872 non
637 1844 778 1872 invitatus
792 1852 810 1872 a
821 1844 1046 1873 fratretalitertu

222 1888 319 1924 petisti
327 1889 341 1915 ﬂ
353 1888 462 1922 Nescis,
474 1887 657 1923 quodjustus
664 1888 811 1916 mediator
817 1896 876 1916 non
886 1892 938 1922 est,
948 1890 998 1925 qui
1008 1889 1047 1918 ab

223 1939 284 1966 una
298 1934 415 1960 tantum
430 1932 548 1967 eligitur
557 1932 660 1968 parte?
675 1932 779 1960 Verum
797 1933 862 1961 haec
874 1941 934 1961 non
950 1934 1023 1961 dixit
1037 1943 1045 1969 ;

224 1976 276 2004 sed
291 1976 404 2004 invisus
420 1977 517 2009 astitit,
528 1979 558 2004 ut
571 1976 772 2011 adjudicantis
785 1976 824 2004 illi
841 1977 884 2005 fas
893 1978 1048 2010 esset,fra-

224 2021 260 2048 tri
270 2028 331 2048 non
347 2022 431 2055 esset,
445 2020 555 2048 resilire
572 2021 759 2048 sententiam.
774 2022 805 2048 Et
820 2022 891 2056 quia
917 2022 1047 2049 Christus

224 2067 409 2092 correcturus
419 2067 552 2098 venerat,
562 2072 624 2092 non
634 2065 832 2092 damnaturus
860 2073 950 2098 reum,
976 2074 1047 2101 prte-

224 2111 311 2144 cepto
317 2111 449 2136 removet
455 2108 772 2143 fomitemjurgiorum,
780 2109 926 2137 dicendo:
940 2111 1047 2143 Videte,

223 2152 575 2181 caveteabauaritiaﬂoc
581 2152 727 2183 estdicere
735 2161 741 2179 :
749 2152 908 2187 Abjiciatur
915 2154 1047 2187 avaritia,

222 2199 250 2224 et
261 2204 321 2223 non
330 2197 384 2223 erit
395 2197 424 2223 in
436 2196 607 2223 haereditate
618 2196 919 2230 contentio.Avaritia,
932 2198 1046 2231 fratres,

1060 1562 1083 1592 C

1093 247 1134 274 sic
1144 254 1263 274 morum
1278 247 1405 282 dissipat
1416 248 1599 277 ornamenta,
1609 245 1685 273 sicut
1696 252 1709 267 ο
1723 246 1814 274 arbor
1827 246 1917 275 noxia

1092 290 1233 318 feralibus
1248 291 1400 318 radicibus
1415 297 1493 318 nexa
1508 290 1603 325 solvit,
1627 293 1656 317 et
1675 290 1800 326 dissipat
1818 298 1916 319 monu-

1092 337 1194 363 menta
1210 336 1365 371 majorum.

1376 398 1488 426 SERMO
1518 397 1632 425 CLXIII.

1232 455 1274 484 De
1291 457 1475 484 terrenarum
1487 463 1557 484 cura
1575 455 1773 491 despicienda.

1129 513 1208 541 Beati
1221 521 1350 549 quorum
1357 513 1919 542 cordahodiernusDominicisermonis

1091 558 1257 594 penetravit
1268 557 1398 593 auditus,
1415 558 1628 593 Beatiquorum
1643 560 1755 585 mentes
1768 559 1920 594 promovit

1092 602 1131 630 ad
1145 602 1237 629 fidem
1251 603 1334 629 tanta
1345 604 1373 629 et
1388 601 1453 629 talis
1469 602 1629 638 promissio
1643 602 1815 630 Salvatoris.
1841 603 1920 630 Beati

1092 646 1144 682 qui
1150 645 1322 674 crudelitate
1328 645 1490 674 caelestium
1499 646 1697 674 mandatorum
1704 647 1784 674 duris
1794 646 1920 675 absoluti

1094 692 1162 718 sunt
1171 690 1360 726 praesentium
1367 690 1516 718 curis.’l‘a1i
1524 698 1654 727 namque
1661 690 1752 719 hodie
1758 691 1920 727 discipulos

1093 743 1174 767 sues,
1188 735 1276 763 immo
1292 742 1398 762 omnes
1408 734 1559 763 auditores
1571 743 1650 768 suos,
1676 735 1822 763 Dominus
1850 744 1920 764 voce

1094 778 1254 815 compellat
1270 787 1276 806 :
1292 779 1394 808 Nolite
1407 779 1528 807 solliciti
1542 787 1597 807 esse
1608 780 1717 808 animae
1731 783 1838 808 vestrm
1851 781 1922 816 quid

1094 824 1282 857 manducetis,
1299 831 1393 860 neque
1405 826 1522 860 corpori
1536 827 1629 853 vestro
1638 825 1718 860 quod
1742 826 1920 853 vestiamini.

1094 868 1201 896 Anima
1212 869 1279 903 plus
1294 871 1425 904 estquam
1444 876 1514 902 esca,
1529 873 1556 897 et
1576 877 1678 904 corpus
1689 870 1758 904 plus
1774 873 1817 897 est
1833 877 1919 904 quam

1095 914 1291 941 vestimentum
1304 913 1383 948 (Luc.
1401 913 1489 949 xu).d
1505 914 1574 946 Quis
1590 914 1632 941 sic
1647 914 1686 942 ita
1701 915 1819 942 invidus
1831 915 1920 943 bonis

1096 958 1167 989 suis,
1183 957 1252 994 quis
1261 957 1421 986 sicdeliciis
1437 958 1655 992 suisinimicus,
1674 961 1705 987 ut
1717 962 1888 995 spontanee
1896 961 1922 986 et

1097 1001 1210 1030 coalitus
1221 1004 1384 1038 praeparata
1398 1002 1551 1038 despiciat,
1568 1005 1595 1030 et
1617 1004 1810 1039 concupiscat
1837 1010 1923 1031 mun-

1096 1047 1183 1075 danis
1201 1046 1355 1074 laboribus
1370 1049 1398 1074 et
1409 1047 1563 1075 doloribus
1578 1048 1768 1083 conquisita?
1791 1049 1923 1084 Degener

1096 1091 1186 1119 nimis
1197 1091 1326 1122 animus,
1343 1098 1427 1119 mens
1442 1093 1503 1119 tota
1518 1091 1633 1120 servilis
1648 1094 1700 1124 est,
1720 1100 1788 1129 quae
1815 1100 1925 1129 coquo-

1096 1143 1157 1163 rum
1172 1142 1184 1158 ι
1198 1134 1328 1169 afﬂatus,
1336 1135 1490 1171 squalores
1498 1136 1643 1172 coquinae,
1655 1136 1925 1165 hesternohorrore

1096 1179 1213 1208 fetentia
1232 1180 1386 1215 perquirat
1400 1179 1537 1214 obsonia,
1547 1181 1593 1208 cui
1598 1181 1708 1217 jugiter
1719 1182 1822 1216 regius
1828 1181 1925 1209 deser-

1096 1224 1137 1251 vit
1147 1226 1233 1259 atque
1245 1224 1363 1259 adjacet
1370 1226 1543 1260 apparatus.
1559 1224 1623 1253 Noli
1639 1232 1717 1260 ergo,
1731 1225 1836 1258 homo,
1867 1226 1926 1254 ina—

1096 1268 1339 1303 niaprovidendo
1345 1269 1541 1303 gemere,noli
1548 1269 1926 1306 laborarecaducaprtepa—

1097 1312 1204 1344 rando,
1220 1312 1290 1348 quia
1300 1312 1417 1348 prandii
1425 1313 1465 1340 tui
1482 1321 1601 1349 semper
1613 1314 1758 1350 etubique
1770 1315 1926 1351 Deuspras-

1099 1359 1218 1393 parator
1232 1357 1352 1385 assistit.
1370 1357 1441 1390 Quis
1451 1365 1502 1385 rex
1515 1357 1628 1386 devotis
1643 1359 1780 1386 militibus
1790 1359 1924 1386 debitam

1100 1408 1161 1429 non
1168 1404 1467 1437 procuratannonam
1476 1401 1566 1435 ?Quis
1572 1402 1714 1430 dominus
1721 1402 1865 1430 ﬁdelibus
1872 1411 1926 1430 ser-

1099 1445 1142 1473 vis
1156 1446 1210 1473 ista
1226 1445 1339 1473 cibaria
1354 1453 1415 1473 non
1425 1446 1592 1474 ministrat?
1606 1447 1676 1479 Quis
1693 1449 1777 1482 pater
1790 1455 1856 1475 non
1879 1447 1927 1475 dat

1098 1497 1208 1525 panem
1215 1489 1302 1517 ﬁliis?
1314 1490 1343 1518 Si
1354 1497 1425 1524 ergo
1439 1490 1527 1518 nobis
1543 1491 1629 1523 Deus,
1640 1493 1723 1519 etrex
1730 1493 1757 1519 et
1767 1492 1926 1523 Dominus,

1099 1537 1128 1562 et
1142 1535 1226 1561 Pater
1235 1536 1288 1568 est,
1298 1534 1371 1570 quid
1381 1535 1527 1570 negabit?
1541 1535 1696 1571 Stipendiis
1709 1536 1770 1563 suis
1795 1536 1928 1564 militans

1100 1577 1223 1613 derogat
1239 1578 1323 1606 miles
1329 1579 1391 1613 regi
1404 1587 1410 1611 ;
1421 1579 1483 1606 suis
1490 1579 1659 1615 sumptibus
1666 1580 1926 1608 vivensdominum

1101 1629 1204 1649 servus
1217 1625 1339 1650 accusat
1351 1631 1357 1655 ;
1372 1630 1427 1658 pro
1438 1630 1469 1650 se
1485 1623 1710 1651 sollicitusﬂlius
1721 1624 1926 1660 culpatsuper—

1101 1666 1196 1693 stitem
1205 1669 1330 1702 patrem.
1341 1667 1401 1695 Noli
1412 1675 1493 1703 ergo,
1501 1668 1603 1699 homo,
1611 1676 1758 1703 exponere
1768 1669 1865 1696 Deum
1875 1675 1927 1704 pro

1102 1712 1128 1737 te
1140 1710 1235 1738 taliter
1248 1711 1419 1745 cogitando,
1432 1712 1484 1747 qui
1499 1712 1647 1747 etjustitia
1656 1713 1820 1747 regnantis,
1838 1716 1867 1741 et
1880 1713 1927 1740 do-

1102 1754 1241 1782 minantis
1251 1755 1361 1787 studio,
1371 1756 1731 1790 etgenerantisaffectu,in
1741 1765 1771 1784 se
1785 1759 1882 1785 totam
1890 1757 1927 1785 tui

1100 1798 1210 1834 recepit
1222 1799 1458 1834 sollicitudinem,
1475 1800 1582 1828 refudit
1595 1804 1624 1828 et
1635 1808 1747 1833 curam,
1776 1801 1905 1829 dicendo
1921 1813 1928 1836 ;

1101 1843 1927 1880 Nolitesallim‘tiesseanimasvestrasqutdmanducetisSed

1101 1889 1129 1914 te
1143 1887 1217 1915 forte
1230 1887 1358 1915 mellitus
1372 1888 1477 1921 imber,
1492 1891 1519 1917 et
1534 1889 1690 1923 singularis
1701 1889 1796 1921 cibus,
1810 1889 1927 1918 Judaici

1102 1930 1211 1959 fastidii
1226 1932 1349 1959 deterret
1363 1933 1511 1968 exemplo,
1524 1941 1578 1961 nec
1589 1941 1709 1961 carnem
1721 1934 1818 1961 credis
1827 1934 1928 1962 humo-

1102 1983 1168 2003 rum
1189 1976 1332 2003 varietate
1345 1979 1515 2004 concretam
1533 1985 1587 2013 per
1603 1977 1700 2005 solum
1723 1979 1860 2006 mannaf
1878 1985 1929 2006 sua

1103 2019 1252 2047 voluntate
1259 2020 1401 2055 compleri
1415 2028 1422 2047 :
1439 2020 1523 2054 dicis,
1538 2022 1614 2049 Deus
1624 2022 1699 2049 sicut
1709 2029 1819 2057 corpus
1836 2031 1872 2050 ex
1885 2022 1930 2049 di-

1105 2064 1197 2090 versis
1210 2064 1300 2092 voluit
1314 2066 1450 2092 constare
1463 2065 1667 2097 membris,ita
1675 2066 1793 2093 variatis
1800 2066 1929 2102 dapibus

1103 2107 1326 2143 voluitetjussit
1337 2108 1469 2136 enutriri.
1482 2110 1651 2145 Superﬂuus
1661 2112 1714 2142 est,
1730 2110 1860 2144 ohomo,
1877 2111 1929 2138 iste

1104 2151 1156 2186 qui
1170 2154 1197 2179 te
1214 2152 1346 2186 exagitat
1356 2152 1459 2180 timor:
1473 2160 1543 2181 nam
1560 2155 1705 2181 Creatoris
1720 2154 1757 2181 ad
1766 2155 1928 2190 prandium

1103 2196 1165 2223 tota
1175 2196 1320 2224 concurrit
1331 2198 1358 2224 et
1369 2196 1491 2225 advolat
1506 2200 1650 2226 creatura.
1663 2198 1744 2226 Unde
1756 2199 1781 2225 si
1794 2198 1928 2234 telegalis

220 2241 360 2274 parentes
371 2241 468 2273 negat,
485 2245 645 2273 germanos
657 2238 771 2271 dividit,
795 2243 914 2273 separat
939 2242 1045 2274 socios,
1063 2241 1085 2269 D
1102 2239 1160 2267 cibi
1176 2240 1367 2275 singularitas
1380 2243 1408 2269 et
1423 2242 1551 2277 parcitas
1565 2245 1661 2276 terret,
1672 2242 1774 2270 invitet
1784 2245 1927 2278 etprovo—

221 2282 382 2310 amicitiam
394 2281 488 2314 solvit,
503 2281 632 2309 excludit
642 2282 781 2310 affectum
799 2283 895 2312 :hano
910 2286 1046 2321 quiintra

220 2334 251 2354 se
265 2325 412 2358 habuerit,
427 2326 605 2359 eritnullius,
617 2335 690 2354 suus
699 2335 758 2355 non
767 2328 828 2356 erit.
838 2329 978 2361 Avaritia,
991 2331 1046 2358 fra-

219 2372 286 2405 tres,
300 2370 376 2398 sicut
389 2370 462 2404 dixit
476 2370 643 2406 Apostolus,
659 2372 750 2400 radis:
759 2374 798 2400 est
808 2374 938 2401 omnium
952 2374 1044 2402 malo-

253 2438 266 2454 ι
281 2431 368 2467 Alias,
384 2436 500 2459 extreme
516 2436 545 2459 tu
559 2433 678 2467 periisti.

251 2467 267 2489 ι)
280 2467 380 2495 Mirum
396 2470 535 2503 quantum
551 2470 611 2495 tota
625 2468 686 2495 haec
703 2468 836 2503 periodus
861 2469 889 2495 in
910 2470 1043 2498 omnibus

216 2503 388 2536 editionibus
402 2505 514 2531 scateat
528 2503 680 2532 erroribus.
699 2505 730 2530 Et
749 2512 814 2531 cum
828 2504 914 2532 ctiam
931 2506 1042 2534 codices

215 2538 346 2578 mendosi
363 2535 428 2578 Sint,
441 2547 555 2578 eam-ex
569 2538 826 2578 conjectura-Mitte
847 2539 1035 2569 restituimus.

249 2574 411 2601 cObservat
442 2574 571 2608 plurimis
593 2574 670 2605 Mita,
699 2574 823 2609 primum
851 2579 1041 2605 monumenta

213 2616 293 2646 more
303 2610 464 2646 antiquaria
479 2609 554 2646 agris
568 2609 692 2640 construi
709 2609 792 2636 solita
807 2619 838 2637 ex
854 2610 947 2646 lapide
971 2612 1040 2640 latc<

212 2643 332 2682 ritio.__S_i
348 2642 532 2682 vércﬁibide—m
559 2645 791 2682 propejarbores
817 2642 953 2682 plunintm
972 2648 1038 2675 {uis-

212 2679 354 2717 sent,_illa=,
368 2680 509 2717 radicibus
523 2679 595 2717 intra
607 2679 733 2717 lapidum
747 2679 969 2710 conticxionibus
985 2683 1037 2710 im-

211 2713 315 2742 missis,
333 2716 360 2740 et
386 2715 492 2749 lapides
521 2713 660 2752 titillarcs,
684 2719 709 2744 et
738 2717 849 2750 lateres,
876 2718 1036 2752 sepulcrum

208 2751 424 2811 Acampanentes,
437 2758 451 2776 e
466 2751 651 2785 proprioloco
665 2752 826 2780 indistincte
841 2751 1033 2788 prosternunt.

245 2790 287 2810 τΑ.

245 2790 287 2810 TA.

1101 2286 1146 2311 cet
1157 2284 1319 2319 evangelici
1331 2285 1457 2313 convivii
1476 2286 1602 2314 caelestis
1612 2286 1727 2319 eﬁusio,
1744 2294 1811 2323 quae
1823 2286 1855 2315 in
1867 2294 1925 2315 uno

1101 2327 1212 2355 ferculo
1225 2329 1441 2357 manducaturo
1453 2330 1536 2358 Petro
1555 2330 1648 2358 totius
1662 2331 1787 2366 apponit
1819 2338 1925 2366 genere

1100 2374 1242 2400 creature
1252 2373 1332 2407 (Act.
1352 2374 1394 2409 x).
1406 2375 1480 2402 Nam
1494 2374 1641 2410 quidquid
1652 2376 1711 2403 Noe
1723 2380 1736 2402 Ι
1747 2378 1848 2403 vector
1857 2375 1925 2406 novi

1134 2434 1146 2454 τι
1164 2435 1298 2468 Latinius,
1316 2438 1373 2470 quis
1387 2437 1434 2463 sit.

1134 2476 1146 2489 δ
1163 2472 1208 2497 Ms.
1227 2473 1335 2497 (Imscn.
1354 2472 1436 2501 Editi,
1456 2472 1573 2505 a/falus.

1131 2506 1259 2544 f_Auctor
1274 2507 1421 2540 sapientius
1438 2515 1495 2544 xvn.
1511 2508 1553 2540 :10,
1572 2508 1615 2540 '21,
1630 2508 1715 2535 tradit
1727 2508 1858 2536 omnium
1875 2516 1922 2544 gu—

1097 2541 1150 2567 stui
1168 2550 1273 2568 manna
1286 2543 1495 2569 accommodari
1512 2543 1700 2575 consuevissc,
1711 2546 1741 2570 ut
1751 2541 1922 2579 singulissa-

1097 2579 1183 2614 perct.
1200 2579 1226 2614 δ.
1245 2578 1417 2614 Augustinus
1431 2578 1554 2605 ltolrnct.
1570 2578 1617 2605 lib.
1650 2587 1666 2606 ιι
1694 2587 1756 2614 cap.
1788 2578 1827 2612 10,
1854 2579 1922 2606 scite

1096 2613 1297 2651 animadvertit
1311 2613 1383 2651 lianc
1397 2614 1458 2640 cibo
1476 2614 1619 2651 virtutem,
1635 2617 1664 2651 ut
1676 2623 1708 2651 se
1729 2613 1858 2651 omnium
1875 2623 1921 2651 gu-

1095 2648 1147 2684 stui
1166 2649 1407 2677 uv'cmnmodarei.
1424 2658 1479 2676 non
1498 2649 1550 2676 nisi
1568 2658 1617 2684 pro
1634 2649 1697 2676 ﬁliis
1733 2650 1780 2678 Dei
1798 2648 1917 2679 inditum

1096 2682 1277 2721 fuisscigvitlc
1293 2684 1406 2721 Grcgor.
1423 2685 1517 2712 Mora].
1537 2682 1584 2712 lib.
1608 2693 1633 2712 v1
1649 2693 1700 2721 cap
1714 2685 1738 2712 94

1127 2724 1141 2743 ρ
1154 2719 1221 2744 Aliis
1236 2719 1365 2753 Cpillwtis
1379 2728 1444 2746 eum
1462 2723 1565 2748 ornant
1594 2719 1695 2748 Patres.
1722 2720 1816 2749 Dictus
1840 2724 1883 2751 est
1903 2727 1918 2746 a

1093 2753 1304 2791 tilirysostomo,
1323 2755 1420 2782 lioniil.
1441 2756 1489 2783 lto
1504 2758 1572 2791 tom.
1587 2756 1608 2783 V
1624 2764 1687 2791 pag.
1712 2756 1775 2783 ΤΗ.
1802 2757 1918 2790 naufra-

1089 2789 1161 2819 gium
1169 2790 1301 2823 facientis
1309 2794 1417 2817 nulum;
1426 2791 1507 2818 bonus
1518 2789 1699 2826 gubernator,-
1712 2799 1728 2818 ἃ
1741 2790 1916 2818 Nazianzeno
