4040 6178
257 297 378 357 633

1725 310 1971 374 SERMO
2015 311 2258 375 CLXVI.

3566 333 3681 392 63!.

254 424 652 522 regis-Christi
677 429 891 522 meruit
913 430 1136 491 habere
1161 438 1548 511 consortium,
1578 446 1832 498 matrem
1857 447 1914 500 et
1948 447 1996 505 A
2032 449 2119 500 ter
2146 447 2394 513 mansit,
2427 449 2530 519 qui
2557 448 2775 504 domus
2793 465 2916 505 suae
2943 451 3423 522 nescius,domus
3445 457 3684 515 Deiesse

258 515 544 570 mmulam
567 517 872 586 pertulitet
888 529 1303 582 novercam.Et
1321 529 1602 599 quaeritis:
1623 539 1809 587 mater
1829 537 1914 588 ta-

257 603 348 668 lis,
368 604 566 675 qualis
581 607 757 662 nurui
771 624 978 665 socrus
999 610 1027 666 ?
1041 615 1170 668 Haec
1185 630 1442 688 namque
1463 620 1784 690 Synagoga
1801 638 1916 678 ma-

261 696 368 755 ter,
401 692 506 748 ubi
538 694 860 752 Ecclesiam
889 713 1109 757 nurum
1135 703 1278 760 vidit
1301 720 1371 760 ex
1417 707 1697 776 gentibus
1744 711 1920 765 adve-

259 780 437 850 nisse,
469 782 688 838 occidit
711 786 962 844 scelesta
989 788 1201 855 ﬁlium,
1241 809 1428 849 nurus
1453 798 1817 854 consortium
1844 815 1918 855 ne

258 868 524 926 videret:
558 872 775 928 occidit
800 875 1114 944 Christum,
1140 881 1187 935 si
1213 882 1302 938 vel
1323 883 1404 938 sic
1436 900 1706 942 amorem
1731 903 1918 944 nurus

258 957 588 1016 furibunda
618 961 840 1019 valeret
859 965 1256 1037 exstinguere.
1289 972 1400 1027 Sed
1423 989 1496 1028 ex
1522 981 1709 1031 morte
1726 980 1916 1032 totum

258 1049 583 1104 resurrexit
619 1049 680 1106 in
707 1053 987 1109 Ecclesiae
1009 1058 1356 1128 conjugium
1376 1061 1668 1130 Christus;
1703 1072 1766 1121 ut
1785 1081 1918 1138 pro-

256 1136 427 1192 baret
457 1137 808 1197 charitatem
840 1157 962 1199 non
984 1150 1247 1218 separari
1270 1157 1479 1215 morte,
1509 1152 1612 1208 sed
1628 1136 1913 1210 crescere.

255 1226 468 1295 Arguit
488 1241 592 1282 eos
607 1234 806 1285 autem
822 1230 1221 1307 Dominusqui
1236 1237 1447 1294 faciem
1475 1241 1798 1311 cmli,ortus
1821 1260 1916 1298 nu-

252 1312 450 1378 bium,
480 1314 788 1374 stellarum
811 1335 1041 1386 cursus,
1065 1323 1274 1395 plagas
1296 1326 1456 1382 orbis
1480 1329 1716 1386 student
1732 1331 1915 1387 nimia

253 1402 604 1460 curiositate
627 1408 988 1479 perquirere,
1023 1417 1078 1468 et
1108 1417 1345 1486 tempus
1370 1416 1581 1472 salutis
1603 1434 1720 1474 suae
1741 1420 1915 1475 nullis

253 1492 676 1557 studiis,nullis
690 1495 920 1553 indiciis
933 1499 1199 1558 nituntur
1211 1508 1912 1578 agnoscere.Hypocrita:,

250 1583 354 1646 ait,
375 1582 596 1650 faciem
621 1586 758 1641 caeli
784 1590 833 1640 et
861 1595 1034 1646 terra:
1060 1593 1243 1646 nostis
1257 1595 1544 1664 probare;
1573 1603 1626 1651 et
1655 1599 1916 1667 quomodo

252 1675 489 1738 tempus
509 1673 668 1728 istud
688 1690 806 1730 non
817 1677 1084 1745 probatis
1101 1681 1128 1734 ?
1151 1682 1367 1736 Oculus
1385 1683 1607 1739 effusus
1624 1686 1808 1756 perdit
1831 1686 1917 1741 lu-

249 1774 416 1821 men.
437 1761 584 1832 quia
602 1767 722 1818 tota
743 1764 1001 1822 hominis
1015 1766 1168 1824 intra
1187 1771 1474 1841 pupillam
1493 1772 1639 1828 visio
1656 1776 1912 1830 contine-

250 1852 370 1905 tur.
387 1851 470 1904 Ne
487 1865 630 1920 ergo
657 1853 896 1909 studeas
914 1855 1113 1912 videre
1131 1858 1410 1928 multa,ut
1431 1860 1634 1916 videas
1659 1864 1913 1934 temetip-

249 1953 390 1994 sum
413 1957 432 2010 ;
462 1955 536 1996 ne
551 1956 882 2012 praesumas
909 1945 1140 2002 excelsa
1153 1949 1558 2013 contueri,nec
1579 1949 1914 2023 longinqua

252 2026 499 2082 ambias
530 2031 893 2103 conspicere,
912 2033 1361 2106 quiaangustus
1377 2037 1587 2092 oculus
1616 2054 1736 2094 non
1759 2041 1916 2112 capit

253 2115 470 2181 multa,
485 2133 608 2174 non
627 2125 898 2192 penetrat
919 2123 1173 2190 excelsa,
1197 2125 1529 2198 longinqua
1549 2143 1669 2183 non
1693 2129 1918 2201 perspi-

252 2204 352 2272 cit,
381 2211 567 2278 atque
594 2207 676 2264 ita
696 2209 857 2265 videt
871 2210 1036 2278 nihil,
1051 2213 1155 2284 qui
1181 2213 1380 2270 videre
1399 2215 1674 2273 exstimat
1701 2223 1912 2274 totum.

253 2298 535 2363 Agnosce
566 2312 707 2366 ergo
735 2298 895 2355 diem
926 2301 1151 2368 salutis,
1187 2307 1423 2376 tempus
1467 2310 1780 2377 acceptum
1811 2322 1917 2380 per

255 2382 564 2440 Christum
593 2385 799 2443 Jesum
832 2389 1153 2446 Dominum
1192 2398 1484 2465 nostrum,
1512 2395 1561 2450 si
1589 2394 1673 2451 vis
1703 2411 1740 2452 a
1769 2400 1842 2454 te.

924 2478 1098 2535 Deest
1123 2480 1277 2547 ﬁnis.

829 2577 856 2608 ει
889 2568 1116 2625 SERMO
1157 2568 1347 2626 CLXV.
1369 2576 1383 2585 ’

255 2651 340 2706 De
382 2655 824 2712 consecratione
851 2655 920 2710 D.
961 2656 1216 2726 Profecti
1243 2660 1500 2729 episcopi
1523 2661 1917 2722 Foro-Corne-

985 2747 1207 2802 tiensis.

331 2829 614 2884 Omnibus
629 2830 860 2902 quidem
878 2834 1150 2891 Ecclesiis
1162 2838 1600 2895 venerationem
1613 2839 1819 2896 debere
1834 2857 1917 2897 me

257 2917 1052 2988 proﬁteor,etﬁdelissimam
1077 2924 1422 2981 servitutem
1436 2927 1540 2982 sed
1559 2930 1915 2985 Corneliensi

259 3007 540 3063 Ecclesiae
554 3007 840 3066 inservire
854 3011 1212 3082 peculiarius
1226 3014 1413 3086 ipsius
1438 3017 1700 3072 nominis
1713 3034 1916 3074 amore

259 3096 601 3169 compellor.
617 3096 646 3140 ι)
673 3100 975 3156 Cornelius
990 3117 1243 3175 namque
1265 3106 1548 3161 memoriae
1570 3107 1914 3164 beatissima

257 3185 376 3242 vita
391 3166 625 3256 vclarus,
653 3190 880 3245 cunctis
900 3166 1181 3247 virtutum
1207 3192 1387 3248 titulis
1414 3194 1637 3267 ubique
1661 3196 1912 3267 fulgens,
1944 3166 1989 3228 Ο

256 3289 506 3345 operum
539 3277 953 3347 magnitudine
969 3284 1148 3336 notus
1170 3281 1482 3348 universis,
1525 3295 1549 3324 ο
1579 3289 1751 3355 pater
1772 3285 1917 3341 mihi

251 3361 386 3424 fuit,
419 3365 550 3435 ipse
576 3381 671 3420 me
698 3381 804 3438 per
828 3367 1219 3439 Evangelium
1243 3371 1464 3438 genuit,
1494 3371 1622 3443 ipse
1638 3372 1770 3443 pius
1784 3374 1918 3445 piis-

256 3452 406 3507 sime
437 3453 699 3525 nutrivit,
719 3456 846 3528 ipse
868 3461 1114 3512 sanctus
1135 3459 1600 3516 sanctainstituit
1615 3461 1914 3527 servitute,

256 3539 386 3610 ipse
404 3541 675 3612 pontifex
698 3545 880 3600 sacris
898 3543 1109 3601 obtulit
1125 3550 1182 3601 et
1201 3549 1574 3603 consecravit
1594 3548 1876 3605 altaribus
1900 3567 1912 3605 :

257 3633 310 3682 et
335 3627 469 3684 ideo
492 3629 636 3685 mihi
660 3631 1530 3699 clarum,colendum,mirabile
1548 3636 1794 3693 Cornelii
1814 3654 1913 3693 no.

258 3731 417 3772 men.
452 3719 645 3775 Amor
674 3735 815 3790 ergo
845 3721 1223 3793 cognominis
1247 3739 1345 3778 me
1375 3724 1679 3796 compellit
1703 3726 1916 3782 Corne-

256 3803 462 3861 liensis
480 3806 748 3863 Ecclesiae
763 3808 1070 3865 desideriis
1088 3809 1492 3867 desideranter
1510 3828 1839 3880 occurrere,
1863 3817 1919 3868 et

261 3894 589 3964 Projectum
602 3896 1002 3953 venerabilem
1033 3899 1226 3954 virum
1241 3899 1560 3955 amabilius
1574 3901 1917 3972 pontiﬁcem

259 3985 978 4056 consecrare.Projectum
1000 3986 1252 4055 dixi,sed
1269 4003 1390 4043 non
1405 3988 1728 4058 abjectum,
1749 3990 1919 4059 juxta

257 4069 402 4127 illud
428 4089 440 4128 :
465 4073 537 4128 In
571 4079 625 4130 te
635 4077 939 4144 projectus
954 4091 1075 4131 sum
1096 4091 1172 4131 ex
1186 4082 1352 4131 utero
1367 4088 1388 4145 ,°
1401 4077 1471 4132 de
1500 4084 1697 4133 ventre
1715 4077 1917 4133 matris

257 4175 402 4217 meae
417 4162 1248 4234 DeusmeusestutPsat.xx1).
1271 4165 1601 4220 Etvereiste
1615 4165 1915 4234 Projectus

258 4263 330 4304 ex
357 4255 525 4305 utero
537 4250 822 4306 humana:
835 4252 1047 4307 matris
1063 4253 1270 4308 matris
1283 4251 1500 4307 divinae
1512 4253 1571 4306 in
1591 4258 1755 4308 utero
1764 4254 1784 4323 j
1796 4254 1918 4323 ugi-

327 4384 352 4413 a
385 4374 647 4447 sermoni
670 4373 802 4429 huic
826 4374 884 4428 in
911 4391 1029 4447 ms.
1050 4377 1298 4430 Caesenaa
1330 4376 1641 4447 praeﬁgitur
1671 4376 1871 4431 titulus
1901 4394 1911 4430 :

262 4443 322 4516 In
346 4444 692 4500 ordinatione
720 4447 954 4516 episcopi
980 4443 1518 4502 Foro-Corneliensi}
1547 4449 1757 4501 nomine
1786 4449 1919 4502 Pro.

259 4515 361 4569 ieci
369 4515 389 4566 ι’
401 4557 413 4568 .

250 4533 516 4661 μῗῖῗξάε
539 4603 665 4661 quae
693 4587 994 4661 observata
1016 4591 1148 4661 sunt
1174 4588 1230 4642 in
1254 4587 1403 4642 notis
1429 4590 1503 4643 ad
1529 4588 1717 4644 Vitam
1746 4589 1915 4661 Chry-

263 4655 441 4741 solegi
474 4673 539 4741 ex
557 4655 818 4741 ’Castillo,
843 4675 1012 4741 Anum.
1044 4659 1096 4712 5.

329 4728 552 4800 {Forte
597 4745 696 4799 per
724 4729 1096 4798 baptismum,
1137 4732 1297 4800 certe
1353 4745 1453 4800 per
1494 4731 1913 4795 educationem,

263 4797 710 4864 ordinationem,
741 4797 816 4854 eti
835 4799 1322 4854 consecrationem
1337 4797 1370 4854 ,⁷
1390 4800 1466 4854 De
1499 4803 1558 4854 Β.
1593 4803 1912 4867 Ambrosio,

263 4868 325 4921 D.
354 4870 698 4939 Augustinus
726 4871 822 4924 lib.
853 4876 1055 4925 contra
1081 4869 1270 4940 Pelag.
1300 4886 1312 4924 :
1363 4870 1741 4940 Baptizantem
1767 4889 1918 4927 vene-

265 4954 356 5018 ror
411 4948 470 4993 ut
505 4941 722 5018 Patrem
739 4959 787 5018 έ-
806 4943 866 4994 in
914 4942 1192 4997 Christum
1217 4941 1395 4995 Jesu-m
1415 4957 1516 5012 per
1560 4944 1917 5014 Evangetium

265 5012 371 5079 ipse
405 5027 482 5063 me
500 5013 706 5090 genuit.
738 5012 901 5066 Mm.
1725 5012 1732 5014 ⁷
1865 5083 1875 5093 .

332 5079 359 5119 ά
384 5080 856 5164 Projectumuuna
896 5099 1024 5164 cum
1043 5152 1055 5164 ‘
1077 5081 1426 5164 Chrysologo
1476 5099 1509 5135 a
1655 5083 1916 5164 Cornelio

263 5151 438 5205 sacris
469 5151 583 5206 aris
612 5153 923 5216 addictum,
957 5157 1012 5207 et
1042 5151 1274 5208 levitam
1296 5151 1714 5216 consecratum,
1742 5154 1916 5208 tradit

261 5220 414 5293 illita.
447 5222 796 5293 Chrysologo
824 5224 956 5278 inde
978 5224 1050 5277 ad
1072 5225 1461 5278 Ravennatem
1485 5225 1679 5277 sedem
1699 5229 1914 5289 cvecto,

263 5291 407 5346 alter
437 5294 510 5347 ab
545 5291 611 5349 eo
633 5291 786 5348 ven—it
816 5294 872 5348 in
899 5293 1392 5348 archidiaconatus
1415 5294 1711 5364 dignitate,
1739 5311 1913 5364 quam

266 5367 481 5435 postea,
516 5369 573 5418 et
605 5365 724 5435 ipse
754 5365 961 5420 electus
992 5364 1220 5434 praesul,
1260 5366 1454 5435 beato
1480 5366 1699 5418 Donato
1730 5365 1914 5420 levita)

266 5434 616 5489 Corneliensi
633 5434 833 5490 ’cessit.
855 5435 1277 5506 Episcopulibus
1295 5434 1490 5490 iufulis
1507 5439 1741 5489 ornatus
1764 5435 1914 5490 vide-

265 5507 352 5576 tur
379 5522 534 5560 anno
565 5507 688 5560 431.
720 5507 995 5561 Eumdem
1044 5507 1224 5561 credit
1251 5523 1371 5561 esse
1411 5506 1708 5569 Baronius,
1743 5523 1914 5576 quem

265 5574 596 5647 C(plestinus
623 5579 727 5631 PP.
784 5577 1039 5646 legatum
1065 5577 1253 5647 elegit,
1294 5581 1354 5632 ut
1386 5594 1488 5632 suo
1515 5574 1916 5632 nomine—con-

265 5644 386 5701 cilio
419 5647 707 5718 Ephesino
764 5644 1051 5719 préesset.
1113 5644 1320 5704 Annal.
1366 5653 1506 5704 tom.
1544 5650 1633 5704 Vll
1674 5663 1775 5706 an.
1808 5647 1906 5704 431

2028 535 2268 606 perstitit
2282 535 2597 592 habitator.
2617 538 2876 603 Qualiter
2889 541 3348 614 autem,fratres,
3372 547 3686 603 cunabulis

2027 621 2105 676 ab
2135 621 2284 692 ipsis
2315 621 2334 650 "
2363 623 2583 692 gradus
2619 624 3033 682 Ecclesiasticae
3068 628 3290 685 militiae
3324 633 3688 689 conscende—

2028 709 2101 764 rit
2129 713 2187 763 et
2212 709 2432 775 ofﬁcia,
2463 712 2600 782 quia
2625 712 2820 767 dicere
2852 713 2996 768 mihi
3027 714 3275 786 longum
3301 724 3409 783 est,
3433 720 3583 777 sicut
3607 721 3688 777 di-

2027 796 2106 852 cit
2134 799 2444 865 Dominus,
2475 806 2705 857 cetatem
2738 802 2936 865 habet,
2969 807 3137 873 ipsee
3162 820 3274 873 pro
3313 823 3374 862 se
3415 811 3687 880 loquatur

2028 884 2220 955 (Joan.
2245 886 2327 957 ιι),
2360 902 2466 959 per
2497 889 2814 944 Dominum
2833 895 3104 946 nostrum
3136 891 3336 949 Jesum
3364 895 3681 962 Christum,

2027 974 2128 1045 qui
2159 974 2296 1030 vivit
2325 981 2384 1031 et
2433 982 2637 1047 regnat
2676 993 2811 1033 cum
2848 979 3066 1052 Spiritu
3119 987 3324 1039 sancto
3370 983 3429 1039 in
3469 984 3685 1040 saecula

2028 1063 2407 1129 smoulorum,
2442 1069 2651 1121 Amen.

2581 1153 2596 1183 '
2630 1156 2854 1212 SERMO
2897 1159 3130 1214 CLXVI.

2381 1245 2472 1300 De
2525 1244 3031 1315 quadragesimali
3057 1248 3309 1318 jejunio.

2098 1329 2530 1403 Habetquidem
2549 1333 2898 1405 simplicitas
2911 1335 3261 1391 innocentiae
3280 1354 3403 1393 suae
3417 1340 3683 1409 gratiam,

2025 1417 2206 1475 habet
2228 1420 2362 1475 ﬁdei
2389 1437 2512 1476 suae
2535 1421 2824 1488 fructum;
2859 1424 3118 1480 scientiae
3142 1426 3456 1496 praemium
3471 1427 3688 1484 habere

2026 1523 2148 1563 non
2180 1515 2393 1579 potest,
2427 1510 2695 1581 palmam
2726 1513 2948 1569 habere
2985 1529 3104 1570 non
3132 1521 3327 1587 potest
3380 1517 3686 1574 virtutum.

2026 1596 2198 1652 Aliud
2226 1605 2312 1653 est
2338 1600 2458 1654 otio
2486 1606 2540 1656 et
2571 1601 2868 1657 securitati
2898 1619 3020 1659 suae
3046 1605 3262 1671 vivere,
3287 1605 3450 1661 aliud
3472 1613 3558 1662 est
3577 1621 3688 1679 pro

2027 1685 2308 1741 omnibus
2329 1686 2478 1742 ferre
2497 1689 2725 1757 vigilias
2748 1689 3075 1751 etlabores.
3108 1693 3468 1766 Simplicitas
3495 1695 3684 1751 civem

2028 1771 2251 1827 bonum
2279 1773 2560 1842 facit,non
2575 1776 2975 1834 facitmilitem
2994 1779 3207 1836 fortem
3233 1798 3245 1837 :
3275 1782 3412 1838 hinc
3431 1785 3686 1855 estquod

2026 1860 2122 1914 ille
2153 1876 2400 1917 censum
2425 1864 2617 1932 solvit,
2636 1865 2730 1920 hic
2749 1867 3046 1937 stipendia
3059 1868 3312 1939 percipit
3330 1874 3388 1924 et
3405 1870 3686 1925 honores.

2028 1948 2179 2004 Civis
2194 1954 2298 2004 aut
2310 1949 2462 2006 cedit
2474 1956 2577 2006 aut
2589 1953 2927 2008 succumbit
2939 1953 3226 2018 adversis,
3252 1955 3506 2012 adversa
3519 1956 3686 2011 miles

2027 2037 2276 2093 sustinet
2288 2039 2630 2111 etpropellit
2646 2059 2663 2111 ;
2679 2040 2774 2096 ille
2789 2057 3057 2112 pugnare
3074 2057 3194 2098 non
3217 2042 3444 2106 didicit,
3459 2043 3555 2100 hic
3566 2059 3683 2100 non

2027 2124 2266 2195 timere;
2296 2125 2393 2182 ille
2423 2132 2593 2183 cavet
2621 2142 2879 2199 semper,
2897 2128 2994 2184 hic
3019 2128 3213 2185 vincit.
3241 2131 3372 2185 Haec
3401 2129 3679 2197 diximus,

2024 2218 2090 2270 ut
2115 2229 2252 2286 quae
2283 2215 2357 2270 sit
2385 2215 2667 2272 distantia
2718 2221 3198 2273 monstraremus
3233 2218 3384 2274 inter
3412 2234 3552 2275 eum
3577 2223 3681 2292 qui

2027 2303 2371 2360 Christianae
2385 2304 2524 2360 fidei
2538 2305 2889 2378 simpliciter
2900 2307 3114 2380 accipit
3126 2313 3184 2364 et
3207 2308 3472 2380 sequitur
3493 2324 3685 2365 sacra-

2026 2398 2317 2461 mentum,
2342 2399 2396 2449 et
2425 2393 2574 2450 inter
2587 2411 2724 2450 eum
2737 2395 2842 2467 qui
2859 2395 3058 2452 studet
3072 2396 3252 2468 ipsius
3264 2397 3405 2453 ﬁdei
3419 2402 3473 2453 et
3487 2412 3684 2469 appre-

2024 2479 2285 2538 hendere
2316 2483 2584 2549 scienter,
2610 2490 2666 2540 et
2685 2499 2862 2541 nosse
2883 2485 3237 2557 mysterium
3257 2489 3402 2542 Ecce
3425 2487 3685 2551 Quadra-

2025 2569 2256 2638 gesimaa
2265 2570 2344 2640 jej
2355 2573 2548 2626 unium
2559 2573 2731 2644 ,quod
2745 2572 3057 2628 devotione
3071 2573 3309 2629 solemni
3323 2573 3418 2631 die
3430 2575 3684 2630 crastino

2027 2657 2270 2730 suscipit
2287 2659 2637 2715 universalis
2659 2660 2950 2716 Ecclesia:
2971 2661 3141 2716 multi
3162 2667 3371 2733 putant
3386 2663 3686 2719 abstinen-

2027 2746 2121 2801 tiae
2151 2751 2382 2802 tantum
2409 2748 2625 2813 studio,
2645 2748 2734 2804 vel
2760 2750 2934 2804 nobis
2951 2749 3356 2814 traditum,vel
3380 2766 3491 2822 pro
3509 2751 3684 2807 nobis

2029 2835 2347 2891 Dominum
2361 2837 2684 2908 peregisse,
2707 2853 2816 2892 nec
2844 2837 3067 2893 altioris
3084 2837 3485 2908 intelligentia:
3500 2839 3684 2895 conti-

2026 2937 2165 2978 nere
2184 2923 2667 2994 mysterium,sed
2687 2924 3068 2981 solummodo
3081 2925 3449 2995 castigandis
3469 2942 3680 2998 corpo-

2025 3010 2214 3075 ribus,
2237 3013 2581 3068 resecandis
2608 3012 2782 3080 vitiis,
2817 3014 3223 3085 temperandis
3253 3014 3543 3070 mentibus
3567 3015 3676 3071 hoc

2027 3100 2350 3171 provisum.
2378 3102 2560 3157 Porro
2579 3102 3097 3174 quadragenarius
3117 3103 3224 3159 iste
3246 3119 3532 3159 numerus
3553 3112 3676 3160 tam

2029 3194 2296 3245 sacratus
2322 3205 2453 3246 esse
2487 3207 2524 3247 a
2555 3190 2802 3256 saeculis,
2840 3197 2958 3247 tam
2989 3193 3283 3264 mysticus
3313 3192 3679 3264 reperitur,ut

2027 3291 2262 3349 semper
2287 3277 2617 3334 efﬁciendis
2646 3279 2826 3335 rebus
2844 3280 3082 3344 divinis,
3099 3284 3156 3336 et
3174 3281 3456 3336 maximis
3467 3281 3568 3336 Dei
3583 3296 3680 3337 ne-

2026 3365 2202 3435 gotiis
2231 3367 2600 3439 explicandis
2625 3368 2930 3424 adhibitus
2949 3369 3078 3438 lege
3097 3369 3683 3440 inviolabiliperscri-

2025 3454 2222 3510 batur.
2249 3453 2419 3519 Quod
2449 3459 2512 3510 ut
2537 3453 2733 3510 luceat
2762 3455 2841 3510 ad
2871 3471 3092 3526 purum
3114 3455 3538 3526 copiosissimis
3553 3471 3684 3526 per-

2027 3556 2339 3597 curramus
2369 3543 2829 3614 exemplis,Cum
2857 3543 3120 3598 mundus
3150 3542 3306 3598 intra
3337 3543 3685 3613 generishu-

2025 3631 2189 3686 mani
2212 3630 2536 3700 primordia
2550 3631 3209 3703 perdeﬂenda,nefando
3222 3631 3493 3687 vitiorum
3515 3648 3578 3703 sq
3587 3647 3686 3687 ua-

2026 3719 2151 3774 lore
2180 3718 2565 3784 sordesceret,
2596 3724 2652 3773 et
2680 3724 2840 3774 totus
2859 3720 3177 3776 criminum
3199 3719 3400 3776 feteret
3416 3720 3680 3785 horrore,

2027 3823 2097 3863 ac
2121 3822 2264 3879 pene
2287 3808 2410 3877 ipso
2425 3808 2748 3879 iniquitatis
2764 3825 2888 3864 suae
2903 3808 3054 3864 fumo
3067 3809 3300 3865 fuscare
3313 3809 3446 3865 cmli
3462 3814 3681 3866 tantam

2027 3895 3182 3969 contenderetclaritatem,quadraginta
3194 3899 3407 3953 diebus
3421 3913 3490 3953 ac
3506 3898 3685 3954 nocti-

2026 3984 2140 4039 bus
2187 3984 2540 4054 expiaturus
2573 3988 2812 4050 terram,
2846 3984 3098 4039 caelestis
3137 3985 3330 4040 imber
3361 3983 3685 4040 effunditur

2029 4072 2190 4142 (Gen.
2223 4074 2323 4140 vn)
2356 4087 2368 4126 :
2396 4071 2629 4142 ut,quia
2650 4071 2841 4142 perire
2869 4070 3283 4134 sibimundus,
3305 4070 3473 4142 quod
3493 4070 3683 4126 factus

2027 4160 2235 4224 fuerat,
2267 4171 2300 4214 8
2317 4160 2446 4229 jam
2485 4158 2762 4225 debebat,
2787 4158 3072 4227 gauderet
3110 4157 3207 4213 tali
3227 4157 3591 4230 baptismate
3621 4175 3683 4215 se

2025 4255 2321 4310 renatum,
2346 4247 2639 4318 sciretque
2659 4247 2826 4319 quod
2865 4252 2968 4311 est,
3019 4261 3143 4302 non
3174 4261 3235 4301 se
3290 4251 3542 4311 naturae,
3576 4248 3681 4303 sed

2027 4389 2186 4428 num.
2215 4373 2306 4426 22.
2330 4375 2401 4426 At
2431 4372 2475 4425 si
2503 4374 2620 4427 11280
2647 4389 2779 4427 vera
2809 4375 3018 4442 essent,
3055 4369 3379 4442 communis
3410 4371 3478 4424 de
3509 4371 3687 4442 Chry-

2027 4443 2206 4515 sologi
2246 4442 2604 4515 ordinatione
2661 4441 2943 4515 sententia
2987 4445 3292 4509 corrueret,
3325 4441 3556 4515 ejusque
3593 4441 3684 4496 ca-

1949 4521 1992 4577 D
2026 4513 2244 4570 thedrm
2258 4514 2511 4568 natalem
2528 4519 2659 4568 ante
2676 4513 2817 4568 Sixti
2831 4513 2951 4567 dies
2966 4529 3296 4577 annumque
3309 4513 3408 4567 431
3433 4517 3684 4568 statuere

2026 4587 2505 4656 opporteret.Non
2529 4590 2720 4639 autem
2743 4584 2848 4639 sibi
2861 4589 3122 4640 constare
3136 4584 3680 4656 videturrBaronius,

2027 4655 2164 4710 dum
2219 4656 2360 4710 alias
2409 4657 2665 4710 Rubeum
2714 4659 2958 4717 secutus,
3003 4655 3202 4710 statuit
3253 4655 3680 4710 ordinationem

2028 4727 2356 4798 Chrysologi
2387 4743 2540 4781 anno
2569 4728 2693 4791 433,
2726 4726 2868 4798 Sixti
2894 4726 2999 4780 PP.
3054 4727 3123 4798 Il”
3150 4724 3362 4798 ibidem
3411 4743 3578 4798 num.
3611 4726 3683 4798 24

2027 4795 2163 4879 anni
2195 4795 2329 4853 433:
2352 4799 2429 4852 De
2463 4798 2729 4878 Projecto
2752 4797 3015 4878 episcopo
3045 4796 3232 4876 .silent
3256 4795 3678 4918 Martvrologia.

2028 4869 2294 4918 Eiusdem
2313 4873 2538 4918 tantum
2557 4869 3228 4918 memm1tFerrarms.de
3245 4868 3470 4918 Sanctis
3485 4869 3565 4918 lta
3592 4883 3678 4918 tae.

2028 4869 2294 4939 Ejusdem
2313 4873 2538 4923 tantum
2557 4868 2822 4924 meminit
2841 4868 3228 4939 Ferr_arius,qde
3245 4868 3470 4922 Sanctis
3485 4868 3678 4927 italiae,

2027 4937 2130 4994 sub
2171 4939 2260 4994 die
2285 4940 2353 4992 23
2371 4939 2737 5009 Septembris,
2766 4938 2862 5008 qui
2888 4938 2938 4991 ei
2965 4937 3020 4991 in
3046 4937 3288 4992 Ecclesia
3306 4939 3682 5009 Foro-Carne:-

2027 5010 2190 5088 liensi
2221 5027 2380 5088 sacer
2395 5005 2496 5063 est.
2523 5005 2857 5088 Miradeeo
2889 5014 3228 5088 narrantur:
3253 5024 3368 5088 qua
3392 5005 3680 5088 ﬁde,apud

2027 5080 2214 5152 ipsum
2250 5083 2556 5152 Auctorem
2597 5080 2786 5152 videat
2820 5077 2982 5152 is_cui
3031 5079 3154 5132 haec
3182 5076 3347 5152 _scire
3382 5076 3678 5152 placuerit:

2099 5163 2122 5192 e
2152 5153 2268 5230 litos
2297 5151 2404 5230 fuit
2431 5155 2490 5203 ut
2520 5150 2614 5230 qui
2642 5148 2888 5230 episcopi
2910 5146 3395 5230 consecrabantur
3411 5147 3582 5202 verba
3609 5146 3682 5202 ad

2031 5221 2301 5332 populum
2327 5220 2595 5305 facerent,
2627 5224 2688 5272 ut
2717 5219 2850 5273 alibi
2876 5219 3239 5298 observatum
3263 5223 3367 5272 est.

2153 5292 2208 5344 In
2248 5307 2359 5361 quo
2382 5359 2388 5361 Α
2409 5290 2805 5361 t..lirysologus,
2855 5294 2938 5341 ait
2987 5287 3240 5361 Castillo,
3261 5289 3684 5361 ARavennatum

2025 5361 2230 5416 vitiosa
2259 5358 2314 5416 et
2336 5358 2856 5414 nimis‘adult’erata
2874 5358 3225 5431 compescuit
3249 5359 3474 5431 jejunis
3499 5376 3514 5431 ξ
3548 5376 3682 5414 nam

2025 5431 2550 5504 quadragesimales
2595 5430 3014 5504 hebdomadas,
3038 5431 3230 5504 modo
3253 5429 3428 5504 valde
3474 5429 3686 5500 rigidas

2026 5500 2521 5575 amplectebantur
2560 5501 2728 5566 cives,
2771 5503 2944 5557 modo
2994 5500 3166 5556 nimis
3217 5502 3579 5573 indulgentes
3630 5506 3687 5556 et

2025 5573 2184 5631 laxas
2207 5573 2550 5646 diligebant.

2093 5658 2125 5702 ε
2155 5645 2334 5711 Alias,
2364 5645 2612 5716 deﬂebat.
