4040 6178
299 260 414 319 6H

1719 255 1961 317 SERMO
2002 255 2239 316 CLXIX.

3585 261 3700 322 642

280 389 457 445 unius
475 393 532 444 et
556 385 801 442 sinistra
829 384 1133 442 clauderet
1153 400 1385 452 omnes,
1398 391 1456 443 et
1474 387 1718 445 dextera
1737 387 1821 443 nil
1833 387 1937 444 ha-
1966 389 2016 449 A
2048 385 2248 443 lorum
2278 385 2547 444 laetitiam
2568 389 2756 444 totam
2777 383 3018 442 cmleste
3059 385 3188 456 jam
3207 386 3405 442 retulit
3443 389 3521 445 ad
3549 391 3702 448 ovile

275 477 461 532 heret.
486 473 917 543 Nonagesimus
943 479 1000 529 et
1034 488 1233 530 nonus
1275 490 1566 531 numerus
1605 475 1667 532 in
1699 475 1936 532 sinistra

274 565 416 621 latet
440 563 707 619 clausus.
729 561 1078 618 constrictus
1093 562 1294 619 haeret.
1330 568 1554 620 tenetur
1568 580 1891 636 oppressus
1918 582 1932 617 :

272 654 372 725 qui
389 658 582 709 tamen
617 651 717 708 ubi
737 665 891 706 unus
942 652 1339 722 perceperitet
1372 655 1618 709 senserit
1641 669 1937 724 augmen-

274 746 565 811 tum,mox
591 741 844 795 dexterae
861 739 1162 795 transitad
1202 740 1484 812 palmam,
1504 757 1646 798 mox
1663 747 1935 798 centena-

270 830 342 885 rii
371 829 605 884 numeri
618 829 879 900 pervenit
904 827 983 883 ad
1013 843 1298 884 coronam
1319 847 1334 895 ;
1353 835 1410 886 et
1431 831 1480 885 si
1503 845 1626 886 non
1649 831 1931 887 habuisse

271 919 684 974 centenarium
706 931 1026 973 numerum
1058 917 1280 973 doloris
1293 918 1573 990 est,cujus
1614 919 1827 976 doloris
1844 924 1932 975 est

269 1007 606 1080 perdidisse
627 1007 654 1062 ?
672 1006 887 1062 Videtis
911 1006 1055 1078 quia
1076 1021 1183 1078 per
1197 1008 1372 1062 unius
1398 1009 1529 1063 ovis
1543 1008 1928 1064 amissionem

267 1101 480 1168 pastor
506 1096 614 1152 iste
639 1099 827 1151 totum
867 1109 1101 1165 gregem
1127 1095 1413 1151 cecidisse
1463 1096 1537 1152 de
1579 1097 1841 1160 dextera,
1873 1102 1930 1153 et

264 1189 463 1241 totum
487 1186 550 1240 in
581 1185 882 1240 sinistram
909 1182 1181 1240 doluerat
1207 1183 1522 1255 recidisse;
1552 1191 1608 1241 et
1635 1185 1772 1241 ideo
1801 1185 1927 1240 reli-

263 1273 374 1330 ctis
403 1274 736 1344 nonaginta
753 1287 1173 1336 novem,unam
1187 1273 1473 1346 sequitur,
1490 1289 1675 1330 unam
1695 1274 1926 1346 quierit,

260 1371 326 1419 ut
352 1361 724 1419 inveniretin
748 1376 870 1418 una
896 1361 1602 1430 omnes,redintegrarett
1629 1377 1841 1419 omnes
1869 1362 1930 1418 in

260 1453 529 1508 una.Sed
539 1451 666 1521 jam
679 1450 932 1506 caelestis
949 1449 1246 1521 parabolae
1265 1450 1610 1522 pandamus
1625 1457 1928 1507 secretum.

257 1543 449 1597 Homo
470 1539 698 1596 habens
710 1555 850 1594 oves
862 1543 1093 1594 centum
1106 1537 1371 1594 Christus
1382 1544 1485 1595 est.
1496 1540 1698 1596 Pastor
1711 1539 1931 1603 bonus,

255 1634 470 1702 pastor
495 1629 649 1700 pius,
677 1627 782 1700 qui
808 1627 870 1684 in
900 1643 1022 1683 una
1049 1643 1177 1692 ove,
1220 1628 1331 1684 hoc
1372 1634 1462 1684 est
1489 1628 1550 1684 in
1597 1629 1803 1692 Adam,
1832 1645 1936 1702 po-

2047 475 2250 531 mulier
2260 475 2605 546 evangelica
2617 474 3033 546 produciturin
3047 475 3286 545 ﬁguram
3305 491 3316 528 :
3333 491 3469 547 quae
3486 476 3704 536 lumine

2046 579 2302 621 accenso
2324 564 2399 620 de
2416 564 2618 620 decem
2641 563 2947 619 drachmis
2969 580 3154 619 unam
3168 565 3498 621 drachmam
3512 568 3704 637 perdi-

2045 656 2168 707 tam
2187 653 2272 707 sic
2296 652 2628 724 requirit,ut
2651 653 2894 708 inventa
2912 652 3026 708 hac
3043 653 3118 709 de
3147 653 3308 708 lucro
3335 669 3465 718 suo,
3498 655 3573 711 de
3595 672 3703 711 suo

2042 741 2285 810 gaudio,
2319 756 2564 797 causam
2597 741 2790 813 pariat
2823 740 3152 797 cmlestium
3188 741 3570 813 gaudiorum.
3610 745 3702 801 Sic

2040 828 2203 883 enim
2223 828 2369 884 dicit
2388 847 2400 886 :
2425 830 2470 883 A
2482 834 2545 883 ut
2565 843 2695 899 quae
2711 830 2925 884 mulier
2939 829 3145 885 habens
3165 830 3477 886 drachmas
3493 833 3697 897 decem,

2038 916 2091 969 si
2104 915 2421 984 perdiderit
2434 917 2777 973 drachmam
2793 933 3118 983 unam,non
3132 919 3390 974 accendit
3409 920 3701 976 lucernam

2038 1010 2092 1060 et
2106 1005 2322 1060 everrit
2340 1005 2880 1076 domum,atquwrit
2894 1007 3410 1078 diligenter,donec
3422 1009 3699 1065 inveniat?

2037 1094 2111 1148 Et
2131 1109 2260 1149 cum
2278 1094 2579 1159 invenerit,
2599 1101 2878 1151 convocat
2900 1098 3117 1152 amicas
3153 1100 3205 1152 et
3221 1096 3452 1161 vicinas,
3472 1097 3701 1154 dicens:

2039 1183 2560 1252 Congratulamini
2568 1184 2713 1240 mihi
2717 1187 2866 1255 ,quia
2881 1186 3070 1241 inveni
3076 1184 3400 1241 drachmam
3409 1203 3565 1256 quam
3573 1202 3699 1257 per-

2039 1271 2434 1328 dideramJta
2450 1273 2578 1329 dico
2593 1274 2770 1342 vobis,
2797 1275 3085 1344 gaudium
3115 1276 3221 1330 erit
3247 1290 3444 1330 coram
3467 1277 3697 1346 angelis

2038 1360 2152 1416 Dei
2177 1376 2356 1430 super
2385 1377 2492 1415 uno
2518 1369 2825 1431 peccatore
2862 1364 3255 1433 paenitentiam
3294 1370 3503 1433 agente
3533 1365 3698 1433 (Luc.

2039 1449 2160 1520 xv).
2178 1449 2435 1506 Putasne
2463 1450 2674 1506 mulier
2695 1451 2807 1507 ista
2825 1452 3164 1507 communis
3183 1457 3289 1516 est,
3308 1451 3701 1508 authabuisse

2042 1553 2176 1594 eam
2189 1537 2397 1594 decem
2422 1539 2744 1596 drachmas
2763 1540 3031 1596 humano
3046 1545 3286 1612 putatur
3298 1557 3371 1596 ex
3392 1546 3703 1612 sensu,aut

2042 1640 2230 1681 unam
2243 1643 2388 1682 casu
2401 1627 2658 1684 creditur
2668 1627 2998 1699 perdidisse
3019 1629 3702 1702 mundano,autsimpli-

256 1722 468 1774 suerat
499 1722 682 1773 totum
737 1730 980 1785 gregem
1024 1715 1253 1786 generis
1281 1715 1556 1780 humani,
1603 1718 1756 1773 hanc
1783 1717 1936 1774 inter
1965 1748 2010 1806 Β
2044 1713 2185 1769 citer
2215 1714 2684 1787 contingitquod
2714 1732 2848 1772 eam
2871 1724 3163 1773 nocturno
3203 1717 3442 1788 requirit
3467 1718 3529 1773 in
3557 1722 3701 1773 tem-

254 1822 512 1864 amoena
539 1805 828 1878 paradisi,
843 1805 998 1860 hanc
1011 1804 1070 1860 in
1083 1803 1325 1874 regione
1360 1805 1553 1860 vitalis
1569 1821 1807 1877 pascuae
1819 1806 1935 1862 col-

252 1895 487 1951 locaret
514 1911 528 1959 ;
561 1894 666 1949 sed
693 1893 793 1949 illa
813 1908 1020 1948 vocem
1051 1893 1307 1964 pastoris
1332 1893 1518 1950 oblita
1548 1899 1659 1958 est,
1681 1894 1819 1949 dum
1848 1895 1934 1950 lu-

252 1984 420 2057 pinis
450 1982 784 2039 ululatibus
815 1981 1016 2046 credit,
1043 1985 1100 2038 et
1120 1980 1328 2038 caulas
1342 1982 1594 2054 perdidit
1619 1982 1929 2050 salutares,

254 2082 313 2130 et
347 2077 478 2129 tota
506 2070 829 2128 lethalibus
878 2069 1146 2127 sauciata
1193 2069 1559 2126 vulneribus.
1597 2071 1761 2127 Hanc
1791 2086 1931 2143 ergo

255 2159 793 2219 Christusveniens
829 2174 1097 2232 quaerere
1113 2161 1172 2215 in
1212 2159 1610 2228 mundum,in
1639 2161 1927 2216 uterovir-

255 2252 456 2324 ginem
469 2248 1160 2321 regionisinvenit.Venit
1179 2265 1301 2304 suae
1315 2249 1636 2304 nativitatis
1652 2249 1711 2303 in
1725 2264 1923 2313 carne,

256 2346 314 2396 et
328 2341 391 2396 in
406 2355 651 2395 crucem
671 2338 873 2394 levens
886 2337 1152 2393 humeris
1168 2353 1291 2392 suae
1305 2336 1592 2409 imposuit
1604 2337 1928 2404 Passionis,

257 2435 314 2485 et
341 2428 624 2499 gaudens
645 2433 766 2484 tota
794 2425 1239 2482 resurrectionis
1254 2425 1478 2496 gaudio
1490 2441 1595 2498 per
1619 2442 1928 2482 ascensum

256 2519 336 2574 ad
359 2517 666 2574 caelestem
692 2516 821 2574 tulit
849 2521 906 2572 et
934 2515 1173 2588 pertulit
1198 2514 1676 2571 mansionem.Et
1702 2517 1924 2573 vocavit

258 2609 476 2665 amicos
491 2607 796 2664 etvicinos.
821 2608 936 2660 Hoc
964 2604 1330 2673 estangelos.
1362 2605 1560 2660 Dicens
1585 2605 1705 2659 illis
1746 2623 1758 2656 :
1785 2605 1930 2660 Con-

256 2695 962 2767 gratulaminimihiguia
974 2692 1173 2749 inveni
1184 2708 1331 2748 ovem
1347 2709 1519 2748 meam
1530 2709 1645 2764 qua:
1650 2693 1926 2762 perierat.

259 2783 770 2856 Congratulantur
798 2788 853 2838 et
881 2781 1265 2852 congaudent
1287 2780 1514 2836 Christo
1544 2781 1740 2850 angeli
1753 2797 1932 2853 super

258 2876 392 2931 ovis
427 2873 755 2929 Dominicre
786 2871 998 2936 reditu,
1031 2886 1140 2926 nec
1170 2869 1559 2939 indignantur
1589 2870 1646 2924 in
1665 2873 1788 2925 toto
1819 2869 1929 2926 sibi

259 2961 594 3032 praesidere
631 2960 781 3017 solio
808 2959 1158 3031 majestatis,
1181 2957 1325 3030 quia
1348 2957 1377 2999 b
1401 2958 1475 3014 de
1497 2956 1927 3014 coelestibusin-

260 3050 427 3106 vidia
449 3067 591 3105 cum
605 3049 846 3106 diabolo
865 3049 1052 3104 fuerat
1061 3047 1188 3118 jam
1205 3047 1411 3117 fugata
1427 3064 1439 3101 :
1466 3061 1575 3102 nec
1590 3050 1931 3118 poteratper

263 3144 508 3208 Agnum
540 3139 644 3210 qui
673 3141 988 3209 peccatum
1031 3134 1240 3190 mundi
1289 3134 1524 3199 tulerat,
1573 3135 1632 3190 in
1669 3151 1930 3208 superna

265 3240 288 3269 ο
310 3226 829 3300 ampliusinvidiae
867 3229 1176 3299 penetrare
1194 3229 1528 3296 peccatum.
1555 3226 1804 3294 Fratres,
1835 3225 1930 3281 ille

267 3333 376 3374 nos
393 3316 675 3390 quaesivit
697 3315 759 3371 in
771 3320 946 3380 terra,
966 3330 1079 3370 nos
1111 3314 1266 3369 illum
1280 3329 1626 3385 quaeramus
1640 3313 1702 3369 in
1726 3314 1892 3370 caelis
1914 3331 1927 3380 ;

271 3406 369 3462 ille
398 3422 512 3462 nos
525 3405 917 3477 portavitsuae
939 3403 1258 3459 divinitatis
1278 3402 1351 3458 ad
1371 3401 1759 3474 gloriam,nos
1772 3402 1930 3458 illum

271 3494 584 3552 sanctitate
603 3499 723 3550 tota
742 3498 947 3550 nostro
974 3497 1273 3564 portemus
1311 3491 1369 3545 in
1387 3506 1668 3562 corpore:
1694 3490 1927 3560 Gloriﬁ-

269 3591 420 3647 cate,
471 3583 664 3655 inquit
692 3580 1033 3654 Apostolus,
1075 3584 1124 3634 et
1145 3585 1380 3650 portate
1401 3579 1584 3636 Deum
1608 3580 1668 3635 in
1695 3595 1930 3651 corpore

271 3679 462 3730 vestro
483 3673 526 3743 (ι
551 3674 694 3730 Cor.
747 3672 841 3738 vi).
866 3669 960 3725 Ille
994 3672 1178 3724 Deum
1205 3669 1263 3723 in
1290 3682 1536 3740 corpore
1570 3684 1681 3724 suo
1709 3673 1925 3740 portat,

269 3762 372 3833 qui
385 3761 612 3818 nullum
624 3759 884 3832 portatin
907 3774 1037 3813 sum
1054 3758 1244 3813 carnis
1261 3755 1594 3827 operatione
1607 3761 1923 3828 peccatum.

845 3883 1069 3939 SERMO
1140 3880 1355 3936 CLXIX.

592 4003 672 4055 De
698 3997 980 4070 parabola
1019 3997 1317 4054 drachma
1356 3995 1605 4067 perditae.

339 4119 450 4174 Per
469 4132 680 4175 omnes
710 4113 1086 4186 evangelicas
1130 4111 1413 4169 lectiones
1434 4110 1611 4167 latere
1637 4111 1924 4183 mysticos

269 4223 484 4263 sensus
514 4214 570 4263 et
592 4205 848 4262 caelestis
869 4200 1266 4271 intelligentia:
1296 4213 1540 4254 manere
1555 4204 1799 4264 secreta,
1823 4213 1927 4254 no-

269 4301 408 4352 runt
426 4295 538 4352 soli
563 4295 932 4366 quicumque
960 4290 1148 4346 divini
1169 4288 1424 4360 Spiritus
1451 4287 1706 4358 gratiam
1728 4303 1923 4359 perce-

272 4400 430 4456 pere.
454 4387 601 4440 Ecce
629 4387 1025 4455 posteaquam
1069 4382 1274 4450 pastor
1303 4378 1609 4448 Supernus
1629 4376 1926 4448 perditam

2044 1817 2200 1874 pore,
2234 1808 2337 1858 aut
2357 1803 2664 1860 lucernam
2687 1805 2760 1859 de
2781 1805 2968 1860 nostri
3003 1822 3147 1860 usus
3169 1822 3334 1862 more
3372 1807 3694 1871 succendit,

2042 1896 2146 1948 aut
2171 1898 2523 1948 consuetum
2568 1893 2731 1964 quod
2761 1909 2894 1949 eam
2921 1894 3176 1966 perdidit
3200 1898 3257 1949 et
3299 1895 3520 1950 invenit
3543 1895 3698 1949 intra

2041 1979 2425 2046 domum,aut
2443 1981 2734 2038 familiare
2754 1982 2915 2052 quod
2933 1982 3158 2038 amicas
3171 1984 3247 2038 ad
3271 1983 3530 2038 laetitiam
3558 1999 3698 2039 con-

2040 2074 2216 2126 vocat
2237 2073 2296 2126 et
2310 2069 2553 2135 vicinas,
2586 2087 2738 2142 quas
2755 2070 3014 2142 perdens
3031 2086 3395 2127 convocasse
3421 2087 3542 2128 non
3558 2071 3699 2141 legi-

2043 2160 2136 2213 tur
2165 2158 2242 2215 ad
2282 2174 2591 2214 maerorem
2627 2158 2654 2212 Τ
2697 2162 2913 2214 Novum
2945 2159 3154 2216 damni
3197 2175 3405 2229 genus,
3441 2165 3497 2216 et
3536 2161 3696 2232 quod

2040 2245 2392 2303 drachmam
2421 2247 2446 2287 ἀ
2475 2263 2591 2302 non
2615 2247 2876 2303 ablatam
2892 2249 3339 2320 patefaciat,sed
3355 2248 3652 2320 dilapsam
3680 2266 3693 2303 :

2039 2336 2270 2409 etquod
2285 2352 2415 2392 eam
2428 2336 2768 2392 domesticis
2787 2336 3213 2393 absconditam
3237 2337 3493 2393 tenebris
3513 2342 3568 2393 et
3582 2355 3695 2393 non

2040 2423 2342 2480 defossam
2365 2423 2807 2496 dolisloquatur
2831 2423 3563 2496 extraneis.Videtisquam
3582 2426 3699 2481 sin-

2041 2511 2244 2582 gulare
2261 2513 2336 2567 sit
2357 2518 2760 2584 totum,quam
2783 2528 3012 2568 morem
3039 2518 3300 2568 transeat
3318 2515 3374 2567 et
3393 2529 3697 2583 supergre-

2039 2600 2236 2657 diatur
2255 2600 2614 2663 humanum,
2652 2616 2835 2672 quam
2857 2600 3126 2655 divinum
3160 2600 3333 2671 spirat
3360 2600 3696 2658 etredoleat

2042 2705 2498 2761 sensum,quam
2514 2689 2825 2744 attollatad
2840 2688 3057 2744 caelum
3075 2688 3289 2743 mentis
3307 2687 3665 2744 intellectum
3678 2731 3692 2754 ,

2039 2793 2223 2849 quam
2250 2776 2496 2832 collocet
2516 2777 2575 2832 in
2589 2776 2875 2848 supernis,
2902 2793 3086 2846 quam
3113 2779 3540 2848 cogatsuperni
3562 2793 3694 2832 cor-

2039 2866 2130 2921 dis
2156 2865 2481 2921 accendere
2504 2865 2832 2928 lucernam,
2855 2864 3107 2919 etinstar
3121 2864 3474 2934 evangelicae
3494 2864 3697 2921 mulie-

2037 2954 2138 3019 ris,
2156 2969 2256 3026 per
2289 2953 2875 3009 Dominiczelectionis
2887 2951 3522 3021 obscura,drachmam
3537 2968 3698 3025 quae-

2038 3059 2164 3100 rere
2189 3043 2447 3100 scientiae
2467 3042 2756 3098 salutaris.
2785 3045 3117 3114 Antequam
3152 3041 3415 3096 Christus
3431 3043 3507 3097 ad
3524 3059 3694 3098 ovem

2039 3131 3022 3197 venireterrantem,etmiserandis
3039 3130 3414 3188 discursibus
3435 3133 3697 3188 attritam

2041 3223 2528 3279 misericordibus
2555 3221 2823 3278 humeris
2854 3219 3194 3276 sublevaret
3246 3220 3320 3276 ad
3351 3220 3587 3286 caelum,
3645 3225 3701 3276 et

2040 3318 2296 3368 onustus
2329 3326 2539 3383 pecore
2561 3310 2654 3382 pio
2681 3309 3023 3365 inaccessas
3061 3307 3214 3379 lupis
3263 3308 3590 3379 perveniret
3619 3308 3698 3365 ad

2041 3399 2725 3467 caulas;mulierhabens
2738 3397 2945 3454 decem
2959 3396 3206 3452 drachm
3217 3412 3281 3452 as
3295 3398 3564 3452 tenebras
3576 3397 3698 3452 diu-

2040 3489 2195 3544 tinas
2223 3487 2573 3551 sustinebat,
2598 3492 2654 3542 et
2677 3485 3003 3542 nonsolum
3023 3485 3375 3540 drachmam
3398 3484 3694 3556 perditam

2038 3577 2297 3633 deﬂebat
2328 3591 2530 3645 unam,
2550 3574 2654 3631 sed
2677 3574 2840 3647 ipsas
2856 3589 3076 3630 novem
3093 3572 3411 3629 drachmas
3434 3571 3544 3628 sibi
3558 3572 3696 3627 resi-

2039 3663 2192 3719 duas
2220 3679 2345 3720 non
2373 3662 2767 3718 videbat.Nox
2788 3662 2837 3716 ei
2859 3665 2983 3717 erat
2998 3660 3310 3732 jugis,erat
3326 3660 3377 3715 ei
3394 3658 3695 3731 profunda

2039 3757 2496 3824 etperseverans
2518 3750 2744 3820 caligo;
2777 3750 2872 3805 cui
2896 3749 3139 3806 lucerna
3169 3748 3295 3804 sine
3325 3748 3528 3804 divino
3559 3747 3695 3816 igne

2038 3841 2117 3896 ad
2146 3841 2329 3896 noctis
2369 3839 2648 3896 solatium
2678 3838 3056 3894 nonlucebat.
3077 3838 3185 3894 Sed
3203 3843 3591 3910 posteaquam
3604 3851 3697 3891 su-

2039 3943 2250 4001 pernus
2274 3926 2614 3998 ignis,ignis
2633 3926 2877 3997 Spiritus
2907 3927 3095 3982 sancti
3127 3925 3411 3982 ﬂammeo
3433 3941 3494 3980 se
3518 3939 3699 3995 super

2037 4015 2341 4090 apostolos
2359 4014 2547 4071 imbre
2563 4013 2822 4082 ditl'udit,
2847 4018 3034 4069 etnon
3056 4013 3257 4068 minus
3281 4011 3497 4081 frigida
3511 4027 3699 4083 quam

2042 4110 2186 4163 tetra
2201 4103 2545 4161 mortalium
2557 4101 2742 4158 corda
2755 4105 2874 4157 toto
2886 4101 3039 4170 ignis
3055 4101 3146 4156 sui
3160 4099 3354 4156 calore
3371 4097 3698 4160 succendit,

2040 4192 2272 4259 mulier,
2306 4192 2367 4248 id
2397 4196 2485 4246 est
2505 4189 2781 4255 Ecclesia,
2803 4187 3394 4244 accenditlucernam
3413 4201 3610 4252 suam,
3636 4184 3701 4242 id

2039 4286 2147 4347 est,
2180 4281 2473 4337 internum
2507 4277 2671 4334 illum
2692 4275 2785 4332 sui
2803 4275 3001 4332 cordis
3025 4275 3325 4340 obtutum,
3353 4274 3468 4331 hoc
3494 4278 3601 4344 est,
3634 4273 3701 4328 il-

2040 4373 2375 4434 luminatos,
2411 4372 2474 4424 ut
2501 4365 2695 4438 inquit
2721 4364 3058 4437 Apostolus,
3091 4363 3284 4420 oculos
3302 4364 3493 4420 cordis
3521 4364 3703 4421 vestri

273 4451 596 4529 centenarii
615 4451 811 4544 gregis
841 4451 1008 4524 ovem
1032 4465 1402 4540 perquisivit,
1433 4464 1660 4521 invenit
1685 4469 1930 4536 etange-
1965 4457 2010 4515 D
2039 4459 2281 4531 (Ephes.
2309 4459 2370 4528 ι).
2404 4454 2687 4512 Accendit
2715 4468 2857 4524 ergo
2891 4452 3195 4509 lucernam
3229 4469 3430 4522 suam,
3452 4456 3509 4509 et
3537 4451 3701 4510 illam

274 4599 546 4654 usitatam
576 4595 771 4658 fuisse,
838 4591 1236 4665 etquomodo.
1271 4590 1432 4647 Unde
1488 4591 1700 4665 Auctor
1737 4592 1932 4645 noster

273 4669 423 4725 hunc
456 4685 680 4723 morem
714 4661 1042 4736 reSpicie'ns,
1071 4663 1256 4736 inquit
1282 4661 1709 4736 :nonagesimum
1732 4677 1926 4716 nonum

273 4759 555 4796 numer-mn
609 4741 666 4792 in
696 4732 932 4791 sinistra.
963 4737 1136 4791 latere
1151 4732 1418 4789 clausum.
1443 4732 1749 4797 Quoniam,
1798 4749 1929 4787 cum

271 4813 417 4868 lmva
435 4828 664 4884 manus,
695 4809 886 4880 digitis
903 4805 1364 4884 complicatis,_et
1391 4803 1591 4884 pollice
1617 4820 1794 4884 super.
1813 4819 1930 4858 me—

271 4885 430 4938 dium
455 4883 700 4954 digitum
730 4876 1079 4954 compresso,
1097 4876 1930 4954 ostenderetur,nonagesimus

275 4973 458 5010 nonus
496 4945 769 5009 nvumerus
825 4945 1182 5005 indicabatur
1215 4966 1227 5002 :
1259 4946 1347 5001 cui
1378 4962 1619 5000 numero
1671 4945 1717 5000 si
1749 4962 1927 5000 unum

271 5033 499 5082 tantum
533 5026 839 5097 addamus,
869 5037 1003 5075 mox
1035 5017 1395 5075 centenarias
1413 5032 1684 5071 numerus
1715 5016 1924 5097 evadit;

271 5099 366 5170 qui
399 5114 516 5152 non
545 5114 642 5168 per
667 5096 894 5170 laevam,
925 5097 988 5147 ut
1015 5107 1190 5162 supra
1233 5103 1644 5170 compressam,
1678 5089 1930 5141 ostendi-

272 5157 379 5236 tur,
409 5170 511 5225 sed
533 5157 633 5239 per
649 5169 955 5239 dexteram
983 5157 1526 5239 compressoversus
1549 5157 1808 5239 palmam
1830 5174 1926 5213 au-

271 5231 503 5298 riculari
535 5231 941 5311 digitorUnde
972 5231 1244 5311 numerus
1274 5231 1807 5311 ille_nonagesimus
1830 5245 1927 5311 n9-

273 5330 397 5377 nns,
429 5311 477 5367 si
511 5302 995 5382 pervaddilionem
1027 5304 1262 5382 unitatis
1295 5302 1826 5382 ﬁat-centenarium
1857 5302 1927 5358 de

273 5373 745 5439 sinistra'transit
769 5380 838 5433 ad
865 5380 1180 5434 dexteram.
1217 5377 1291 5430 Ex
1346 5373 1497 5428 Mita.

339 5469 363 5497 ³
383 5453 712 5524 Nonaginta
735 5466 943 5524 novem
977 5464 1111 5524 oves
1133 5447 1454 5502 humanum
1480 5459 1661 5524 genus
1678 5445 1777 5524 ‘est
1795 5457 1927 5524 per-

275 5525 477 5591 ditum,
513 5512 629 5580 una
657 5520 779 5576 ovis
820 5521 1016 5576 Adam.
1052 5522 1168 5574 Hac
1199 5534 1314 5572 una
1361 5512 1590 5591 recepta
1645 5512 1928 5569 clauditur

273 5587 635 5658 centonarius
666 5609 961 5660 numerus,
999 5595 1055 5647 et
1080 5606 1280 5645 omnes
1304 5587 1675 5659 recipiuntur.

2109 4583 2139 4626 ι)
2166 4584 2341 4638 Favet
2368 4582 2582 4636 Auctor
2612 4577 2868 4650 opinioni
2891 4649 2896 4650 ί
2918 4577 3244 4650 aliquorum
3297 4577 3702 4650 theologorum

2040 4652 2425 4730 asserentiurn
2457 4649 2712 4706 Lucifero
2753 4649 3067 4730 revelatam
3105 4649 3581 4730 fuisseunionem
3604 4649 3704 4730 hy.-

2041 4725 2383 4809 postaticam
2412 4723 2937 4804 humanaenaturas
2990 4721 3350 4802 cuni.\7erbo
3399 4721 3612 4802 divino,
3646 4722 3704 4774 et

2041 4800 2173 4854 inde
2196 4801 2486 4866 sumptam
2525 4809 2885 4866 occasmnem
2925 4794 3211 4866 superbiae
3231 4792 3700 4866 etmvidiaegqum

2039 4862 2413 4925 diabolum—et
2442 4865 2688 4921 asseclas
2711 4865 2835 4936 ejus
2857 4862 3084 4933 deiecit.
3112 4863 3252 4917 Vide
3271 4862 3540 4917 Suarium
3555 4864 3696 4914 tom.

2043 4944 2064 5000 Ι
2097 4941 2244 5000 disp.
2279 4940 2348 4992 42
2379 4943 2514 4993 sect.
2562 4943 2607 4991 l.
2644 4937 2808 4991 Mm.

2111 4958 2183 4996 iis
2231 4981 2244 4994 .
2279 4958 2348 4992 az
2379 4958 2514 4993 εεει.
2562 4958 2607 4991 ι.
2644 4958 2808 4991 mm.

2111 5027 2134 5054 ε
2161 4958 2276 5066 lfoc
2305 5015 2392 5065 est
2421 5025 2519 5081 per
2559 5006 2805 5081 gratiam
2825 5005 3026 5081 _bonis
3073 5003 3292 5081 angelis
3321 5015 3656 5081 concessum
3683 5016 3695 5064 ;

2041 5083 2147 5147 vel,
2191 5082 2324 5153 quia
2345 5074 2786 5153 indivia'fugata
2819 5075 3007 5130 fuerat
3041 5074 3251 5153 e_c_a:lo
3279 5090 3378 5143 per
3409 5074 3702 5153 sempiter-

2039 5141 2172 5210 nam
2206 5141 2438 5207 ‘diaboli
2461 5154 2519 5206 et
2555 5141 2904 5204 sectatorum
2935 5141 3322 5217 expulsionem
3360 5160 3373 5209 ;
3427 5141 3704 5217 velquia

2038 5232 2232 5299 Agnus
2273 5221 2502 5295 propria
2530 5223 2717 5275 morte
2745 5212 3028 5274 cmlitibus
3085 5232 3285 5287 pacem
3347 5212 3700 5271 reddiderat.

2039 5301 2362 5421 MlgAhlulier
2387 5380 2514 5434 quae
2543 5360 2871 5434 perdiderat
2900 5358 3262 5434 drachmam,
3291 5356 3696 5434 Ecclesiagen-

2039 5439 2183 5514 tium
2206 5429 2487 5504 eratante
2520 5429 2716 5514 verum
2757 5433 2949 5514 Deum.
2962 5430 3307 5514 perdiderat,
3328 5445 3440 5485 non
3466 5429 3700 5514 quidem

2041 5510 2322 5571 ablatum,
2352 5499 2449 5562 seu
2490 5509 2769 5573 ereptum,
2801 5503 2901 5558 sed
2920 5499 3226 5574 dilapsum,
3269 5502 3376 5558 hoc
3409 5499 3499 5557 est
3526 5499 3698 5572 negli-

2039 5580 2271 5654 gentius
2295 5577 2666 5636 custoditum.
2701 5576 2777 5632 Ex
2805 5575 2956 5632 Mite.
