4040 6178
292 229 416 286 657

1751 226 1992 288 SERMO
2034 228 2292 292 CLXXV.

3587 255 3703 314 658

288 355 802 431 tus,quiprimum
825 358 1507 433 natusest,primogeniti
1526 358 1941 424 reverentiam,
1976 360 2024 420 A
2056 363 2362 433 castitatis,
2378 369 2502 425 erat
2522 372 2724 425 custos
2750 370 3003 443 pudoris
3028 389 3039 429 :
3065 373 3224 431 aliud
3246 383 3508 447 noverat,
3542 382 3705 441 aliud

286 450 492 503 teneat
507 453 561 502 et
583 448 871 503 honorem
890 466 901 503 :
919 447 1282 503 Marcellinus
1296 448 1472 504 hodie
1486 448 1780 504 vernaculi
1803 464 1943 519 par-

285 541 389 591 tus
410 540 598 591 totum
626 538 823 608 rapuit
850 542 905 592 et
925 538 1281 609 conquisivit
1305 538 1606 593 affectum.
1657 537 1945 593 Circums—

283 626 420 678 tant
450 622 573 686 ﬁlii,
601 625 1175 697 adsuntpropinqui,
1199 627 1473 695 cognatio
1493 630 1614 681 tota
1627 626 1941 689 concurrit,

278 710 519 768 familia
548 712 798 769 exsultat
818 716 1034 777 omnis,
1060 714 1255 787 etipsa
1282 714 1609 786 penetralia
1626 712 1948 771 domustri-

276 801 621 871 pudiantet
641 801 907 858 laetantur
940 824 950 862 :
985 803 1127 875 quia
1158 804 1353 859 videre
1397 804 1599 869 oculis,
1651 803 1948 874 suscipere

274 891 596 955 manilius,
621 893 798 949 hodie
818 894 1080 965 primum
1113 900 1333 950 sanctae
1353 894 1648 963 genitricis
1687 898 1948 965 partum:

275 980 687 1055 sobolemque
702 986 1200 1055 meruerunt.lpsa
1215 1000 1453 1056 quoque
1468 982 1718 1052 genitrix
1734 996 1954 1053 sponsa

268 1075 484 1126 mater
510 1078 565 1127 et
594 1073 857 1142 virgo,in
884 1073 1016 1145 ipso
1044 1074 1176 1144 conj
1189 1073 1484 1129 unctionis
1513 1090 1635 1128 sum
1656 1070 1951 1127 cubiculo:

262 1161 571 1227 genuisse
596 1177 751 1218 nova
776 1162 1169 1232 gratulatione
1199 1164 1507 1218 miraturutl
1541 1164 1649 1219 Sed
1664 1161 1955 1217 neminem

262 1250 500 1317 turbet,
516 1250 747 1307 nullum
765 1258 1022 1316 moveat,
1041 1253 1208 1324 quod
1224 1253 1284 1308 in
1298 1253 1561 1308 thalamo
1575 1253 1708 1324 ipso
1728 1266 1955 1323 sponsa

259 1339 690 1411 ipsacernitur
708 1342 1035 1413 peperisse:
1062 1340 1193 1396 talis
1211 1357 1331 1397 non
1355 1346 1441 1396 est
1459 1342 1528 1396 de
1550 1341 1805 1405 crimine,
1849 1339 1953 1394 sed

255 1431 347 1483 de
366 1428 717 1498 virginitate
732 1434 1072 1501 conceptus,
1098 1430 1415 1501 quandoin
1448 1429 1823 1497 taligermine
1840 1444 1953 1483 cne-

254 1518 442 1573 lestis
475 1523 682 1590 partus
713 1524 817 1581 est,
841 1533 958 1572 non
990 1516 1322 1573 humanus:
1354 1533 1461 1573 nec
1479 1517 1629 1572 ullus
1645 1518 1740 1571 hic
1771 1521 1858 1571 est
1879 1517 1951 1571 si-

252 1608 484 1661 nistras
522 1606 877 1677 suspicionis
908 1606 1096 1669 locus,
1133 1606 1233 1660 ubi
1269 1607 1396 1677 ipse
1426 1621 1687 1677 sponsus
1712 1620 1950 1676 sponsae

254 1712 403 1749 sum
438 1694 1169 1749 testishabeturetcustos.
1198 1696 1568 1765 Quicumque
1591 1692 1949 1748 sollicituses
1978 1723 2025 1784 Β

250 1785 342 1839 de
383 1784 565 1846 tacto,
596 1789 720 1839 esto
767 1783 841 1839 de
881 1782 1155 1855 exemplo
1197 1784 1458 1838 maximo
1489 1797 1864 1854 persecurus,
1895 1785 1950 1837 et

254 1870 671 1942 praecedentis
697 1871 1010 1943 trepidatio
1038 1872 1113 1926 ad
1144 1877 1306 1927 tuam
1331 1870 1624 1926 cautelam
1652 1869 1944 1943 proficiat,

253 1966 319 2015 et
347 1962 683 2017 munimen.
716 1961 938 2032 Josepli
966 1960 1060 2016 ille
1092 1960 1341 2015 maritus
1370 1959 1497 2015 solo
1518 1959 1783 2027 nomine,
1808 1973 1947 2014 con-

250 2049 531 2105 scientia
550 2065 823 2119 sponsus,
842 2053 1246 2120 praegnantem
1273 2064 1555 2119 sponsam
1579 2045 1877 2103 ﬂuctuans
1891 2051 1945 2102 et

250 2137 497 2193 anxius
512 2137 937 2208 intuetur,quia
953 2152 1137 2209 neque
1155 2152 1435 2191 accusare
1449 2136 1942 2198 innocentem,ne-

247 2240 396 2298 que
428 2230 842 2298 praegnantem
875 2230 1107 2298 poterat
1147 2241 1462 2293 accusare;
1511 2228 1702 2280 tacere
1750 2228 1939 2279 tutum

247 2331 392 2371 non
418 2320 565 2385 erat,
590 2320 713 2372 erat
737 2315 898 2387 loqui
928 2314 1285 2387 periculum.
1310 2314 1593 2379 Admittit,
1620 2328 1733 2369 non
1748 2312 1940 2385 prodit

244 2405 533 2460 crimina
562 2408 872 2460 accusator
903 2403 1177 2459 insontis.
1204 2406 1336 2458 Erat
1376 2403 1505 2474 ipse
1532 2402 1937 2459 testimonium

242 2519 410 2591 quia
439 2518 775 2591 peregrinus
802 2520 917 2574 vim
949 2519 1101 2586 fecit,
1131 2523 1186 2591 et
1217 2535 1379 2574 more
1421 2518 1931 2591 primogenitorum

243 2536 410 2591 quia
439 2536 775 2591 peregrinus
802 2537 917 2574 vim
949 2536 1101 2586 iecit,
1131 2536 1186 2573 ei
1217 2536 1379 2574 more
1459 2536 1931 2591 rimogemiorum

243 2607 528 2662 angores
554 2591 803 2661 pertulit.
834 2593 909 2645 At
936 2590 1293 2648 Marcellinus
1324 2536 1511 2655 hodie,
1542 2607 1657 2645 non
1701 2589 1932 2662 quidem

242 2660 823 2743 utiiprimogenitus,
861 2668 1030 2743 atque
1069 2662 1441 2743 angoris,.sed
1474 2663 1553 2716 uti
1571 2660 1934 2743 ﬁliusldomi-

240 2738 447 2789 natus
468 2737 527 2787 et
545 2733 891 2788 domesticus
914 2738 1127 2804 partus,
1147 2732 1366 2788 itineris
1387 2748 1587 2802 expers
1605 2737 1752 2797 (erat
1776 2733 1930 2786 enim

230 2808 389 2878 jam
440 2807 502 2858 in
533 2804 642 2878 [ide
690 2803 973 2878 catholica
1003 2804 1371 2878 ﬁrmatailla
1416 2803 1705 2878 Ecclesia),
1745 2806 1927 2878 totum

238 2874 513 2933 suorum
535 2875 639 2929 sibi
675 2875 911 2945 acquirii
942 2892 1221 2929 amorem.
1250 2877 1415 2929 Forte
1443 2875 1618 2930 etiam
1650 2874 1930 2929 intellexit

235 2952 488 3006 Auctor
510 2949 578 3001 de
604 2947 825 3001 Christo
852 2947 971 3016 ipso
991 2946 1371 3016 primogenita
1397 2946 1589 3001 Marias
1617 2945 1927 3000 sacratissi-

238 3037 354 3075 mo
389 3019 495 3089 qui
529 3019 699 3072 modo
731 3023 898 3073 natus
930 3018 1137 3089 dicitur
1162 3021 1296 3073 ante
1336 3016 1747 3089 Marcellinum,
1790 3033 1927 3087 quo-

237 3088 574 3147 nianierat
591 3106 785 3144 annua
807 3090 925 3144 dies
948 3088 1161 3161 Natalis
1183 3088 1447 3161 ejusjam
1468 3093 1673 3158 empta,
1695 3088 1925 3158 fereque

239 3164 553 3225 mediata,
582 3177 709 3215 cum
733 3160 1092 3216 Marcellinus
1114 3160 1405 3231 episcopus
1436 3165 1797 3215 consecratus
1819 3163 1921 3214 est.

236 3236 433 3290 ΜιτΑ.

313 3318 350 3347 ει
387 3305 655 3359 Fortasse
679 3303 950 3374 populum
981 3301 1311 3374 turbaverat
1343 3301 1671 3374 hujusmodi
1700 3302 1919 3364 electio,

236 3393 482 3459 nempe
514 3376 664 3455 quod
680 3372 915 3459 exter-us
945 3390 1059 3459 non
1088 3372 1297 3459 fuerat,
1343 3380 1441 3426 aut
1472 3372 1611 3459 alias
1640 3390 1673 3427 a
1702 3389 1922 3459 summo

235 3443 545 3521 pontiﬁce
562 3447 893 3521 immediate
914 3446 1125 3521 electus
1148 3448 1204 3521 et
1218 3449 1618 3521 consecratus;
1648 3445 1746 3521 sed
1761 3443 1920 3521 civis,

236 3515 272 3576 ξι
308 3520 553 3575 civibus
582 3518 811 3576 electus.
845 3522 966 3571 arte
998 3516 1301 3587 piscatoria
1345 3515 1628 3587 ignobilis,
1666 3515 1923 3587 fortassis

238 3595 564 3657 uxoratus,
591 3606 656 3643 ac
685 3590 816 3643 filiis
842 3586 1082 3650 dicatus,
1112 3604 1217 3641 nec
1238 3587 1441 3643 litteris
1461 3586 1599 3640 satis
1628 3586 1918 3657 eruditus:

236 3656 573 3734 propterea
602 3661 845 3730 suspicio
876 3676 997 3715 esse
1016 3663 1284 3734 poterat,
1313 3658 1566 3734 maxime
1588 3658 1739 3734 apud
1785 3656 1923 3734 invi-

234 3728 387 3798 dos,
417 3732 516 3802 qui
549 3728 864 3801 numquam
885 3728 1227 3793 moriuntur,
1260 3736 1313 3802 et
1334 3730 1497 3802 apud»
1517 3728 1737 3798 plebem
1755 3728 1920 3802 sedu-

232 3814 416 3861 ctam
428 3798 452 3869 ,⁷
469 3798 726 3871 aliquam
738 3802 995 3857 criminis
1020 3801 1413 3871 intercessisse
1432 3800 1639 3853 labem.
1660 3801 1732 3853 At
1752 3798 1923 3871 Chry-

232 3877 504 3944 sologus
536 3869 727 3928 noster
757 3874 1077 3928 rationibus
1115 3870 1472 3944 etcxemplis
1517 3872 1571 3944 ὃ.
1614 3869 1823 3944 Ioseph
1858 3886 1923 3923 ac

236 3941 616 4003 beatissimus
631 3944 1009 4015 Virginis,hoc
1027 3942 1359 4015 neutiquam
1378 3941 1783 4015 suspicandum
1796 3957 1923 3993 sua-

236 4020 375 4083 det,
402 4032 538 4070 cum
561 4011 878 4086 praesertim
904 4016 1021 4085 ipse
1065 4011 1424 4086 Marcellinus
1449 4011 1807 4086 sponsus__sit.
1843 4015 1922 4086 te-

234 4081 439 4145 stis’et
454 4081 646 4141 custos
668 4081 1010 4157 integritatis
1034 4084 1429 4157 Ecclesiastsuae
1451 4081 1919 4157 sponsieEtenim

237 4176 443 4231 quam
480 4158 695 4231 Optime
710 4153 867 4212 novit
888 4158 944 4231 in
962 4155 1245 4231 ejusmodi
1267 4153 1811 4231 electionedivinum
1827 4154 1922 4231 ad-

238 4224 441 4287 fuisse
474 4224 801 4290 consilium,
839 4229 925 4283 cui
966 4224 1250 4282 contraire
1285 4226 1449 4280 nefas
1484 4230 1587 4279 est.
1624 4224 1922 4289 Quomodo

240 4309 463 4358 autem
489 4300 811 4354 distinctius
842 4300 989 4353 facta
1019 4298 1091 4352 sit
1119 4296 1429 4351 Marcellini
1452 4295 1670 4360 electio,
1698 4311 1812 4349 non
1840 4300 1925 4349 est

241 4389 465 4429 meum
484 4372 761 4435 divinare,
788 4376 846 4425 et
874 4388 941 4424 ex
967 4368 1301 4435 pervetustis
1326 4367 1598 4421 Ferrarim
1630 4366 1923 4421 memoriis

239 4443 422 4499 aliud
446 4444 661 4496 habere
680 4442 921 4511 nequivi.

247 4513 696 4569 Vicohaventiie
727 4509 1021 4582 episcopos
1047 4513 1118 4565 ab
1149 4528 1301 4564 anno
1330 4509 1537 4563 Christi
1568 4510 1672 4563 330
1702 4510 1774 4582 ad
1814 4525 1925 4582 an-

245 4602 407 4641 num
428 4584 560 4649 657,
583 4601 694 4654 quo
717 4580 973 4653 tempore
996 4582 1276 4637 translata
1305 4582 1466 4635 sedes
1494 4580 1767 4654 Ferrariie
1795 4580 1927 4654 dici-

246 4663 351 4711 tur
386 4672 423 4707 a
457 4650 653 4709 Rubéo
688 4650 893 4709 Hister.
927 4658 1239 4708 Ravennat.
1276 4654 1370 4705 lib.
1403 4670 1453 4706 χι
1488 4668 1617 4722 pag.
1658 4651 1758 4705 109
1786 4650 1921 4722 edit.

244 4732 303 4784 2.
327 4727 635 4781 Addentes
664 4728 737 4779 ad
760 4720 1501 4796 MartyrologiumVUsiiardii
1519 4720 1669 4777 hunc
1691 4720 1927 4796 Mareel-

245 4796 527 4853 linumin
551 4814 853 4850 numerum
876 4792 1205 4849 sanctorum
1233 4794 1326 4847 Dei
1358 4794 1581 4848 locant:
1608 4794 1706 4847 sed
1722 4809 1793 4846 an
1822 4792 1928 4846 hoc

247 4868 442 4925 fuerit
468 4868 853 4922 communiter
900 4865 1147 4921 Ecclesia
1184 4866 1281 4918 Dei
1322 4869 1633 4933 receptum,
1689 4880 1802 4917 non
1842 4880 1929 4917 sa-

244 4942 327 4996 tis
360 4942 619 4993 constat.
649 4939 816 4992 MITA.
850 4969 918 4978 —
964 4939 1029 4990 Et
1058 4952 1255 4990 revera
1280 4935 1461 4988 altum
1501 4936 1570 4987 de
1600 4933 1927 4988 Marcellino

248 5013 310 5066 in
348 5010 486 5064 aliis
518 5008 912 5064 ecclesiasticis
948 5007 1157 5062 tabulis
1186 5005 1494 5060 silentium.

329 5082 362 5122 ι)
398 5082 574 5135 Fmde
592 5084 889 5149 corruptus
909 5080 961 5133 in
987 5077 1181 5131 multis
1204 5076 1555 5149 editiouibus
1582 5075 1737 5128 locus
1769 5073 1929 5128 resti-

254 5158 451 5211 tuitur
489 5169 555 5206 ex
591 5151 728 5205 Mita
758 5148 815 5206 et
847 5168 953 5204 ms.
986 5148 1375 5203 Vallieellano.

328 5240 356 5268 ο
392 5225 504 5278 Ms.
541 5223 806 5286 Ctesenze,
848 5239 973 5275 eum
1001 5219 1107 5273 sibi
1130 5220 1401 5287 angelum.

330 5298 361 5338 (ἰ
400 5294 503 5350 Vel
535 5293 779 5364 piscator
806 5286 1310 5364 Marceltlinus,_Scu
1335 5293 1404 5364 ut
1436 5288 1716 5364 .opinatur
1743 5286 1928 5364 _Tille-

257 5358 550 5429 montius,
580 5363 832 5434 aliquam
866 5362 1103 5435 publica)
1149 5358 1501 5432 piscationis’
1524 5359 1926 5431 praefecturam

302 5454 506 5495 erens.

410 5458 506 5493 DS.

258 5458 530 5563 gereNon
573 5505 759 5561 inanis
809 5522 959 5561 nunc
1008 5520 1195 5575 operte
1251 5504 1497 5575 pretium
1529 5499 1926 5575 erit_suhdere,

260 5598 393 5652 quae
405 5580 481 5634 de
502 5578 672 5647 huius
687 5576 969 5633 sermonis
981 5571 1358 5648 explicatione
1376 5573 1599 5645 scripsit
1626 5571 1928 5625 Pastri'tius

2053 451 2426 522 intuebatur;
2460 457 2867 516 confundebat
2880 460 2964 516 vis
2974 478 3041 516 us
3060 478 3242 534 quem
3255 481 3371 521 non
3390 471 3708 529 confunde-

2050 539 2192 596 batb
2220 543 2472 612 Virginis
2492 545 2643 602 ﬁdes
2673 565 2685 603 :
2721 552 2888 604 actus
2915 554 2971 606 et
3022 552 3138 607 vita
3182 554 3243 608 in
3285 554 3486 623 bivio;
3541 576 3709 617 mens

2048 630 2211 700 justa
2232 636 2287 687 et
2316 637 2559 721 sanctus
2580 635 2817 691 animus
2838 638 3081 711 ancipiti
3109 643 3466 713 cogitatione
3481 651 3714 721 torque-

2056 722 2179 784 tur;
2210 719 2408 788 sentit,
2428 721 2530 778 sed
2564 728 2796 780 tantum
2815 742 2938 783 non
2971 734 3491 803 potestpenetrare
3517 719 3714 795 sacra-

2055 813 2339 879 mentum,
2362 812 2507 883 quia
2525 827 2636 867 nec
2682 829 2964 872 accusare
3006 825 3253 889 poterat,
3301 827 3355 879 et
3402 823 3714 883 defensare

2058 912 2243 969 penes
2264 898 2540 957 homines
2568 917 2689 959 non
2702 904 2962 962 valebat.
2978 909 3173 965 Merito
3188 927 3325 967 mox
3347 916 3717 973 occurritan-

2062 985 2249 1055 gelus,
2282 989 2481 1046 merito
2493 1005 2852 1063 responsum
2866 994 3287 1054 subvenitmox
3301 1000 3595 1069 divinum,
3620 1006 3713 1061 cui

2061 1074 2327 1131 humano
2352 1077 2664 1136 deﬁciente
2691 1082 2932 1139 consilio
2953 1085 3183 1155 justitia
3238 1104 3359 1145 non
3387 1090 3618 1148 defecit.
3652 1096 3717 1148 Et

2064 1163 2167 1234 qui
2194 1163 2602 1239 dicit?Joseph
2628 1169 2932 1239 ﬁtillavi’d,
2961 1175 3080 1229 noli
3097 1174 3316 1232 timere.
3352 1180 3716 1243 Quinihilfe-

2062 1257 2239 1317 cerat,
2271 1254 2417 1327 quid
2446 1256 2738 1314 timebat?
2762 1260 3046 1325 Timebat,
3076 1263 3219 1334 quia
3247 1266 3352 1321 etsi
3401 1268 3599 1324 nullus
3656 1272 3715 1326 in

2061 1340 2216 1397 facto
2240 1348 2439 1399 reatus
2468 1349 2610 1412 erat,
2652 1351 2778 1402 erat
2819 1348 2879 1403 in
2938 1365 3125 1407 causa
3168 1353 3466 1410 maximus
3503 1372 3712 1428 pavor.

2062 1430 2307 1486 Sanctus
2333 1432 2571 1488 animus
2592 1435 2888 1507 quidquid
2920 1453 3036 1493 non
3068 1443 3419 1513 assequitur,
3437 1461 3719 1517 expaves~

2061 1520 2153 1574 cit.
2188 1521 2513 1591 Caveergo,
2542 1523 2736 1589 homo,
2767 1524 2841 1579 de
2870 1532 3040 1598 partu
3058 1535 3277 1585 nostrae
3292 1534 3496 1589 matris
3527 1534 3717 1590 taliter

2058 1608 2378 1679 disputare,
2392 1622 2417 1650 ο
2439 1626 2575 1666 cum
2592 1612 2869 1681 angelum
2886 1618 3168 1688 respondi
3178 1620 3547 1678 ssesuﬂiciat
3562 1643 3575 1678 :
3591 1624 3721 1678 Noli

2059 1697 2266 1752 timere
2294 1702 2555 1769 accipere
2582 1701 2833 1757 Mariam
2862 1707 3161 1775 conjuge”:
3188 1714 3376 1777 luam;
3396 1711 3543 1781 quod
3568 1712 3717 1766 enim

2058 1785 2121 1838 ιή
2150 1785 2259 1840 illa
2282 1791 2481 1842 natum
2514 1794 2613 1854 est,
2667 1790 2737 1845 de
2774 1791 3001 1861 Spiritu
3052 1802 3255 1850 sancto
3310 1804 3412 1853 est.
3462 1798 3722 1855 Feliciter

2058 1874 2325 1943 parturit,
2349 1890 2483 1946 quin
2509 1876 2866 1947 virginitatis
2892 1895 3180 1937 coronam
3195 1884 3386 1951 magis
3401 1886 3717 1956 magisque

2057 1962 2346 2034 pariendo
2378 1964 2801 2035 conquisivitet
2832 1966 3105 2036 gloriam.
3143 1971 3241 2024 Hic
3264 1986 3400 2026 vero
3422 1973 3517 2041 qui
3540 1973 3716 2028 nobis

2052 2051 2231 2108 hodie
2257 2056 2432 2108 natus
2462 2056 2570 2123 est,
2602 2068 2839 2126 semper
2867 2056 3015 2112 retia
3042 2058 3067 2097 ί]
3125 2058 3369 2113 tetendit
3406 2060 3465 2114 in
3523 2077 3709 2118 mare.

2052 2143 2236 2196 Nemo
2262 2155 2404 2209 ergo
2436 2140 2697 2205 miretur,
2724 2142 2774 2197 si
2803 2142 3159 2214 piscatorem
3214 2146 3419 2202 Petrus
3473 2148 3707 2218 gestivit

2048 2228 2271 2284 habere
2301 2228 2611 2299 collegam.
2643 2231 2813 2286 Orate
2836 2246 2995 2302 ergo,
3021 2233 3247 2299 fratres,
3278 2236 3562 2307 utpiscari
3586 2253 3708 2293 me-

2048 2321 2247 2373 reatur
2264 2317 2539 2373 homines
2564 2318 2667 2390 qui
2687 2318 2970 2375 hactenus
2993 2321 3183 2392 pisces
3240 2338 3455 2395 capere
3506 2326 3702 2381 homi-

2047 2422 2192 2461 num
2224 2406 2516 2463 laboravit
2543 2406 2620 2463 ad
2646 2406 2830 2463 vitam
2855 2420 2882 2449 ο
2916 2452 2926 2461 .

2044 2522 2101 2576 in
2129 2539 2230 2647 stuo
2257 2521 2539 2593 Opusculo
2567 2522 2636 2577 de
2666 2524 2869 2577 Patena
2892 2523 3218 2595 Chrysologz'.
3255 2528 3331 2581 Ea
3363 2532 3557 2583 autem
3578 2528 3699 2585 hinc

2044 2610 2148 2647 sun
2183 2637 2193 2647 .

2044 2610 2193 2648 sunt.

2040 2702 2330 2776 Eqposi‘ti'o
2348 2700 2570 2776 obscuri
2599 2701 2882 2755 sermonis
2912 2700 3158 2776 CLXXV
3190 2704 3253 2776 D.
3288 2704 3438 2759 Petri
3455 2705 3695 2776 Chryso-

2111 2771 2244 2846 logi,
2272 2779 2351 2846 ut
2370 2772 2569 2846 veritas
2589 2778 2795 2839 pateat,
2837 2772 3075 2846 eumdem
3104 2774 3350 2843 primum
3381 2771 3691 2846 metropoli-

2109 2845 2268 2897 ti'cam
2292 2842 2621 2912 dignitatem
2650 2848 2703 2895 et
2741 2842 3117 2896 auctoritatem
3146 2846 3470 2901 exercuisse.

2111 2971 2139 3000 ‹‹
2179 2949 2364 3003 Aliam
2392 2952 2701 3010 moram,et
2720 2949 2951 3019 quidem
2974 2948 3408 3017 diuturniorem,
3426 2952 3687 3007 conside-

2035 3039 2164 3080 rare
2194 3036 2298 3075 nos
2325 3022 2521 3074 monet
2555 3019 2885 3091 Chrysologi
2937 3035 3126 3075 sermo
3181 3022 3304 3087 175,
3360 3022 3454 3091 qui
3502 3027 3588 3076 est
3617 3025 3686 3079 de

2035 3091 2362 3151 Marcellino
2392 3091 2653 3161 episcopo
2688 3090 3129 3146 Vicohaventino
3162 3109 3195 3147 a
3220 3108 3279 3147 se
3318 3090 3675 3153 consecrato.

2036 3163 2297 3221 Ostendit
2325 3162 2480 3217 enim
2499 3161 2574 3215 ibi
2614 3161 3000 3217 resistentiam
3030 3161 3244 3217 factam
3266 3168 3466 3218 contra
3496 3165 3684 3221 decre-

2035 3243 2156 3292 tum
2190 3238 2252 3290 Β.
2280 3232 2426 3288 Petri
2458 3232 2720 3303 apostoli,
2753 3237 2809 3287 et
2828 3232 3189 3304 imperatoris
3228 3234 3499 3290 edictum.
3547 3236 3682 3301 Quis

2035 3313 2229 3364 autem
2251 3305 2340 3360 hic
2356 3303 2503 3359 fuit?
2519 3304 2837 3359 Audiamus
2852 3305 3021 3359 verba
3043 3306 3344 3360 sermonis.
3372 3306 3682 3362 Prmmittit

2033 3396 2101 3436 ea
2123 3380 2297 3434 fuisse
2310 3375 2623 3447 primordia
2637 3379 2693 3430 et
2711 3376 3143 3447 generationem
3157 3376 3404 3447 primam
3418 3394 3545 3447 quae
3565 3395 3680 3433 non

2032 3452 2096 3506 fit
2119 3451 2240 3505 sine
2263 3446 2478 3503 delere.
2504 3446 2753 3502 Omnium
2783 3447 3000 3518 quidem
3016 3446 3199 3502 rerum
3220 3446 3524 3517 primordia
3548 3458 3679 3503 sunt

2030 3520 2287 3586 dura,sed
2306 3520 2533 3574 duriora
2562 3524 2695 3572 sunt
2725 3517 2975 3573 omnibus
3015 3518 3328 3588 primordia
3351 3519 3678 3588 generantia.

2029 3592 2282 3648 Assumit
2309 3588 2675 3659 Evangelium
2700 3588 2804 3643 sibi
2830 3592 3250 3659 exponendum,
3270 3607 3397 3644 cum
3438 3589 3681 3659 Deipara

2033 3665 2201 3733 Virgo
2228 3661 2423 3733 genuit
2441 3660 2907 3733 primogenitum,
2937 3661 3211 3731 incipiens
3240 3662 3311 3716 ab
3340 3661 3452 3714 illis
3483 3661 3681 3715 dictio-

2032 3731 2198 3788 nibus
2221 3731 2419 3803 {Exi'i't
2442 3731 2682 3785 edictum
2703 3748 2732 3785 a
2767 3731 2979 3788 Caesare
2998 3735 3259 3803 Augusto,
3286 3738 3342 3787 et
3380 3749 3539 3787 more
3578 3748 3680 3787 suo

2032 3805 2089 3859 in
2122 3801 2409 3876 Evangelii
2438 3818 2700 3876 processu
2719 3808 3029 3876 praesentes
3053 3801 3143 3859 res
3164 3804 3682 3876 contemplatur,iis

2032 3882 2083 3931 et
2107 3875 2278 3929 verba
2308 3876 2362 3953 et
2382 3888 2471 3953 res
2492 3873 2778 3953 Evangelii
2794 3876 3249 3953 ncommodans;
3292 3873 3531 3953 ideoque
3552 3876 3684 3953 _exif

2029 3962 2168 4028 gens
2200 3947 2427 3999 acutam
2456 3943 2698 4024 legentis
2722 3944 2809 4028 vet
2833 3944 3125 4028 audientis.
3141 3943 3685 4028 intep‘tienémzPost

2030 4013 2202 4087 igitur
2231 4013 2571 4087 prooemium
2600 4013 2749 4067 circa
2776 4015 3473 4087 duritiem,difticultatem
3499 4021 3557 4069 et
3586 4018 3684 4069 do-

2030 4084 2209 4142 lorem
2234 4084 2485 4157 primum
2516 4084 2869 4157 generantia,
2911 4086 3068 4157 quod
3094 4084 3384 4140 auditores
3415 4101 3527 4157 non
3562 4101 3686 4154 per-

2031 4154 2313 4229 cepisse'nt
2341 4170 2613 4229 quorsum
2636 4156 2915 4229 tenderet,
2940 4154 3174 4209 dubium
3192 4170 3364 4209 omne
3394 4154 3543 4229 tollit
3562 4171 3685 4225 pro-

2034 4225 2320 4299 sequendo
2369 4244 2381 4281 :
2435 4226 2638 4299 sancta
2694 4225 2920 4280 Ecclesia
2970 4229 3276 4299 Ravennas,
3334 4234 3393 4299 ut
3450 4227 3685 4299 primum

2030 4296 2267 4371 pareret,
2300 4299 2440 4371 uiam
2469 4296 2617 4366 fecit,
2674 4312 2897 4371 angores
2930 4296 3181 4371 pertulit,
3211 4297 3405 4371 __sevns_i't
3453 4296 3681 4371 datores.

2035 4366 2175 4440 Ergo
2207 4372 2277 4423 de
2299 4368 2723 4423 Ravennatensi
2755 4366 3001 4422 Ecclesia
3037 4367 3092 4422 in
3125 4367 3489 4440 ordinatione
3516 4366 3688 4440 Vico-

1011 4457 1149 4494 num
1169 4439 1223 4493 id
1243 4444 1464 4501 notum,
1490 4436 1925 4510 quinquefuissc
1961 4434 2003 4490 D
2035 4434 2325 4497 harentini
2353 4440 2692 4509 explicanda
2718 4444 2851 4510 sunt
2884 4438 3184 4510 Evangelii
3207 4443 3264 4493 et
3289 4438 3547 4510 Deipara:
3582 4437 3689 4510 Ge-

2034 4511 2250 4567 nitricis
2276 4508 2447 4566 verba
2476 4515 2531 4565 et
2559 4526 2647 4565 res
2671 4528 2685 4579 ;
2720 4508 3075 4580 proindeque
3099 4510 3243 4564 sicut
3286 4509 3529 4580 Deipara
3562 4508 3691 4564 nul-

2035 4585 2152 4637 lum
2166 4586 2338 4637 antea
2358 4584 2637 4652 genuerat
2666 4582 2751 4636 vel
2767 4586 3083 4651 pepererat,
3118 4582 3216 4635 sed
3238 4580 3688 4651 primogenitum

2035 4654 2213 4709 edidit
2237 4653 2524 4708 Christum
2556 4654 2749 4707 Jesum
2776 4672 2789 4719 ;
2832 4654 2910 4707 ita
2942 4654 3243 4707 Ravenna:
3274 4652 3525 4708 Ecclesia
3565 4652 3689 4707 nul-

2036 4726 2154 4780 lum
2182 4729 2352 4779 antea
2409 4730 2840 4779 consecraverat
2878 4723 3217 4787 antistitem,
3264 4740 3449 4794 neque
3489 4722 3693 4779 matris

2036 4796 2291 4851 ofﬁcium
2321 4799 2671 4857 exercuerat,
2716 4796 2814 4849 sed
2845 4797 2980 4849 tunc
3031 4795 3281 4865 primum
3314 4795 3372 4849 in
3402 4809 3696 4849 consecra-

2037 4867 2189 4921 tione
2220 4865 2648 4920 Vicohaventini
2676 4865 2923 4935 episcOpi
2960 4869 3206 4920 matrem
3234 4883 3294 4920 se
3339 4867 3700 4935 demonstra-

2039 4938 2136 5000 vit,
2171 4954 2300 4992 cum
2331 4938 2578 5007 primum
2610 4934 2808 5008 genuit
2846 4934 2903 5008 et
2932 4936 3399 5008 primogenitum.
3458 4934 3694 5008 Dolores

2037 5009 2268 5079 quidem
2298 5003 2537 5079 Deipara
2558 5003 3065 5079 in'pariendo'non
3094 5003 3345 5077 pértulit,
3379 5003 3513 5079 quia
3532 5018 3697 5079 sacra

2038 5072 2208 5149 Virgo
2233 5072 2473 5149 Spiritus
2492 5072 2686 5149 sancti
2704 5072 3138 5149 obumbratione
3163 5072 3421 5149 concepit
3448 5077 3507 5128 et
3529 5072 3695 5149 virgo

2038 5143 2291 5232 peperit;
2309 5148 2415 5203 nisi
2446 5148 2705 5228 dicamus
2737 5148 3137 5202 difﬁcultatem
3160 5150 3218 5201 et
3239 5146 3495 5199 dolorem
3522 5143 3696 5225 fuisse

2038 5225 2255 5274 itineris
2286 5223 2531 5288 suscepti
2570 5234 2600 5273 e
2634 5220 2927 5273 Nazarene
2957 5219 3130 5271 domo
3162 5217 3235 5288 ad
3264 5214 3697 5288 Bethlehemiti-

2038 5306 2164 5345 eam
2196 5284 2549 5359 speluncam.
2586 5290 2698 5344 Sed
2738 5291 3038 5359 Ravenna:
3081 5286 3328 5341 Ecclesia
3357 5301 3485 5359 quae
3518 5284 3695 5359 etiam

2038 5356 2414 5414 mater'sacra
2453 5362 2508 5414 et
2553 5359 2709 5429 virgo
2758 5358 2977 5412 illibata
3024 5362 3128 5421 est,
3189 5362 3261 5429 ut
3284 5356 3553 5428 quaslibet
3581 5356 3697 5411 alia

2040 5431 2248 5486 Christi
2285 5429 2553 5495 Ecclesia,
2588 5428 2813 5484 delores
2856 5444 3020 5500 veros
3063 5428 3313 5500 pertulit,
3355 5433 3412 5484 et
3454 5444 3698 5500 angores

2039 5507 2351 5573 antequam
2387 5504 2631 5573 pareret.
2668 5500 2812 5573 Quia
2842 5499 3220 5573 scilicet’dum
3274 5504 3461 5557 mater
3496 5499 3700 5573 effecta

2038 5578 2125 5631 est
2151 5568 2252 5645 per
2280 5568 2573 5629 decretum
2599 5571 2749 5627 sedis
2774 5570 3101 5643 apostolicae
3124 5577 3182 5629 et
3196 5571 3560 5645 imperatoris
3592 5568 3701 5627 Vs-
