4040 6178
448 234 559 291 671

1304 232 1667 293 APPENDIX
1710 227 2107 289 SERMONUM
2147 225 2209 286 5.
2258 226 2467 287 PETRI
2511 224 2986 287 CHRYSOLOGL

3731 226 3844 284 672

450 366 591 421 sunt
619 362 919 434 miraculo,
944 367 1083 422 sunt
1108 364 1352 437 stupori,
1394 360 1819 434 suntpavenda
1845 356 2088 415 mortali-
2124 376 2172 439 Α
2204 361 2427 414 catum.
2454 358 2765 429 Regnavit,
2796 358 3011 431 inquit,
3044 371 3202 413 mors
3230 356 3305 413 ab
3334 356 3530 412 Adam
3572 370 3754 426 usque
3781 356 3851 410 ad

446 452 731 528 bus,ipsis
749 452 929 511 etiam
947 458 1082 509 sunt
1112 451 1447 508 coelestibus
1477 446 1927 506 tremenda-Sed
1944 445 2092 502 nihil

446 541 528 599 ita
559 546 758 614 stupet
777 542 1007 605 coelum,
1042 545 1217 611 pavet
1236 547 1416 605 terra,
1438 538 1781 611 expavescit
1810 535 2088 592 universa

446 634 736 695 creatura,
768 645 953 701 quam
984 628 1142 700 quod
1172 644 1279 683 vos
1305 629 1442 683 estis
1462 627 1639 684 hodie
1656 626 1827 682 nobis
1849 623 2090 681 dicenti-

442 718 557 775 bus
569 717 848 773 audituri.
866 719 1077 773 Servus
1094 716 1401 772 Dominum
1416 717 1645 772 Patrem
1656 728 1869 771 vocare
1886 711 2085 774 audet,

438 804 703 878 judicem
730 820 906 859 suum
938 819 1072 859 reus
1116 810 1425 877 nuncupat
1454 804 1795 877 genitorem,
1826 799 2089 857 conditio

443 897 676 947 terrena
704 908 813 947 sua
831 909 893 948 se
916 908 1057 948 voce
1090 893 1339 966 adoptat
1376 894 1436 949 in
1456 893 1658 957 ﬁlium,
1728 890 1830 963 qui
1860 896 2092 945 terrena

444 979 695 1051 perdidit
720 981 1005 1038 existimat
1032 997 1092 1036 se
1115 982 1437 1038 Divinitatis
1455 978 1888 1049 baeredem,Sed
1911 976 2093 1033 aude-

447 1068 741 1140 mus,quia
766 1071 1146 1142 praesumptio
1181 1071 1429 1126 dicentis
1458 1086 1579 1126 non
1611 1074 1716 1132 est,
1759 1067 1864 1123 ubi
1891 1069 2091 1123 aucto-

444 1155 588 1212 ritas
618 1162 705 1213 est
729 1158 1153 1231 jubentis.lpse
1174 1160 1322 1215 enim
1354 1174 1449 1215 vos
1466 1159 1639 1215 hodie
1661 1157 1855 1213 dicere
1882 1154 2086 1220 voluit,

443 1246 549 1315 qui
579 1262 690 1301 nos
716 1246 894 1302 hodie
918 1247 1120 1303 docuit
1149 1248 1233 1303 sic
1253 1264 1443 1304 orare.
1504 1250 1570 1303 Et
1601 1246 1747 1319 quid
1771 1244 2011 1313 mirum,
2043 1243 2091 1298 si

446 1336 584 1388 tunc
614 1333 888 1389 homines
922 1335 1023 1390 Dei
1055 1336 1422 1392 consecravit
1442 1336 1501 1392 in
1531 1334 1707 1399 filios,
1739 1332 1986 1406 quando
2027 1346 2091 1386 se

442 1418 785 1476 hominibus
814 1422 976 1478 dedit
995 1428 1050 1478 et
1066 1424 1361 1495 aptavitin
1376 1421 1806 1479 ﬁlinm?Carnis
1832 1424 1972 1475 tunc
1988 1434 2092 1475 na-

445 1516 633 1564 turam
658 1511 950 1567 transtulit
964 1513 1021 1568 in
1040 1513 1566 1585 divinam,quando
1582 1512 1861 1567 deitatem
1884 1510 2091 1566 huma-

442 1612 575 1653 nam
598 1597 803 1655 detulit
825 1600 902 1656 ad
930 1607 1226 1658 naturam.
1256 1605 1416 1658 Tunc
1436 1601 1734 1657 hominem
1749 1599 1861 1655 sibi
1882 1598 1943 1653 in
1974 1613 2088 1653 cm-

441 1685 692 1742 lestibus
716 1689 1013 1759 praestitlit
1053 1690 1442 1760 cohaeredem,
1485 1688 1732 1762 quando
1761 1705 1824 1744 se
1859 1685 2091 1759 partici-

443 1789 583 1846 pem
613 1740 1319 1835 ιιεάἓίζιῖἱῖὲῖιῐεέιόἷιῖῲῖ
1332 1740 1442 1835 ὲᾙὶ
1474 1740 2092 1847 άξεζῶἷηῖἠὲέςᾶνὲὲιύίά
2126 1740 2172 1799 Β

443 1865 665 1919 amoris
694 1866 1063 1939 potuit,quid
1078 1868 1511 1941 muneris,quid
1525 1866 1898 1939 honoris,qui
1913 1868 2091 1921 totum

441 1952 606 2025 quod
628 1958 755 2009 erat
772 1954 1033 2011 hominis
1051 1961 1429 2029 etpeccatum
1450 1956 1790 2028 suscepit,et
1809 1952 2083 2011 mortem?

441 2044 558 2095 Aut
576 2042 883 2113 quomodo
895 2043 1191 2101 hominem
1215 2046 1274 2102 in
1296 2046 1421 2101 suis
1448 2045 1750 2118 prosperis
1772 2059 1893 2099 non
1916 2041 2092 2099 habe-

443 2127 549 2197 bit,
571 2130 674 2201 qui
699 2130 758 2185 in
782 2131 1050 2187 adversis
1065 2133 1294 2189 homini
1324 2150 1387 2189 se
1404 2134 1538 2190 fecit
1563 2149 1692 2189 esse
1708 2136 2047 2188 consortem
2063 2132 2091 2186 ‘i

442 2218 871 2284 Homo,rediad
896 2221 1080 2277 Deum
1109 2222 1193 2277 sic
1215 2226 1452 2279 amatus
1482 2226 1687 2286 aDeo;
1720 2226 1777 2277 et
1806 2221 1884 2276 ad
1904 2220 2090 2291 ipsius

442 2302 695 2371 gloriam
722 2306 801 2362 da
831 2312 1009 2362 totum
1041 2313 1117 2375 te,
1164 2310 1263 2379 qui
1289 2326 1351 2365 se
1395 2312 1585 2365 totum
1630 2312 1873 2380 propter
1932 2311 1985 2363 te
2017 2306 2087 2363 ad

439 2396 602 2447 tuam
632 2393 877 2450 deduxit
928 2395 1255 2466 injuriam;
1307 2401 1362 2454 et
1390 2413 1542 2453 voca
1592 2400 1821 2453 Patrem
1870 2394 2085 2460 ﬁdens,

440 2495 624 2552 quem
650 2485 816 2538 tanto
837 2499 1041 2541 amore
1061 2496 1087 2527 ι
1110 2489 1279 2541 tuum
1309 2485 1551 2559 probas,
1587 2485 1791 2551 sentis,
1814 2483 2089 2553 intelligis

441 2579 573 2620 esse
601 2566 953 2637 genitorem,

512 2654 697 2710 Pater
723 2660 924 2712 noster
945 2658 1054 2727 qui
1071 2672 1125 2713 es
1164 2658 1223 2713 in
1245 2658 1425 2715 stetis.
1442 2657 1615 2725 Quod
1636 2657 1901 2713 nondum
1916 2661 2089 2713 natus

440 2741 670 2797 Patrem
696 2747 888 2807 vocat,
917 2759 1096 2801 nemo
1120 2746 1383 2802 miretur.
1411 2748 1530 2801 Deo
1564 2751 1704 2803 nata
1733 2751 1873 2802 sunt
1897 2745 2088 2801 nasci-

440 2833 595 2897 tura,
624 2830 825 2888 futura
848 2832 1005 2890 facta
1028 2840 1167 2890 sunt
1190 2836 1325 2890 Deo.
1370 2834 1547 2901 Fecit,
1586 2835 1802 2908 inquit,
1837 2850 1964 2906 qua:
1990 2836 2089 2903 fu-

442 2924 575 2974 tura
606 2926 741 2974 sunt
769 2920 1031 2987 (Ecclm,
1054 2923 1160 2992 t0).
1191 2922 1334 2979 Hinc
1362 2927 1449 2979 est
1468 2923 1633 2994 quod
1652 2924 1709 2977 in
1728 2928 1891 2978 utero
1918 2938 2086 2978 suum

439 3007 697 3063 Joannes
721 3010 900 3064 sensit
920 3016 1225 3068 auctorem
1239 3024 1295 3068 et
1322 3017 1514 3068 exstat
1537 3013 1783 3069 nuntius
1798 3011 1971 3067 matri
1985 3011 2087 3083 qui

2202 449 2646 521 Moysem(Rom.
2683 466 2738 519 v,
2782 450 2889 518 14).
2919 451 2981 504 Et
3010 447 3147 503 alibi
3180 466 3191 505 :
3236 446 3363 502 Non
3415 452 3602 516 regaet
3659 459 3853 517 pecca-

2202 542 2324 592 tum
2352 538 2412 591 in
2444 545 2627 593 vestro
2645 537 2877 593 mortali
2895 550 3133 605 corpore
3153 534 3350 605 (Ibid,
3380 535 3491 604 15).

2270 624 2408 680 Fiat
2426 626 2691 682 voluntas
2725 633 2827 683 tua.
2853 626 2996 682 sicut
3020 624 3084 680 in
3111 624 3255 680 caelo
3273 622 3403 679 etin
3431 624 3781 680 terra.Nunc
3799 621 3855 675 in

2202 720 2355 769 terra
2383 713 2571 770 multa
2602 718 2742 770 sunt
2762 730 2870 786 pro
2900 712 3126 769 diaboli
3154 711 3477 780 voluntate,
3505 726 3615 782 pro
3646 708 3858 765 saeculi

2200 803 2484 874 nequitia,
2514 819 2618 875 pro
2645 802 2948 859 voluntate
2978 801 3272 857 carnis.In
3304 799 3453 855 ccelo
3471 815 3607 855 vero
3625 797 3855 854 ﬁtnihil

2202 896 2413 962 praeter
2440 891 2675 947 Domini
2701 891 3066 953 voluntatem,
3126 889 3387 945 Petimus
3420 902 3555 957 ergo
3584 891 3646 942 ut
3676 888 3858 942 inter-

2199 984 2400 1051 empto
2424 980 2687 1044 diabolo,
2723 985 2784 1036 ut
2804 996 2953 1037 novo
2974 978 3214 1047 saeculo,
3242 982 3303 1033 ut
3330 980 3554 1033 mutato
3577 991 3853 1048 corpore,

2200 1067 2501 1125 destructo
2541 1070 2737 1125 mortis
2768 1069 3039 1140 imperio,
3081 1074 3137 1123 ut
3186 1066 3411 1123 abolita
3440 1064 3858 1121 dominatione

2201 1157 2443 1228 peccati,
2476 1158 2533 1213 in
2567 1157 2736 1223 ccelo,
2771 1162 2828 1214 et
2850 1157 2911 1213 in
2940 1162 3110 1222 terra,
3158 1155 3219 1211 in
3251 1159 3366 1211 Deo
3397 1158 3452 1211 et
3482 1153 3856 1219 hominibus,

2202 1261 2324 1302 una
2354 1246 2454 1301 Dei
2480 1250 2536 1303 et
2555 1248 2769 1302 eadem
2807 1246 2882 1301 sit
2910 1245 3207 1301 voluntas.

2274 1335 2497 1391 Panem
2528 1341 2797 1391 nostrum
2812 1334 3224 1406 quotidianum
3237 1333 3315 1388 da
3339 1330 3506 1387 nobis
3521 1329 3859 1385 hodie.Post

2200 1438 2455 1493 regnum
2481 1423 2737 1493 cmleste,
2770 1429 3069 1480 terrenum
3102 1437 3310 1494 panem
3338 1425 3534 1492 petere
3556 1434 3667 1474 non
3686 1419 3861 1489 jubeo

2202 1527 2352 1575 mur,
2386 1511 2737 1583 prohibente
2768 1512 2899 1583 ipso
2920 1528 3048 1567 cum
3080 1509 3250 1566 dixit:
3270 1508 3467 1565 Nolite
3486 1508 3726 1564 solliciti
3746 1523 3860 1562 esse

2201 1599 2348 1671 quid
2371 1600 2759 1671 manducetis,
2776 1600 3031 1671 autquid
3062 1598 3266 1655 bibatis
3283 1597 3503 1668 (Matth.
3526 1612 3600 1660 v1,
3624 1594 3855 1663 i3).Sed

2202 1689 2345 1761 quia
2368 1688 2488 1760 ipse
2526 1696 2603 1745 est
2625 1690 2796 1760 panis
2817 1690 2917 1760 qui
2934 1689 2996 1743 de
3026 1689 3171 1745 creto
3191 1685 3481 1743 descendit
3505 1685 3701 1755 (Joan.
3752 1701 3856 1752 vn,

2202 1777 2314 1847 50),
2349 1778 2597 1849 petimus
2630 1783 2685 1832 et
2714 1792 3031 1849 precamur
3064 1782 3125 1832 ut
3154 1776 3352 1847 ipsum
3395 1789 3636 1845 panem,
3670 1788 3857 1843 quem

2201 1865 2487 1938 quotidie,
2515 1865 2573 1921 id
2601 1870 2707 1934 est,
2753 1866 2972 1936 jugiter
3001 1865 3295 1929 suminus,
3343 1862 3401 1917 in
3429 1862 3755 1918 teternitate
3776 1860 3855 1915 ad

2201 1954 2423 2010 victum
2465 1954 2732 2027 corporis
2765 1954 3091 2026 mentisque
3130 1953 3460 2024 capiamus.

2273 2044 2345 2098 Et
2367 2044 2591 2099 dimitte
2607 2043 2775 2099 nobis
2800 2043 2994 2099 debita
3015 2048 3231 2106 nostra,
3246 2040 3460 2095 sicutet
3492 2052 3587 2091 nos
3609 2036 3858 2092 dimitti-

2201 2148 2330 2188 mus
2358 2132 2716 2189 debitoribus
2736 2132 2973 2187 nostris.
3005 2130 3098 2187 Sic
3130 2128 3407 2191 dicendo,
3430 2127 3637 2190 homo,
3669 2124 3856 2179 indul-

2201 2222 2413 2290 gentiae
2430 2219 2699 2290 modum,
2725 2236 3070 2276 mensuram
3093 2218 3279 2274 venia:
3302 2215 3575 2280 statuisti;
3596 2218 3731 2269 ettu
3751 2213 3857 2268 tibi

2200 2308 2537 2381 dedisti,qui
2557 2324 2593 2365 a
2620 2309 2874 2365 Domino
2890 2312 3121 2364 tantum
3145 2306 3246 2363 tibi
3266 2303 3434 2376 petis,
3456 2301 3859 2375 quantumdi-

2200 2396 2434 2454 miseris
2469 2397 2599 2470 ipse
2612 2397 3158 2463 conservo,Dimitte
3170 2409 3311 2464 ergo
3330 2390 3704 2465 delinquenti
3720 2390 3781 2446 in
3802 2394 3855 2444 te

2200 2489 2409 2550 totum,
2435 2486 2483 2541 si
2514 2485 2603 2541 vis
2631 2485 2757 2556 ipse
2784 2485 2858 2541 de
2889 2486 3005 2540 tuis
3028 2482 3176 2540 nihil
3215 2482 3468 2538 Domino
3498 2479 3721 2535 debere
3755 2479 3857 2533 de-

2198 2574 2366 2630 lictis.
2398 2574 2462 2629 In
2490 2572 2673 2630 altero
2694 2573 2923 2629 dimitte
2945 2573 3071 2641 tibi,
3103 2574 3153 2628 si
3183 2571 3272 2627 vis
3297 2573 3427 2644 ipse
3452 2568 3738 2624 vindicem
3767 2566 3854 2621 vi-

2199 2667 2323 2719 tare
2368 2662 2742 2718 sententiam.

2272 2752 2349 2806 Et
2378 2767 2450 2808 ne
2474 2766 2579 2807 nos
2610 2752 2852 2807 inducas
2878 2752 2941 2806 in
2970 2750 3372 2807 tentationem.
3406 2748 3550 2803 Deus
3569 2745 3851 2801 neminem

2200 2841 2559 2904 tentat,sicut
2588 2840 2862 2912 scriptum
2885 2844 2972 2895 est
3003 2855 3016 2905 ;
3053 2838 3159 2893 sed
3189 2842 3411 2893 tentare
3441 2834 3676 2898 dicitur,
3714 2848 3854 2887 cum

2200 2928 2626 2984 contumaciter
2650 2934 2857 2984 euntes
2877 2927 2954 2983 ad
2984 2927 3361 2983 tentationem
3389 2924 3639 2996 laqueos
3670 2921 3852 2976 delin-

2198 3017 2346 3090 quit.
2374 3016 2469 3072 Sic
2494 3017 2684 3073 Adam
2729 3016 3031 3072 tentatoris
3084 3016 3331 3073 incurrit
3385 3012 3661 3075 insidias,
3703 3011 3854 3065 dum

439 3100 563 3150 erat
583 3096 813 3150 nescius
844 3098 997 3154 vitae.
1034 3100 1175 3156 Hinc
1205 3104 1293 3156 est
1319 3101 1484 3172 quod
1508 3100 1691 3157 Jacob
1715 3106 1848 3157 ante
1873 3100 2089 3169 legitur
2116 3095 2161 3155 C
2198 3107 2291 3161 sui
2312 3110 2600 3178 praecepta
2625 3105 2839 3161 deserit
2870 3104 3170 3160 creatoris.
3196 3102 3360 3159 Unde
3391 3106 3585 3157 autem
3605 3106 3663 3154 et
3682 3116 3717 3154 a
3736 3116 3853 3171 quo

436 3180 693 3238 bellasse
726 3200 912 3255 quam
935 3188 1123 3256 nasci,
1142 3189 1320 3259 ccepit
1350 3194 1485 3245 ante
1512 3189 1879 3260 triumphare
1909 3204 2083 3260 quam

437 3270 652 3327 vivere.
686 3272 829 3328 Hinc
852 3278 941 3329 est
969 3275 1122 3345 quod
1146 3276 1266 3345 jam
1293 3282 1424 3333 sunt
1473 3279 1588 3332 Deo
1618 3277 1723 3349 qui
1745 3276 1856 3331 sibi
1887 3275 2085 3331 adhuc

438 3374 558 3415 non
578 3366 733 3426 sunt,
775 3363 1058 3435 quoniam
1083 3363 1248 3420 electi
1270 3365 1408 3420 estis
1429 3368 1566 3421 ante
1606 3364 2083 3420 constitutionem

438 3450 666 3506 mundi.
704 3452 881 3508 Pater
909 3461 1090 3509 noster
1119 3455 1219 3526 qui
1254 3471 1311 3513 es
1352 3456 1415 3510 in
1441 3456 1618 3512 cretis.
1652 3457 1780 3511 Non
1804 3453 1962 3526 quod
1992 3453 2083 3509 ille

437 3552 559 3594 non
583 3542 657 3595 sit
678 3540 737 3595 in
768 3544 940 3609 terra,
969 3542 1067 3597 sed
1095 3548 1156 3598 ut
1189 3548 1248 3598 tu
1270 3558 1375 3615 per
1400 3542 1515 3599 hoc
1556 3558 1800 3613 germen
1823 3558 1951 3597 esse
1982 3558 2083 3597 no-

438 3628 662 3684 veriste
691 3629 944 3695 caeleste,
977 3632 1041 3687 Et
1080 3630 1127 3686 si
1157 3634 1208 3687 te
1243 3630 1435 3688 ﬁlium
1465 3633 1563 3688 Dei
1594 3637 1661 3688 tu
1700 3632 1918 3701 fateris,
1954 3631 2085 3687 vive

436 3716 611 3784 quasi
645 3718 737 3771 Dei
766 3718 942 3783 ﬁlius,
976 3725 1036 3775 ut
1064 3725 1222 3785 actu,
1257 3721 1738 3791 vita,virtutibus,
1769 3724 1931 3777 tanto
1948 3737 2088 3793 pos-

439 3802 521 3856 sis
562 3806 917 3876 respondere
956 3809 1230 3877 genitori.

510 3893 932 3961 Sanctiﬁcetur
953 3900 1564 3966 nomentuum.Quiaa
1580 3900 1809 3955 Christo
1838 3905 2084 3956 vocatus

438 3997 500 4035 es
536 3981 921 4049 Christianus,
956 3987 1098 4057 petis
1126 3992 1188 4043 ut
1210 3990 1603 4059 praerogativa
1652 3988 1796 4045 tanti
1825 3989 2083 4044 nominis

438 4072 833 4129 sanctiﬁcetur
852 4074 913 4130 in
939 4081 1013 4145 te,
1038 4076 1182 4148 quia
1214 4093 1434 4133 nomen
1466 4078 1566 4133 Dei
1596 4077 1759 4149 quod
1809 4093 1914 4150 per
1937 4094 2001 4133 se
2032 4084 2085 4133 et

440 4166 716 4216 sanctum
743 4162 850 4217 sibi
878 4168 988 4229 est,
1016 4171 1118 4219 aut
1149 4165 1552 4222 sanetiﬁcetur
1590 4166 1649 4221 in
1674 4166 1848 4221 nobis
1878 4169 2084 4221 nostro

438 4254 592 4313 actu,
641 4254 741 4305 aut
773 4256 980 4307 nostro
1019 4257 1155 4308 actu
1205 4253 1657 4324 blasphemetur
1690 4255 1749 4308 in
1782 4252 2083 4323 gentibus.

506 4337 792 4392 Adveniet
828 4355 1073 4407 regnum
1102 4347 1281 4395 tuum.
1312 4345 1440 4410 lspe
1476 4341 1617 4395 dicit
1646 4358 1657 4395 :
1702 4342 1949 4409 Regnum
1980 4342 2085 4397 Dei

2195 3198 2454 3250 tentatur
2468 3195 2652 3249 homo
2668 3193 2933 3265 prodidit
2963 3194 3045 3248 sic
3068 3192 3325 3248 dicendo
3351 3209 3363 3246 :
3393 3189 3509 3247 Sed
3539 3188 3731 3245 libera
3757 3203 3853 3243 nos

2194 3298 2232 3339 a
2253 3284 2411 3339 malo
2437 3299 2450 3349 ;
2481 3282 2595 3338 hoc
2620 3286 2705 3337 est
2736 3298 2771 3337 a
2807 3281 3181 3353 diabolo,qui
3206 3280 3380 3335 totius
3405 3278 3544 3335 mali
3563 3283 3621 3334 et
3642 3283 3855 3332 auctor

2194 3376 2283 3427 est
2303 3377 2360 3427 et
2380 3371 2568 3442 origo.
2604 3369 2886 3425 Diabolus
2908 3374 3119 3426 natura
3142 3370 3250 3425 fuit
3277 3368 3546 3432 ccelestis,
3580 3381 3747 3422 nunc
3765 3372 3853 3420 est

2192 3460 2460 3532 nequitia
2480 3459 2820 3530 spiritualis,
2835 3463 3005 3515 aetate
3018 3458 3212 3529 major
3224 3454 3727 3525 smculo,nocendi
3747 3472 3849 3508 usu

2197 3548 2386 3612 tritus,
2407 3547 2663 3603 laedendi
2688 3553 2810 3604 arte
2838 3547 3247 3620 peritissimus.
3282 3546 3445 3602 Unde
3461 3560 3579 3601 non
3606 3549 3716 3599 tam
3736 3558 3851 3598 ma-

2194 3635 2307 3703 lus,
2342 3637 2440 3691 sed
2460 3636 2687 3692 malum
2706 3637 3107 3708 dicitur,aquo
3126 3640 3212 3692 est
3232 3650 3411 3692 omne
3434 3632 3597 3707 quod
3617 3632 3845 3687 malum

2197 3725 2453 3783 est.Hinc
2469 3725 2736 3797 estquod
2752 3726 3005 3798 propriis
3021 3724 3245 3781 viribus
3267 3726 3449 3779 homo
3475 3720 3712 3777 liberari
3732 3736 3845 3775 non

2196 3819 2387 3888 potest
2415 3814 2750 3870 carnalibus
2784 3813 3032 3869 vinculis
3085 3814 3361 3883 illigatus.
3398 3811 3725 3867 Petendum
3758 3815 3846 3863 est

2197 3918 2336 3973 ergo
2366 3900 2536 3957 nobis
2570 3906 2630 3956 ut
2659 3904 2808 3957 Deus
2839 3918 2949 3957 nos
2976 3919 3011 3957 a
3040 3900 3281 3956 diabolo
3316 3899 3651 3970 liberet,qui
3686 3897 3845 3952 Chri-

2198 3997 2353 4046 stum
2384 3991 2570 4058 terris,
2591 3995 2651 4046 ut
2668 3990 2977 4045 diabolum
3005 3985 3843 4045 vinceret.commodavit.tlla-

2196 4085 2335 4145 met,
2365 4079 2579 4135 clamet
2608 4079 2792 4135 homo
2820 4079 2895 4135 ad
2930 4082 3134 4143 Deum,
3168 4079 3384 4135 clamet
3417 4095 3428 4131 :
3464 4076 3679 4132 Libera
3703 4090 3840 4129 nosa

2196 4170 2365 4233 male,
2401 4172 2462 4223 ut
2491 4185 2525 4223 a
2554 4172 2721 4223 tanto
2749 4167 2930 4234 malo,
2964 4167 3093 4223 solo
3120 4166 3349 4222 Christo
3374 4166 3674 4227 vincente,
3706 4163 3842 4218 libe-

2196 4270 2419 4311 remur.

2264 4344 2443 4399 Pater
2466 4350 2669 4410 noster,
2700 4343 2801 4415 qui
2830 4359 2887 4397 es
2914 4344 2973 4397 in
3000 4341 3403 4400 ctelis.0randi
3433 4340 3841 4403 lhema,mate-

438 4424 601 4478 intra
627 4440 721 4479 vos
736 4432 818 4479 est
843 4427 1145 4493 (Luc.xvn,
1174 4428 1279 4496 2t).
1325 4428 1380 4483 Si
1411 4427 1564 4485 intra
1589 4444 1699 4484 nos
1738 4434 1843 4493 est,
1885 4429 2086 4485 veniat
2116 4452 2160 4509 ι)
2194 4432 2342 4487 riam
2378 4432 2638 4504 petendi,
2664 4430 3041 4504 supplicandi
3074 4448 3351 4487 normam
3380 4430 3768 4503 paucissimis
3789 4428 3841 4483 in

436 4510 581 4582 quid
604 4514 884 4569 oramus?
902 4520 990 4569 est
1014 4516 1073 4571 in
1099 4516 1331 4581 fide,est
1359 4517 1553 4589 inspe,
1588 4524 1673 4574 est
1694 4519 1753 4574 in
1781 4526 2083 4592 exspecta-

437 4598 611 4662 tione,
646 4601 750 4654 sed
783 4606 845 4655 ut
876 4604 1068 4659 veniat
1094 4604 1221 4673 jam
1266 4621 1599 4676 precamur.
1635 4608 1833 4664 Veniat
1882 4613 2081 4664 autem

436 4685 629 4754 nobis,
656 4703 773 4743 non
801 4688 880 4744 illi
911 4690 1016 4761 qui
1037 4701 1610 4765 sempercouregnal
1629 4696 1781 4751 Patri
1804 4712 2083 4759 suo,sem-

436 4790 541 4847 per
570 4777 855 4847 regnatin
885 4780 1069 4845 Patre,
1096 4782 1199 4836 sed
1226 4781 1425 4837 veniat
1448 4782 1621 4838 nobis
1646 4801 1657 4837 :
1696 4785 1905 4849 Venite,
1924 4786 2082 4842 bene-

432 4864 578 4921 dicti
594 4866 786 4922 Patris
799 4869 1212 4939 mei,perctpite
1228 4886 1465 4942 regnum
1481 4874 1632 4943 quod
1653 4872 1806 4928 vobis
1821 4880 2081 4944 paratum

432 4959 511 5009 est
540 4955 611 5011 ab
627 4956 857 5026 origine
880 4959 1092 5014 mundi
1122 4960 1861 5031 (Matth.xxv,35).Dicimus
1882 4965 2081 5019 veniat

432 5062 670 5115 regnum
690 5048 1043 5111 ttmm,utsic
1079 5050 1228 5103 Deus
1260 5055 1464 5119 regnet
1490 5050 1549 5105 in
1582 5050 2082 5124 nobis,quatenus

433 5134 491 5189 in
520 5135 693 5190 nobis
714 5135 947 5191 desinat
970 5152 1129 5191 mors
1161 5138 1668 5207 regnare,desinat
1686 5154 1932 5209 regnare
1951 5156 2079 5211 pec-

502 5311 785 5396 :‘Editum.
804 5318 927 5368 erat
956 5320 1071 5396 tum
1110 5315 1329 5396 probas.
1362 5316 1538 5396 Intra,
1599 5316 1656 5396 i_n
1690 5322 1967 5396 _versu_et_
1988 5318 2080 5372 di-

432 5383 922 5468 2t_i_'tLte‘,Ledidimus
982 5388 1035 5439 si
1060 5383 1141 5466 vis
1170 5387 1299 5468 ipse,
1356 5387 1917 5468 ubirlegebatursuis
1942 5391 2073 5460 ipse.

435 5449 548 5531 sub
580 5450 775 5531 tlnem_
802 5454 976 5509 etiam
1003 5449 1333 5531 scripsimus
1353 5474 1381 5531 _:_
1410 5467 1469 5513 ut
1488 5449 1671 5531 preces
1705 5460 1915 5531 quibus,
1947 5449 2078 5515 cum

432 5519 648 5575 editum
682 5526 855 5578 antea
873 5530 1024 5580 esset
1056 5543 1068 5582 :
1102 5519 1169 5582 ut
1211 5528 1457 5598 precibus
1484 5519 1950 5599 quo'bus.'Statim
1982 5547 2079 5586 au-

2192 4521 2387 4575 verbis
2411 4522 2535 4592 ipse
2569 4521 2706 4588 sibi,
2738 4521 2840 4592 qui
2870 4521 2971 4575 tibi
2996 4524 3082 4576 est
3108 4520 3463 4584 exorandus,
3497 4516 3767 4586 indulsit;
3789 4523 3848 4570 ut

2192 4624 2262 4664 ex
2292 4609 2403 4664 hoc
2435 4614 2496 4664 tu
2527 4609 2763 4680 petendi
2787 4625 2992 4664 sumas
3014 4612 3353 4664 sensum.ut
3374 4606 3735 4663 intellectum
3754 4622 3847 4677 po-

2192 4696 2450 4752 stulandi
2484 4698 2709 4768 capias,
2748 4713 3093 4753 mensuram
3123 4697 3369 4767 colligas
3396 4696 3850 4767 impetraudi,et

2191 4787 2349 4843 brevi
2375 4788 2715 4857 mogisterio
2742 4788 2953 4843 orandi
2978 4788 3329 4842 latissimam
3354 4785 3560 4857 capias
3591 4783 3851 4856 discipli-

2191 4892 2332 4932 nam
2356 4893 2368 4943 ;
2386 4877 2558 4932 simul
2577 4878 2718 4948 quia
2733 4879 2810 4932 ad
2833 4877 3054 4932 amoris
3069 4876 3365 4947 judicium
3385 4891 3485 4930 rex
3504 4874 3633 4947 ipse
3651 4873 3848 4929 ofﬁcio

2192 4964 2430 5020 functus
2452 4965 2853 5029 estadvocati,
2884 4971 2947 5020 ut
2978 4981 3184 5036 preces
3207 4964 3427 5038 quibus
3448 4979 3847 5034 responsurus

2191 5060 2317 5110 erat
2346 5055 2471 5126 ipse
2501 5054 2765 5110 dictaret.
2823 5055 3129 5110 Cunctatio
3171 5053 3373 5109 ablata
3427 5056 3511 5107 est
3543 5056 3669 5107 tota
3720 5067 3848 5123 pro-

2196 5143 2481 5210 merendi,
2509 5144 2776 5217 quando,
2833 5144 3030 5215 ipsum
3060 5143 3267 5210 selegit
3308 5143 3367 5197 in
3437 5140 3718 5214 precibus
3750 5141 3846 5213 qui

2194 5323 2411 5375 ctorem
2441 5336 2607 5375 suum
2633 5336 2748 5375 non
2774 5319 3128 5377 intellexerat
3182 5318 3471 5381 Acherius,
3504 5334 3637 5372 cum
3680 5320 3847 5373 inter-

2191 5407 2315 5463 pres
2369 5392 2671 5463 legendum
2724 5407 2847 5447 esse
2875 5393 3140 5463 conjecit,
3183 5390 3277 5446 ubi
3335 5389 3579 5461 legitur:
3609 5404 3650 5445 α
3682 5389 3847 5445 Patre

2194 5462 2384 5518 Filius
2409 5462 2737 5535 interprete.
