4006 6184
191 279 321 340 673

1732 275 1973 338 SERMO
2018 277 2107 336 ιν.

3501 294 3614 357 674

187 416 468 482 rogatur.
501 405 901 467 Metuslocum
936 426 1058 467 non
1088 409 1286 475 habet,
1321 407 1475 468 ubia
1505 411 1674 466 Patre
1699 407 1854 463 filius
1886 409 1933 468 A
1963 421 2070 462 nes
2097 425 2110 474 ;
2142 407 2255 464 hoc
2277 408 2470 466 solum
2493 425 2705 468 nomen
2731 415 2821 469 est
2850 412 3016 485 quod
3074 413 3323 473 absolvit
3380 425 3616 483 animas

186 499 519 571 interprete
541 499 833 556 desiderat
855 515 991 570 quas
1013 505 1181 556 sanet
1205 504 1381 556 sunta
1411 500 1744 572 impetrare.

861 589 1091 645 SERMO
1115 591 1198 644 ιν.

864 679 949 733 De
979 678 1190 734 eadem.

266 768 499 821 Fratres
526 765 882 836 cbarissimi,
914 767 1016 838 qui
1046 783 1153 821 vos
1183 765 1702 831 donavitcredere,
1725 765 1850 835 ipse

186 870 295 910 vos
329 854 534 910 docuit
558 859 614 910 et
632 872 823 923 orare,
842 860 897 910 et
919 861 1102 910 totam
1122 855 1358 927 petendi
1374 855 1623 910 formam
1642 853 1850 925 paucis

182 943 420 1014 aptavit
443 944 502 998 in
525 943 742 1009 verbis,
775 945 917 1016 quia
947 959 1084 998 cum
1113 945 1340 999 Patrem
1368 943 1646 1014 postulat,
1665 941 1850 996 multa

182 1047 391 1102 preces
425 1032 585 1087 ﬁlius
617 1049 733 1088 non
765 1033 1016 1088 laborat.
1053 1033 1211 1088 Sicut
1237 1033 1396 1088 enim
1456 1037 1652 1103 petere
1694 1029 1852 1099 cogit

181 1120 514 1175 necessitas
542 1121 826 1190 genitum,
856 1121 936 1176 ita
967 1125 1136 1190 urget
1160 1121 1419 1176 charitas
1450 1120 1592 1175 dare
1623 1119 1846 1187 genito-

177 1223 327 1263 rem.
349 1211 516 1263 Pater
547 1225 686 1278 ergo
699 1209 802 1280 qui
829 1216 1038 1281 sponte
1056 1214 1316 1280 praestat,
1338 1225 1457 1264 non
1478 1214 1598 1264 tam
1616 1212 1848 1279 utpeta-

181 1301 599 1368 tur,quantum
615 1297 774 1366 quod
795 1302 1028 1368 petatur
1041 1297 1388 1360 ostendit;ut
1402 1297 1580 1352 Filius
1593 1295 1844 1368 petendo

173 1386 340 1455 justa
367 1384 624 1457 placeat,
650 1385 750 1457 qui
775 1390 966 1457 potest
980 1385 1160 1441 stulta
1180 1389 1490 1457 postulans
1509 1385 1840 1457 displicere.

179 1474 396 1530 Audite
429 1477 681 1538 Patrem,
703 1478 758 1528 et
784 1489 889 1529 vos
916 1474 1354 1544 tiliosessejam
1385 1473 1841 1545 credite,utquaa

177 1563 465 1633 petieritis
498 1562 910 1618 incunctanter
933 1563 1250 1633 impetrare
1282 1563 1540 1634 possitis.
1563 1562 1715 1627 Quid
1740 1577 1840 1617 va-

175 1650 290 1706 leat
308 1650 808 1714 ﬁdes,credulitas
820 1651 965 1722 quid
979 1651 1186 1722 possit,
1204 1651 1514 1723 sitquanta
1531 1650 1834 1715 confessio,

1963 495 2187 552 diaboli
2214 497 2438 556 feritate
2455 501 2722 572 captivas
2744 519 2756 568 ;
2775 501 2888 558 hoc
2911 519 3132 560 nomen
3149 513 3235 563 est
3265 510 3428 580 quod
3449 529 3618 570 mun-

1962 584 2040 641 do
2072 587 2302 657 perdito
2331 588 2436 644 dat
2465 589 2730 646 salutem.
2762 592 2876 648 Sed
2900 593 3159 664 petimus
3180 601 3240 652 ut
3268 613 3490 657 nomen
3518 604 3616 659 Dei

1962 679 2095 730 actu
2129 677 2528 733 sanctiﬁcetur
2556 677 2616 733 in
2646 679 2840 735 nobis.
2869 682 3049 737 Nobis
3073 685 3230 740 enim
3255 686 3406 744 bene
3439 706 3616 760 agen-

1961 763 2116 818 tibus
2137 763 2508 822 benedicitur
2537 782 2757 822 nomen
2792 767 3102 835 Dei,nobis
3131 775 3612 846 maleagentibus

1957 849 2426 922 blasphematur.
2459 853 2605 908 Audi
2632 857 2971 926 Apostolum
3004 858 3300 918 dicentem
3332 880 3342 918 :
3384 867 3610 924 Nomen

1958 939 2061 992 Dei
2082 939 2530 1008 blasphematur
2565 945 2627 997 in
2659 945 2929 1013 gentibus
2964 949 3148 1016 (Rom.
3183 967 3241 1022 ll,
3301 955 3412 1023 24).
3462 957 3608 1013 Peti-

1959 1042 2094 1081 mus
2125 1043 2286 1098 ergo,
2322 1031 2597 1099 petimus,
2629 1038 2691 1088 ut
2721 1040 3010 1104 quantum
3041 1053 3262 1096 nomen
3290 1041 3391 1098 Dei
3445 1061 3608 1102 sane-

1961 1120 2074 1170 tum
2105 1122 2212 1186 est,
2243 1123 2469 1174 tantum
2503 1135 2605 1176 nos
2637 1123 2764 1192 ejus
2787 1138 3126 1182 mereamur
3154 1127 3213 1183 in
3232 1132 3445 1187 nostris
3487 1151 3609 1191 mo-

1955 1203 2121 1259 ribus
2153 1206 2546 1263 sanctitatem.

2036 1293 2240 1348 Veniat
2278 1310 2515 1364 regnum
2542 1305 2724 1354 tuum.
2749 1300 2930 1364 Quasi
2950 1317 3071 1358 non
3096 1321 3334 1378 semper
3363 1309 3586 1365 fueritb

1954 1379 2038 1436 sic
2070 1397 2324 1450 regnum
2357 1383 2567 1441 Christi
2599 1392 2661 1442 ut
2694 1388 2910 1453 veniat,
2963 1407 3119 1448 nunc
3175 1410 3485 1466 rogamus.
3548 1404 3613 1457 Et

1953 1469 2055 1523 ubi
2087 1475 2174 1524 est
2200 1469 2342 1525 illud
2374 1487 2627 1543 regnum
2657 1476 2756 1530 Dei
2785 1479 2814 1530 ?
2841 1477 3015 1535 Intra
3036 1497 3137 1536 nos
3168 1490 3269 1538 est.
3307 1488 3461 1543 lntra
3499 1505 3610 1545 nos

1951 1567 2038 1653 est
2057 1562 2196 1653 tida,
2226 1563 2331 1653 sed
2353 1573 2488 1620 utre
2516 1568 3156 1642 veniatsupplicamus.
3179 1577 3406 1635 Fratres
3422 1597 3608 1653 quan-

1949 1649 2028 1705 do
2053 1650 2329 1707 diabolus
2355 1654 2520 1710 vario
2553 1656 2953 1728 nequitiarum
2998 1677 3212 1732 genere
3252 1649 3604 1727 multimoda

177 1739 356 1795 hodie
393 1741 830 1795 monstraturin
853 1739 1045 1795 nobis.
1065 1742 1207 1795 Ecce
1235 1739 1692 1795 Trinitatistrina
1705 1755 1837 1794 con-
1873 1763 1916 1820 Β
1946 1741 2070 1794 arte
2097 1738 2339 1795 fallendi
2370 1757 2569 1797 rerum
2588 1743 2800 1801 faciem
2824 1748 3026 1805 turbat
3052 1768 3260 1809 sensus
3286 1756 3600 1814 hominum

174 1828 359 1883 fessio
391 1829 451 1883 in
475 1829 774 1884 caelestem
798 1827 1068 1883 sobolem
1116 1829 1189 1882 de
1220 1833 1451 1883 terrena
1477 1844 1584 1883 vos
1608 1826 1839 1883 sustulit

173 1917 454 1972 servitute
485 1933 496 1970 :
531 1933 666 1972 ecce
699 1917 846 1971 fides
871 1933 1000 1988 quae
1029 1919 1214 1972 Deum
1240 1917 1439 1972 locuta
1465 1920 1552 1971 est
1584 1920 1833 1984 Patrem,

172 2007 404 2062 Patrem
423 2006 594 2060 vobis
609 2005 796 2060 Deum
818 2005 995 2060 hodie
1017 2004 1378 2077 conquisivit
1401 2017 1566 2071 ;ecce
1577 2021 1692 2060 vox
1705 2021 1834 2076 quae

172 2094 454 2150 confessa
485 2099 572 2150 est
606 2093 705 2149 Dei
728 2093 954 2158 Filium,
989 2109 1092 2148 vos
1122 2093 1220 2149 Dei
1243 2094 1621 2165 adoptavitin
1647 2094 1830 2158 ﬁlios;

172 2199 306 2239 ecce
320 2183 648 2238 credulitas
661 2197 794 2255 quae
809 2183 994 2238 Deum
1021 2183 1298 2254 Spiritum
1323 2182 1733 2254 proclamavit,
1759 2183 1833 2238 de

171 2273 372 2328 carnis
406 2271 743 2327 substantia
771 2271 1004 2328 mortali
1036 2271 1093 2326 in
1124 2271 1362 2327 vitalem
1405 2271 1652 2343 Spiritus
1693 2271 1832 2327 sub-

173 2362 456 2418 stantiam
480 2377 587 2416 vos
619 2361 1044 2425 mutavit.Quis
1073 2359 1302 2431 pietatis
1325 2365 1501 2416 tantae
1516 2361 1832 2429 dignusin-

170 2452 407 2506 venitur
428 2455 686 2506 assertor
708 2450 734 2504 ?
763 2451 913 2506 Deus
931 2451 1101 2504 Pater
1121 2450 1396 2505 homines
1418 2450 1701 2519 dignatur
1714 2451 1829 2505 hae-

169 2540 376 2604 redes;
415 2543 568 2595 Deus
595 2540 768 2595 Filius
787 2555 906 2595 non
921 2539 1277 2608 dedignatur
1297 2539 1561 2594 servulos
1576 2541 1832 2594 cohaere-

171 2629 270 2683 des
293 2629 481 2695 ;Deus
497 2627 745 2700 Spiritus
767 2643 1010 2682 carnem
1025 2633 1357 2682 consortem
1379 2627 1832 2697 divinitatijuris

171 2718 393 2772 ditione
417 2717 664 2788 suscipit
687 2718 746 2771 iu
779 2715 1072 2787 supernis,
1106 2715 1388 2787 Apostolo
1402 2715 1683 2787 probante
1703 2733 1832 2771 cum

169 2806 305 2860 dicit
335 2825 347 2864 :
378 2806 744 2860 Autnescitis
759 2805 893 2875 quia
908 2804 1582 2875 angelosjudicabimustl
1608 2806 1729 2859 Cor.
1753 2822 1831 2876 γι,

170 2895 308 2963 3)?!l
339 2895 560 2948 Vocate
583 2907 728 2961 ergo
765 2893 1082 2948 Dominum
1117 2895 1366 2956 Patrem,
1396 2908 1635 2964 vosque,
1670 2899 1726 2948 et
1782 2892 1826 2947 si

170 2982 443 3036 nondum
465 2981 798 3050 natos,jam
819 2986 1016 3036 tamen
1031 2979 1375 3049 designatos
1390 2981 1540 3035 filios
1557 2981 1825 3051 essejam

1947 1843 2261 1900 moresque
2288 1831 2610 1895 confundit,
2644 1834 2827 1903 saevit,
2877 1837 3051 1893 idolis
3086 1843 3388 1913 sacrilegis
3442 1847 3598 1914 furit,

1944 1915 2404 2006 fallitanguriis,
2437 1919 2802 1978 divinatione
2823 1927 3121 1992 mentitur,
3156 1930 3341 1999 signis
3359 1933 3595 2006 decipit,

1946 2003 2140 2060 illudit
2163 2006 2407 2073 artibus,
2444 2011 2798 2079 spectaculis
2821 2021 3093 2086 occupat,
3126 2017 3365 2076 obsidet
3421 2003 3595 2089 vitiis,

1943 2094 2200 2164 peccatis
2222 2094 2514 2161 vulnerat,
2540 2098 2888 2156 criminibus
2915 2105 3161 2170 sauciat,
3187 2107 3596 2181 desperatione

1942 2183 2274 2252 prosternit,
2300 2185 2506 2241 Christi
2537 2202 2789 2256 regnum
2821 2191 3158 2263 prolongat,
3210 2202 3266 2252 et
3316 2199 3598 2258 absentat

1942 2283 1978 2324 a
2009 2271 2200 2326 nobis.
2228 2273 2484 2328 Petimus
2509 2290 2646 2344 ergo
2670 2282 2733 2331 ut
2754 2279 2951 2335 veniat
2981 2286 3207 2354 tempus
3257 2303 3396 2358 quo,
3456 2290 3596 2345 mali

1943 2360 2083 2413 tanti
2136 2365 2375 2416 auctore
2420 2372 2721 2433 pereunte,
2777 2369 3040 2424 mundus
3101 2378 3274 2438 totus,
3328 2384 3598 2434 creatura

1942 2451 2080 2537 tota,
2108 2452 2291 2504 totam
2321 2449 2504 2505 solius
2536 2453 2742 2508 Christi
2764 2464 2988 2524 regnet,
3020 2459 3344 2534 triumphet
3372 2467 3448 2521 ad
3476 2469 3596 2537 gloo

1942 2535 2113 2599 riam,
2138 2541 2194 2591 et
2218 2537 2320 2593 tiat
2348 2539 2513 2609 quod
2544 2541 2828 2612 sequitur.

2018 2627 2081 2678 lit
2107 2632 2259 2680 sicut
2282 2627 2344 2681 in
2367 2628 2521 2692 ca'lo,
2548 2629 2634 2683 ita
2674 2633 2727 2684 et
2757 2635 3022 2689 interra.
3063 2638 3186 2691 Una
3227 2641 3456 2698 Domini
3503 2660 3595 2700 vo-

1944 2710 2138 2767 luntas
2161 2713 2230 2767 sit
2249 2717 2420 2778 terra,
2447 2715 2682 2780 ccelum,
2720 2719 2838 2774 vita
2880 2721 3054 2786 Deus,
3099 2729 3329 2797 tempus
3360 2735 3592 2789 {eterni-

1943 2804 2050 2862 tas,
2082 2801 2271 2871 patria
2301 2802 2556 2873 requies,
2591 2821 2803 2860 census
2830 2808 3186 2876 innocentia,
3227 2814 3420 2872 honos
3485 2821 3592 2876 im-

1942 2888 2288 2954 mortalitas,
2308 2902 2332 2930 ε
2362 2890 2514 2946 furia
2537 2895 2801 2960 castitas,
2829 2898 2980 2951 Deus
3001 2902 3210 2956 totum.

2011 2976 2254 3033 Addidit
2289 2978 2545 3035 :Panem
2568 2986 2833 3038 nostrum
2854 2987 3267 3053 quotidianum
3299 2993 3378 3049 da
3434 2998 3592 3054 nobis

168 3069 410 3134 credite,
445 3069 640 3124 etclate
655 3083 901 3138 operam
928 3075 1228 3140 quatenus
1257 3069 1329 3124 sit
1362 3069 1533 3124 vobis
1579 3069 1830 3125 cmlestis
1865 3081 1908 3138 ο
1941 3065 2124 3121 hodie.
2155 3067 2289 3122 Post
2319 3068 2724 3138 paternitatem
2757 3072 2879 3137 Dei,
2914 3081 3052 3144 post
3097 3078 3281 3136 divini
3337 3086 3596 3142 nominis

167 3161 306 3228 vita,
335 3159 456 3213 sint
482 3157 654 3212 vobis
685 3157 871 3211 divini
905 3173 1125 3224 mores,
1154 3162 1211 3212 et
1240 3157 1433 3212 forma
1463 3157 1829 3214 deitatislota

163 3254 368 3304 vestra
388 3246 736 3318 prmferatur
763 3246 821 3301 in
872 3245 1075 3300 Filium
1112 3262 1122 3298 :
1158 3246 1299 3316 quia
1363 3245 1614 3301 caelestis
1661 3249 1827 3301 Pater

161 3335 598 3408 respondentes
625 3334 824 3404 generi
845 3333 998 3388 filios
1031 3334 1371 3388 muneribus
1397 3333 1546 3389 ditat
1590 3334 1820 3398 divinis,

163 3428 597 3497 degenerantes
628 3422 697 3477 ad
733 3422 1030 3494 ptrnalem
1061 3427 1301 3477 revocat
1329 3423 1692 3478 servitutem.

233 3516 420 3569 Pater
433 3513 807 3583 nosterquies
821 3513 882 3566 in
895 3511 1074 3567 ccelis.
1088 3511 1824 3568 Succumbereteonscien-

165 3604 239 3660 tia
259 3601 540 3665 servulis,
570 3607 801 3657 terrena
829 3599 1090 3655 conditio
1114 3599 1456 3664 solveretur,
1478 3601 1587 3655 nisi
1604 3616 1714 3656 nos
1745 3601 1823 3656 ad

164 3694 324 3748 hunc
356 3690 687 3746 clamorem
710 3688 898 3759 ipsius
928 3687 1116 3742 Patris
1139 3687 1468 3752 auctoritas,
1501 3689 1687 3759 ipsius
1703 3689 1822 3744 Filii

167 3783 418 3854 Spiritus
444 3779 743 3842 excitaret,
770 3778 951 3840 Misit,
982 3776 1080 3840 ait,
1113 3777 1252 3831 Deus
1275 3777 1555 3845 Spiritum
1582 3778 1822 3832 Fitiisui

164 3874 220 3926 in
252 3869 434 3926 corda
464 3871 662 3923 nostra
680 3868 1028 3922 clamantem
1050 3865 1210 3920 Abba
1235 3868 1414 3921 Pater
1434 3866 1590 3935 (Gal.
1622 3882 1700 3934 1v,
1731 3866 1809 3937 6).

166 3957 659 4021 Lassescitmens,
687 3970 824 4010 caro
837 3953 1124 4009 deficitad
1137 3953 1360 4014 divina,
1378 3953 1494 4009 nisi
1518 3956 1669 4008 Deus
1685 3969 1819 4025 quas

163 4050 327 4105 tieret
354 4047 541 4116 jubet,
569 4043 804 4115 impleat
835 4041 1079 4113 ipsequi
1099 4040 1278 4111 jubet.
1298 4040 1545 4104 Quando
1567 4055 1714 4096 ausa
1731 4045 1820 4096 est

163 4134 498 4193 mortalitas
527 4147 738 4187 vocare
781 4134 1030 4197 Patrem,
1059 4129 1171 4185 nisi
1205 4129 1386 4183 modo
1437 4127 1676 4199 quando
1723 4146 1820 4184 su-

160 4241 350 4296 perna
387 4223 598 4277 virtute
629 4220 897 4275 homines
927 4219 1270 4274 animantur
1299 4217 1356 4272 in
1391 4221 1544 4271 terra
1569 4216 1595 4270 ?
1649 4217 1816 4272 Pater

161 4322 354 4370 noster
380 4313 481 4384 qui
508 4327 563 4367 es
593 4311 655 4364 in
681 4309 852 4364 cretis.
890 4311 1100 4372 Homo,
1132 4305 1278 4378 quid
1326 4321 1634 4361 commune
1676 4322 1813 4362 cum

164 4403 329 4456 terris
356 4399 483 4465 tibi,
510 4397 614 4469 qui
640 4394 937 4451 confiteris
969 4394 1068 4449 tibi
1095 4409 1284 4464 genus
1331 4408 1462 4447 esse
1494 4392 1552 4447 in
1610 4393 1813 4448 caelis?

162 4493 310 4560 Ergo
341 4487 634 4545 caelestem
663 4485 847 4540 vitam
869 4491 1132 4539 monstra
1163 4483 1220 4537 in
1247 4482 1613 4538 habitatione
1634 4487 1812 4539 terre-

162 4593 252 4646 na,
287 4578 437 4649 quia
466 4575 514 4630 si
545 4573 686 4646 quid
717 4574 777 4628 in
807 4588 868 4627 se
917 4573 1164 4642 gesserit
1223 4576 1454 4628 terrena
1508 4571 1807 4642 cogitatio,

163 4667 306 4722 caelo
339 4663 664 4725 maculam,
697 4661 918 4717 cmlesti
950 4660 1149 4730 generi
1204 4659 1448 4716 intulisti
1504 4660 1806 4731 injuriam.

221 4753 860 4821 Sanctiﬁceturnemen
874 4751 1196 4804 tuum.Non
1211 4750 1460 4820 petimus
1475 4756 1534 4805 ut
1554 4748 1810 4805 sanctifi-

163 4850 244 4900 cet
257 4858 483 4898 nomen
500 4845 668 4895 tuum
685 4841 854 4908 Deus,
875 4836 1038 4909 quod
1054 4839 1364 4894 sanctitate
1377 4854 1484 4892 sua
1498 4843 1674 4894 totam
1695 4837 1809 4893 sal-

161 4939 252 4989 vat
278 4937 338 4987 et
363 4929 692 4986 sanctificat
713 4932 1057 4982 creaturam.
1078 4928 1324 4991 Fratres,
1340 4925 1453 4981 hoc
1477 4941 1700 4981 nomen
1722 4930 1810 4982 est

160 5019 318 5089 quod
337 5034 611 5089 supernae
625 5019 937 5088 potestates
949 5019 1185 5085 pavent,
1201 5029 1356 5086 quoe
1369 5013 1668 5069 tremenda
1683 5029 1808 5068 sus-

160 5109 379 5181 cipiunt
410 5107 682 5162 servitute
702 5122 715 5171 ;
734 5105 846 5160 hoc
876 5119 1098 5159 nomen
1120 5108 1208 5158 est
1228 5101 1387 5175 quod
1408 5100 1804 5170 fugatdmmo-

216 5264 243 5294 ιι
275 5251 369 5307 Sic
401 5248 708 5314 edidimus,
732 5247 826 5302 ubi
849 5251 973 5302 erat
1004 5252 1150 5300 vocat
1180 5261 1321 5316 ergo.
1353 5245 1476 5298 Mox
1532 5243 1589 5297 in
1630 5243 1805 5313 priori

159 5323 398 5397 editione
423 5321 522 5391 qui
560 5319 826 5397 celestis:
1239 5387 1249 5397 ι

214 5393 244 5434 δ
277 5393 376 5447 Hic
406 5408 605 5446 vocem
667 5392 870 5456 aeessit,
922 5405 1047 5459 quas
1096 5392 1331 5459 omnino
1381 5401 1803 5455 supervacanea

159 5471 250 5527 est,
276 5463 594 5519 delevimus
617 5465 750 5516 ante
781 5457 1044 5516 vocul‘am
1075 5461 1168 5514 sic.
1199 5457 1358 5513 Infra
1397 5459 1554 5511 intra
1578 5473 1670 5512 nos
1726 5465 1803 5512 est

157 5534 252 5602 ﬁde
280 5534 588 5600 edidimus,
613 5532 706 5588 ubi
727 5536 854 5588 erat
881 5531 1030 5602 ﬁdes.
1063 5531 1205 5602 Mog
1236 5527 1509 5602 Acherius
1560 5529 1804 5600 conjecit

158 5599 456 5678 legendum
482 5599 714 5668 artibus,
749 5602 842 5660 ubi
874 5599 1112 5672 editum,
1144 5600 1326 5655 illudit
1347 5600 1513 5655 arcis.

1940 3154 2330 3247 sanctitatem,
2365 3161 2500 3227 post
2529 3158 2958 3228 cceliregnum,
3018 3167 3436 3236 quotidianum
3493 3191 3594 3247 pa.

1937 3257 2077 3297 nem
2101 3243 2390 3314 jubemur
2419 3261 2761 3316 exposcere.
2831 3251 3091 3308 Christus
3144 3257 3423 3316 oblivioni
3470 3243 3591 3320 non

1938 3331 2225 3402 subjaeet,
2258 3334 2518 3389 Christus
2558 3336 2861 3393 mandatis
2893 3341 3016 3396 suis
3041 3348 3333 3403 contraria
3351 3366 3466 3406 non
3497 3352 3590 3408 de-

1935 3419 2202 3476 mandat.
2241 3424 2368 3491 lpse
2395 3421 2573 3477 dicit:
2607 3425 2804 3480 Nolite
2826 3428 3065 3484 solliciti
3081 3446 3202 3488 esse
3225 3437 3375 3505 quid
3424 3455 3589 3496 man-

1934 3507 2170 3577 ducetis,
2200 3516 2297 3564 aut
2320 3512 2462 3580 quid
2488 3511 2694 3567 bibatis
2720 3515 2956 3582 (Matth.
3015 3535 3089 3585 γι,
3119 3522 3232 3592 31).
3294 3525 3404 3580 Sed
3444 3529 3587 3598 quia

1933 3599 2021 3651 est
2048 3599 2220 3667 panis
2251 3599 2348 3669 qui
2381 3599 2454 3653 de
2480 3600 2630 3655 coelo
2653 3603 2972 3669 descendit,
3005 3609 3108 3678 qui
3130 3608 3276 3678 legis
3297 3617 3353 3668 et
3384 3617 3585 3682 gratiae

1934 3685 2190 3741 molatus
2211 3693 2298 3742 est
2327 3688 2387 3741 in
2419 3688 2630 3753 forma,
2654 3692 2758 3762 qui
2780 3693 2970 3750 crucis
2997 3698 3299 3755 confectus
3321 3708 3407 3759 est
3427 3705 3485 3760 in
3504 3706 3586 3763 fa-

1930 3773 2078 3866 rina,
2102 3776 2215 3866 qui
2235 3777 2426 3832 crucis
2450 3779 2756 3835 confectus
2775 3784 3077 3852 passione,
3107 3790 3207 3860 qui
3231 3807 3455 3864 magno
3469 3797 3586 3866 pie-

1934 3861 2065 3950 tatis
2095 3861 2479 3919 fermentatus
2501 3871 2997 3935 estsacramento,
3023 3875 3122 3945 qui
3145 3861 3585 3950 conspersionis

1930 3947 2335 4006 levamentum
2368 3954 2603 4009 sustulit
2627 3955 2698 4009 de
2731 3959 3020 4027 sepulcro,
3055 3963 3157 4033 qui
3186 3947 3322 4020 eum
3373 3970 3583 4026 divini-

1931 4038 2065 4093 tatis
2091 4055 2214 4093 sum
2245 4039 2440 4096 calore
2457 4049 2870 4113 conqueratur,
2905 4046 3026 4116 ipse
3071 4050 3376 4109 elibanum
3407 4058 3580 4112 deco-

1930 4125 2014 4180 xit
2045 4126 2274 4191 inferni,
2297 4129 2400 4199 qui
2431 4129 2508 4184 ad
2530 4130 2833 4186 ccelesteni
2888 4133 3077 4190 cibum
3116 4139 3141 4177 ἀ
3194 4142 3584 4211 quotidianus

1930 4213 2203 4270 Ecclesia
2234 4214 2499 4272 defertur
2519 4217 2597 4272 ad
2645 4234 2942 4288 mensam,
2994 4225 3090 4294 qui
3138 4227 3193 4281 in
3231 4233 3580 4291 remissione

1927 4303 2211 4372 frangitur
2237 4312 2633 4375 peccatorum,
2680 4308 2782 4378 qui
2813 4309 3053 4367 edentes
3107 4332 3168 4371 se
3227 4327 3580 4390 perpetuam

1925 4393 2114 4466 pascit
2128 4401 2181 4448 et
2195 4394 2409 4449 enutrit
2421 4393 2499 4449 ad
2513 4395 2882 4460 vitam;hunc
2897 4415 3116 4472 panem
3133 4408 3394 4477 quotidie
3409 4413 3582 4468 nobis

1923 4481 2052 4536 dari
2082 4483 2360 4552 petimus,
2376 4481 2562 4537 donec
2587 4483 2758 4539 illoin
2773 4485 2862 4542 die
2886 4497 3170 4560 perpetuo
3184 4496 3574 4566 perfruamur.

1992 4572 2057 4625 Et
2077 4569 2301 4627 dimitte
2332 4570 2486 4626 nobis
2524 4572 2716 4630 debita
2733 4582 2952 4641 nostra,
2979 4580 3122 4637 sicut
3154 4591 3206 4640 et
3247 4603 3349 4642 nos
3379 4591 3578 4647 dimit-

1921 4660 2093 4715 timus
2112 4660 2467 4716 debitoribus
2494 4663 2727 4718 nostris.
2762 4665 2970 4734 Homo,
2992 4685 3175 4740 penes
3197 4679 3251 4729 te
3277 4683 3364 4733 est
3385 4685 3578 4746 potes-

1918 4755 2008 4805 tas
2030 4749 2236 4814 veniae,
2272 4749 2332 4804 in
2364 4755 2418 4806 te
2449 4755 2536 4806 est
2560 4752 2925 4823 indulgentia
2952 4757 3100 4828 ejus,
3145 4766 3205 4817 tu
3235 4764 3340 4820 tibi
3374 4769 3577 4823 remis-

1917 4837 2096 4894 sionis
2131 4842 2338 4894 auctor
2365 4853 2427 4893 es
2457 4839 2847 4909 constitutus;
2879 4847 3061 4914 gratis
3110 4850 3263 4919 petis
3312 4855 3566 4919 veniam,

1915 4926 2017 4998 qui
2040 4926 2144 4982 tibi
2175 4927 2236 4982 in
2258 4927 2703 4999 alioindulgere
2724 4936 3073 4992 contemnis.
3127 4937 3304 4995 Homo
3358 4946 3418 4995 ut
3468 4942 3571 4998 tibi

1914 5014 2332 5070 misericordiae
2372 5015 2562 5072 factus
2605 5033 2668 5073 es
2704 5020 2830 5089 ipse
2880 5037 3204 5092 mensura;
3273 5033 3569 5098 quantum

1914 5103 2130 5174 quaeris
2155 5101 2627 5160 misericordiam
2665 5105 2758 5162 fac
2799 5111 3048 5165 tantum.

1983 5257 2006 5284 c
2033 5242 2179 5330 Quid
2207 5242 2316 5330 hoc
2347 5246 2442 5330 sit,
2457 5246 2629 5326 furia
2659 5251 2904 5330 castitas,
2940 5266 3056 5330 non
3083 5252 3220 5308 satis
3269 5255 3525 5330 intelligo
3549 5279 3565 5330 ;

1915 5332 2018 5400 nec
2047 5313 2176 5396 huic
2207 5313 2339 5400 loco.
2362 5314 2499 5368 satis
2541 5316 2862 5372 consultum
2918 5321 3181 5390 arbitror,
3248 5327 3292 5381 si
3345 5313 3568 5400 legautur

1916 5387 2057 5440 luxu
2067 5386 2154 5438 ria
2179 5387 2419 5439 castitas.

1982 5456 2008 5497 ἀ
2041 5459 2099 5510 ln
2131 5455 2304 5528 priori
2327 5455 2576 5513 editione
2605 5461 2970 5529 quotiditmis.
3005 5464 3159 5522 Infra
3191 5484 3324 5542 ergo
3368 5489 3562 5541 unum,

1912 5528 2038 5599 lego
2064 5544 2189 5598 ergo
2210 5545 2375 5584 nunc.
