  <div class='ocr_page' id='page_1' title='image "/cluster/home/n/w/nwhite01/storage/ocr_20150623/52/hvd.32044054758628/344.png"; bbox 0 0 4040 6178; ppageno 0'>
   <div class='ocr_carea' id='block_1_1' title="bbox 241 279 364 348">
    <p class='ocr_par' dir='ltr' id='par_1_1' title="bbox 241 279 364 348">
     <span class='ocr_line' id='line_1_1' title="bbox 241 279 364 348; baseline -0.065 -1"><span class='ocrx_word' id='word_1_1' title='bbox 241 279 364 348; x_wconf 71' lang='lat'><strong>6&#39;77</strong></span> 
     </span>
    </p>
   </div>
   <div class='ocr_carea' id='block_1_2' title="bbox 1793 268 2171 346">
    <p class='ocr_par' dir='ltr' id='par_1_2' title="bbox 1793 268 2171 346">
     <span class='ocr_line' id='line_1_2' title="bbox 1793 268 2171 346; baseline -0.021 -2"><span class='ocrx_word' id='word_1_2' title='bbox 1793 268 2034 346; x_wconf 72' lang='grc' dir='ltr'><strong>8Εῆκο</strong></span> <span class='ocrx_word' id='word_1_3' title='bbox 2075 271 2171 346; x_wconf 69' lang='grc' dir='ltr'><strong>γι.</strong></span> 
     </span>
    </p>
   </div>
   <div class='ocr_carea' id='block_1_3' title="bbox 3556 285 3670 350">
    <p class='ocr_par' dir='ltr' id='par_1_3' title="bbox 3556 285 3670 350">
     <span class='ocr_line' id='line_1_3' title="bbox 3556 285 3670 350; baseline 0.053 -6"><span class='ocrx_word' id='word_1_4' title='bbox 3556 285 3670 350; x_wconf 74' lang='grc'><strong>698</strong></span> 
     </span>
    </p>
   </div>
   <div class='ocr_carea' id='block_1_4' title="bbox 239 404 3672 484">
    <p class='ocr_par' dir='ltr' id='par_1_4' title="bbox 239 404 3672 484">
     <span class='ocr_line' id='line_1_4' title="bbox 239 404 3672 484; baseline -0.001 -12"><span class='ocrx_word' id='word_1_5' title='bbox 239 411 383 484; x_wconf 78' lang='lat' dir='ltr'><strong>piis.</strong></span> <span class='ocrx_word' id='word_1_6' title='bbox 411 410 550 475; x_wconf 80' lang='lat' dir='ltr'><strong>Hinc</strong></span> <span class='ocrx_word' id='word_1_7' title='bbox 576 413 660 476; x_wconf 75' lang='lat' dir='ltr'><strong>est</strong></span> <span class='ocrx_word' id='word_1_8' title='bbox 686 409 851 482; x_wconf 89' lang='lat' dir='ltr'><strong>quod</strong></span> <span class='ocrx_word' id='word_1_9' title='bbox 877 408 1058 467; x_wconf 80' lang='lat' dir='ltr'><strong>Jacob</strong></span> <span class='ocrx_word' id='word_1_10' title='bbox 1084 414 1139 478; x_wconf 86' lang='lat' dir='ltr'><strong>et</strong></span> <span class='ocrx_word' id='word_1_11' title='bbox 1164 413 1318 476; x_wconf 80' lang='lat' dir='ltr'><strong>Esau</strong></span> <span class='ocrx_word' id='word_1_12' title='bbox 1366 412 1590 481; x_wconf 80' lang='lat' dir='ltr'><strong>gemini</strong></span> <span class='ocrx_word' id='word_1_13' title='bbox 1633 411 1694 470; x_wconf 90' lang='lat' dir='ltr'><strong>in</strong></span> <span class='ocrx_word' id='word_1_14' title='bbox 1737 420 1903 478; x_wconf 81' lang='lat' dir='ltr'><strong>utero</strong></span> <span class='ocrx_word' id='word_1_15' title='bbox 1937 415 1982 478; x_wconf 77' lang='grc' dir='ltr'><strong>Α</strong></span> <span class='ocrx_word' id='word_1_16' title='bbox 2013 410 2556 474; x_wconf 64' lang='grc' dir='ltr'><strong>άβὸὶιαηοδιναείσιιε</strong></span> <span class='ocrx_word' id='word_1_17' title='bbox 2574 413 2628 468; x_wconf 85' lang='lat' dir='ltr'><strong>et</strong></span> <span class='ocrx_word' id='word_1_18' title='bbox 2646 427 2742 477; x_wconf 65' lang='lat' dir='ltr'><strong>nos</strong></span> <span class='ocrx_word' id='word_1_19' title='bbox 2756 404 3091 476; x_wconf 74' lang='lat' dir='ltr'><strong>dimittimus</strong></span> <span class='ocrx_word' id='word_1_20' title='bbox 3110 410 3446 474; x_wconf 70' lang='lat' dir='ltr'><strong>debitoribus</strong></span> <span class='ocrx_word' id='word_1_21' title='bbox 3466 418 3672 476; x_wconf 75' lang='lat' dir='ltr'><strong>nostris</strong></span> 
     </span>
    </p>
   </div>
   <div class='ocr_carea' id='block_1_5' title="bbox 242 499 1905 572">
    <p class='ocr_par' dir='ltr' id='par_1_5' title="bbox 242 499 1905 572">
     <span class='ocr_line' id='line_1_5' title="bbox 242 499 1905 572; baseline -0.001 -16"><span class='ocrx_word' id='word_1_22' title='bbox 242 499 323 560; x_wconf 86' lang='lat' dir='ltr'><strong>de</strong></span> <span class='ocrx_word' id='word_1_23' title='bbox 335 499 622 570; x_wconf 72' lang='lat' dir='ltr'><strong>primatus</strong></span> <span class='ocrx_word' id='word_1_24' title='bbox 634 499 860 564; x_wconf 78' lang='lat' dir='ltr'><strong>honore</strong></span> <span class='ocrx_word' id='word_1_25' title='bbox 879 499 1240 571; x_wconf 67' lang='lat' dir='ltr'><strong>praeliantur,</strong></span> <span class='ocrx_word' id='word_1_26' title='bbox 1258 501 1554 566; x_wconf 83' lang='lat' dir='ltr'><strong>retardant</strong></span> <span class='ocrx_word' id='word_1_27' title='bbox 1566 507 1905 572; x_wconf 75' lang='lat' dir='ltr'><strong>partus,nec</strong></span> 
     </span>
    </p>
   </div>
   <div class='ocr_carea' id='block_1_6' title="bbox 246 586 1907 660">
    <p class='ocr_par' dir='ltr' id='par_1_6' title="bbox 246 586 1907 660">
     <span class='ocr_line' id='line_1_6' title="bbox 246 586 1907 660; baseline 0.001 -16"><span class='ocrx_word' id='word_1_28' title='bbox 246 593 387 644; x_wconf 87' lang='lat' dir='ltr'><strong>ante</strong></span> <span class='ocrx_word' id='word_1_29' title='bbox 407 586 603 650; x_wconf 81' lang='lat' dir='ltr'><strong>lucem</strong></span> <span class='ocrx_word' id='word_1_30' title='bbox 629 588 878 660; x_wconf 89' lang='lat' dir='ltr'><strong>cupiunt</strong></span> <span class='ocrx_word' id='word_1_31' title='bbox 901 588 1102 650; x_wconf 82' lang='lat' dir='ltr'><strong>videre</strong></span> <span class='ocrx_word' id='word_1_32' title='bbox 1133 604 1318 660; x_wconf 87' lang='lat' dir='ltr'><strong>quam</strong></span> <span class='ocrx_word' id='word_1_33' title='bbox 1340 589 1596 653; x_wconf 79' lang='lat' dir='ltr'><strong>vincere.</strong></span> <span class='ocrx_word' id='word_1_34' title='bbox 1643 591 1786 653; x_wconf 79' lang='lat' dir='ltr'><strong>Hinc</strong></span> <span class='ocrx_word' id='word_1_35' title='bbox 1818 597 1907 648; x_wconf 86' lang='lat' dir='ltr'><strong>est</strong></span> 
     </span>
    </p>
   </div>
   <div class='ocr_carea' id='block_1_7' title="bbox 248 676 1906 749">
    <p class='ocr_par' dir='ltr' id='par_1_7' title="bbox 248 676 1906 749">
     <span class='ocr_line' id='line_1_7' title="bbox 248 676 1906 749; baseline 0.005 -16"><span class='ocrx_word' id='word_1_36' title='bbox 248 676 418 749; x_wconf 86' lang='lat' dir='ltr'><strong>quod</strong></span> <span class='ocrx_word' id='word_1_37' title='bbox 435 688 463 718; x_wconf 80' lang='grc' dir='ltr'>ι</span> <span class='ocrx_word' id='word_1_38' title='bbox 482 679 739 734; x_wconf 80' lang='lat' dir='ltr'><strong>Joannes</strong></span> <span class='ocrx_word' id='word_1_39' title='bbox 753 676 1022 743; x_wconf 79' lang='lat' dir='ltr'><strong>exsultat,</strong></span> <span class='ocrx_word' id='word_1_40' title='bbox 1050 683 1105 736; x_wconf 89' lang='lat' dir='ltr'><strong>et</strong></span> <span class='ocrx_word' id='word_1_41' title='bbox 1123 684 1256 740; x_wconf 83' lang='lat' dir='ltr'><strong>ante</strong></span> <span class='ocrx_word' id='word_1_42' title='bbox 1271 695 1379 740; x_wconf 88' lang='lat' dir='ltr'><strong>suo</strong></span> <span class='ocrx_word' id='word_1_43' title='bbox 1393 680 1645 746; x_wconf 82' lang='lat' dir='ltr'><strong>occurrit</strong></span> <span class='ocrx_word' id='word_1_44' title='bbox 1658 679 1906 747; x_wconf 81' lang='lat' dir='ltr'><strong>auctori.</strong></span> 
     </span>
    </p>
   </div>
   <div class='ocr_carea' id='block_1_8' title="bbox 251 765 1911 840">
    <p class='ocr_par' dir='ltr' id='par_1_8' title="bbox 251 765 1911 840">
     <span class='ocr_line' id='line_1_8' title="bbox 251 765 1911 840; baseline 0.005 -22"><span class='ocrx_word' id='word_1_45' title='bbox 251 765 557 837; x_wconf 73' lang='lat' dir='ltr'><strong>genitricis</strong></span> <span class='ocrx_word' id='word_1_46' title='bbox 583 781 654 822; x_wconf 79' lang='lat' dir='ltr'><strong>ex</strong></span> <span class='ocrx_word' id='word_1_47' title='bbox 685 771 852 824; x_wconf 89' lang='lat' dir='ltr'><strong>utero</strong></span> <span class='ocrx_word' id='word_1_48' title='bbox 879 783 1062 838; x_wconf 89' lang='lat' dir='ltr'><strong>quam</strong></span> <span class='ocrx_word' id='word_1_49' title='bbox 1079 767 1380 839; x_wconf 83' lang='lat' dir='ltr'><strong>procedat.</strong></span> <span class='ocrx_word' id='word_1_50' title='bbox 1407 770 1472 828; x_wconf 86' lang='lat' dir='ltr'><strong>Et</strong></span> <span class='ocrx_word' id='word_1_51' title='bbox 1525 770 1793 836; x_wconf 81' lang='lat' dir='ltr'><strong>humana</strong></span> <span class='ocrx_word' id='word_1_52' title='bbox 1832 769 1911 840; x_wconf 87' lang='lat' dir='ltr'><strong>pi-</strong></span> 
     </span>
    </p>
   </div>
   <div class='ocr_carea' id='block_1_9' title="bbox 253 855 1912 930">
    <p class='ocr_par' dir='ltr' id='par_1_9' title="bbox 253 855 1912 930">
     <span class='ocr_line' id='line_1_9' title="bbox 253 855 1912 930; baseline 0 -20"><span class='ocrx_word' id='word_1_53' title='bbox 253 870 446 924; x_wconf 82' lang='lat' dir='ltr'><strong>gnora</strong></span> <span class='ocrx_word' id='word_1_54' title='bbox 476 856 558 910; x_wconf 90' lang='lat' dir='ltr'><strong>sic</strong></span> <span class='ocrx_word' id='word_1_55' title='bbox 589 860 724 912; x_wconf 89' lang='lat' dir='ltr'><strong>ante</strong></span> <span class='ocrx_word' id='word_1_56' title='bbox 747 855 862 910; x_wconf 93' lang='lat' dir='ltr'><strong>Deo</strong></span> <span class='ocrx_word' id='word_1_57' title='bbox 896 855 1143 916; x_wconf 86' lang='lat' dir='ltr'><strong>militant</strong></span> <span class='ocrx_word' id='word_1_58' title='bbox 1162 872 1348 928; x_wconf 89' lang='lat' dir='ltr'><strong>quam</strong></span> <span class='ocrx_word' id='word_1_59' title='bbox 1372 864 1693 916; x_wconf 87' lang='lat' dir='ltr'><strong>noscantur</strong></span> <span class='ocrx_word' id='word_1_60' title='bbox 1706 874 1912 930; x_wconf 83' lang='lat' dir='ltr'><strong>percu.-</strong></span> 
     </span>
    </p>
   </div>
   <div class='ocr_carea' id='block_1_10' title="bbox 259 943 1915 1014">
    <p class='ocr_par' dir='ltr' id='par_1_10' title="bbox 259 943 1915 1014">
     <span class='ocr_line' id='line_1_10' title="bbox 259 943 1915 1014; baseline 0.001 -10"><span class='ocrx_word' id='word_1_61' title='bbox 259 943 440 1012; x_wconf 75' lang='lat' dir='ltr'><strong>tibus,</strong></span> <span class='ocrx_word' id='word_1_62' title='bbox 465 959 651 1014; x_wconf 84' lang='lat' dir='ltr'><strong>quam</strong></span> <span class='ocrx_word' id='word_1_63' title='bbox 670 943 866 1004; x_wconf 85' lang='lat' dir='ltr'><strong>vivant</strong></span> <span class='ocrx_word' id='word_1_64' title='bbox 898 944 1134 1004; x_wconf 60' lang='lat' dir='ltr'><strong>seculo.</strong></span> <span class='ocrx_word' id='word_1_65' title='bbox 1169 946 1320 1010; x_wconf 81' lang='lat' dir='ltr'><strong>Quid</strong></span> <span class='ocrx_word' id='word_1_66' title='bbox 1335 947 1564 1012; x_wconf 88' lang='lat' dir='ltr'><strong>mirum,</strong></span> <span class='ocrx_word' id='word_1_67' title='bbox 1585 947 1632 1004; x_wconf 92' lang='lat' dir='ltr'><strong>si</strong></span> <span class='ocrx_word' id='word_1_68' title='bbox 1660 947 1915 1006; x_wconf 75' lang='lat' dir='ltr'><strong>Ecclesia</strong></span> 
     </span>
    </p>
   </div>
   <div class='ocr_carea' id='block_1_11' title="bbox 247 1031 1910 1102">
    <p class='ocr_par' dir='ltr' id='par_1_11' title="bbox 247 1031 1910 1102">
     <span class='ocr_line' id='line_1_11' title="bbox 247 1031 1910 1102; baseline 0.002 -14"><span class='ocrx_word' id='word_1_69' title='bbox 247 1031 459 1098; x_wconf 83' lang='lat' dir='ltr'><strong>divina</strong></span> <span class='ocrx_word' id='word_1_70' title='bbox 485 1032 778 1101; x_wconf 76' lang='lat' dir='ltr'><strong>germina,</strong></span> <span class='ocrx_word' id='word_1_71' title='bbox 813 1033 860 1088; x_wconf 89' lang='lat' dir='ltr'><strong>si</strong></span> <span class='ocrx_word' id='word_1_72' title='bbox 885 1034 1036 1092; x_wconf 89' lang='lat' dir='ltr'><strong>Deus</strong></span> <span class='ocrx_word' id='word_1_73' title='bbox 1053 1050 1163 1096; x_wconf 86' lang='lat' dir='ltr'><strong>sua</strong></span> <span class='ocrx_word' id='word_1_74' title='bbox 1181 1034 1386 1094; x_wconf 84' lang='lat' dir='ltr'><strong>sobole</strong></span> <span class='ocrx_word' id='word_1_75' title='bbox 1409 1037 1468 1094; x_wconf 88' lang='lat' dir='ltr'><strong>in</strong></span> <span class='ocrx_word' id='word_1_76' title='bbox 1503 1041 1664 1096; x_wconf 85' lang='lat' dir='ltr'><strong>utero</strong></span> <span class='ocrx_word' id='word_1_77' title='bbox 1690 1037 1910 1102; x_wconf 85' lang='lat' dir='ltr'><strong>adhuc,</strong></span> 
     </span>
    </p>
   </div>
   <div class='ocr_carea' id='block_1_12' title="bbox 243 1121 1913 1194">
    <p class='ocr_par' dir='ltr' id='par_1_12' title="bbox 243 1121 1913 1194">
     <span class='ocr_line' id='line_1_12' title="bbox 243 1121 1913 1194; baseline -0.001 -12"><span class='ocrx_word' id='word_1_78' title='bbox 243 1121 418 1194; x_wconf 84' lang='lat' dir='ltr'><strong>quod</strong></span> <span class='ocrx_word' id='word_1_79' title='bbox 437 1121 510 1178; x_wconf 87' lang='lat' dir='ltr'><strong>sit</strong></span> <span class='ocrx_word' id='word_1_80' title='bbox 541 1122 782 1193; x_wconf 87' lang='lat' dir='ltr'><strong>super-ni</strong></span> <span class='ocrx_word' id='word_1_81' title='bbox 813 1123 1088 1192; x_wconf 84' lang='lat' dir='ltr'><strong>germinis</strong></span> <span class='ocrx_word' id='word_1_82' title='bbox 1114 1124 1244 1194; x_wconf 88' lang='lat' dir='ltr'><strong>jam</strong></span> <span class='ocrx_word' id='word_1_83' title='bbox 1277 1125 1490 1188; x_wconf 82' lang='lat' dir='ltr'><strong>fatetur</strong></span> <span class='ocrx_word' id='word_1_84' title='bbox 1523 1143 1535 1180; x_wconf 86' lang='lat'><strong>:</strong></span> <span class='ocrx_word' id='word_1_85' title='bbox 1569 1127 1744 1184; x_wconf 84' lang='lat' dir='ltr'><strong>Pater</strong></span> <span class='ocrx_word' id='word_1_86' title='bbox 1787 1141 1913 1184; x_wconf 82' lang='lat' dir='ltr'><strong>nos.—</strong></span> 
     </span>
    </p>
   </div>
   <div class='ocr_carea' id='block_1_13' title="bbox 244 1211 1914 1284">
    <p class='ocr_par' dir='ltr' id='par_1_13' title="bbox 244 1211 1914 1284">
     <span class='ocr_line' id='line_1_13' title="bbox 244 1211 1914 1284; baseline 0 -18"><span class='ocrx_word' id='word_1_87' title='bbox 244 1217 339 1273; x_wconf 77' lang='lat' dir='ltr'><strong>ter</strong></span> <span class='ocrx_word' id='word_1_88' title='bbox 370 1212 472 1281; x_wconf 86' lang='lat' dir='ltr'><strong>qui</strong></span> <span class='ocrx_word' id='word_1_89' title='bbox 488 1225 545 1268; x_wconf 83' lang='lat' dir='ltr'><strong>es</strong></span> <span class='ocrx_word' id='word_1_90' title='bbox 571 1212 633 1270; x_wconf 77' lang='lat' dir='ltr'><strong>in</strong></span> <span class='ocrx_word' id='word_1_91' title='bbox 657 1212 839 1272; x_wconf 76' lang='lat' dir='ltr'><strong>castis.</strong></span> <span class='ocrx_word' id='word_1_92' title='bbox 878 1211 1360 1284; x_wconf 85' lang='lat' dir='ltr'><strong>Stuporinsurgit</strong></span> <span class='ocrx_word' id='word_1_93' title='bbox 1382 1214 1674 1279; x_wconf 84' lang='lat' dir='ltr'><strong>;Christus</strong></span> <span class='ocrx_word' id='word_1_94' title='bbox 1692 1215 1788 1274; x_wconf 89' lang='lat' dir='ltr'><strong>Dei</strong></span> <span class='ocrx_word' id='word_1_95' title='bbox 1806 1214 1914 1271; x_wconf 69' lang='lat' dir='ltr'><strong>Pa,-</strong></span> 
     </span>
    </p>
   </div>
   <div class='ocr_carea' id='block_1_14' title="bbox 245 1295 1913 1372">
    <p class='ocr_par' dir='ltr' id='par_1_14' title="bbox 245 1295 1913 1372">
     <span class='ocr_line' id='line_1_14' title="bbox 245 1295 1913 1372; baseline -0.001 -14"><span class='ocrx_word' id='word_1_96' title='bbox 245 1302 354 1360; x_wconf 88' lang='lat' dir='ltr'><strong>tris</strong></span> <span class='ocrx_word' id='word_1_97' title='bbox 375 1301 451 1360; x_wconf 85' lang='lat' dir='ltr'><strong>de</strong></span> <span class='ocrx_word' id='word_1_98' title='bbox 477 1306 706 1372; x_wconf 83' lang='lat' dir='ltr'><strong>pectore</strong></span> <span class='ocrx_word' id='word_1_99' title='bbox 726 1307 976 1360; x_wconf 80' lang='lat' dir='ltr'><strong>matrem</strong></span> <span class='ocrx_word' id='word_1_100' title='bbox 1019 1307 1210 1369; x_wconf 88' lang='lat' dir='ltr'><strong>vocat,</strong></span> <span class='ocrx_word' id='word_1_101' title='bbox 1239 1309 1294 1362; x_wconf 84' lang='lat' dir='ltr'><strong>et</strong></span> <span class='ocrx_word' id='word_1_102' title='bbox 1324 1304 1532 1360; x_wconf 79' lang='lat' dir='ltr'><strong>fatetur</strong></span> <span class='ocrx_word' id='word_1_103' title='bbox 1557 1304 1616 1364; x_wconf 89' lang='lat' dir='ltr'><strong>in</strong></span> <span class='ocrx_word' id='word_1_104' title='bbox 1640 1311 1792 1361; x_wconf 87' lang='lat' dir='ltr'><strong>terra</strong></span> <span class='ocrx_word' id='word_1_105' title='bbox 1816 1320 1829 1368; x_wconf 89' lang='lat'><strong>;</strong></span> <span class='ocrx_word' id='word_1_106' title='bbox 1857 1295 1913 1360; x_wconf 70' lang='lat' dir='ltr'><strong>ei</strong></span> 
     </span>
    </p>
   </div>
   <div class='ocr_carea' id='block_1_15' title="bbox 241 1389 1911 1458">
    <p class='ocr_par' dir='ltr' id='par_1_15' title="bbox 241 1389 1911 1458">
     <span class='ocr_line' id='line_1_15' title="bbox 241 1389 1911 1458; baseline 0 -8"><span class='ocrx_word' id='word_1_107' title='bbox 241 1390 438 1450; x_wconf 86' lang='lat' dir='ltr'><strong>homo</strong></span> <span class='ocrx_word' id='word_1_108' title='bbox 465 1389 538 1444; x_wconf 91' lang='lat' dir='ltr'><strong>de</strong></span> <span class='ocrx_word' id='word_1_109' title='bbox 564 1391 770 1448; x_wconf 85' lang='lat' dir='ltr'><strong>matris</strong></span> <span class='ocrx_word' id='word_1_110' title='bbox 791 1395 959 1450; x_wconf 85' lang='lat' dir='ltr'><strong>utero</strong></span> <span class='ocrx_word' id='word_1_111' title='bbox 990 1391 1223 1450; x_wconf 80' lang='lat' dir='ltr'><strong>Patrem</strong></span> <span class='ocrx_word' id='word_1_112' title='bbox 1248 1398 1443 1458; x_wconf 89' lang='lat' dir='ltr'><strong>vocat,</strong></span> <span class='ocrx_word' id='word_1_113' title='bbox 1499 1398 1555 1450; x_wconf 90' lang='lat' dir='ltr'><strong>et</strong></span> <span class='ocrx_word' id='word_1_114' title='bbox 1601 1393 1911 1452; x_wconf 82' lang='lat' dir='ltr'><strong>confitetur</strong></span> 
     </span>
    </p>
   </div>
   <div class='ocr_carea' id='block_1_16' title="bbox 234 1478 1911 1550">
    <p class='ocr_par' dir='ltr' id='par_1_16' title="bbox 234 1478 1911 1550">
     <span class='ocr_line' id='line_1_16' title="bbox 234 1478 1911 1550; baseline 0.003 -15"><span class='ocrx_word' id='word_1_115' title='bbox 234 1479 303 1535; x_wconf 89' lang='lat' dir='ltr'><strong>in</strong></span> <span class='ocrx_word' id='word_1_116' title='bbox 328 1478 499 1544; x_wconf 73' lang='lat' dir='ltr'><strong>caelis</strong></span> <span class='ocrx_word' id='word_1_117' title='bbox 535 1495 547 1532; x_wconf 85' lang='lat'><strong>:</strong></span> <span class='ocrx_word' id='word_1_118' title='bbox 583 1481 754 1536; x_wconf 80' lang='lat' dir='ltr'><strong>Pater</strong></span> <span class='ocrx_word' id='word_1_119' title='bbox 784 1485 984 1540; x_wconf 79' lang='lat' dir='ltr'><strong>noster</strong></span> <span class='ocrx_word' id='word_1_120' title='bbox 1000 1482 1103 1550; x_wconf 82' lang='lat' dir='ltr'><strong>qui</strong></span> <span class='ocrx_word' id='word_1_121' title='bbox 1120 1496 1177 1539; x_wconf 80' lang='lat' dir='ltr'><strong>es</strong></span> <span class='ocrx_word' id='word_1_122' title='bbox 1210 1483 1271 1540; x_wconf 88' lang='lat' dir='ltr'><strong>in</strong></span> <span class='ocrx_word' id='word_1_123' title='bbox 1300 1483 1480 1540; x_wconf 71' lang='lat' dir='ltr'><strong>cretis.</strong></span> <span class='ocrx_word' id='word_1_124' title='bbox 1509 1485 1632 1548; x_wconf 81' lang='lat' dir='ltr'><strong>Quo</strong></span> <span class='ocrx_word' id='word_1_125' title='bbox 1679 1489 1758 1547; x_wconf 90' lang='lat' dir='ltr'><strong>te,</strong></span> <span class='ocrx_word' id='word_1_126' title='bbox 1808 1483 1911 1540; x_wconf 87' lang='lat' dir='ltr'><strong>ho-</strong></span> 
     </span>
    </p>
   </div>
   <div class='ocr_carea' id='block_1_17' title="bbox 234 1568 1908 1643">
    <p class='ocr_par' dir='ltr' id='par_1_17' title="bbox 234 1568 1908 1643">
     <span class='ocr_line' id='line_1_17' title="bbox 234 1568 1908 1643; baseline -0.001 -15"><span class='ocrx_word' id='word_1_127' title='bbox 234 1583 370 1633; x_wconf 84' lang='lat' dir='ltr'><strong>mo.</strong></span> <span class='ocrx_word' id='word_1_128' title='bbox 405 1572 648 1638; x_wconf 83' lang='lat' dir='ltr'><strong>repente</strong></span> <span class='ocrx_word' id='word_1_129' title='bbox 677 1568 948 1638; x_wconf 79' lang='lat' dir='ltr'><strong>provexit</strong></span> <span class='ocrx_word' id='word_1_130' title='bbox 977 1569 1326 1642; x_wconf 84' lang='lat' dir='ltr'><strong>gratia,quo</strong></span> <span class='ocrx_word' id='word_1_131' title='bbox 1354 1575 1406 1630; x_wconf 90' lang='lat' dir='ltr'><strong>te</strong></span> <span class='ocrx_word' id='word_1_132' title='bbox 1436 1572 1632 1643; x_wconf 88' lang='lat' dir='ltr'><strong>rapuit</strong></span> <span class='ocrx_word' id='word_1_133' title='bbox 1657 1571 1908 1628; x_wconf 75' lang='lat' dir='ltr'><strong>cmlestis</strong></span> 
     </span>
    </p>
   </div>
   <div class='ocr_carea' id='block_1_18' title="bbox 235 1656 1912 1728">
    <p class='ocr_par' dir='ltr' id='par_1_18' title="bbox 235 1656 1912 1728">
     <span class='ocr_line' id='line_1_18' title="bbox 235 1656 1912 1728; baseline 0 -14"><span class='ocrx_word' id='word_1_134' title='bbox 235 1657 464 1728; x_wconf 77' lang='lat' dir='ltr'><strong>gratia.</strong></span> <span class='ocrx_word' id='word_1_135' title='bbox 494 1672 615 1728; x_wconf 90' lang='lat' dir='ltr'><strong>quo</strong></span> <span class='ocrx_word' id='word_1_136' title='bbox 636 1662 689 1714; x_wconf 84' lang='lat' dir='ltr'><strong>te</strong></span> <span class='ocrx_word' id='word_1_137' title='bbox 719 1656 918 1728; x_wconf 76' lang='lat' dir='ltr'><strong>rapuit</strong></span> <span class='ocrx_word' id='word_1_138' title='bbox 949 1658 1202 1716; x_wconf 70' lang='lat' dir='ltr'><strong>caelestis</strong></span> <span class='ocrx_word' id='word_1_139' title='bbox 1228 1663 1461 1726; x_wconf 84' lang='lat' dir='ltr'><strong>natura,</strong></span> <span class='ocrx_word' id='word_1_140' title='bbox 1487 1661 1628 1718; x_wconf 89' lang='lat' dir='ltr'><strong>utin</strong></span> <span class='ocrx_word' id='word_1_141' title='bbox 1659 1676 1832 1717; x_wconf 90' lang='lat' dir='ltr'><strong>carne</strong></span> <span class='ocrx_word' id='word_1_142' title='bbox 1855 1663 1912 1716; x_wconf 92' lang='lat' dir='ltr'><strong>et</strong></span> 
     </span>
    </p>
   </div>
   <div class='ocr_carea' id='block_1_19' title="bbox 231 1745 1984 1824">
    <p class='ocr_par' dir='ltr' id='par_1_19' title="bbox 231 1745 1984 1824">
     <span class='ocr_line' id='line_1_19' title="bbox 231 1745 1984 1824; baseline 0.002 -22"><span class='ocrx_word' id='word_1_143' title='bbox 231 1747 300 1804; x_wconf 82' lang='lat' dir='ltr'><strong>in</strong></span> <span class='ocrx_word' id='word_1_144' title='bbox 323 1751 484 1804; x_wconf 85' lang='lat' dir='ltr'><strong>terra</strong></span> <span class='ocrx_word' id='word_1_145' title='bbox 510 1745 738 1816; x_wconf 85' lang='lat' dir='ltr'><strong>positus</strong></span> <span class='ocrx_word' id='word_1_146' title='bbox 763 1745 962 1802; x_wconf 88' lang='lat' dir='ltr'><strong>adhuc</strong></span> <span class='ocrx_word' id='word_1_147' title='bbox 985 1751 1042 1802; x_wconf 89' lang='lat' dir='ltr'><strong>et</strong></span> <span class='ocrx_word' id='word_1_148' title='bbox 1071 1762 1310 1804; x_wconf 88' lang='lat' dir='ltr'><strong>carnem</strong></span> <span class='ocrx_word' id='word_1_149' title='bbox 1319 1749 1438 1819; x_wconf 85' lang='lat' dir='ltr'><strong>jam</strong></span> <span class='ocrx_word' id='word_1_150' title='bbox 1452 1750 1707 1807; x_wconf 86' lang='lat' dir='ltr'><strong>nescires</strong></span> <span class='ocrx_word' id='word_1_151' title='bbox 1729 1754 1906 1806; x_wconf 82' lang='lat' dir='ltr'><strong>etter-</strong></span> <span class='ocrx_word' id='word_1_152' title='bbox 1941 1754 1984 1824; x_wconf 74' lang='grc' dir='ltr'>Β</span> 
     </span>
    </p>
   </div>
   <div class='ocr_carea' id='block_1_20' title="bbox 233 1832 1908 1907">
    <p class='ocr_par' dir='ltr' id='par_1_20' title="bbox 233 1832 1908 1907">
     <span class='ocr_line' id='line_1_20' title="bbox 233 1832 1908 1907; baseline 0.001 -15"><span class='ocrx_word' id='word_1_153' title='bbox 233 1849 386 1900; x_wconf 81' lang='lat' dir='ltr'><strong>ram</strong></span> <span class='ocrx_word' id='word_1_154' title='bbox 407 1832 662 1894; x_wconf 86' lang='lat' dir='ltr'><strong>dicendo</strong></span> <span class='ocrx_word' id='word_1_155' title='bbox 688 1849 700 1888; x_wconf 86' lang='lat'><strong>:</strong></span> <span class='ocrx_word' id='word_1_156' title='bbox 736 1834 918 1890; x_wconf 83' lang='lat' dir='ltr'><strong>Pater</strong></span> <span class='ocrx_word' id='word_1_157' title='bbox 943 1840 1132 1894; x_wconf 71' lang='lat' dir='ltr'><strong>noster</strong></span> <span class='ocrx_word' id='word_1_158' title='bbox 1147 1838 1245 1906; x_wconf 81' lang='lat' dir='ltr'><strong>qui</strong></span> <span class='ocrx_word' id='word_1_159' title='bbox 1269 1852 1325 1895; x_wconf 76' lang='lat' dir='ltr'><strong>es</strong></span> <span class='ocrx_word' id='word_1_160' title='bbox 1348 1837 1410 1894; x_wconf 85' lang='lat' dir='ltr'><strong>in</strong></span> <span class='ocrx_word' id='word_1_161' title='bbox 1439 1839 1612 1893; x_wconf 67' lang='lat' dir='ltr'><strong>cretis.</strong></span> <span class='ocrx_word' id='word_1_162' title='bbox 1641 1837 1908 1907; x_wconf 84' lang='lat' dir='ltr'><strong>Quiergo</strong></span> 
     </span>
    </p>
   </div>
   <div class='ocr_carea' id='block_1_21' title="bbox 234 1920 1914 1996">
    <p class='ocr_par' dir='ltr' id='par_1_21' title="bbox 234 1920 1914 1996">
     <span class='ocr_line' id='line_1_21' title="bbox 234 1920 1914 1996; baseline 0.004 -18"><span class='ocrx_word' id='word_1_163' title='bbox 234 1922 403 1980; x_wconf 84' lang='lat' dir='ltr'><strong>tanti</strong></span> <span class='ocrx_word' id='word_1_164' title='bbox 435 1922 623 1982; x_wconf 82' lang='lat' dir='ltr'><strong>Patris</strong></span> <span class='ocrx_word' id='word_1_165' title='bbox 659 1920 846 1978; x_wconf 84' lang='lat' dir='ltr'><strong>ﬁlium</strong></span> <span class='ocrx_word' id='word_1_166' title='bbox 878 1923 1190 1980; x_wconf 76' lang='lat' dir='ltr'><strong>confitetur</strong></span> <span class='ocrx_word' id='word_1_167' title='bbox 1219 1930 1273 1982; x_wconf 90' lang='lat' dir='ltr'><strong>et</strong></span> <span class='ocrx_word' id='word_1_168' title='bbox 1317 1925 1504 1984; x_wconf 82' lang='lat' dir='ltr'><strong>credit</strong></span> <span class='ocrx_word' id='word_1_169' title='bbox 1555 1926 1914 1996; x_wconf 83' lang='lat' dir='ltr'><strong>respondeat</strong></span> 
     </span>
    </p>
   </div>
   <div class='ocr_carea' id='block_1_22' title="bbox 233 2010 1912 2086">
    <p class='ocr_par' dir='ltr' id='par_1_22' title="bbox 233 2010 1912 2086">
     <span class='ocr_line' id='line_1_22' title="bbox 233 2010 1912 2086; baseline 0.001 -18"><span class='ocrx_word' id='word_1_170' title='bbox 233 2012 374 2070; x_wconf 84' lang='lat' dir='ltr'><strong>vita</strong></span> <span class='ocrx_word' id='word_1_171' title='bbox 395 2010 616 2080; x_wconf 84' lang='lat' dir='ltr'><strong>generi,</strong></span> <span class='ocrx_word' id='word_1_172' title='bbox 651 2010 913 2070; x_wconf 90' lang='lat' dir='ltr'><strong>moribus</strong></span> <span class='ocrx_word' id='word_1_173' title='bbox 947 2013 1116 2078; x_wconf 87' lang='lat' dir='ltr'><strong>Patri,</strong></span> <span class='ocrx_word' id='word_1_174' title='bbox 1155 2018 1210 2074; x_wconf 89' lang='lat' dir='ltr'><strong>et</strong></span> <span class='ocrx_word' id='word_1_175' title='bbox 1241 2019 1438 2074; x_wconf 84' lang='lat' dir='ltr'><strong>mente</strong></span> <span class='ocrx_word' id='word_1_176' title='bbox 1459 2019 1637 2086; x_wconf 84' lang='lat' dir='ltr'><strong>atque</strong></span> <span class='ocrx_word' id='word_1_177' title='bbox 1663 2021 1798 2072; x_wconf 88' lang='lat' dir='ltr'><strong>actu</strong></span> <span class='ocrx_word' id='word_1_178' title='bbox 1819 2031 1912 2073; x_wconf 86' lang='lat' dir='ltr'><strong>as.-</strong></span> 
     </span>
    </p>
   </div>
   <div class='ocr_carea' id='block_1_23' title="bbox 233 2098 1912 2176">
    <p class='ocr_par' dir='ltr' id='par_1_23' title="bbox 233 2098 1912 2176">
     <span class='ocr_line' id='line_1_23' title="bbox 233 2098 1912 2176; baseline 0.002 -16"><span class='ocrx_word' id='word_1_179' title='bbox 233 2105 414 2160; x_wconf 78' lang='lat' dir='ltr'><strong>serat</strong></span> <span class='ocrx_word' id='word_1_180' title='bbox 435 2099 602 2172; x_wconf 84' lang='lat' dir='ltr'><strong>quod</strong></span> <span class='ocrx_word' id='word_1_181' title='bbox 627 2098 926 2159; x_wconf 75' lang='lat' dir='ltr'><strong>cmlestem</strong></span> <span class='ocrx_word' id='word_1_182' title='bbox 951 2109 1307 2160; x_wconf 77' lang='lat' dir='ltr'><strong>consecutus</strong></span> <span class='ocrx_word' id='word_1_183' title='bbox 1341 2107 1430 2160; x_wconf 89' lang='lat' dir='ltr'><strong>est</strong></span> <span class='ocrx_word' id='word_1_184' title='bbox 1462 2119 1569 2176; x_wconf 85' lang='lat' dir='ltr'><strong>per</strong></span> <span class='ocrx_word' id='word_1_185' title='bbox 1616 2108 1912 2174; x_wconf 73' lang='lat' dir='ltr'><strong>naturam,</strong></span> 
     </span>
    </p>
   </div>
   <div class='ocr_carea' id='block_1_24' title="bbox 312 2188 1915 2267">
    <p class='ocr_par' dir='ltr' id='par_1_24' title="bbox 312 2188 1915 2267">
     <span class='ocr_line' id='line_1_24' title="bbox 312 2188 1915 2267; baseline 0.001 -21"><span class='ocrx_word' id='word_1_186' title='bbox 312 2188 748 2267; x_wconf 73' lang='lat' dir='ltr'><strong>Sanctiﬁcatur</strong></span> <span class='ocrx_word' id='word_1_187' title='bbox 776 2204 987 2256; x_wconf 74' lang='lat' dir='ltr'><strong>nomen</strong></span> <span class='ocrx_word' id='word_1_188' title='bbox 1021 2197 1199 2248; x_wconf 86' lang='lat' dir='ltr'><strong>tuum.</strong></span> <span class='ocrx_word' id='word_1_189' title='bbox 1249 2191 1429 2262; x_wconf 86' lang='lat' dir='ltr'><strong>Cujus</strong></span> <span class='ocrx_word' id='word_1_190' title='bbox 1480 2192 1682 2264; x_wconf 87' lang='lat' dir='ltr'><strong>utique</strong></span> <span class='ocrx_word' id='word_1_191' title='bbox 1727 2207 1915 2262; x_wconf 86' lang='lat' dir='ltr'><strong>genus</strong></span> 
     </span>
    </p>
   </div>
   <div class='ocr_carea' id='block_1_25' title="bbox 227 2277 1915 2350">
    <p class='ocr_par' dir='ltr' id='par_1_25' title="bbox 227 2277 1915 2350">
     <span class='ocr_line' id='line_1_25' title="bbox 227 2277 1915 2350; baseline 0.004 -14"><span class='ocrx_word' id='word_1_192' title='bbox 227 2294 382 2336; x_wconf 78' lang='lat' dir='ltr'><strong>esse</strong></span> <span class='ocrx_word' id='word_1_193' title='bbox 413 2277 734 2349; x_wconf 79' lang='lat' dir='ltr'><strong>cmpimus,</strong></span> <span class='ocrx_word' id='word_1_194' title='bbox 759 2277 887 2347; x_wconf 86' lang='lat' dir='ltr'><strong>ejus</strong></span> <span class='ocrx_word' id='word_1_195' title='bbox 913 2278 1109 2350; x_wconf 86' lang='lat' dir='ltr'><strong>utique</strong></span> <span class='ocrx_word' id='word_1_196' title='bbox 1139 2295 1455 2338; x_wconf 86' lang='lat' dir='ltr'><strong>censemur</strong></span> <span class='ocrx_word' id='word_1_197' title='bbox 1484 2286 1540 2338; x_wconf 91' lang='lat' dir='ltr'><strong>et</strong></span> <span class='ocrx_word' id='word_1_198' title='bbox 1565 2282 1830 2340; x_wconf 88' lang='lat' dir='ltr'><strong>nomine.</strong></span> <span class='ocrx_word' id='word_1_199' title='bbox 1849 2285 1915 2342; x_wconf 83' lang='lat' dir='ltr'><strong>Et</strong></span> 
     </span>
    </p>
   </div>
   <div class='ocr_carea' id='block_1_26' title="bbox 225 2366 1914 2438">
    <p class='ocr_par' dir='ltr' id='par_1_26' title="bbox 225 2366 1914 2438">
     <span class='ocr_line' id='line_1_26' title="bbox 225 2366 1914 2438; baseline 0.002 -14"><span class='ocrx_word' id='word_1_200' title='bbox 225 2367 390 2426; x_wconf 85' lang='lat' dir='ltr'><strong>ideo</strong></span> <span class='ocrx_word' id='word_1_201' title='bbox 415 2367 668 2438; x_wconf 85' lang='lat' dir='ltr'><strong>petimus</strong></span> <span class='ocrx_word' id='word_1_202' title='bbox 701 2366 840 2424; x_wconf 89' lang='lat' dir='ltr'><strong>utin</strong></span> <span class='ocrx_word' id='word_1_203' title='bbox 871 2367 1044 2426; x_wconf 85' lang='lat' dir='ltr'><strong>nobis</strong></span> <span class='ocrx_word' id='word_1_204' title='bbox 1076 2367 1235 2424; x_wconf 88' lang='lat' dir='ltr'><strong>illius</strong></span> <span class='ocrx_word' id='word_1_205' title='bbox 1263 2370 1514 2426; x_wconf 88' lang='lat' dir='ltr'><strong>nominis</strong></span> <span class='ocrx_word' id='word_1_206' title='bbox 1527 2371 1914 2428; x_wconf 79' lang='lat' dir='ltr'><strong>sanctiﬁcatio</strong></span> 
     </span>
    </p>
   </div>
   <div class='ocr_carea' id='block_1_27' title="bbox 222 2455 1914 2532">
    <p class='ocr_par' dir='ltr' id='par_1_27' title="bbox 222 2455 1914 2532">
     <span class='ocr_line' id='line_1_27' title="bbox 222 2455 1914 2532; baseline 0.003 -21"><span class='ocrx_word' id='word_1_207' title='bbox 222 2459 598 2529; x_wconf 82' lang='lat' dir='ltr'><strong>perseveret</strong></span> <span class='ocrx_word' id='word_1_208' title='bbox 627 2455 819 2510; x_wconf 88' lang='lat' dir='ltr'><strong>honor</strong></span> <span class='ocrx_word' id='word_1_209' title='bbox 864 2460 919 2511; x_wconf 90' lang='lat' dir='ltr'><strong>et</strong></span> <span class='ocrx_word' id='word_1_210' title='bbox 971 2459 1368 2526; x_wconf 83' lang='lat' dir='ltr'><strong>praerogativa</strong></span> <span class='ocrx_word' id='word_1_211' title='bbox 1418 2460 1701 2530; x_wconf 88' lang='lat' dir='ltr'><strong>nominis,</strong></span> <span class='ocrx_word' id='word_1_212' title='bbox 1750 2461 1914 2532; x_wconf 91' lang='lat' dir='ltr'><strong>quod</strong></span> 
     </span>
    </p>
   </div>
   <div class='ocr_carea' id='block_1_28' title="bbox 221 2544 1556 2616">
    <p class='ocr_par' dir='ltr' id='par_1_28' title="bbox 221 2544 1556 2616">
     <span class='ocr_line' id='line_1_28' title="bbox 221 2544 1556 2616; baseline 0.002 -16"><span class='ocrx_word' id='word_1_213' title='bbox 221 2544 603 2600; x_wconf 77' lang='lat' dir='ltr'><strong>sublimavit</strong></span> <span class='ocrx_word' id='word_1_214' title='bbox 633 2544 715 2598; x_wconf 88' lang='lat' dir='ltr'><strong>sic</strong></span> <span class='ocrx_word' id='word_1_215' title='bbox 747 2544 890 2599; x_wconf 88' lang='lat' dir='ltr'><strong>tanti</strong></span> <span class='ocrx_word' id='word_1_216' title='bbox 922 2545 1202 2614; x_wconf 76' lang='lat' dir='ltr'><strong>genitoris</strong></span> <span class='ocrx_word' id='word_1_217' title='bbox 1250 2546 1556 2616; x_wconf 78' lang='lat' dir='ltr'><strong>celsitudo.</strong></span> 
     </span>
    </p>
   </div>
   <div class='ocr_carea' id='block_1_29' title="bbox 307 2634 1916 2716">
    <p class='ocr_par' dir='ltr' id='par_1_29' title="bbox 307 2634 1916 2716">
     <span class='ocr_line' id='line_1_29' title="bbox 307 2634 1916 2716; baseline 0.003 -28"><span class='ocrx_word' id='word_1_218' title='bbox 307 2635 623 2702; x_wconf 70' lang='lat' dir='ltr'><strong>Adveniat</strong></span> <span class='ocrx_word' id='word_1_219' title='bbox 654 2649 891 2716; x_wconf 83' lang='lat' dir='ltr'><strong>regnum</strong></span> <span class='ocrx_word' id='word_1_220' title='bbox 916 2641 1095 2698; x_wconf 82' lang='lat' dir='ltr'><strong>tuum.</strong></span> <span class='ocrx_word' id='word_1_221' title='bbox 1117 2637 1229 2690; x_wconf 86' lang='lat' dir='ltr'><strong>Nos</strong></span> <span class='ocrx_word' id='word_1_222' title='bbox 1252 2635 1330 2704; x_wconf 78' lang='lat' dir='ltr'><strong>iiii</strong></span> <span class='ocrx_word' id='word_1_223' title='bbox 1360 2634 1617 2708; x_wconf 78' lang='lat' dir='ltr'><strong>petimus</strong></span> <span class='ocrx_word' id='word_1_224' title='bbox 1637 2638 1916 2710; x_wconf 57' lang='lat' dir='ltr'><strong>cuinume</strong></span> 
     </span>
    </p>
   </div>
   <div class='ocr_carea' id='block_1_30' title="bbox 222 2721 1915 2798">
    <p class='ocr_par' dir='ltr' id='par_1_30' title="bbox 222 2721 1915 2798">
     <span class='ocr_line' id='line_1_30' title="bbox 222 2721 1915 2798; baseline 0.003 -20"><span class='ocrx_word' id='word_1_225' title='bbox 222 2740 442 2798; x_wconf 75' lang='lat' dir='ltr'><strong>quam</strong></span> <span class='ocrx_word' id='word_1_226' title='bbox 465 2722 632 2790; x_wconf 77' lang='lat' dir='ltr'><strong>deest</strong></span> <span class='ocrx_word' id='word_1_227' title='bbox 651 2738 760 2778; x_wconf 89' lang='lat' dir='ltr'><strong>nec</strong></span> <span class='ocrx_word' id='word_1_228' title='bbox 786 2721 964 2791; x_wconf 82' lang='lat' dir='ltr'><strong>defuit</strong></span> <span class='ocrx_word' id='word_1_229' title='bbox 987 2739 1260 2794; x_wconf 79' lang='lat' dir='ltr'><strong>regnum,</strong></span> <span class='ocrx_word' id='word_1_230' title='bbox 1290 2723 1478 2795; x_wconf 76' lang='lat' dir='ltr'><strong>immo</strong></span> <span class='ocrx_word' id='word_1_231' title='bbox 1498 2726 1602 2798; x_wconf 82' lang='lat' dir='ltr'><strong>qui</strong></span> <span class='ocrx_word' id='word_1_232' title='bbox 1654 2733 1741 2796; x_wconf 81' lang='lat' dir='ltr'><strong>est</strong></span> <span class='ocrx_word' id='word_1_233' title='bbox 1801 2727 1915 2788; x_wconf 85' lang='lat' dir='ltr'><strong>sibi</strong></span> 
     </span>
    </p>
   </div>
   <div class='ocr_carea' id='block_1_31' title="bbox 223 2812 1916 2886">
    <p class='ocr_par' dir='ltr' id='par_1_31' title="bbox 223 2812 1916 2886">
     <span class='ocr_line' id='line_1_31' title="bbox 223 2812 1916 2886; baseline 0.002 -20"><span class='ocrx_word' id='word_1_234' title='bbox 223 2812 381 2883; x_wconf 82' lang='lat' dir='ltr'><strong>ipse</strong></span> <span class='ocrx_word' id='word_1_235' title='bbox 407 2825 671 2881; x_wconf 88' lang='lat' dir='ltr'><strong>regnum,</strong></span> <span class='ocrx_word' id='word_1_236' title='bbox 701 2816 1004 2883; x_wconf 86' lang='lat' dir='ltr'><strong>totamque</strong></span> <span class='ocrx_word' id='word_1_237' title='bbox 1031 2812 1091 2868; x_wconf 85' lang='lat' dir='ltr'><strong>in</strong></span> <span class='ocrx_word' id='word_1_238' title='bbox 1122 2829 1184 2880; x_wconf 85' lang='lat' dir='ltr'><strong>se</strong></span> <span class='ocrx_word' id='word_1_239' title='bbox 1202 2813 1370 2883; x_wconf 80' lang='lat' dir='ltr'><strong>regni</strong></span> <span class='ocrx_word' id='word_1_240' title='bbox 1389 2815 1646 2870; x_wconf 89' lang='lat' dir='ltr'><strong>continet</strong></span> <span class='ocrx_word' id='word_1_241' title='bbox 1666 2820 1916 2886; x_wconf 87' lang='lat' dir='ltr'><strong>potesta-</strong></span> 
     </span>
    </p>
   </div>
   <div class='ocr_carea' id='block_1_32' title="bbox 221 2900 1916 2974">
    <p class='ocr_par' dir='ltr' id='par_1_32' title="bbox 221 2900 1916 2974">
     <span class='ocr_line' id='line_1_32' title="bbox 221 2900 1916 2974; baseline 0.002 -18"><span class='ocrx_word' id='word_1_242' title='bbox 221 2905 383 2956; x_wconf 86' lang='lat' dir='ltr'><strong>tem.</strong></span> <span class='ocrx_word' id='word_1_243' title='bbox 423 2900 540 2955; x_wconf 84' lang='lat' dir='ltr'><strong>Sed</strong></span> <span class='ocrx_word' id='word_1_244' title='bbox 565 2901 700 2972; x_wconf 82' lang='lat' dir='ltr'><strong>quis</strong></span> <span class='ocrx_word' id='word_1_245' title='bbox 726 2915 835 2954; x_wconf 88' lang='lat' dir='ltr'><strong>nos</strong></span> <span class='ocrx_word' id='word_1_246' title='bbox 860 2901 981 2955; x_wconf 83' lang='lat' dir='ltr'><strong>vult</strong></span> <span class='ocrx_word' id='word_1_247' title='bbox 1013 2900 1090 2955; x_wconf 86' lang='lat' dir='ltr'><strong>ad</strong></span> <span class='ocrx_word' id='word_1_248' title='bbox 1122 2902 1480 2973; x_wconf 87' lang='lat' dir='ltr'><strong>promissam</strong></span> <span class='ocrx_word' id='word_1_249' title='bbox 1503 2904 1667 2971; x_wconf 88' lang='lat' dir='ltr'><strong>regni</strong></span> <span class='ocrx_word' id='word_1_250' title='bbox 1687 2904 1916 2974; x_wconf 63' lang='lat' dir='ltr'><strong>suifglo-</strong></span> 
     </span>
    </p>
   </div>
   <div class='ocr_carea' id='block_1_33' title="bbox 223 2979 1914 3074">
    <p class='ocr_par' dir='ltr' id='par_1_33' title="bbox 223 2979 1914 3074">
     <span class='ocr_line' id='line_1_33' title="bbox 223 2979 1914 3074; baseline 0.002 -30"><span class='ocrx_word' id='word_1_251' title='bbox 223 2989 397 3046; x_wconf 89' lang='lat' dir='ltr'><strong>riam</strong></span> <span class='ocrx_word' id='word_1_252' title='bbox 425 2979 753 3074; x_wconf 72' lang='lat' dir='ltr'><strong>pervenire,</strong></span> <span class='ocrx_word' id='word_1_253' title='bbox 783 2993 984 3054; x_wconf 87' lang='lat' dir='ltr'><strong>monet</strong></span> <span class='ocrx_word' id='word_1_254' title='bbox 1009 2979 1421 3062; x_wconf 43' lang='lat' dir='ltr'><strong>nos&#39;expetere</strong></span> <span class='ocrx_word' id='word_1_255' title='bbox 1471 2991 1749 3046; x_wconf 89' lang='lat' dir='ltr'><strong>omnibus</strong></span> <span class='ocrx_word' id='word_1_256' title='bbox 1801 2991 1914 3048; x_wconf 89' lang='lat' dir='ltr'><strong>hoc</strong></span> 
     </span>
    </p>
   </div>
   <div class='ocr_carea' id='block_1_34' title="bbox 2018 499 3672 574">
    <p class='ocr_par' dir='ltr' id='par_1_34' title="bbox 2018 499 3672 574">
     <span class='ocr_line' id='line_1_34' title="bbox 2018 499 3672 574; baseline 0.005 -20"><span class='ocrx_word' id='word_1_257' title='bbox 2018 499 2169 562; x_wconf 85' lang='lat' dir='ltr'><strong>Satis</strong></span> <span class='ocrx_word' id='word_1_258' title='bbox 2182 501 2569 571; x_wconf 86' lang='lat' dir='ltr'><strong>potesthomo</strong></span> <span class='ocrx_word' id='word_1_259' title='bbox 2585 499 3052 571; x_wconf 79' lang='lat' dir='ltr'><strong>misericors,qui</strong></span> <span class='ocrx_word' id='word_1_260' title='bbox 3069 517 3196 556; x_wconf 90' lang='lat' dir='ltr'><strong>cum</strong></span> <span class='ocrx_word' id='word_1_261' title='bbox 3225 503 3339 560; x_wconf 83' lang='lat' dir='ltr'><strong>Deo</strong></span> <span class='ocrx_word' id='word_1_262' title='bbox 3361 501 3434 566; x_wconf 79' lang='lat' dir='ltr'><strong>de</strong></span> <span class='ocrx_word' id='word_1_263' title='bbox 3459 503 3672 574; x_wconf 81' lang='lat' dir='ltr'><strong>pietate</strong></span> 
     </span>
    </p>
   </div>
   <div class='ocr_carea' id='block_1_35' title="bbox 2017 587 3669 662">
    <p class='ocr_par' dir='ltr' id='par_1_35' title="bbox 2017 587 3669 662">
     <span class='ocr_line' id='line_1_35' title="bbox 2017 587 3669 662; baseline 0.007 -20"><span class='ocrx_word' id='word_1_264' title='bbox 2017 588 2298 657; x_wconf 85' lang='lat' dir='ltr'><strong>conﬂigit.</strong></span> <span class='ocrx_word' id='word_1_265' title='bbox 2323 607 2459 650; x_wconf 90' lang='lat' dir='ltr'><strong>cum</strong></span> <span class='ocrx_word' id='word_1_266' title='bbox 2493 593 2724 650; x_wconf 84' lang='lat' dir='ltr'><strong>tantum</strong></span> <span class='ocrx_word' id='word_1_267' title='bbox 2756 590 2866 646; x_wconf 87' lang='lat' dir='ltr'><strong>sibi</strong></span> <span class='ocrx_word' id='word_1_268' title='bbox 2899 587 3024 648; x_wconf 86' lang='lat' dir='ltr'><strong>dari</strong></span> <span class='ocrx_word' id='word_1_269' title='bbox 3075 596 3370 662; x_wconf 81' lang='lat' dir='ltr'><strong>quantum</strong></span> <span class='ocrx_word' id='word_1_270' title='bbox 3423 592 3669 660; x_wconf 75' lang='lat' dir='ltr'><strong>dederit,</strong></span> 
     </span>
    </p>
   </div>
   <div class='ocr_carea' id='block_1_36' title="bbox 2017 679 3669 750">
    <p class='ocr_par' dir='ltr' id='par_1_36' title="bbox 2017 679 3669 750">
     <span class='ocr_line' id='line_1_36' title="bbox 2017 679 3669 750; baseline 0.001 -16"><span class='ocrx_word' id='word_1_271' title='bbox 2017 688 2314 750; x_wconf 84' lang='lat' dir='ltr'><strong>quantum</strong></span> <span class='ocrx_word' id='word_1_272' title='bbox 2347 680 2676 744; x_wconf 89' lang='lat' dir='ltr'><strong>donaverit,</strong></span> <span class='ocrx_word' id='word_1_273' title='bbox 2707 684 2938 738; x_wconf 87' lang='lat' dir='ltr'><strong>tantum</strong></span> <span class='ocrx_word' id='word_1_274' title='bbox 2976 679 3277 737; x_wconf 88' lang='lat' dir='ltr'><strong>desiderat</strong></span> <span class='ocrx_word' id='word_1_275' title='bbox 3325 684 3381 738; x_wconf 90' lang='lat' dir='ltr'><strong>et</strong></span> <span class='ocrx_word' id='word_1_276' title='bbox 3435 681 3669 746; x_wconf 84' lang='lat' dir='ltr'><strong>donari.</strong></span> 
     </span>
    </p>
   </div>
   <div class='ocr_carea' id='block_1_37' title="bbox 2020 768 3675 840">
    <p class='ocr_par' dir='ltr' id='par_1_37' title="bbox 2020 768 3675 840">
     <span class='ocr_line' id='line_1_37' title="bbox 2020 768 3675 840; baseline 0.007 -19"><span class='ocrx_word' id='word_1_277' title='bbox 2020 769 2229 833; x_wconf 88' lang='lat' dir='ltr'><strong>Homo,</strong></span> <span class='ocrx_word' id='word_1_278' title='bbox 2259 783 2494 840; x_wconf 88' lang='lat' dir='ltr'><strong>semper</strong></span> <span class='ocrx_word' id='word_1_279' title='bbox 2522 768 2581 824; x_wconf 92' lang='lat' dir='ltr'><strong>in</strong></span> <span class='ocrx_word' id='word_1_280' title='bbox 2605 773 2842 839; x_wconf 88' lang='lat' dir='ltr'><strong>pectore</strong></span> <span class='ocrx_word' id='word_1_281' title='bbox 2874 773 2976 824; x_wconf 92' lang='lat' dir='ltr'><strong>tuo</strong></span> <span class='ocrx_word' id='word_1_282' title='bbox 3005 769 3197 839; x_wconf 83' lang='lat' dir='ltr'><strong>venia,</strong></span> <span class='ocrx_word' id='word_1_283' title='bbox 3227 769 3274 824; x_wconf 90' lang='lat' dir='ltr'><strong>si</strong></span> <span class='ocrx_word' id='word_1_284' title='bbox 3304 770 3392 828; x_wconf 85' lang='lat' dir='ltr'><strong>vis</strong></span> <span class='ocrx_word' id='word_1_285' title='bbox 3428 771 3675 838; x_wconf 83' lang='lat' dir='ltr'><strong>crimina</strong></span> 
     </span>
    </p>
   </div>
   <div class='ocr_carea' id='block_1_38' title="bbox 2021 857 2398 914">
    <p class='ocr_par' dir='ltr' id='par_1_38' title="bbox 2021 857 2398 914">
     <span class='ocr_line' id='line_1_38' title="bbox 2021 857 2398 914; baseline 0.003 -3"><span class='ocrx_word' id='word_1_286' title='bbox 2021 871 2144 914; x_wconf 88' lang='lat' dir='ltr'><strong>non</strong></span> <span class='ocrx_word' id='word_1_287' title='bbox 2173 857 2398 914; x_wconf 86' lang='lat' dir='ltr'><strong>timere.</strong></span> 
     </span>
    </p>
   </div>
   <div class='ocr_carea' id='block_1_39' title="bbox 2093 945 3674 1020">
    <p class='ocr_par' dir='ltr' id='par_1_39' title="bbox 2093 945 3674 1020">
     <span class='ocr_line' id='line_1_39' title="bbox 2093 945 3674 1020; baseline 0.001 -20"><span class='ocrx_word' id='word_1_288' title='bbox 2093 945 2168 1000; x_wconf 85' lang='lat' dir='ltr'><strong>Et</strong></span> <span class='ocrx_word' id='word_1_289' title='bbox 2201 961 2268 1004; x_wconf 82' lang='lat' dir='ltr'><strong>ns</strong></span> <span class='ocrx_word' id='word_1_290' title='bbox 2296 961 2399 1004; x_wconf 83' lang='lat' dir='ltr'><strong>nos</strong></span> <span class='ocrx_word' id='word_1_291' title='bbox 2424 946 2650 1004; x_wconf 74' lang='lat' dir='ltr'><strong>inducas</strong></span> <span class='ocrx_word' id='word_1_292' title='bbox 2667 945 2725 1002; x_wconf 86' lang='lat' dir='ltr'><strong>in</strong></span> <span class='ocrx_word' id='word_1_293' title='bbox 2756 945 3149 1006; x_wconf 85' lang='lat' dir='ltr'><strong>tentationem.</strong></span> <span class='ocrx_word' id='word_1_294' title='bbox 3174 948 3304 1006; x_wconf 69' lang='lat' dir='ltr'><strong>Haec</strong></span> <span class='ocrx_word' id='word_1_295' title='bbox 3326 946 3674 1020; x_wconf 64' lang='lat' dir='ltr'><strong>interprete.</strong></span> 
     </span>
    </p>
   </div>
   <div class='ocr_carea' id='block_1_40' title="bbox 2024 1032 3674 1108">
    <p class='ocr_par' dir='ltr' id='par_1_40' title="bbox 2024 1032 3674 1108">
     <span class='ocr_line' id='line_1_40' title="bbox 2024 1032 3674 1108; baseline 0.002 -16"><span class='ocrx_word' id='word_1_296' title='bbox 2024 1032 2180 1092; x_wconf 86' lang='lat' dir='ltr'><strong>tione</strong></span> <span class='ocrx_word' id='word_1_297' title='bbox 2204 1048 2322 1092; x_wconf 89' lang='lat' dir='ltr'><strong>non</strong></span> <span class='ocrx_word' id='word_1_298' title='bbox 2347 1034 2633 1104; x_wconf 87' lang='lat' dir='ltr'><strong>indigent,</strong></span> <span class='ocrx_word' id='word_1_299' title='bbox 2652 1035 2797 1107; x_wconf 88' lang='lat' dir='ltr'><strong>quia</strong></span> <span class='ocrx_word' id='word_1_300' title='bbox 2837 1037 3078 1091; x_wconf 88' lang='lat' dir='ltr'><strong>tcntatio</strong></span> <span class='ocrx_word' id='word_1_301' title='bbox 3105 1035 3327 1096; x_wconf 88' lang='lat' dir='ltr'><strong>diaboli</strong></span> <span class='ocrx_word' id='word_1_302' title='bbox 3362 1038 3585 1108; x_wconf 74' lang='lat' dir='ltr'><strong>prmvia</strong></span> <span class='ocrx_word' id='word_1_303' title='bbox 3619 1048 3674 1098; x_wconf 91' lang='lat' dir='ltr'><strong>et</strong></span> 
     </span>
    </p>
   </div>
   <div class='ocr_carea' id='block_1_41' title="bbox 2024 1123 3676 1198">
    <p class='ocr_par' dir='ltr' id='par_1_41' title="bbox 2024 1123 3676 1198">
     <span class='ocr_line' id='line_1_41' title="bbox 2024 1123 3676 1198; baseline 0.004 -18"><span class='ocrx_word' id='word_1_304' title='bbox 2024 1136 2234 1184; x_wconf 87' lang='lat' dir='ltr'><strong>amara</strong></span> <span class='ocrx_word' id='word_1_305' title='bbox 2261 1123 2534 1184; x_wconf 84' lang='lat' dir='ltr'><strong>ministra</strong></span> <span class='ocrx_word' id='word_1_306' title='bbox 2559 1130 2668 1198; x_wconf 86' lang='lat' dir='ltr'><strong>est,</strong></span> <span class='ocrx_word' id='word_1_307' title='bbox 2697 1123 2987 1191; x_wconf 86' lang='lat' dir='ltr'><strong>Quamdiu</strong></span> <span class='ocrx_word' id='word_1_308' title='bbox 3000 1140 3138 1180; x_wconf 88' lang='lat' dir='ltr'><strong>vero</strong></span> <span class='ocrx_word' id='word_1_309' title='bbox 3150 1123 3263 1181; x_wconf 91' lang='lat' dir='ltr'><strong>hoc</strong></span> <span class='ocrx_word' id='word_1_310' title='bbox 3282 1125 3474 1195; x_wconf 81' lang='lat' dir='ltr'><strong>fragili</strong></span> <span class='ocrx_word' id='word_1_311' title='bbox 3493 1128 3676 1190; x_wconf 86' lang='lat' dir='ltr'><strong>conti-</strong></span> 
     </span>
    </p>
   </div>
   <div class='ocr_carea' id='block_1_42' title="bbox 2021 1212 3674 1285">
    <p class='ocr_par' dir='ltr' id='par_1_42' title="bbox 2021 1212 3674 1285">
     <span class='ocr_line' id='line_1_42' title="bbox 2021 1212 3674 1285; baseline -0.001 -13"><span class='ocrx_word' id='word_1_312' title='bbox 2021 1215 2193 1280; x_wconf 79' lang='lat' dir='ltr'><strong>netur</strong></span> <span class='ocrx_word' id='word_1_313' title='bbox 2214 1212 2274 1278; x_wconf 90' lang='lat' dir='ltr'><strong>in</strong></span> <span class='ocrx_word' id='word_1_314' title='bbox 2304 1229 2573 1284; x_wconf 82' lang='lat' dir='ltr'><strong>corpore,</strong></span> <span class='ocrx_word' id='word_1_315' title='bbox 2608 1214 2942 1276; x_wconf 83' lang='lat' dir='ltr'><strong>necessario</strong></span> <span class='ocrx_word' id='word_1_316' title='bbox 2970 1219 3245 1285; x_wconf 84' lang='lat' dir='ltr'><strong>precatur</strong></span> <span class='ocrx_word' id='word_1_317' title='bbox 3278 1215 3420 1280; x_wconf 85' lang='lat' dir='ltr'><strong>utin</strong></span> <span class='ocrx_word' id='word_1_318' title='bbox 3438 1230 3549 1272; x_wconf 91' lang='lat' dir='ltr'><strong>nos</strong></span> <span class='ocrx_word' id='word_1_319' title='bbox 3566 1232 3674 1274; x_wconf 81' lang='lat' dir='ltr'><strong>nec</strong></span> 
     </span>
    </p>
   </div>
   <div class='ocr_carea' id='block_1_43' title="bbox 2021 1302 3678 1373">
    <p class='ocr_par' dir='ltr' id='par_1_43' title="bbox 2021 1302 3678 1373">
     <span class='ocr_line' id='line_1_43' title="bbox 2021 1302 3678 1373; baseline 0.001 -13"><span class='ocrx_word' id='word_1_320' title='bbox 2021 1302 2330 1360; x_wconf 62' lang='lat' dir='ltr'><strong>mutationi</strong></span> <span class='ocrx_word' id='word_1_321' title='bbox 2356 1307 2553 1373; x_wconf 85' lang='lat' dir='ltr'><strong>pateat</strong></span> <span class='ocrx_word' id='word_1_322' title='bbox 2565 1303 2788 1369; x_wconf 82' lang='lat' dir='ltr'><strong>aditus,</strong></span> <span class='ocrx_word' id='word_1_323' title='bbox 2806 1320 2912 1360; x_wconf 90' lang='lat' dir='ltr'><strong>nec</strong></span> <span class='ocrx_word' id='word_1_324' title='bbox 2924 1303 3168 1362; x_wconf 88' lang='lat' dir='ltr'><strong>diabolo</strong></span> <span class='ocrx_word' id='word_1_325' title='bbox 3183 1302 3472 1362; x_wconf 86' lang='lat' dir='ltr'><strong>tribuatur</strong></span> <span class='ocrx_word' id='word_1_326' title='bbox 3484 1321 3678 1365; x_wconf 82' lang='lat' dir='ltr'><strong>eccos.-</strong></span> 
     </span>
    </p>
   </div>
   <div class='ocr_carea' id='block_1_44' title="bbox 2021 1390 3680 1464">
    <p class='ocr_par' dir='ltr' id='par_1_44' title="bbox 2021 1390 3680 1464">
     <span class='ocr_line' id='line_1_44' title="bbox 2021 1390 3680 1464; baseline 0.004 -20"><span class='ocrx_word' id='word_1_327' title='bbox 2021 1406 2141 1444; x_wconf 87' lang='lat' dir='ltr'><strong>sus.</strong></span> <span class='ocrx_word' id='word_1_328' title='bbox 2167 1390 2276 1445; x_wconf 80' lang='lat' dir='ltr'><strong>Sed</strong></span> <span class='ocrx_word' id='word_1_329' title='bbox 2294 1391 2470 1448; x_wconf 82' lang='lat' dir='ltr'><strong>libera</strong></span> <span class='ocrx_word' id='word_1_330' title='bbox 2490 1408 2594 1450; x_wconf 83' lang='lat' dir='ltr'><strong>nos</strong></span> <span class='ocrx_word' id='word_1_331' title='bbox 2624 1408 2660 1450; x_wconf 86' lang='grc' dir='ltr'><em>α</em></span> <span class='ocrx_word' id='word_1_332' title='bbox 2678 1395 2829 1450; x_wconf 82' lang='lat' dir='ltr'><strong>male</strong></span> <span class='ocrx_word' id='word_1_333' title='bbox 2854 1409 2865 1447; x_wconf 88' lang='lat'>:</span> <span class='ocrx_word' id='word_1_334' title='bbox 2901 1393 3025 1464; x_wconf 91' lang='lat' dir='ltr'><strong>ipse</strong></span> <span class='ocrx_word' id='word_1_335' title='bbox 3038 1396 3237 1450; x_wconf 87' lang='lat' dir='ltr'><strong>autem</strong></span> <span class='ocrx_word' id='word_1_336' title='bbox 3259 1393 3548 1452; x_wconf 87' lang='lat' dir='ltr'><strong>Dominus</strong></span> <span class='ocrx_word' id='word_1_337' title='bbox 3576 1409 3680 1452; x_wconf 88' lang='lat' dir='ltr'><strong>no-</strong></span> 
     </span>
    </p>
   </div>
   <div class='ocr_carea' id='block_1_45' title="bbox 2023 1480 3681 1553">
    <p class='ocr_par' dir='ltr' id='par_1_45' title="bbox 2023 1480 3681 1553">
     <span class='ocr_line' id='line_1_45' title="bbox 2023 1480 3681 1553; baseline 0.004 -21"><span class='ocrx_word' id='word_1_338' title='bbox 2023 1483 2141 1534; x_wconf 89' lang='lat' dir='ltr'><strong>ster</strong></span> <span class='ocrx_word' id='word_1_339' title='bbox 2169 1480 2338 1534; x_wconf 85' lang='lat' dir='ltr'><strong>Jesus</strong></span> <span class='ocrx_word' id='word_1_340' title='bbox 2370 1481 2629 1535; x_wconf 79' lang='lat' dir='ltr'><strong>Christus</strong></span> <span class='ocrx_word' id='word_1_341' title='bbox 2667 1481 2874 1550; x_wconf 79' lang='lat' dir='ltr'><strong>liberet</strong></span> <span class='ocrx_word' id='word_1_342' title='bbox 2913 1497 3023 1550; x_wconf 83' lang='lat' dir='ltr'><strong>nos</strong></span> <span class='ocrx_word' id='word_1_343' title='bbox 3054 1497 3088 1546; x_wconf 88' lang='lat' dir='ltr'><strong>a</strong></span> <span class='ocrx_word' id='word_1_344' title='bbox 3113 1481 3272 1537; x_wconf 92' lang='lat' dir='ltr'><strong>malo</strong></span> <span class='ocrx_word' id='word_1_345' title='bbox 3318 1483 3681 1553; x_wconf 89' lang='lat' dir='ltr'><strong>etperducat</strong></span> 
     </span>
    </p>
   </div>
   <div class='ocr_carea' id='block_1_46' title="bbox 2020 1567 3682 1642">
    <p class='ocr_par' dir='ltr' id='par_1_46' title="bbox 2020 1567 3682 1642">
     <span class='ocr_line' id='line_1_46' title="bbox 2020 1567 3682 1642; baseline 0.002 -20"><span class='ocrx_word' id='word_1_346' title='bbox 2020 1567 2098 1623; x_wconf 91' lang='lat' dir='ltr'><strong>ad</strong></span> <span class='ocrx_word' id='word_1_347' title='bbox 2129 1584 2304 1623; x_wconf 90' lang='lat' dir='ltr'><strong>omne</strong></span> <span class='ocrx_word' id='word_1_348' title='bbox 2334 1568 2583 1632; x_wconf 90' lang='lat' dir='ltr'><strong>bonum.</strong></span> <span class='ocrx_word' id='word_1_349' title='bbox 2619 1571 2722 1642; x_wconf 88' lang='lat' dir='ltr'><strong>qui</strong></span> <span class='ocrx_word' id='word_1_350' title='bbox 2762 1570 2901 1625; x_wconf 88' lang='lat' dir='ltr'><strong>vivit</strong></span> <span class='ocrx_word' id='word_1_351' title='bbox 2929 1575 2984 1625; x_wconf 90' lang='lat' dir='ltr'><strong>et</strong></span> <span class='ocrx_word' id='word_1_352' title='bbox 3019 1575 3186 1642; x_wconf 90' lang='lat' dir='ltr'><strong>regat</strong></span> <span class='ocrx_word' id='word_1_353' title='bbox 3218 1573 3368 1626; x_wconf 88' lang='lat' dir='ltr'><strong>Deus</strong></span> <span class='ocrx_word' id='word_1_354' title='bbox 3416 1571 3596 1628; x_wconf 90' lang='lat' dir='ltr'><strong>modo</strong></span> <span class='ocrx_word' id='word_1_355' title='bbox 3626 1576 3682 1626; x_wconf 91' lang='lat' dir='ltr'><strong>et</strong></span> 
     </span>
    </p>
   </div>
   <div class='ocr_carea' id='block_1_47' title="bbox 2020 1657 3533 1728">
    <p class='ocr_par' dir='ltr' id='par_1_47' title="bbox 2020 1657 3533 1728">
     <span class='ocr_line' id='line_1_47' title="bbox 2020 1657 3533 1728; baseline 0.002 -17"><span class='ocrx_word' id='word_1_356' title='bbox 2020 1671 2260 1728; x_wconf 84' lang='lat' dir='ltr'><strong>semper</strong></span> <span class='ocrx_word' id='word_1_357' title='bbox 2289 1672 2394 1728; x_wconf 81' lang='lat' dir='ltr'><strong>per</strong></span> <span class='ocrx_word' id='word_1_358' title='bbox 2411 1657 2648 1714; x_wconf 82' lang='lat' dir='ltr'><strong>inﬁnita</strong></span> <span class='ocrx_word' id='word_1_359' title='bbox 2677 1659 2888 1715; x_wconf 69' lang='lat' dir='ltr'><strong>secula</strong></span> <span class='ocrx_word' id='word_1_360' title='bbox 2920 1659 3295 1715; x_wconf 64' lang='lat' dir='ltr'><strong>siliculorum.</strong></span> <span class='ocrx_word' id='word_1_361' title='bbox 3326 1666 3533 1716; x_wconf 85' lang='lat' dir='ltr'><strong>Amen.</strong></span> 
     </span>
    </p>
   </div>
   <div class='ocr_carea' id='block_1_48' title="bbox 2633 1746 3050 1805">
    <p class='ocr_par' dir='ltr' id='par_1_48' title="bbox 2633 1746 3050 1805">
     <span class='ocr_line' id='line_1_48' title="bbox 2633 1746 3050 1805; baseline 0 -3"><span class='ocrx_word' id='word_1_362' title='bbox 2633 1746 2657 1782; x_wconf 85' lang='grc'><strong>⁴¹</strong></span> <span class='ocrx_word' id='word_1_363' title='bbox 2695 1748 2929 1805; x_wconf 79' lang='lat' dir='ltr'><strong>SERMO</strong></span> <span class='ocrx_word' id='word_1_364' title='bbox 2963 1749 3050 1802; x_wconf 82' lang='lat' dir='ltr'><strong>VI.</strong></span> 
     </span>
    </p>
   </div>
   <div class='ocr_carea' id='block_1_49' title="bbox 2020 1834 3679 1908">
    <p class='ocr_par' dir='ltr' id='par_1_49' title="bbox 2020 1834 3679 1908">
     <span class='ocr_line' id='line_1_49' title="bbox 2020 1834 3679 1908; baseline 0.001 -16"><span class='ocrx_word' id='word_1_365' title='bbox 2020 1835 2100 1892; x_wconf 87' lang='lat' dir='ltr'><strong>De</strong></span> <span class='ocrx_word' id='word_1_366' title='bbox 2122 1834 2318 1894; x_wconf 80' lang='lat' dir='ltr'><strong>verbis</strong></span> <span class='ocrx_word' id='word_1_367' title='bbox 2351 1835 2647 1906; x_wconf 83' lang='lat' dir='ltr'><strong>Evangelii</strong></span> <span class='ocrx_word' id='word_1_368' title='bbox 2679 1837 2880 1894; x_wconf 75' lang='lat' dir='ltr'><strong>Matth.</strong></span> <span class='ocrx_word' id='word_1_369' title='bbox 2903 1853 3016 1894; x_wconf 84' lang='lat' dir='ltr'><strong>xvu</strong></span> <span class='ocrx_word' id='word_1_370' title='bbox 3040 1855 3052 1892; x_wconf 77' lang='grc' dir='ltr'>ε</span> <span class='ocrx_word' id='word_1_371' title='bbox 3078 1839 3206 1894; x_wconf 83' lang='lat' dir='ltr'><strong>Hoc</strong></span> <span class='ocrx_word' id='word_1_372' title='bbox 3226 1854 3406 1908; x_wconf 74' lang='lat' dir='ltr'><strong>genus</strong></span> <span class='ocrx_word' id='word_1_373' title='bbox 3437 1839 3497 1894; x_wconf 80' lang='lat' dir='ltr'><strong>in</strong></span> <span class='ocrx_word' id='word_1_374' title='bbox 3517 1835 3679 1896; x_wconf 78' lang='lat' dir='ltr'><strong>nullo</strong></span> 
     </span>
    </p>
   </div>
   <div class='ocr_carea' id='block_1_50' title="bbox 2329 1924 3378 1998">
    <p class='ocr_par' dir='ltr' id='par_1_50' title="bbox 2329 1924 3378 1998">
     <span class='ocr_line' id='line_1_50' title="bbox 2329 1924 3378 1998; baseline 0.002 -18"><span class='ocrx_word' id='word_1_375' title='bbox 2329 1924 2582 1994; x_wconf 78' lang='lat' dir='ltr'><strong>ejicitur,</strong></span> <span class='ocrx_word' id='word_1_376' title='bbox 2608 1925 2728 1982; x_wconf 87' lang='lat' dir='ltr'><strong>nisi</strong></span> <span class='ocrx_word' id='word_1_377' title='bbox 2757 1927 3028 1986; x_wconf 73' lang='lat' dir='ltr'><strong>oratione</strong></span> <span class='ocrx_word' id='word_1_378' title='bbox 3057 1933 3108 1984; x_wconf 88' lang='lat' dir='ltr'><strong>et</strong></span> <span class='ocrx_word' id='word_1_379' title='bbox 3123 1927 3378 1998; x_wconf 77' lang='lat' dir='ltr'><strong>jejunio.</strong></span> 
     </span>
    </p>
   </div>
   <div class='ocr_carea' id='block_1_51' title="bbox 2095 2011 3682 2086">
    <p class='ocr_par' dir='ltr' id='par_1_51' title="bbox 2095 2011 3682 2086">
     <span class='ocr_line' id='line_1_51' title="bbox 2095 2011 3682 2086; baseline 0.003 -16"><span class='ocrx_word' id='word_1_380' title='bbox 2095 2011 2398 2070; x_wconf 75' lang='lat' dir='ltr'><strong>Adversus</strong></span> <span class='ocrx_word' id='word_1_381' title='bbox 2409 2012 2747 2070; x_wconf 82' lang='lat' dir='ltr'><strong>daemonum</strong></span> <span class='ocrx_word' id='word_1_382' title='bbox 2762 2015 3070 2086; x_wconf 80' lang='lat' dir='ltr'><strong>nequitiam</strong></span> <span class='ocrx_word' id='word_1_383' title='bbox 3090 2032 3217 2086; x_wconf 69' lang='lat' dir='ltr'><strong>quea</strong></span> <span class='ocrx_word' id='word_1_384' title='bbox 3231 2015 3394 2071; x_wconf 89' lang='lat' dir='ltr'><strong>nobis</strong></span> <span class='ocrx_word' id='word_1_385' title='bbox 3409 2014 3682 2074; x_wconf 85' lang='lat' dir='ltr'><strong>Dominus</strong></span> 
     </span>
    </p>
   </div>
   <div class='ocr_carea' id='block_1_52' title="bbox 2027 2102 3679 2176">
    <p class='ocr_par' dir='ltr' id='par_1_52' title="bbox 2027 2102 3679 2176">
     <span class='ocr_line' id='line_1_52' title="bbox 2027 2102 3679 2176; baseline 0.005 -18"><span class='ocrx_word' id='word_1_386' title='bbox 2027 2117 2197 2162; x_wconf 80' lang='lat' dir='ltr'><strong>arma</strong></span> <span class='ocrx_word' id='word_1_387' title='bbox 2225 2102 2506 2170; x_wconf 87' lang='lat' dir='ltr'><strong>ostendit,</strong></span> <span class='ocrx_word' id='word_1_388' title='bbox 2528 2103 2817 2170; x_wconf 88' lang='lat' dir='ltr'><strong>debemus</strong></span> <span class='ocrx_word' id='word_1_389' title='bbox 2846 2105 3050 2176; x_wconf 85' lang='lat' dir='ltr'><strong>utique</strong></span> <span class='ocrx_word' id='word_1_390' title='bbox 3073 2105 3343 2162; x_wconf 76' lang='lat' dir='ltr'><strong>retinere.</strong></span> <span class='ocrx_word' id='word_1_391' title='bbox 3395 2105 3542 2174; x_wconf 76' lang='lat' dir='ltr'><strong>Hoc,</strong></span> <span class='ocrx_word' id='word_1_392' title='bbox 3573 2105 3679 2169; x_wconf 77' lang='lat' dir='ltr'><strong>ait.</strong></span> 
     </span>
    </p>
   </div>
   <div class='ocr_carea' id='block_1_53' title="bbox 2025 2188 3683 2262">
    <p class='ocr_par' dir='ltr' id='par_1_53' title="bbox 2025 2188 3683 2262">
     <span class='ocr_line' id='line_1_53' title="bbox 2025 2188 3683 2262; baseline 0.004 -16"><span class='ocrx_word' id='word_1_393' title='bbox 2025 2205 2209 2260; x_wconf 80' lang='lat' dir='ltr'><strong>genus</strong></span> <span class='ocrx_word' id='word_1_394' title='bbox 2237 2188 2299 2246; x_wconf 85' lang='lat' dir='ltr'><strong>in</strong></span> <span class='ocrx_word' id='word_1_395' title='bbox 2322 2192 2488 2246; x_wconf 79' lang='lat' dir='ltr'><strong>nullo</strong></span> <span class='ocrx_word' id='word_1_396' title='bbox 2509 2193 2766 2260; x_wconf 80' lang='lat' dir='ltr'><strong>sjicitur,</strong></span> <span class='ocrx_word' id='word_1_397' title='bbox 2788 2192 2907 2249; x_wconf 87' lang='lat' dir='ltr'><strong>nisi</strong></span> <span class='ocrx_word' id='word_1_398' title='bbox 2929 2194 2988 2250; x_wconf 85' lang='lat' dir='ltr'><strong>in</strong></span> <span class='ocrx_word' id='word_1_399' title='bbox 3042 2191 3304 2250; x_wconf 72' lang='lat' dir='ltr'><strong>oratione</strong></span> <span class='ocrx_word' id='word_1_400' title='bbox 3354 2199 3406 2250; x_wconf 91' lang='lat' dir='ltr'><strong>et</strong></span> <span class='ocrx_word' id='word_1_401' title='bbox 3443 2193 3683 2262; x_wconf 69' lang='lat' dir='ltr'><strong>jqjunic</strong></span> 
     </span>
    </p>
   </div>
   <div class='ocr_carea' id='block_1_54' title="bbox 2027 2279 3679 2353">
    <p class='ocr_par' dir='ltr' id='par_1_54' title="bbox 2027 2279 3679 2353">
     <span class='ocr_line' id='line_1_54' title="bbox 2027 2279 3679 2353; baseline 0.003 -18"><span class='ocrx_word' id='word_1_402' title='bbox 2027 2279 2270 2351; x_wconf 73' lang='lat' dir='ltr'><strong>(Matth.</strong></span> <span class='ocrx_word' id='word_1_403' title='bbox 2302 2296 2442 2344; x_wconf 85' lang='lat' dir='ltr'><strong>xvn,</strong></span> <span class='ocrx_word' id='word_1_404' title='bbox 2475 2283 2582 2349; x_wconf 70' lang='grc' dir='ltr'><strong>ΕΟ).</strong></span> <span class='ocrx_word' id='word_1_405' title='bbox 2618 2283 2749 2336; x_wconf 71' lang='lat' dir='ltr'><strong>Hinc</strong></span> <span class='ocrx_word' id='word_1_406' title='bbox 2778 2297 2916 2336; x_wconf 89' lang='lat' dir='ltr'><strong>cum</strong></span> <span class='ocrx_word' id='word_1_407' title='bbox 2948 2280 3126 2353; x_wconf 88' lang='lat' dir='ltr'><strong>plena</strong></span> <span class='ocrx_word' id='word_1_408' title='bbox 3158 2282 3275 2338; x_wconf 82' lang='lat' dir='ltr'><strong>ﬁde</strong></span> <span class='ocrx_word' id='word_1_409' title='bbox 3313 2286 3679 2346; x_wconf 72' lang='lat' dir='ltr'><strong>exercentur,</strong></span> 
     </span>
    </p>
   </div>
   <div class='ocr_carea' id='block_1_55' title="bbox 2025 2369 3684 2442">
    <p class='ocr_par' dir='ltr' id='par_1_55' title="bbox 2025 2369 3684 2442">
     <span class='ocr_line' id='line_1_55' title="bbox 2025 2369 3684 2442; baseline 0.002 -18"><span class='ocrx_word' id='word_1_410' title='bbox 2025 2369 2214 2440; x_wconf 90' lang='lat' dir='ltr'><strong>pietas</strong></span> <span class='ocrx_word' id='word_1_411' title='bbox 2243 2373 2349 2424; x_wconf 90' lang='lat' dir='ltr'><strong>est.</strong></span> <span class='ocrx_word' id='word_1_412' title='bbox 2381 2369 2570 2426; x_wconf 85' lang='lat' dir='ltr'><strong>Pietas</strong></span> <span class='ocrx_word' id='word_1_413' title='bbox 2587 2375 2791 2426; x_wconf 89' lang='lat' dir='ltr'><strong>autem</strong></span> <span class='ocrx_word' id='word_1_414' title='bbox 2821 2370 2899 2426; x_wconf 90' lang='lat' dir='ltr'><strong>ad</strong></span> <span class='ocrx_word' id='word_1_415' title='bbox 2917 2371 3110 2427; x_wconf 89' lang='lat' dir='ltr'><strong>omnia</strong></span> <span class='ocrx_word' id='word_1_416' title='bbox 3137 2369 3295 2428; x_wconf 89' lang='lat' dir='ltr'><strong>utilis</strong></span> <span class='ocrx_word' id='word_1_417' title='bbox 3309 2371 3684 2442; x_wconf 87' lang='lat' dir='ltr'><strong>est,promis—</strong></span> 
     </span>
    </p>
   </div>
   <div class='ocr_carea' id='block_1_56' title="bbox 2027 2457 3679 2529">
    <p class='ocr_par' dir='ltr' id='par_1_56' title="bbox 2027 2457 3679 2529">
     <span class='ocr_line' id='line_1_56' title="bbox 2027 2457 3679 2529; baseline 0.001 -17"><span class='ocrx_word' id='word_1_418' title='bbox 2027 2457 2254 2513; x_wconf 89' lang='lat' dir='ltr'><strong>sionem</strong></span> <span class='ocrx_word' id='word_1_419' title='bbox 2284 2457 2517 2513; x_wconf 89' lang='lat' dir='ltr'><strong>habens</strong></span> <span class='ocrx_word' id='word_1_420' title='bbox 2549 2457 2685 2513; x_wconf 74' lang='lat' dir='ltr'><strong>vitm</strong></span> <span class='ocrx_word' id='word_1_421' title='bbox 2711 2459 3024 2529; x_wconf 69' lang='lat' dir='ltr'><strong>prmsentis</strong></span> <span class='ocrx_word' id='word_1_422' title='bbox 3047 2458 3325 2514; x_wconf 68' lang='lat' dir='ltr'><strong>etfuturaa</strong></span> <span class='ocrx_word' id='word_1_423' title='bbox 3357 2461 3399 2529; x_wconf 90' lang='grc' dir='ltr'>(Ι</span> <span class='ocrx_word' id='word_1_424' title='bbox 3427 2460 3570 2516; x_wconf 88' lang='lat' dir='ltr'><strong>Tim.</strong></span> <span class='ocrx_word' id='word_1_425' title='bbox 3602 2475 3679 2525; x_wconf 78' lang='lat' dir='ltr'><strong>xv,</strong></span> 
     </span>
    </p>
   </div>
   <div class='ocr_carea' id='block_1_57' title="bbox 2026 2545 3683 2619">
    <p class='ocr_par' dir='ltr' id='par_1_57' title="bbox 2026 2545 3683 2619">
     <span class='ocr_line' id='line_1_57' title="bbox 2026 2545 3683 2619; baseline 0.001 -18"><span class='ocrx_word' id='word_1_426' title='bbox 2026 2545 2104 2616; x_wconf 88' lang='lat'><strong>8).</strong></span> <span class='ocrx_word' id='word_1_427' title='bbox 2131 2546 2524 2617; x_wconf 87' lang='lat' dir='ltr'><strong>Inspiciamus</strong></span> <span class='ocrx_word' id='word_1_428' title='bbox 2551 2562 2692 2619; x_wconf 88' lang='lat' dir='ltr'><strong>ergo</strong></span> <span class='ocrx_word' id='word_1_429' title='bbox 2720 2546 2936 2602; x_wconf 88' lang='lat' dir='ltr'><strong>utiliter</strong></span> <span class='ocrx_word' id='word_1_430' title='bbox 2956 2547 3242 2602; x_wconf 86' lang='lat' dir='ltr'><strong>orationis</strong></span> <span class='ocrx_word' id='word_1_431' title='bbox 3272 2547 3491 2602; x_wconf 85' lang='lat' dir='ltr'><strong>fructus</strong></span> <span class='ocrx_word' id='word_1_432' title='bbox 3521 2551 3578 2602; x_wconf 89' lang='lat' dir='ltr'><strong>et</strong></span> <span class='ocrx_word' id='word_1_433' title='bbox 3601 2548 3683 2617; x_wconf 90' lang='lat' dir='ltr'><strong>je-</strong></span> 
     </span>
    </p>
   </div>
   <div class='ocr_carea' id='block_1_58' title="bbox 2019 2635 3682 2710">
    <p class='ocr_par' dir='ltr' id='par_1_58' title="bbox 2019 2635 3682 2710">
     <span class='ocr_line' id='line_1_58' title="bbox 2019 2635 3682 2710; baseline 0.001 -22"><span class='ocrx_word' id='word_1_434' title='bbox 2019 2635 2191 2710; x_wconf 77' lang='lat' dir='ltr'><strong>junii,</strong></span> <span class='ocrx_word' id='word_1_435' title='bbox 2209 2635 2352 2710; x_wconf 89' lang='lat' dir='ltr'><strong>quia</strong></span> <span class='ocrx_word' id='word_1_436' title='bbox 2365 2635 2492 2708; x_wconf 89' lang='lat' dir='ltr'><strong>ipsa</strong></span> <span class='ocrx_word' id='word_1_437' title='bbox 2506 2641 2641 2690; x_wconf 89' lang='lat' dir='ltr'><strong>sunt</strong></span> <span class='ocrx_word' id='word_1_438' title='bbox 2656 2651 2815 2692; x_wconf 86' lang='lat' dir='ltr'><strong>arma</strong></span> <span class='ocrx_word' id='word_1_439' title='bbox 2829 2636 3117 2690; x_wconf 90' lang='lat' dir='ltr'><strong>adversus</strong></span> <span class='ocrx_word' id='word_1_440' title='bbox 3140 2635 3441 2707; x_wconf 90' lang='lat' dir='ltr'><strong>improbas</strong></span> <span class='ocrx_word' id='word_1_441' title='bbox 3455 2636 3682 2705; x_wconf 86' lang='lat' dir='ltr'><strong>cogita.-</strong></span> 
     </span>
    </p>
   </div>
   <div class='ocr_carea' id='block_1_59' title="bbox 2026 2709 3679 2796">
    <p class='ocr_par' dir='ltr' id='par_1_59' title="bbox 2026 2709 3679 2796">
     <span class='ocr_line' id='line_1_59' title="bbox 2026 2709 3679 2796; baseline -0.002 -16"><span class='ocrx_word' id='word_1_442' title='bbox 2026 2709 2237 2780; x_wconf 82' lang='lat' dir='ltr'><strong>tiones.</strong></span> <span class='ocrx_word' id='word_1_443' title='bbox 2269 2723 2566 2794; x_wconf 83' lang='lat' dir='ltr'><strong>Jejunium</strong></span> <span class='ocrx_word' id='word_1_444' title='bbox 2589 2728 3100 2796; x_wconf 87' lang='lat' dir='ltr'><strong>purgatmentem,</strong></span> <span class='ocrx_word' id='word_1_445' title='bbox 3132 2723 3402 2778; x_wconf 87' lang='lat' dir='ltr'><strong>sublevat</strong></span> <span class='ocrx_word' id='word_1_446' title='bbox 3423 2738 3679 2790; x_wconf 85' lang='lat' dir='ltr'><strong>sensum,</strong></span> 
     </span>
    </p>
   </div>
   <div class='ocr_carea' id='block_1_60' title="bbox 2025 2811 3682 2882">
    <p class='ocr_par' dir='ltr' id='par_1_60' title="bbox 2025 2811 3682 2882">
     <span class='ocr_line' id='line_1_60' title="bbox 2025 2811 3682 2882; baseline -0.001 -15"><span class='ocrx_word' id='word_1_447' title='bbox 2025 2827 2266 2868; x_wconf 88' lang='lat' dir='ltr'><strong>carnem</strong></span> <span class='ocrx_word' id='word_1_448' title='bbox 2288 2811 2777 2882; x_wconf 89' lang='lat' dir='ltr'><strong>spirituisubjicit.</strong></span> <span class='ocrx_word' id='word_1_449' title='bbox 2793 2812 3098 2882; x_wconf 86' lang='lat' dir='ltr'><strong>Jejunium</strong></span> <span class='ocrx_word' id='word_1_450' title='bbox 3119 2827 3221 2867; x_wconf 88' lang='lat' dir='ltr'><strong>cor</strong></span> <span class='ocrx_word' id='word_1_451' title='bbox 3234 2811 3682 2878; x_wconf 81' lang='lat' dir='ltr'><strong>facitcontribu-</strong></span> 
     </span>
    </p>
   </div>
   <div class='ocr_carea' id='block_1_61' title="bbox 2022 2900 3682 2972">
    <p class='ocr_par' dir='ltr' id='par_1_61' title="bbox 2022 2900 3682 2972">
     <span class='ocr_line' id='line_1_61' title="bbox 2022 2900 3682 2972; baseline -0.001 -16"><span class='ocrx_word' id='word_1_452' title='bbox 2022 2901 2211 2956; x_wconf 90' lang='lat' dir='ltr'><strong>latum</strong></span> <span class='ocrx_word' id='word_1_453' title='bbox 2241 2905 2296 2955; x_wconf 89' lang='lat' dir='ltr'><strong>et</strong></span> <span class='ocrx_word' id='word_1_454' title='bbox 2317 2900 2707 2966; x_wconf 88' lang='lat' dir='ltr'><strong>humiliatum,</strong></span> <span class='ocrx_word' id='word_1_455' title='bbox 2740 2902 2905 2972; x_wconf 90' lang='lat' dir='ltr'><strong>quod</strong></span> <span class='ocrx_word' id='word_1_456' title='bbox 2938 2903 3090 2955; x_wconf 91' lang='lat' dir='ltr'><strong>Deus</strong></span> <span class='ocrx_word' id='word_1_457' title='bbox 3120 2915 3242 2955; x_wconf 90' lang='lat' dir='ltr'><strong>non</strong></span> <span class='ocrx_word' id='word_1_458' title='bbox 3270 2900 3682 2970; x_wconf 88' lang='lat' dir='ltr'><strong>spernit.Jeju-</strong></span> 
     </span>
    </p>
   </div>
   <div class='ocr_carea' id='block_1_62' title="bbox 2024 2987 3684 3063">
    <p class='ocr_par' dir='ltr' id='par_1_62' title="bbox 2024 2987 3684 3063">
     <span class='ocr_line' id='line_1_62' title="bbox 2024 2987 3684 3063; baseline -0.001 -20"><span class='ocrx_word' id='word_1_459' title='bbox 2024 2991 2192 3045; x_wconf 90' lang='lat' dir='ltr'><strong>nium</strong></span> <span class='ocrx_word' id='word_1_460' title='bbox 2224 2989 2712 3063; x_wconf 76' lang='lat' dir='ltr'><strong>concupiscentiae</strong></span> <span class='ocrx_word' id='word_1_461' title='bbox 2746 2989 2998 3044; x_wconf 86' lang='lat' dir='ltr'><strong>nebulas</strong></span> <span class='ocrx_word' id='word_1_462' title='bbox 3025 2989 3324 3060; x_wconf 86' lang='lat' dir='ltr'><strong>dispergit,</strong></span> <span class='ocrx_word' id='word_1_463' title='bbox 3371 2987 3684 3043; x_wconf 88' lang='lat' dir='ltr'><strong>libidinum</strong></span> 
     </span>
    </p>
   </div>
   <div class='ocr_carea' id='block_1_63' title="bbox 226 3075 3682 3174">
    <p class='ocr_par' dir='ltr' id='par_1_63' title="bbox 226 3075 3682 3174">
     <span class='ocr_line' id='line_1_63' title="bbox 226 3075 3682 3174; baseline -0.001 -40"><span class='ocrx_word' id='word_1_464' title='bbox 226 3078 434 3148; x_wconf 77' lang='lat' dir='ltr'><strong>votis,</strong></span> <span class='ocrx_word' id='word_1_465' title='bbox 458 3075 524 3145; x_wconf 83' lang='lat' dir='ltr'><strong>in</strong></span> <span class='ocrx_word' id='word_1_466' title='bbox 548 3076 662 3144; x_wconf 83' lang='lat' dir='ltr'><strong>hoc</strong></span> <span class='ocrx_word' id='word_1_467' title='bbox 694 3076 818 3144; x_wconf 77' lang='lat' dir='ltr'><strong>vnit</strong></span> <span class='ocrx_word' id='word_1_468' title='bbox 840 3077 1098 3136; x_wconf 86' lang='lat' dir='ltr'><strong>nostotis</strong></span> <span class='ocrx_word' id='word_1_469' title='bbox 1124 3079 1416 3138; x_wconf 89' lang='lat' dir='ltr'><strong>mentibus</strong></span> <span class='ocrx_word' id='word_1_470' title='bbox 1444 3079 1690 3142; x_wconf 87' lang='lat' dir='ltr'><strong>inhiare.</strong></span> <span class='ocrx_word' id='word_1_471' title='bbox 1727 3083 1916 3148; x_wconf 58' lang='lat' dir='ltr'><strong>QUEM]?</strong></span> <span class='ocrx_word' id='word_1_472' title='bbox 1946 3116 1990 3174; x_wconf 63' lang='grc' dir='ltr'><strong>Ο</strong></span> <span class='ocrx_word' id='word_1_473' title='bbox 2024 3078 2262 3146; x_wconf 87' lang='lat' dir='ltr'><strong>ardores</strong></span> <span class='ocrx_word' id='word_1_474' title='bbox 2289 3077 2624 3148; x_wconf 79' lang='lat' dir='ltr'><strong>exstinguit,</strong></span> <span class='ocrx_word' id='word_1_475' title='bbox 2661 3078 2942 3144; x_wconf 85' lang='lat' dir='ltr'><strong>castitatis</strong></span> <span class='ocrx_word' id='word_1_476' title='bbox 2959 3077 3375 3141; x_wconf 82' lang='lat' dir='ltr'><strong>verumlumen</strong></span> <span class='ocrx_word' id='word_1_477' title='bbox 3393 3075 3682 3142; x_wconf 85' lang='lat' dir='ltr'><strong>accendit.</strong></span> 
     </span>
    </p>
   </div>
   <div class='ocr_carea' id='block_1_64' title="bbox 231 3165 3688 3239">
    <p class='ocr_par' dir='ltr' id='par_1_64' title="bbox 231 3165 3688 3239">
     <span class='ocr_line' id='line_1_64' title="bbox 231 3165 3688 3239; baseline -0.001 -17"><span class='ocrx_word' id='word_1_478' title='bbox 231 3172 380 3224; x_wconf 86' lang='lat' dir='ltr'><strong>tum</strong></span> <span class='ocrx_word' id='word_1_479' title='bbox 405 3182 672 3237; x_wconf 81' lang='lat' dir='ltr'><strong>namque</strong></span> <span class='ocrx_word' id='word_1_480' title='bbox 689 3170 774 3224; x_wconf 90' lang='lat' dir='ltr'><strong>est</strong></span> <span class='ocrx_word' id='word_1_481' title='bbox 801 3165 1150 3222; x_wconf 88' lang='lat' dir='ltr'><strong>temerarius</strong></span> <span class='ocrx_word' id='word_1_482' title='bbox 1172 3166 1199 3207; x_wconf 83' lang='lat' dir='ltr'><strong>b</strong></span> <span class='ocrx_word' id='word_1_483' title='bbox 1224 3169 1326 3239; x_wconf 89' lang='lat' dir='ltr'><strong>qui</strong></span> <span class='ocrx_word' id='word_1_484' title='bbox 1343 3168 1686 3235; x_wconf 88' lang='lat' dir='ltr'><strong>discutit,de</strong></span> <span class='ocrx_word' id='word_1_485' title='bbox 1701 3186 1913 3239; x_wconf 84' lang='lat' dir='ltr'><strong>genere</strong></span> <span class='ocrx_word' id='word_1_486' title='bbox 1951 3165 1990 3174; x_wconf 78' lang='grc'><strong>“”</strong></span> <span class='ocrx_word' id='word_1_487' title='bbox 2021 3167 2318 3238; x_wconf 79' lang='lat' dir='ltr'><strong>Jejunium</strong></span> <span class='ocrx_word' id='word_1_488' title='bbox 2344 3167 2767 3224; x_wconf 87' lang='lat' dir='ltr'><strong>verbositatem</strong></span> <span class='ocrx_word' id='word_1_489' title='bbox 2783 3182 2903 3223; x_wconf 88' lang='lat' dir='ltr'><strong>non</strong></span> <span class='ocrx_word' id='word_1_490' title='bbox 2923 3173 3104 3237; x_wconf 87' lang='lat' dir='ltr'><strong>amat,</strong></span> <span class='ocrx_word' id='word_1_491' title='bbox 3122 3166 3465 3224; x_wconf 89' lang='lat' dir='ltr'><strong>divitiarum</strong></span> <span class='ocrx_word' id='word_1_492' title='bbox 3485 3180 3688 3236; x_wconf 85' lang='lat' dir='ltr'><strong>super-</strong></span> 
     </span>
    </p>
   </div>
   <div class='ocr_carea' id='block_1_65' title="bbox 233 3253 1911 3326">
    <p class='ocr_par' dir='ltr' id='par_1_65' title="bbox 233 3253 1911 3326">
     <span class='ocr_line' id='line_1_65' title="bbox 233 3253 1911 3326; baseline 0.002 -15"><span class='ocrx_word' id='word_1_493' title='bbox 233 3257 506 3326; x_wconf 78' lang='lat' dir='ltr'><strong>ignarus</strong></span> <span class='ocrx_word' id='word_1_494' title='bbox 533 3253 744 3325; x_wconf 86' lang='lat' dir='ltr'><strong>estqui</strong></span> <span class='ocrx_word' id='word_1_495' title='bbox 777 3269 899 3308; x_wconf 89' lang='lat' dir='ltr'><strong>non</strong></span> <span class='ocrx_word' id='word_1_496' title='bbox 947 3255 1146 3323; x_wconf 83' lang='lat' dir='ltr'><strong>audet,</strong></span> <span class='ocrx_word' id='word_1_497' title='bbox 1203 3260 1433 3326; x_wconf 80' lang='lat' dir='ltr'><strong>aestuat,</strong></span> <span class='ocrx_word' id='word_1_498' title='bbox 1479 3257 1736 3321; x_wconf 87' lang='lat' dir='ltr'><strong>anhelat,</strong></span> <span class='ocrx_word' id='word_1_499' title='bbox 1785 3275 1911 3314; x_wconf 90' lang='lat' dir='ltr'><strong>cum</strong></span> 
     </span>
    </p>
   </div>
   <div class='ocr_carea' id='block_1_66' title="bbox 235 3342 1718 3426">
    <p class='ocr_par' dir='ltr' id='par_1_66' title="bbox 235 3342 1718 3426">
     <span class='ocr_line' id='line_1_66' title="bbox 235 3342 1718 3426; baseline 0.001 -25"><span class='ocrx_word' id='word_1_500' title='bbox 235 3343 634 3418; x_wconf 83' lang='lat' dir='ltr'><strong>promissum</strong></span> <span class='ocrx_word' id='word_1_501' title='bbox 657 3342 908 3402; x_wconf 88' lang='lat' dir='ltr'><strong>intendit</strong></span> <span class='ocrx_word' id='word_1_502' title='bbox 934 3346 988 3398; x_wconf 89' lang='lat' dir='ltr'><strong>et</strong></span> <span class='ocrx_word' id='word_1_503' title='bbox 1017 3344 1312 3426; x_wconf 83' lang='lat' dir='ltr'><strong>pertendit</strong></span> <span class='ocrx_word' id='word_1_504' title='bbox 1345 3345 1416 3410; x_wconf 84' lang='lat' dir='ltr'><strong>ad</strong></span> <span class='ocrx_word' id='word_1_505' title='bbox 1447 3362 1718 3417; x_wconf 88' lang='lat' dir='ltr'><strong>regnum.</strong></span> 
     </span>
    </p>
   </div>
   <div class='ocr_carea' id='block_1_67' title="bbox 319 3432 1916 3502">
    <p class='ocr_par' dir='ltr' id='par_1_67' title="bbox 319 3432 1916 3502">
     <span class='ocr_line' id='line_1_67' title="bbox 319 3432 1916 3502; baseline 0.001 -12"><span class='ocrx_word' id='word_1_506' title='bbox 319 3432 468 3502; x_wconf 73' lang='lat' dir='ltr'><strong>Fiat</strong></span> <span class='ocrx_word' id='word_1_507' title='bbox 501 3433 775 3498; x_wconf 71' lang='lat' dir='ltr'><strong>voluntas</strong></span> <span class='ocrx_word' id='word_1_508' title='bbox 798 3437 900 3490; x_wconf 84' lang='lat' dir='ltr'><strong>tua</strong></span> <span class='ocrx_word' id='word_1_509' title='bbox 923 3433 1077 3497; x_wconf 81' lang='lat' dir='ltr'><strong>sicut</strong></span> <span class='ocrx_word' id='word_1_510' title='bbox 1097 3433 1158 3488; x_wconf 84' lang='lat' dir='ltr'><strong>in</strong></span> <span class='ocrx_word' id='word_1_511' title='bbox 1194 3434 1330 3490; x_wconf 68' lang='lat' dir='ltr'><strong>caelo</strong></span> <span class='ocrx_word' id='word_1_512' title='bbox 1351 3437 1397 3488; x_wconf 83' lang='lat' dir='ltr'><strong>et</strong></span> <span class='ocrx_word' id='word_1_513' title='bbox 1431 3434 1491 3489; x_wconf 84' lang='lat' dir='ltr'><strong>in</strong></span> <span class='ocrx_word' id='word_1_514' title='bbox 1525 3442 1702 3490; x_wconf 80' lang='lat' dir='ltr'><strong>terra.</strong></span> <span class='ocrx_word' id='word_1_515' title='bbox 1761 3436 1916 3500; x_wconf 81' lang='lat' dir='ltr'><strong>Tunc</strong></span> 
     </span>
    </p>
   </div>
   <div class='ocr_carea' id='block_1_68' title="bbox 237 3521 1918 3594">
    <p class='ocr_par' dir='ltr' id='par_1_68' title="bbox 237 3521 1918 3594">
     <span class='ocr_line' id='line_1_68' title="bbox 237 3521 1918 3594; baseline 0.001 -14"><span class='ocrx_word' id='word_1_516' title='bbox 237 3524 378 3594; x_wconf 88' lang='lat' dir='ltr'><strong>jam</strong></span> <span class='ocrx_word' id='word_1_517' title='bbox 403 3526 596 3578; x_wconf 84' lang='lat' dir='ltr'><strong>totum</strong></span> <span class='ocrx_word' id='word_1_518' title='bbox 619 3527 708 3576; x_wconf 88' lang='lat' dir='ltr'><strong>est</strong></span> <span class='ocrx_word' id='word_1_519' title='bbox 731 3521 968 3588; x_wconf 79' lang='lat' dir='ltr'><strong>ccelum,</strong></span> <span class='ocrx_word' id='word_1_520' title='bbox 997 3525 1137 3578; x_wconf 89' lang='lat' dir='ltr'><strong>tunc</strong></span> <span class='ocrx_word' id='word_1_521' title='bbox 1181 3527 1376 3578; x_wconf 88' lang='lat' dir='ltr'><strong>autem</strong></span> <span class='ocrx_word' id='word_1_522' title='bbox 1426 3524 1522 3578; x_wconf 89' lang='lat' dir='ltr'><strong>Dei</strong></span> <span class='ocrx_word' id='word_1_523' title='bbox 1583 3540 1752 3580; x_wconf 89' lang='lat' dir='ltr'><strong>mens</strong></span> <span class='ocrx_word' id='word_1_524' title='bbox 1797 3541 1918 3582; x_wconf 87' lang='lat' dir='ltr'><strong>una</strong></span> 
     </span>
    </p>
   </div>
   <div class='ocr_carea' id='block_1_69' title="bbox 245 3609 1918 3681">
    <p class='ocr_par' dir='ltr' id='par_1_69' title="bbox 245 3609 1918 3681">
     <span class='ocr_line' id='line_1_69' title="bbox 245 3609 1918 3681; baseline 0.001 -12"><span class='ocrx_word' id='word_1_525' title='bbox 245 3611 576 3681; x_wconf 80' lang='lat' dir='ltr'><strong>omnibus;</strong></span> <span class='ocrx_word' id='word_1_526' title='bbox 611 3615 750 3666; x_wconf 90' lang='lat' dir='ltr'><strong>tunc</strong></span> <span class='ocrx_word' id='word_1_527' title='bbox 803 3609 865 3664; x_wconf 88' lang='lat' dir='ltr'><strong>in</strong></span> <span class='ocrx_word' id='word_1_528' title='bbox 909 3610 1132 3666; x_wconf 88' lang='lat' dir='ltr'><strong>Christo</strong></span> <span class='ocrx_word' id='word_1_529' title='bbox 1165 3626 1376 3666; x_wconf 86' lang='lat' dir='ltr'><strong>omnes</strong></span> <span class='ocrx_word' id='word_1_530' title='bbox 1433 3617 1490 3667; x_wconf 88' lang='lat' dir='ltr'><strong>et</strong></span> <span class='ocrx_word' id='word_1_531' title='bbox 1535 3613 1595 3667; x_wconf 90' lang='lat' dir='ltr'><strong>in</strong></span> <span class='ocrx_word' id='word_1_532' title='bbox 1643 3615 1918 3678; x_wconf 85' lang='lat' dir='ltr'><strong>omnibus</strong></span> 
     </span>
    </p>
   </div>
   <div class='ocr_carea' id='block_1_70' title="bbox 250 3698 1922 3778">
    <p class='ocr_par' dir='ltr' id='par_1_70' title="bbox 250 3698 1922 3778">
     <span class='ocr_line' id='line_1_70' title="bbox 250 3698 1922 3778; baseline 0.001 -21"><span class='ocrx_word' id='word_1_533' title='bbox 250 3701 554 3767; x_wconf 89' lang='lat' dir='ltr'><strong>Christus,</strong></span> <span class='ocrx_word' id='word_1_534' title='bbox 581 3700 819 3778; x_wconf 85' lang='lat' dir='ltr'><strong>quando</strong></span> <span class='ocrx_word' id='word_1_535' title='bbox 833 3714 1042 3758; x_wconf 88' lang='lat' dir='ltr'><strong>omnes</strong></span> <span class='ocrx_word' id='word_1_536' title='bbox 1069 3698 1249 3764; x_wconf 81' lang='lat' dir='ltr'><strong>solius</strong></span> <span class='ocrx_word' id='word_1_537' title='bbox 1268 3700 1922 3776; x_wconf 80' lang='lat' dir='ltr'><strong>Deisapiuntetfaciunt</strong></span> 
     </span>
    </p>
   </div>
   <div class='ocr_carea' id='block_1_71' title="bbox 250 3789 1915 3863">
    <p class='ocr_par' dir='ltr' id='par_1_71' title="bbox 250 3789 1915 3863">
     <span class='ocr_line' id='line_1_71' title="bbox 250 3789 1915 3863; baseline 0.001 -16"><span class='ocrx_word' id='word_1_538' title='bbox 250 3790 638 3854; x_wconf 84' lang='lat' dir='ltr'><strong>voluntates;</strong></span> <span class='ocrx_word' id='word_1_539' title='bbox 672 3794 812 3848; x_wconf 87' lang='lat' dir='ltr'><strong>tunc</strong></span> <span class='ocrx_word' id='word_1_540' title='bbox 839 3803 1047 3852; x_wconf 86' lang='lat' dir='ltr'><strong>omnes</strong></span> <span class='ocrx_word' id='word_1_541' title='bbox 1076 3804 1285 3855; x_wconf 88' lang='lat' dir='ltr'><strong>unum,</strong></span> <span class='ocrx_word' id='word_1_542' title='bbox 1311 3789 1496 3855; x_wconf 84' lang='lat' dir='ltr'><strong>immo</strong></span> <span class='ocrx_word' id='word_1_543' title='bbox 1514 3806 1668 3852; x_wconf 76' lang='lat' dir='ltr'><strong>uuas</strong></span> <span class='ocrx_word' id='word_1_544' title='bbox 1690 3807 1915 3863; x_wconf 80' lang='lat' dir='ltr'><strong>omnes,</strong></span> 
     </span>
    </p>
   </div>
   <div class='ocr_carea' id='block_1_72' title="bbox 250 3876 1669 3952">
    <p class='ocr_par' dir='ltr' id='par_1_72' title="bbox 250 3876 1669 3952">
     <span class='ocr_line' id='line_1_72' title="bbox 250 3876 1669 3952; baseline -0.002 -16"><span class='ocrx_word' id='word_1_545' title='bbox 250 3878 518 3952; x_wconf 87' lang='lat' dir='ltr'><strong>quando</strong></span> <span class='ocrx_word' id='word_1_546' title='bbox 541 3877 639 3932; x_wconf 93' lang='lat' dir='ltr'><strong>Dei</strong></span> <span class='ocrx_word' id='word_1_547' title='bbox 659 3876 900 3948; x_wconf 84' lang='lat' dir='ltr'><strong>spiritus</strong></span> <span class='ocrx_word' id='word_1_548' title='bbox 927 3876 987 3932; x_wconf 90' lang='lat' dir='ltr'><strong>in</strong></span> <span class='ocrx_word' id='word_1_549' title='bbox 1014 3876 1295 3932; x_wconf 89' lang='lat' dir='ltr'><strong>omnibus</strong></span> <span class='ocrx_word' id='word_1_550' title='bbox 1319 3877 1460 3933; x_wconf 85' lang='lat' dir='ltr'><strong>vivit</strong></span> <span class='ocrx_word' id='word_1_551' title='bbox 1496 3893 1669 3933; x_wconf 91' lang='lat' dir='ltr'><strong>unus.</strong></span> 
     </span>
    </p>
   </div>
   <div class='ocr_carea' id='block_1_73' title="bbox 329 3965 1924 4036">
    <p class='ocr_par' dir='ltr' id='par_1_73' title="bbox 329 3965 1924 4036">
     <span class='ocr_line' id='line_1_73' title="bbox 329 3965 1924 4036; baseline -0.001 -11"><span class='ocrx_word' id='word_1_552' title='bbox 329 3971 574 4025; x_wconf 87' lang='lat' dir='ltr'><strong>Panem</strong></span> <span class='ocrx_word' id='word_1_553' title='bbox 605 3972 860 4021; x_wconf 76' lang='lat' dir='ltr'><strong>nostrum</strong></span> <span class='ocrx_word' id='word_1_554' title='bbox 887 3966 1287 4036; x_wconf 82' lang='lat' dir='ltr'><strong>quotidianum</strong></span> <span class='ocrx_word' id='word_1_555' title='bbox 1318 3965 1391 4020; x_wconf 86' lang='lat' dir='ltr'><strong>da</strong></span> <span class='ocrx_word' id='word_1_556' title='bbox 1420 3967 1581 4022; x_wconf 84' lang='lat' dir='ltr'><strong>nobis</strong></span> <span class='ocrx_word' id='word_1_557' title='bbox 1604 3968 1788 4023; x_wconf 80' lang='lat' dir='ltr'><strong>hodie.</strong></span> <span class='ocrx_word' id='word_1_558' title='bbox 1842 3968 1924 4023; x_wconf 88' lang='lat' dir='ltr'><strong>Si-</strong></span> 
     </span>
    </p>
   </div>
   <div class='ocr_carea' id='block_1_74' title="bbox 251 4055 1925 4129">
    <p class='ocr_par' dir='ltr' id='par_1_74' title="bbox 251 4055 1925 4129">
     <span class='ocr_line' id='line_1_74' title="bbox 251 4055 1925 4129; baseline -0.001 -13"><span class='ocrx_word' id='word_1_559' title='bbox 251 4066 357 4118; x_wconf 88' lang='lat' dir='ltr'><strong>cut</strong></span> <span class='ocrx_word' id='word_1_560' title='bbox 387 4059 454 4113; x_wconf 88' lang='lat' dir='ltr'><strong>in</strong></span> <span class='ocrx_word' id='word_1_561' title='bbox 487 4055 768 4129; x_wconf 84' lang='lat' dir='ltr'><strong>psalmo:</strong></span> <span class='ocrx_word' id='word_1_562' title='bbox 815 4055 1151 4111; x_wconf 81' lang='lat' dir='ltr'><strong>Benedictus</strong></span> <span class='ocrx_word' id='word_1_563' title='bbox 1198 4056 1481 4110; x_wconf 86' lang='lat' dir='ltr'><strong>Dominus</strong></span> <span class='ocrx_word' id='word_1_564' title='bbox 1529 4056 1616 4112; x_wconf 85' lang='lat' dir='ltr'><strong>die</strong></span> <span class='ocrx_word' id='word_1_565' title='bbox 1682 4058 1925 4128; x_wconf 72' lang='lat' dir='ltr'><strong>quotidie</strong></span> 
     </span>
    </p>
   </div>
   <div class='ocr_carea' id='block_1_75' title="bbox 250 4144 1921 4222">
    <p class='ocr_par' dir='ltr' id='par_1_75' title="bbox 250 4144 1921 4222">
     <span class='ocr_line' id='line_1_75' title="bbox 250 4144 1921 4222; baseline -0.003 -15"><span class='ocrx_word' id='word_1_566' title='bbox 250 4147 446 4222; x_wconf 78' lang='lat' dir='ltr'><strong>(Psat.</strong></span> <span class='ocrx_word' id='word_1_567' title='bbox 479 4163 621 4204; x_wconf 71' lang='lat' dir='ltr'><strong>vau</strong></span> <span class='ocrx_word' id='word_1_568' title='bbox 651 4149 762 4214; x_wconf 73' lang='lat'><strong>22),</strong></span> <span class='ocrx_word' id='word_1_569' title='bbox 797 4145 878 4200; x_wconf 91' lang='lat' dir='ltr'><strong>ita</strong></span> <span class='ocrx_word' id='word_1_570' title='bbox 891 4144 985 4199; x_wconf 88' lang='lat' dir='ltr'><strong>hic</strong></span> <span class='ocrx_word' id='word_1_571' title='bbox 1010 4160 1212 4215; x_wconf 81' lang='lat' dir='ltr'><strong>panem</strong></span> <span class='ocrx_word' id='word_1_572' title='bbox 1241 4152 1502 4208; x_wconf 81' lang='lat' dir='ltr'><strong>nostrum</strong></span> <span class='ocrx_word' id='word_1_573' title='bbox 1524 4146 1921 4215; x_wconf 76' lang='lat' dir='ltr'><strong>quotidianum</strong></span> 
     </span>
    </p>
   </div>
   <div class='ocr_carea' id='block_1_76' title="bbox 247 4233 1925 4306">
    <p class='ocr_par' dir='ltr' id='par_1_76' title="bbox 247 4233 1925 4306">
     <span class='ocr_line' id='line_1_76' title="bbox 247 4233 1925 4306; baseline -0.004 -9"><span class='ocrx_word' id='word_1_574' title='bbox 247 4241 334 4297; x_wconf 87' lang='lat' dir='ltr'><strong>da</strong></span> <span class='ocrx_word' id='word_1_575' title='bbox 354 4236 528 4293; x_wconf 75' lang='lat' dir='ltr'><strong>nobis</strong></span> <span class='ocrx_word' id='word_1_576' title='bbox 560 4235 751 4302; x_wconf 84' lang='lat' dir='ltr'><strong>hodie,</strong></span> <span class='ocrx_word' id='word_1_577' title='bbox 772 4233 1192 4306; x_wconf 89' lang='lat' dir='ltr'><strong>quotidianum</strong></span> <span class='ocrx_word' id='word_1_578' title='bbox 1219 4234 1428 4304; x_wconf 90' lang='lat' dir='ltr'><strong>jugem</strong></span> <span class='ocrx_word' id='word_1_579' title='bbox 1458 4233 1734 4290; x_wconf 89' lang='lat' dir='ltr'><strong>dicimus.</strong></span> <span class='ocrx_word' id='word_1_580' title='bbox 1762 4235 1925 4304; x_wconf 79' lang='lat' dir='ltr'><strong>Jugis</strong></span> 
     </span>
    </p>
   </div>
   <div class='ocr_carea' id='block_1_77' title="bbox 248 4322 1926 4404">
    <p class='ocr_par' dir='ltr' id='par_1_77' title="bbox 248 4322 1926 4404">
     <span class='ocr_line' id='line_1_77' title="bbox 248 4322 1926 4404; baseline -0.005 -18"><span class='ocrx_word' id='word_1_581' title='bbox 248 4327 443 4404; x_wconf 86' lang='lat' dir='ltr'><strong>panis</strong></span> <span class='ocrx_word' id='word_1_582' title='bbox 471 4324 568 4380; x_wconf 90' lang='lat' dir='ltr'><strong>ille</strong></span> <span class='ocrx_word' id='word_1_583' title='bbox 595 4328 699 4390; x_wconf 84' lang='lat' dir='ltr'><strong>est,</strong></span> <span class='ocrx_word' id='word_1_584' title='bbox 725 4323 828 4398; x_wconf 91' lang='lat' dir='ltr'><strong>qui</strong></span> <span class='ocrx_word' id='word_1_585' title='bbox 852 4322 925 4377; x_wconf 90' lang='lat' dir='ltr'><strong>de</strong></span> <span class='ocrx_word' id='word_1_586' title='bbox 942 4322 1092 4378; x_wconf 75' lang='lat' dir='ltr'><strong>coelo</strong></span> <span class='ocrx_word' id='word_1_587' title='bbox 1125 4322 1431 4378; x_wconf 91' lang='lat' dir='ltr'><strong>descendit</strong></span> <span class='ocrx_word' id='word_1_588' title='bbox 1462 4339 1474 4374; x_wconf 92' lang='lat'><strong>:</strong></span> <span class='ocrx_word' id='word_1_589' title='bbox 1506 4324 1634 4404; x_wconf 81' lang='lat' dir='ltr'><strong>Ego</strong></span> <span class='ocrx_word' id='word_1_590' title='bbox 1663 4339 1793 4380; x_wconf 83' lang='lat' dir='ltr'><strong>sum</strong></span> <span class='ocrx_word' id='word_1_591' title='bbox 1822 4340 1926 4394; x_wconf 86' lang='lat' dir='ltr'><strong>pa-</strong></span> 
     </span>
    </p>
   </div>
   <div class='ocr_carea' id='block_1_78' title="bbox 248 4403 1931 4488">
    <p class='ocr_par' dir='ltr' id='par_1_78' title="bbox 248 4403 1931 4488">
     <span class='ocr_line' id='line_1_78' title="bbox 248 4403 1931 4488; baseline -0.005 -12"><span class='ocrx_word' id='word_1_592' title='bbox 248 4403 351 4476; x_wconf 82' lang='lat' dir='ltr'><strong>nis</strong></span> <span class='ocrx_word' id='word_1_593' title='bbox 398 4415 506 4488; x_wconf 83' lang='lat' dir='ltr'><strong>qui</strong></span> <span class='ocrx_word' id='word_1_594' title='bbox 536 4413 605 4470; x_wconf 87' lang='lat' dir='ltr'><strong>de</strong></span> <span class='ocrx_word' id='word_1_595' title='bbox 626 4411 758 4469; x_wconf 68' lang='lat' dir='ltr'><strong>creto</strong></span> <span class='ocrx_word' id='word_1_596' title='bbox 788 4410 1072 4470; x_wconf 79' lang='lat' dir='ltr'><strong>descendi.</strong></span> <span class='ocrx_word' id='word_1_597' title='bbox 1104 4410 1378 4466; x_wconf 65' lang='lat' dir='ltr'><strong>Perfecta:</strong></span> <span class='ocrx_word' id='word_1_598' title='bbox 1424 4403 1572 4482; x_wconf 88' lang='lat' dir='ltr'><strong>ergo</strong></span> <span class='ocrx_word' id='word_1_599' title='bbox 1619 4411 1931 4470; x_wconf 87' lang='lat' dir='ltr'><strong>beatitudi.</strong></span> 
     </span>
    </p>
   </div>
   <div class='ocr_carea' id='block_1_79' title="bbox 249 4498 1928 4572">
    <p class='ocr_par' dir='ltr' id='par_1_79' title="bbox 249 4498 1928 4572">
     <span class='ocr_line' id='line_1_79' title="bbox 249 4498 1928 4572; baseline -0.004 -9"><span class='ocrx_word' id='word_1_600' title='bbox 249 4509 352 4566; x_wconf 86' lang='lat' dir='ltr'><strong>nis</strong></span> <span class='ocrx_word' id='word_1_601' title='bbox 389 4507 482 4560; x_wconf 87' lang='lat' dir='ltr'><strong>est</strong></span> <span class='ocrx_word' id='word_1_602' title='bbox 504 4501 600 4556; x_wconf 80' lang='lat' dir='ltr'><strong>ille</strong></span> <span class='ocrx_word' id='word_1_603' title='bbox 625 4499 818 4572; x_wconf 89' lang='lat' dir='ltr'><strong>panis.</strong></span> <span class='ocrx_word' id='word_1_604' title='bbox 846 4499 1056 4563; x_wconf 81' lang='lat' dir='ltr'><strong>Hodie,</strong></span> <span class='ocrx_word' id='word_1_605' title='bbox 1091 4498 1204 4560; x_wconf 92' lang='lat' dir='ltr'><strong>hoc</strong></span> <span class='ocrx_word' id='word_1_606' title='bbox 1225 4504 1308 4556; x_wconf 90' lang='lat' dir='ltr'><strong>est</strong></span> <span class='ocrx_word' id='word_1_607' title='bbox 1330 4498 1388 4562; x_wconf 86' lang='lat' dir='ltr'><strong>in</strong></span> <span class='ocrx_word' id='word_1_608' title='bbox 1439 4501 1719 4570; x_wconf 69' lang='lat' dir='ltr'><strong>praesenti</strong></span> <span class='ocrx_word' id='word_1_609' title='bbox 1774 4500 1928 4564; x_wconf 87' lang='lat' dir='ltr'><strong>illius</strong></span> 
     </span>
    </p>
   </div>
   <div class='ocr_carea' id='block_1_80' title="bbox 253 4587 1928 4671">
    <p class='ocr_par' dir='ltr' id='par_1_80' title="bbox 253 4587 1928 4671">
     <span class='ocr_line' id='line_1_80' title="bbox 253 4587 1928 4671; baseline -0.002 -21"><span class='ocrx_word' id='word_1_610' title='bbox 253 4593 448 4671; x_wconf 85' lang='lat' dir='ltr'><strong>panis</strong></span> <span class='ocrx_word' id='word_1_611' title='bbox 475 4593 604 4662; x_wconf 91' lang='lat' dir='ltr'><strong>jam</strong></span> <span class='ocrx_word' id='word_1_612' title='bbox 625 4589 760 4644; x_wconf 91' lang='lat' dir='ltr'><strong>cibo</strong></span> <span class='ocrx_word' id='word_1_613' title='bbox 792 4587 1004 4652; x_wconf 86' lang='lat' dir='ltr'><strong>vivere,</strong></span> <span class='ocrx_word' id='word_1_614' title='bbox 1034 4587 1203 4658; x_wconf 87' lang='lat' dir='ltr'><strong>cujus</strong></span> <span class='ocrx_word' id='word_1_615' title='bbox 1227 4587 1628 4658; x_wconf 86' lang='lat' dir='ltr'><strong>perpetuitate,</strong></span> <span class='ocrx_word' id='word_1_616' title='bbox 1661 4590 1824 4660; x_wconf 89' lang='lat' dir='ltr'><strong>quod</strong></span> <span class='ocrx_word' id='word_1_617' title='bbox 1841 4594 1928 4646; x_wconf 88' lang='lat' dir='ltr'><strong>est</strong></span> 
     </span>
    </p>
   </div>
   <div class='ocr_carea' id='block_1_81' title="bbox 255 4676 1404 4760">
    <p class='ocr_par' dir='ltr' id='par_1_81' title="bbox 255 4676 1404 4760">
     <span class='ocr_line' id='line_1_81' title="bbox 255 4676 1404 4760; baseline -0.009 -19"><span class='ocrx_word' id='word_1_618' title='bbox 255 4680 566 4760; x_wconf 84' lang='lat' dir='ltr'><strong>quotidie,</strong></span> <span class='ocrx_word' id='word_1_619' title='bbox 592 4677 1002 4748; x_wconf 88' lang='lat' dir='ltr'><strong>saginabimur</strong></span> <span class='ocrx_word' id='word_1_620' title='bbox 1031 4676 1090 4731; x_wconf 93' lang='lat' dir='ltr'><strong>in</strong></span> <span class='ocrx_word' id='word_1_621' title='bbox 1120 4676 1404 4732; x_wconf 87' lang='lat' dir='ltr'><strong>futurum.</strong></span> 
     </span>
    </p>
   </div>
   <div class='ocr_carea' id='block_1_82' title="bbox 337 4761 1926 4832">
    <p class='ocr_par' dir='ltr' id='par_1_82' title="bbox 337 4761 1926 4832">
     <span class='ocr_line' id='line_1_82' title="bbox 337 4761 1926 4832; baseline -0.013 -4"><span class='ocrx_word' id='word_1_622' title='bbox 337 4774 424 4828; x_wconf 86' lang='lat' dir='ltr'><strong>Et</strong></span> <span class='ocrx_word' id='word_1_623' title='bbox 451 4767 672 4828; x_wconf 84' lang='lat' dir='ltr'><strong>dimitte</strong></span> <span class='ocrx_word' id='word_1_624' title='bbox 699 4766 858 4823; x_wconf 85' lang='lat' dir='ltr'><strong>nobis</strong></span> <span class='ocrx_word' id='word_1_625' title='bbox 885 4761 1065 4820; x_wconf 85' lang='lat' dir='ltr'><strong>debita</strong></span> <span class='ocrx_word' id='word_1_626' title='bbox 1098 4770 1303 4822; x_wconf 83' lang='lat' dir='ltr'><strong>nostra</strong></span> <span class='ocrx_word' id='word_1_627' title='bbox 1328 4767 1471 4830; x_wconf 81' lang='lat' dir='ltr'><strong>sicut</strong></span> <span class='ocrx_word' id='word_1_628' title='bbox 1488 4773 1656 4825; x_wconf 76' lang='lat' dir='ltr'><strong>etnos</strong></span> <span class='ocrx_word' id='word_1_629' title='bbox 1686 4768 1926 4832; x_wconf 50' lang='lat' dir='ltr'><strong>dimitti-</strong></span> 
     </span>
    </p>
   </div>
   <div class='ocr_carea' id='block_1_83' title="bbox 263 4853 1929 4927">
    <p class='ocr_par' dir='ltr' id='par_1_83' title="bbox 263 4853 1929 4927">
     <span class='ocr_line' id='line_1_83' title="bbox 263 4853 1929 4927; baseline -0.004 -12"><span class='ocrx_word' id='word_1_630' title='bbox 263 4878 395 4920; x_wconf 75' lang='lat' dir='ltr'><strong>mus</strong></span> <span class='ocrx_word' id='word_1_631' title='bbox 410 4858 759 4915; x_wconf 80' lang='lat' dir='ltr'><strong>debitoribus</strong></span> <span class='ocrx_word' id='word_1_632' title='bbox 773 4853 1096 4918; x_wconf 80' lang='lat' dir='ltr'><strong>nostris.De</strong></span> <span class='ocrx_word' id='word_1_633' title='bbox 1109 4853 1492 4926; x_wconf 86' lang='lat' dir='ltr'><strong>supplicantis</strong></span> <span class='ocrx_word' id='word_1_634' title='bbox 1507 4861 1736 4927; x_wconf 81' lang='lat' dir='ltr'><strong>pectore</strong></span> <span class='ocrx_word' id='word_1_635' title='bbox 1746 4858 1929 4914; x_wconf 67' lang='lat' dir='ltr'><strong>venia:</strong></span> 
     </span>
    </p>
   </div>
   <div class='ocr_carea' id='block_1_84' title="bbox 265 4940 1925 5017">
    <p class='ocr_par' dir='ltr' id='par_1_84' title="bbox 265 4940 1925 5017">
     <span class='ocr_line' id='line_1_84' title="bbox 265 4940 1925 5017; baseline -0.004 -10"><span class='ocrx_word' id='word_1_636' title='bbox 265 4954 408 5008; x_wconf 85' lang='lat' dir='ltr'><strong>fons</strong></span> <span class='ocrx_word' id='word_1_637' title='bbox 436 4950 662 5009; x_wconf 84' lang='lat' dir='ltr'><strong>manat,</strong></span> <span class='ocrx_word' id='word_1_638' title='bbox 689 4948 746 5001; x_wconf 90' lang='lat' dir='ltr'><strong>et</strong></span> <span class='ocrx_word' id='word_1_639' title='bbox 765 4944 843 4999; x_wconf 90' lang='lat' dir='ltr'><strong>ad</strong></span> <span class='ocrx_word' id='word_1_640' title='bbox 872 4943 1106 5000; x_wconf 87' lang='lat' dir='ltr'><strong>veniam</strong></span> <span class='ocrx_word' id='word_1_641' title='bbox 1127 4940 1335 4998; x_wconf 82' lang='lat' dir='ltr'><strong>reﬂuet</strong></span> <span class='ocrx_word' id='word_1_642' title='bbox 1362 4944 1660 5016; x_wconf 87' lang='lat' dir='ltr'><strong>quidquid</strong></span> <span class='ocrx_word' id='word_1_643' title='bbox 1694 4947 1925 5017; x_wconf 87' lang='lat' dir='ltr'><strong>pietatis</strong></span> 
     </span>
    </p>
   </div>
   <div class='ocr_carea' id='block_1_85' title="bbox 268 5030 1925 5106">
    <p class='ocr_par' dir='ltr' id='par_1_85' title="bbox 268 5030 1925 5106">
     <span class='ocr_line' id='line_1_85' title="bbox 268 5030 1925 5106; baseline -0.004 -12"><span class='ocrx_word' id='word_1_644' title='bbox 268 5054 288 5082; x_wconf 75' lang='grc' dir='ltr'>ε</span> <span class='ocrx_word' id='word_1_645' title='bbox 319 5031 1027 5099; x_wconf 67' lang='lat' dir='ltr'><strong>exuberat,eteﬂ‘undetin</strong></span> <span class='ocrx_word' id='word_1_646' title='bbox 1039 5030 1803 5106; x_wconf 89' lang='lat' dir='ltr'><strong>alterum,quandoindulget</strong></span> <span class='ocrx_word' id='word_1_647' title='bbox 1818 5035 1925 5090; x_wconf 85' lang='lat' dir='ltr'><strong>sibi</strong></span> 
     </span>
    </p>
   </div>
   <div class='ocr_carea' id='block_1_86' title="bbox 269 5119 1924 5195">
    <p class='ocr_par' dir='ltr' id='par_1_86' title="bbox 269 5119 1924 5195">
     <span class='ocr_line' id='line_1_86' title="bbox 269 5119 1924 5195; baseline -0.004 -11"><span class='ocrx_word' id='word_1_648' title='bbox 269 5132 530 5189; x_wconf 86' lang='lat' dir='ltr'><strong>tantum,</strong></span> <span class='ocrx_word' id='word_1_649' title='bbox 563 5126 852 5195; x_wconf 87' lang='lat' dir='ltr'><strong>quantum</strong></span> <span class='ocrx_word' id='word_1_650' title='bbox 873 5119 1035 5176; x_wconf 90' lang='lat' dir='ltr'><strong>alteri</strong></span> <span class='ocrx_word' id='word_1_651' title='bbox 1056 5120 1436 5177; x_wconf 88' lang='lat' dir='ltr'><strong>condonavit.</strong></span> <span class='ocrx_word' id='word_1_652' title='bbox 1489 5123 1724 5178; x_wconf 81' lang='lat' dir='ltr'><strong>Dimitte</strong></span> <span class='ocrx_word' id='word_1_653' title='bbox 1767 5124 1924 5180; x_wconf 84' lang='lat' dir='ltr'><strong>nobis</strong></span> 
     </span>
    </p>
   </div>
   <div class='ocr_carea' id='block_1_87' title="bbox 338 5268 1927 5345">
    <p class='ocr_par' dir='ltr' id='par_1_87' title="bbox 338 5268 1927 5345">
     <span class='ocr_line' id='line_1_87' title="bbox 338 5268 1927 5345; baseline -0.001 -16"><span class='ocrx_word' id='word_1_654' title='bbox 338 5291 365 5321; x_wconf 80' lang='grc' dir='ltr'>ι</span> <span class='ocrx_word' id='word_1_655' title='bbox 399 5277 464 5330; x_wconf 90' lang='lat' dir='ltr'><strong>In</strong></span> <span class='ocrx_word' id='word_1_656' title='bbox 506 5275 658 5345; x_wconf 90' lang='lat' dir='ltr'><strong>prior</strong></span> <span class='ocrx_word' id='word_1_657' title='bbox 677 5272 966 5345; x_wconf 83' lang='lat' dir='ltr'><strong>ieditione,</strong></span> <span class='ocrx_word' id='word_1_658' title='bbox 998 5268 1205 5345; x_wconf 61' lang='lat' dir='ltr'><strong>Joanne</strong></span> <span class='ocrx_word' id='word_1_659' title='bbox 1235 5271 1565 5345; x_wconf 53' lang='lat' dir='ltr'><strong>exsultante,</strong></span> <span class='ocrx_word' id='word_1_660' title='bbox 1591 5273 1764 5330; x_wconf 89' lang='lat' dir='ltr'><strong>male.</strong></span> <span class='ocrx_word' id='word_1_661' title='bbox 1801 5275 1927 5328; x_wconf 78' lang='lat' dir='ltr'><strong>Sta-</strong></span> 
     </span>
    </p>
   </div>
   <div class='ocr_carea' id='block_1_88' title="bbox 281 5342 1922 5414">
    <p class='ocr_par' dir='ltr' id='par_1_88' title="bbox 281 5342 1922 5414">
     <span class='ocr_line' id='line_1_88' title="bbox 281 5342 1922 5414; baseline -0.002 -8"><span class='ocrx_word' id='word_1_662' title='bbox 281 5353 404 5414; x_wconf 87' lang='lat' dir='ltr'><strong>tim,</strong></span> <span class='ocrx_word' id='word_1_663' title='bbox 437 5342 536 5402; x_wconf 72' lang='lat' dir='ltr'><strong>ubi</strong></span> <span class='ocrx_word' id='word_1_664' title='bbox 569 5346 715 5401; x_wconf 81' lang='lat' dir='ltr'><strong>Deus</strong></span> <span class='ocrx_word' id='word_1_665' title='bbox 753 5361 852 5397; x_wconf 79' lang='lat' dir='ltr'><strong>sua</strong></span> <span class='ocrx_word' id='word_1_666' title='bbox 881 5343 1087 5414; x_wconf 79' lang='lat' dir='ltr'><strong>sobole,</strong></span> <span class='ocrx_word' id='word_1_667' title='bbox 1108 5342 1232 5412; x_wconf 85' lang='lat' dir='ltr'><strong>lego</strong></span> <span class='ocrx_word' id='word_1_668' title='bbox 1258 5344 1365 5396; x_wconf 87' lang='lat' dir='ltr'><strong>Deo</strong></span> <span class='ocrx_word' id='word_1_669' title='bbox 1398 5343 1670 5399; x_wconf 81' lang='lat' dir='ltr'><strong>destinata</strong></span> <span class='ocrx_word' id='word_1_670' title='bbox 1697 5346 1922 5403; x_wconf 79' lang='lat' dir='ltr'><strong>sobolos.</strong></span> 
     </span>
    </p>
   </div>
   <div class='ocr_carea' id='block_1_89' title="bbox 350 5413 1927 5486">
    <p class='ocr_par' dir='ltr' id='par_1_89' title="bbox 350 5413 1927 5486">
     <span class='ocr_line' id='line_1_89' title="bbox 350 5413 1927 5486; baseline 0.001 -14"><span class='ocrx_word' id='word_1_671' title='bbox 350 5422 378 5462; x_wconf 66' lang='grc' dir='ltr'>δ</span> <span class='ocrx_word' id='word_1_672' title='bbox 408 5421 612 5473; x_wconf 88' lang='lat' dir='ltr'><strong>Totum</strong></span> <span class='ocrx_word' id='word_1_673' title='bbox 654 5417 804 5470; x_wconf 88' lang='lat' dir='ltr'><strong>hunc</strong></span> <span class='ocrx_word' id='word_1_674' title='bbox 830 5415 1018 5468; x_wconf 88' lang='lat' dir='ltr'><strong>locum</strong></span> <span class='ocrx_word' id='word_1_675' title='bbox 1049 5413 1392 5486; x_wconf 87' lang='lat' dir='ltr'><strong>sic_restituo</strong></span> <span class='ocrx_word' id='word_1_676' title='bbox 1423 5430 1435 5468; x_wconf 90' lang='lat'><em>:</em></span> <span class='ocrx_word' id='word_1_677' title='bbox 1467 5421 1560 5485; x_wconf 82' lang='lat' dir='ltr'><strong>qui</strong></span> <span class='ocrx_word' id='word_1_678' title='bbox 1600 5417 1836 5486; x_wconf 84' lang='lat' dir='ltr'><strong>disputat</strong></span> <span class='ocrx_word' id='word_1_679' title='bbox 1861 5419 1927 5473; x_wconf 84' lang='lat' dir='ltr'><strong>de</strong></span> 
     </span>
    </p>
   </div>
   <div class='ocr_carea' id='block_1_90' title="bbox 285 5484 1927 5565">
    <p class='ocr_par' dir='ltr' id='par_1_90' title="bbox 285 5484 1927 5565">
     <span class='ocr_line' id='line_1_90' title="bbox 285 5484 1927 5565; baseline -0.002 -19"><span class='ocrx_word' id='word_1_680' title='bbox 285 5507 486 5565; x_wconf 66' lang='lat' dir='ltr'><strong>genere,</strong></span> <span class='ocrx_word' id='word_1_681' title='bbox 520 5491 663 5565; x_wconf 74' lang='lat' dir='ltr'><strong>ignis</strong></span> <span class='ocrx_word' id='word_1_682' title='bbox 693 5494 766 5540; x_wconf 80' lang='lat' dir='ltr'><strong>est</strong></span> <span class='ocrx_word' id='word_1_683' title='bbox 795 5487 893 5565; x_wconf 74' lang='lat' dir='ltr'><strong>qui</strong></span> <span class='ocrx_word' id='word_1_684' title='bbox 915 5502 1023 5539; x_wconf 85' lang='lat' dir='ltr'><strong>non</strong></span> <span class='ocrx_word' id='word_1_685' title='bbox 1048 5484 1222 5565; x_wconf 61' lang='lat' dir='ltr'><strong>ardet,</strong></span> <span class='ocrx_word' id='word_1_686' title='bbox 1254 5484 1653 5558; x_wconf 58' lang='lat' dir='ltr'><strong>astuatdnfra,</strong></span> <span class='ocrx_word' id='word_1_687' title='bbox 1674 5484 1809 5542; x_wconf 75' lang='lat' dir='ltr'><strong>tunc</strong></span> <span class='ocrx_word' id='word_1_688' title='bbox 1832 5505 1927 5543; x_wconf 88' lang='lat' dir='ltr'><strong>au-</strong></span> 
     </span>
    </p>
   </div>
   <div class='ocr_carea' id='block_1_91' title="bbox 292 5557 1231 5628">
    <p class='ocr_par' dir='ltr' id='par_1_91' title="bbox 292 5557 1231 5628">
     <span class='ocr_line' id='line_1_91' title="bbox 292 5557 1231 5628; baseline -0.012 -8"><span class='ocrx_word' id='word_1_689' title='bbox 292 5557 393 5621; x_wconf 77' lang='lat' dir='ltr'><strong>tem</strong></span> <span class='ocrx_word' id='word_1_690' title='bbox 425 5557 554 5628; x_wconf 76' lang='lat' dir='ltr'><strong>Dei,</strong></span> <span class='ocrx_word' id='word_1_691' title='bbox 590 5561 714 5628; x_wconf 89' lang='lat' dir='ltr'><strong>lego</strong></span> <span class='ocrx_word' id='word_1_692' title='bbox 735 5559 943 5628; x_wconf 77' lang='lat' dir='ltr'><strong>coetum,</strong></span> <span class='ocrx_word' id='word_1_693' title='bbox 965 5572 1081 5628; x_wconf 80' lang='lat' dir='ltr'><strong>cum</strong></span> <span class='ocrx_word' id='word_1_694' title='bbox 1111 5557 1231 5628; x_wconf 81' lang='lat' dir='ltr'><strong>Dei.</strong></span> 
     </span>
    </p>
   </div>
   <div class='ocr_carea' id='block_1_92' title="bbox 354 5626 1922 5698">
    <p class='ocr_par' dir='ltr' id='par_1_92' title="bbox 354 5626 1922 5698">
     <span class='ocr_line' id='line_1_92' title="bbox 354 5626 1922 5698; baseline 0.006 -22"><span class='ocrx_word' id='word_1_695' title='bbox 354 5648 378 5676; x_wconf 78' lang='grc' dir='ltr'><em>ς</em></span> <span class='ocrx_word' id='word_1_696' title='bbox 410 5637 497 5689; x_wconf 70' lang='lat' dir='ltr'><strong>An</strong></span> <span class='ocrx_word' id='word_1_697' title='bbox 525 5626 831 5690; x_wconf 54' lang='lat' dir='ltr'><strong>e’xhibebit?</strong></span> <span class='ocrx_word' id='word_1_698' title='bbox 862 5627 908 5683; x_wconf 89' lang='lat' dir='ltr'><strong>si</strong></span> <span class='ocrx_word' id='word_1_699' title='bbox 925 5626 1050 5698; x_wconf 87' lang='lat' dir='ltr'><strong>quis</strong></span> <span class='ocrx_word' id='word_1_700' title='bbox 1066 5627 1234 5690; x_wconf 84' lang='lat' dir='ltr'><strong>verbo</strong></span> <span class='ocrx_word' id='word_1_701' title='bbox 1251 5630 1594 5694; x_wconf 51' lang='lat' dir='ltr'><strong>eguberandi</strong></span> <span class='ocrx_word' id='word_1_702' title='bbox 1613 5647 1779 5688; x_wconf 86' lang='lat' dir='ltr'><strong>usum</strong></span> <span class='ocrx_word' id='word_1_703' title='bbox 1801 5645 1922 5686; x_wconf 89' lang='lat' dir='ltr'><strong>esse</strong></span> 
     </span>
    </p>
   </div>
   <div class='ocr_carea' id='block_1_93' title="bbox 2024 3253 3686 3329">
    <p class='ocr_par' dir='ltr' id='par_1_93' title="bbox 2024 3253 3686 3329">
     <span class='ocr_line' id='line_1_93' title="bbox 2024 3253 3686 3329; baseline -0.001 -18"><span class='ocrx_word' id='word_1_704' title='bbox 2024 3255 2589 3329; x_wconf 85' lang='lat' dir='ltr'><strong>ﬂuitatemjudicat,</strong></span> <span class='ocrx_word' id='word_1_705' title='bbox 2623 3256 2961 3328; x_wconf 87' lang='lat' dir='ltr'><strong>superbiam</strong></span> <span class='ocrx_word' id='word_1_706' title='bbox 2990 3256 3235 3327; x_wconf 87' lang='lat' dir='ltr'><strong>spernit,</strong></span> <span class='ocrx_word' id='word_1_707' title='bbox 3285 3253 3686 3310; x_wconf 85' lang='lat' dir='ltr'><strong>humilitatem</strong></span> 
     </span>
    </p>
   </div>
   <div class='ocr_carea' id='block_1_94' title="bbox 2025 3341 3687 3424">
    <p class='ocr_par' dir='ltr' id='par_1_94' title="bbox 2025 3341 3687 3424">
     <span class='ocr_line' id='line_1_94' title="bbox 2025 3341 3687 3424; baseline -0.001 -25"><span class='ocrx_word' id='word_1_708' title='bbox 2025 3343 2899 3416; x_wconf 69' lang='lat' dir='ltr'><strong>commendat,przestathomini</strong></span> <span class='ocrx_word' id='word_1_709' title='bbox 2919 3343 3074 3416; x_wconf 90' lang='lat' dir='ltr'><strong>seips</strong></span> <span class='ocrx_word' id='word_1_710' title='bbox 3085 3361 3171 3399; x_wconf 92' lang='lat' dir='ltr'><strong>um</strong></span> <span class='ocrx_word' id='word_1_711' title='bbox 3190 3343 3513 3412; x_wconf 89' lang='lat' dir='ltr'><strong>intelligere</strong></span> <span class='ocrx_word' id='word_1_712' title='bbox 3528 3341 3687 3424; x_wconf 78' lang='lat' dir='ltr'><strong>quod</strong></span> 
     </span>
    </p>
   </div>
   <div class='ocr_carea' id='block_1_95' title="bbox 2027 3429 3690 3505">
    <p class='ocr_par' dir='ltr' id='par_1_95' title="bbox 2027 3429 3690 3505">
     <span class='ocr_line' id='line_1_95' title="bbox 2027 3429 3690 3505; baseline -0.002 -15"><span class='ocrx_word' id='word_1_713' title='bbox 2027 3439 2133 3498; x_wconf 88' lang='lat' dir='ltr'><strong>est,</strong></span> <span class='ocrx_word' id='word_1_714' title='bbox 2167 3433 2475 3490; x_wconf 85' lang='lat' dir='ltr'><strong>inﬁrmum</strong></span> <span class='ocrx_word' id='word_1_715' title='bbox 2504 3438 2559 3490; x_wconf 91' lang='lat' dir='ltr'><strong>et</strong></span> <span class='ocrx_word' id='word_1_716' title='bbox 2581 3432 2873 3504; x_wconf 90' lang='lat' dir='ltr'><strong>fragilem,</strong></span> <span class='ocrx_word' id='word_1_717' title='bbox 2893 3439 3065 3505; x_wconf 90' lang='lat' dir='ltr'><strong>atque</strong></span> <span class='ocrx_word' id='word_1_718' title='bbox 3079 3433 3222 3490; x_wconf 90' lang='lat' dir='ltr'><strong>dum</strong></span> <span class='ocrx_word' id='word_1_719' title='bbox 3239 3432 3318 3499; x_wconf 86' lang='lat' dir='ltr'><strong>ita</strong></span> <span class='ocrx_word' id='word_1_720' title='bbox 3332 3447 3395 3486; x_wconf 91' lang='lat' dir='ltr'><strong>se</strong></span> <span class='ocrx_word' id='word_1_721' title='bbox 3419 3429 3690 3501; x_wconf 87' lang='lat' dir='ltr'><strong>intelligit</strong></span> 
     </span>
    </p>
   </div>
   <div class='ocr_carea' id='block_1_96' title="bbox 2026 3517 3687 3594">
    <p class='ocr_par' dir='ltr' id='par_1_96' title="bbox 2026 3517 3687 3594">
     <span class='ocr_line' id='line_1_96' title="bbox 2026 3517 3687 3594; baseline -0.004 -15"><span class='ocrx_word' id='word_1_722' title='bbox 2026 3521 2394 3587; x_wconf 89' lang='lat' dir='ltr'><strong>imbecillem,</strong></span> <span class='ocrx_word' id='word_1_723' title='bbox 2427 3522 2624 3594; x_wconf 88' lang='lat' dir='ltr'><strong>aptius</strong></span> <span class='ocrx_word' id='word_1_724' title='bbox 2642 3523 2848 3584; x_wconf 88' lang='lat' dir='ltr'><strong>virtute</strong></span> <span class='ocrx_word' id='word_1_725' title='bbox 2880 3521 2982 3576; x_wconf 87' lang='lat' dir='ltr'><strong>Dei</strong></span> <span class='ocrx_word' id='word_1_726' title='bbox 3013 3518 3378 3590; x_wconf 87' lang='lat' dir='ltr'><strong>adjutorium</strong></span> <span class='ocrx_word' id='word_1_727' title='bbox 3398 3517 3687 3588; x_wconf 70' lang='lat' dir='ltr'><strong>quaeritet</strong></span> 
     </span>
    </p>
   </div>
   <div class='ocr_carea' id='block_1_97' title="bbox 2028 3605 3684 3684">
    <p class='ocr_par' dir='ltr' id='par_1_97' title="bbox 2028 3605 3684 3684">
     <span class='ocr_line' id='line_1_97' title="bbox 2028 3605 3684 3684; baseline -0.004 -17"><span class='ocrx_word' id='word_1_728' title='bbox 2028 3612 2259 3683; x_wconf 89' lang='lat' dir='ltr'><strong>accipit,</strong></span> <span class='ocrx_word' id='word_1_729' title='bbox 2275 3611 2488 3684; x_wconf 67' lang='lat' dir='ltr'><strong>quierit</strong></span> <span class='ocrx_word' id='word_1_730' title='bbox 2499 3616 2698 3666; x_wconf 89' lang='lat' dir='ltr'><strong>autem</strong></span> <span class='ocrx_word' id='word_1_731' title='bbox 2730 3626 2836 3682; x_wconf 90' lang='lat' dir='ltr'><strong>per</strong></span> <span class='ocrx_word' id='word_1_732' title='bbox 2853 3610 3192 3682; x_wconf 88' lang='lat' dir='ltr'><strong>frequentes</strong></span> <span class='ocrx_word' id='word_1_733' title='bbox 3204 3608 3496 3664; x_wconf 87' lang='lat' dir='ltr'><strong>orationes</strong></span> <span class='ocrx_word' id='word_1_734' title='bbox 3510 3610 3566 3662; x_wconf 90' lang='lat' dir='ltr'><strong>et</strong></span> <span class='ocrx_word' id='word_1_735' title='bbox 3581 3605 3684 3662; x_wconf 84' lang='lat' dir='ltr'><strong>ob-</strong></span> 
     </span>
    </p>
   </div>
   <div class='ocr_carea' id='block_1_98' title="bbox 2030 3697 3682 3772">
    <p class='ocr_par' dir='ltr' id='par_1_98' title="bbox 2030 3697 3682 3772">
     <span class='ocr_line' id='line_1_98' title="bbox 2030 3697 3682 3772; baseline -0.004 -16"><span class='ocrx_word' id='word_1_736' title='bbox 2030 3701 2408 3760; x_wconf 89' lang='lat' dir='ltr'><strong>secrationes.</strong></span> <span class='ocrx_word' id='word_1_737' title='bbox 2445 3699 2642 3764; x_wconf 89' lang='lat' dir='ltr'><strong>Oratio</strong></span> <span class='ocrx_word' id='word_1_738' title='bbox 2665 3699 2909 3771; x_wconf 90' lang='lat' dir='ltr'><strong>quidem</strong></span> <span class='ocrx_word' id='word_1_739' title='bbox 2931 3699 3169 3754; x_wconf 88' lang='lat' dir='ltr'><strong>refectio</strong></span> <span class='ocrx_word' id='word_1_740' title='bbox 3188 3703 3275 3754; x_wconf 91' lang='lat' dir='ltr'><strong>est</strong></span> <span class='ocrx_word' id='word_1_741' title='bbox 3294 3697 3682 3772; x_wconf 79' lang='lat' dir='ltr'><strong>jejuniorum,</strong></span> 
     </span>
    </p>
   </div>
   <div class='ocr_carea' id='block_1_99' title="bbox 2031 3785 3688 3860">
    <p class='ocr_par' dir='ltr' id='par_1_99' title="bbox 2031 3785 3688 3860">
     <span class='ocr_line' id='line_1_99' title="bbox 2031 3785 3688 3860; baseline -0.002 -16"><span class='ocrx_word' id='word_1_742' title='bbox 2031 3793 2088 3844; x_wconf 91' lang='lat' dir='ltr'><strong>et</strong></span> <span class='ocrx_word' id='word_1_743' title='bbox 2117 3788 2370 3854; x_wconf 79' lang='lat' dir='ltr'><strong>advocat</strong></span> <span class='ocrx_word' id='word_1_744' title='bbox 2395 3789 2646 3857; x_wconf 85' lang='lat' dir='ltr'><strong>gratiam</strong></span> <span class='ocrx_word' id='word_1_745' title='bbox 2681 3785 2930 3860; x_wconf 89' lang='lat' dir='ltr'><strong>Spiritus</strong></span> <span class='ocrx_word' id='word_1_746' title='bbox 2947 3788 3155 3852; x_wconf 87' lang='lat' dir='ltr'><strong>sancti,</strong></span> <span class='ocrx_word' id='word_1_747' title='bbox 3186 3787 3382 3854; x_wconf 83' lang='lat' dir='ltr'><strong>Oratio</strong></span> <span class='ocrx_word' id='word_1_748' title='bbox 3405 3785 3688 3854; x_wconf 79' lang='lat' dir='ltr'><strong>duritiam</strong></span> 
     </span>
    </p>
   </div>
   <div class='ocr_carea' id='block_1_100' title="bbox 2031 3874 3688 3946">
    <p class='ocr_par' dir='ltr' id='par_1_100' title="bbox 2031 3874 3688 3946">
     <span class='ocr_line' id='line_1_100' title="bbox 2031 3874 3688 3946; baseline 0.001 -14"><span class='ocrx_word' id='word_1_749' title='bbox 2031 3876 2224 3932; x_wconf 86' lang='lat' dir='ltr'><strong>cordis</strong></span> <span class='ocrx_word' id='word_1_750' title='bbox 2240 3875 2444 3940; x_wconf 89' lang='lat' dir='ltr'><strong>mollit,</strong></span> <span class='ocrx_word' id='word_1_751' title='bbox 2460 3877 2870 3933; x_wconf 82' lang='lat' dir='ltr'><strong>austeritatem</strong></span> <span class='ocrx_word' id='word_1_752' title='bbox 2887 3881 3194 3946; x_wconf 87' lang='lat' dir='ltr'><strong>temperat,</strong></span> <span class='ocrx_word' id='word_1_753' title='bbox 3198 3876 3278 3944; x_wconf 87' lang='lat' dir='ltr'><strong>jej</strong></span> <span class='ocrx_word' id='word_1_754' title='bbox 3290 3877 3423 3930; x_wconf 88' lang='lat' dir='ltr'><strong>uniu</strong></span> <span class='ocrx_word' id='word_1_755' title='bbox 3435 3891 3492 3930; x_wconf 88' lang='lat' dir='ltr'><strong>m</strong></span> <span class='ocrx_word' id='word_1_756' title='bbox 3506 3874 3688 3934; x_wconf 84' lang='lat' dir='ltr'><strong>dulci-</strong></span> 
     </span>
    </p>
   </div>
   <div class='ocr_carea' id='block_1_101' title="bbox 2031 3962 3692 4036">
    <p class='ocr_par' dir='ltr' id='par_1_101' title="bbox 2031 3962 3692 4036">
     <span class='ocr_line' id='line_1_101' title="bbox 2031 3962 3692 4036; baseline -0.001 -17"><span class='ocrx_word' id='word_1_757' title='bbox 2031 3965 2188 4020; x_wconf 86' lang='lat' dir='ltr'><strong>ﬁcat.</strong></span> <span class='ocrx_word' id='word_1_758' title='bbox 2217 3964 2374 4020; x_wconf 91' lang='lat' dir='ltr'><strong>Sicut</strong></span> <span class='ocrx_word' id='word_1_759' title='bbox 2397 3966 2558 4018; x_wconf 90' lang='lat' dir='ltr'><strong>enim</strong></span> <span class='ocrx_word' id='word_1_760' title='bbox 2589 3966 2713 4020; x_wconf 90' lang='lat' dir='ltr'><strong>sine</strong></span> <span class='ocrx_word' id='word_1_761' title='bbox 2744 3970 2886 4036; x_wconf 90' lang='lat' dir='ltr'><strong>potu</strong></span> <span class='ocrx_word' id='word_1_762' title='bbox 2902 3979 3023 4019; x_wconf 91' lang='lat' dir='ltr'><strong>non</strong></span> <span class='ocrx_word' id='word_1_763' title='bbox 3037 3963 3588 4034; x_wconf 78' lang='lat' dir='ltr'><strong>estplenaretectio,</strong></span> <span class='ocrx_word' id='word_1_764' title='bbox 3607 3962 3692 4017; x_wconf 89' lang='lat' dir='ltr'><strong>sic</strong></span> 
     </span>
    </p>
   </div>
   <div class='ocr_carea' id='block_1_102' title="bbox 2033 4048 3692 4126">
    <p class='ocr_par' dir='ltr' id='par_1_102' title="bbox 2033 4048 3692 4126">
     <span class='ocr_line' id='line_1_102' title="bbox 2033 4048 3692 4126; baseline -0.004 -17"><span class='ocrx_word' id='word_1_765' title='bbox 2033 4053 2173 4126; x_wconf 86' lang='lat' dir='ltr'><strong>etjej</strong></span> <span class='ocrx_word' id='word_1_766' title='bbox 2186 4053 2394 4108; x_wconf 88' lang='lat' dir='ltr'><strong>unium</strong></span> <span class='ocrx_word' id='word_1_767' title='bbox 2408 4053 2531 4107; x_wconf 89' lang='lat' dir='ltr'><strong>sine</strong></span> <span class='ocrx_word' id='word_1_768' title='bbox 2545 4052 2810 4109; x_wconf 88' lang='lat' dir='ltr'><strong>oratione</strong></span> <span class='ocrx_word' id='word_1_769' title='bbox 2826 4067 2945 4106; x_wconf 92' lang='lat' dir='ltr'><strong>non</strong></span> <span class='ocrx_word' id='word_1_770' title='bbox 2961 4056 3152 4126; x_wconf 87' lang='lat' dir='ltr'><strong>potest</strong></span> <span class='ocrx_word' id='word_1_771' title='bbox 3165 4051 3431 4104; x_wconf 91' lang='lat' dir='ltr'><strong>animam</strong></span> <span class='ocrx_word' id='word_1_772' title='bbox 3446 4048 3692 4122; x_wconf 85' lang='lat' dir='ltr'><strong>perfecte</strong></span> 
     </span>
    </p>
   </div>
   <div class='ocr_carea' id='block_1_103' title="bbox 2033 4127 3691 4206">
    <p class='ocr_par' dir='ltr' id='par_1_103' title="bbox 2033 4127 3691 4206">
     <span class='ocr_line' id='line_1_103' title="bbox 2033 4127 3691 4206; baseline -0.001 -6"><span class='ocrx_word' id='word_1_773' title='bbox 2033 4141 2282 4200; x_wconf 85' lang='lat' dir='ltr'><strong>nutrire.</strong></span> <span class='ocrx_word' id='word_1_774' title='bbox 2315 4140 2467 4206; x_wconf 88' lang='lat' dir='ltr'><strong>Quid</strong></span> <span class='ocrx_word' id='word_1_775' title='bbox 2498 4145 2582 4197; x_wconf 85' lang='lat' dir='ltr'><strong>est</strong></span> <span class='ocrx_word' id='word_1_776' title='bbox 2609 4145 2802 4197; x_wconf 91' lang='lat' dir='ltr'><strong>autem</strong></span> <span class='ocrx_word' id='word_1_777' title='bbox 2827 4127 3017 4202; x_wconf 83' lang='lat' dir='ltr'><strong>oratio</strong></span> <span class='ocrx_word' id='word_1_778' title='bbox 3034 4137 3147 4206; x_wconf 84' lang='lat' dir='ltr'><strong>nisi</strong></span> <span class='ocrx_word' id='word_1_779' title='bbox 3178 4135 3454 4204; x_wconf 82' lang='lat' dir='ltr'><strong>ascensio</strong></span> <span class='ocrx_word' id='word_1_780' title='bbox 3473 4135 3691 4202; x_wconf 54' lang='lat' dir='ltr'><strong>anima</strong></span> 
     </span>
    </p>
   </div>
   <div class='ocr_carea' id='block_1_104' title="bbox 2035 4226 3690 4299">
    <p class='ocr_par' dir='ltr' id='par_1_104' title="bbox 2035 4226 3690 4299">
     <span class='ocr_line' id='line_1_104' title="bbox 2035 4226 3690 4299; baseline -0.002 -13"><span class='ocrx_word' id='word_1_781' title='bbox 2035 4231 2109 4286; x_wconf 92' lang='lat' dir='ltr'><strong>de</strong></span> <span class='ocrx_word' id='word_1_782' title='bbox 2135 4228 2504 4286; x_wconf 86' lang='lat' dir='ltr'><strong>terrestribus</strong></span> <span class='ocrx_word' id='word_1_783' title='bbox 2533 4229 2612 4285; x_wconf 90' lang='lat' dir='ltr'><strong>ad</strong></span> <span class='ocrx_word' id='word_1_784' title='bbox 2641 4228 2918 4292; x_wconf 73' lang='lat' dir='ltr'><strong>cmlestia,</strong></span> <span class='ocrx_word' id='word_1_785' title='bbox 2949 4226 3252 4299; x_wconf 87' lang='lat' dir='ltr'><strong>inquisitio</strong></span> <span class='ocrx_word' id='word_1_786' title='bbox 3274 4240 3690 4298; x_wconf 83' lang='lat' dir='ltr'><strong>supernorum,</strong></span> 
     </span>
    </p>
   </div>
   <div class='ocr_carea' id='block_1_105' title="bbox 2035 4314 3694 4375">
    <p class='ocr_par' dir='ltr' id='par_1_105' title="bbox 2035 4314 3694 4375">
     <span class='ocr_line' id='line_1_105' title="bbox 2035 4314 3694 4375; baseline -0.004 -1"><span class='ocrx_word' id='word_1_787' title='bbox 2035 4318 2410 4375; x_wconf 89' lang='lat' dir='ltr'><strong>invisibilium</strong></span> <span class='ocrx_word' id='word_1_788' title='bbox 2423 4316 3311 4373; x_wconf 81' lang='lat' dir='ltr'><strong>desiderium?Abeatdissensio</strong></span> <span class='ocrx_word' id='word_1_789' title='bbox 3323 4314 3694 4371; x_wconf 70' lang='lat' dir='ltr'><strong>smcularium</strong></span> 
     </span>
    </p>
   </div>
   <div class='ocr_carea' id='block_1_106' title="bbox 2037 4403 3695 4481">
    <p class='ocr_par' dir='ltr' id='par_1_106' title="bbox 2037 4403 3695 4481">
     <span class='ocr_line' id='line_1_106' title="bbox 2037 4403 3695 4481; baseline -0.004 -16"><span class='ocrx_word' id='word_1_790' title='bbox 2037 4424 2274 4465; x_wconf 89' lang='lat' dir='ltr'><strong>morum</strong></span> <span class='ocrx_word' id='word_1_791' title='bbox 2287 4407 2508 4481; x_wconf 84' lang='lat' dir='ltr'><strong>quibus</strong></span> <span class='ocrx_word' id='word_1_792' title='bbox 2520 4409 2801 4480; x_wconf 89' lang='lat' dir='ltr'><strong>premitur</strong></span> <span class='ocrx_word' id='word_1_793' title='bbox 2813 4422 2982 4464; x_wconf 88' lang='lat' dir='ltr'><strong>mens</strong></span> <span class='ocrx_word' id='word_1_794' title='bbox 2994 4407 3248 4464; x_wconf 88' lang='lat' dir='ltr'><strong>humana</strong></span> <span class='ocrx_word' id='word_1_795' title='bbox 3263 4403 3695 4478; x_wconf 82' lang='lat' dir='ltr'><strong>quotidie.0ra—</strong></span> 
     </span>
    </p>
   </div>
   <div class='ocr_carea' id='block_1_107' title="bbox 1962 4476 3694 4568">
    <p class='ocr_par' dir='ltr' id='par_1_107' title="bbox 1962 4476 3694 4568">
     <span class='ocr_line' id='line_1_107' title="bbox 1962 4476 3694 4568; baseline 0 -14"><span class='ocrx_word' id='word_1_796' title='bbox 1962 4476 2005 4536; x_wconf 82' lang='grc' dir='ltr'><strong>Ῑ)</strong></span> <span class='ocrx_word' id='word_1_797' title='bbox 2039 4498 2116 4554; x_wconf 88' lang='lat' dir='ltr'><strong>tio</strong></span> <span class='ocrx_word' id='word_1_798' title='bbox 2155 4476 2498 4568; x_wconf 78' lang='lat' dir='ltr'><strong>conjunctiu</strong></span> <span class='ocrx_word' id='word_1_799' title='bbox 2520 4476 2610 4554; x_wconf 78' lang='lat' dir='ltr'><strong>est</strong></span> <span class='ocrx_word' id='word_1_800' title='bbox 2633 4495 2870 4568; x_wconf 86' lang='lat' dir='ltr'><strong>Spiritui</strong></span> <span class='ocrx_word' id='word_1_801' title='bbox 2889 4500 3092 4562; x_wconf 78' lang='lat' dir='ltr'><strong>sancto</strong></span> <span class='ocrx_word' id='word_1_802' title='bbox 3121 4513 3133 4552; x_wconf 86' lang='lat'><strong>:</strong></span> <span class='ocrx_word' id='word_1_803' title='bbox 3164 4495 3212 4564; x_wconf 82' lang='lat' dir='ltr'><strong>si</strong></span> <span class='ocrx_word' id='word_1_804' title='bbox 3239 4476 3522 4563; x_wconf 77' lang='lat' dir='ltr'><strong>tamenin</strong></span> <span class='ocrx_word' id='word_1_805' title='bbox 3564 4509 3694 4560; x_wconf 81' lang='lat' dir='ltr'><strong>ora-</strong></span> 
     </span>
    </p>
   </div>
   <div class='ocr_carea' id='block_1_108' title="bbox 2036 4578 3694 4656">
    <p class='ocr_par' dir='ltr' id='par_1_108' title="bbox 2036 4578 3694 4656">
     <span class='ocr_line' id='line_1_108' title="bbox 2036 4578 3694 4656; baseline -0.001 -13"><span class='ocrx_word' id='word_1_806' title='bbox 2036 4587 2466 4643; x_wconf 86' lang='lat' dir='ltr'><strong>tioneintentus</strong></span> <span class='ocrx_word' id='word_1_807' title='bbox 2484 4586 2556 4640; x_wconf 89' lang='lat' dir='ltr'><strong>sit</strong></span> <span class='ocrx_word' id='word_1_808' title='bbox 2577 4586 2837 4649; x_wconf 86' lang='lat' dir='ltr'><strong>animus,</strong></span> <span class='ocrx_word' id='word_1_809' title='bbox 2862 4585 3013 4642; x_wconf 88' lang='lat' dir='ltr'><strong>sicut</strong></span> <span class='ocrx_word' id='word_1_810' title='bbox 3027 4585 3246 4642; x_wconf 89' lang='lat' dir='ltr'><strong>clamat</strong></span> <span class='ocrx_word' id='word_1_811' title='bbox 3266 4581 3585 4656; x_wconf 83' lang='lat' dir='ltr'><strong>prapheta:</strong></span> <span class='ocrx_word' id='word_1_812' title='bbox 3604 4578 3694 4641; x_wconf 82' lang='lat' dir='ltr'><strong>Si-</strong></span> 
     </span>
    </p>
   </div>
   <div class='ocr_carea' id='block_1_109' title="bbox 2039 4672 3692 4746">
    <p class='ocr_par' dir='ltr' id='par_1_109' title="bbox 2039 4672 3692 4746">
     <span class='ocr_line' id='line_1_109' title="bbox 2039 4672 3692 4746; baseline -0.002 -17"><span class='ocrx_word' id='word_1_813' title='bbox 2039 4675 2163 4730; x_wconf 81' lang='lat' dir='ltr'><strong>tivit</strong></span> <span class='ocrx_word' id='word_1_814' title='bbox 2192 4679 2253 4732; x_wconf 83' lang='lat' dir='ltr'><strong>in</strong></span> <span class='ocrx_word' id='word_1_815' title='bbox 2277 4681 2332 4731; x_wconf 85' lang='lat' dir='ltr'><strong>te</strong></span> <span class='ocrx_word' id='word_1_816' title='bbox 2354 4674 2557 4732; x_wconf 85' lang='lat' dir='ltr'><strong>anima</strong></span> <span class='ocrx_word' id='word_1_817' title='bbox 2578 4689 2726 4737; x_wconf 86' lang='lat' dir='ltr'><strong>mea,</strong></span> <span class='ocrx_word' id='word_1_818' title='bbox 2757 4690 2930 4746; x_wconf 87' lang='lat' dir='ltr'><strong>quam</strong></span> <span class='ocrx_word' id='word_1_819' title='bbox 2947 4674 3361 4745; x_wconf 78' lang='lat' dir='ltr'><strong>multipliciter</strong></span> <span class='ocrx_word' id='word_1_820' title='bbox 3396 4672 3503 4729; x_wconf 78' lang='lat' dir='ltr'><strong>tibi</strong></span> <span class='ocrx_word' id='word_1_821' title='bbox 3550 4686 3692 4728; x_wconf 80' lang='lat' dir='ltr'><strong>caro</strong></span> 
     </span>
    </p>
   </div>
   <div class='ocr_carea' id='block_1_110' title="bbox 2037 4760 3696 4836">
    <p class='ocr_par' dir='ltr' id='par_1_110' title="bbox 2037 4760 3696 4836">
     <span class='ocr_line' id='line_1_110' title="bbox 2037 4760 3696 4836; baseline -0.003 -17"><span class='ocrx_word' id='word_1_822' title='bbox 2037 4780 2166 4822; x_wconf 86' lang='lat' dir='ltr'><strong>mea</strong></span> <span class='ocrx_word' id='word_1_823' title='bbox 2197 4766 2308 4830; x_wconf 84' lang='lat' dir='ltr'><strong>(Ps.</strong></span> <span class='ocrx_word' id='word_1_824' title='bbox 2341 4779 2472 4836; x_wconf 77' lang='lat' dir='ltr'><strong>LXII,</strong></span> <span class='ocrx_word' id='word_1_825' title='bbox 2495 4767 2571 4832; x_wconf 76' lang='lat'><strong>2).</strong></span> <span class='ocrx_word' id='word_1_826' title='bbox 2608 4762 2761 4830; x_wconf 90' lang='lat' dir='ltr'><strong>Quid</strong></span> <span class='ocrx_word' id='word_1_827' title='bbox 2779 4769 2978 4820; x_wconf 87' lang='lat' dir='ltr'><strong>autem</strong></span> <span class='ocrx_word' id='word_1_828' title='bbox 3008 4763 3320 4828; x_wconf 85' lang='lat' dir='ltr'><strong>sitiendum</strong></span> <span class='ocrx_word' id='word_1_829' title='bbox 3349 4761 3442 4832; x_wconf 86' lang='lat' dir='ltr'><strong>sit,</strong></span> <span class='ocrx_word' id='word_1_830' title='bbox 3499 4760 3696 4832; x_wconf 88' lang='lat' dir='ltr'><strong>sequi-</strong></span> 
     </span>
    </p>
   </div>
   <div class='ocr_carea' id='block_1_111' title="bbox 2037 4847 3684 4923">
    <p class='ocr_par' dir='ltr' id='par_1_111' title="bbox 2037 4847 3684 4923">
     <span class='ocr_line' id='line_1_111' title="bbox 2037 4847 3684 4923; baseline -0.005 -14"><span class='ocrx_word' id='word_1_831' title='bbox 2037 4858 2152 4923; x_wconf 90' lang='lat' dir='ltr'><strong>tur,</strong></span> <span class='ocrx_word' id='word_1_832' title='bbox 2175 4859 2240 4910; x_wconf 86' lang='lat' dir='ltr'><strong>ut</strong></span> <span class='ocrx_word' id='word_1_833' title='bbox 2271 4853 2452 4912; x_wconf 83' lang='lat' dir='ltr'><strong>videat</strong></span> <span class='ocrx_word' id='word_1_834' title='bbox 2483 4854 2749 4910; x_wconf 84' lang='lat' dir='ltr'><strong>uirtutem</strong></span> <span class='ocrx_word' id='word_1_835' title='bbox 2782 4860 2930 4910; x_wconf 81' lang='lat' dir='ltr'><strong>tuam</strong></span> <span class='ocrx_word' id='word_1_836' title='bbox 2958 4851 3238 4922; x_wconf 80' lang='lat' dir='ltr'><strong>(Ibid.,3).</strong></span> <span class='ocrx_word' id='word_1_837' title='bbox 3272 4849 3498 4914; x_wconf 87' lang='lat' dir='ltr'><strong>Credite</strong></span> <span class='ocrx_word' id='word_1_838' title='bbox 3521 4847 3684 4910; x_wconf 80' lang='lat' dir='ltr'><strong>mihi.</strong></span> 
     </span>
    </p>
   </div>
   <div class='ocr_carea' id='block_1_112' title="bbox 2037 4936 3691 5013">
    <p class='ocr_par' dir='ltr' id='par_1_112' title="bbox 2037 4936 3691 5013">
     <span class='ocr_line' id='line_1_112' title="bbox 2037 4936 3691 5013; baseline -0.004 -15"><span class='ocrx_word' id='word_1_839' title='bbox 2037 4942 2084 4998; x_wconf 92' lang='lat' dir='ltr'><strong>si</strong></span> <span class='ocrx_word' id='word_1_840' title='bbox 2096 4941 2175 4999; x_wconf 89' lang='lat' dir='ltr'><strong>ad</strong></span> <span class='ocrx_word' id='word_1_841' title='bbox 2189 4941 2498 4998; x_wconf 89' lang='lat' dir='ltr'><strong>videndam</strong></span> <span class='ocrx_word' id='word_1_842' title='bbox 2513 4942 2739 5013; x_wconf 83' lang='lat' dir='ltr'><strong>plenam</strong></span> <span class='ocrx_word' id='word_1_843' title='bbox 2756 4942 3022 4997; x_wconf 79' lang='lat' dir='ltr'><strong>virtutem</strong></span> <span class='ocrx_word' id='word_1_844' title='bbox 3037 4940 3132 4996; x_wconf 91' lang='lat' dir='ltr'><strong>Dei</strong></span> <span class='ocrx_word' id='word_1_845' title='bbox 3148 4939 3314 5009; x_wconf 82' lang='lat' dir='ltr'><strong>plene</strong></span> <span class='ocrx_word' id='word_1_846' title='bbox 3328 4938 3484 4993; x_wconf 88' lang='lat' dir='ltr'><strong>sitiat</strong></span> <span class='ocrx_word' id='word_1_847' title='bbox 3497 4936 3691 4991; x_wconf 87' lang='lat' dir='ltr'><strong>anima</strong></span> 
     </span>
    </p>
   </div>
   <div class='ocr_carea' id='block_1_113' title="bbox 2034 5022 3690 5093">
    <p class='ocr_par' dir='ltr' id='par_1_113' title="bbox 2034 5022 3690 5093">
     <span class='ocr_line' id='line_1_113' title="bbox 2034 5022 3690 5093; baseline -0.004 -8"><span class='ocrx_word' id='word_1_848' title='bbox 2034 5030 2307 5087; x_wconf 67' lang='lat' dir='ltr'><strong>humanm</strong></span> <span class='ocrx_word' id='word_1_849' title='bbox 2321 5030 2804 5093; x_wconf 68' lang='lat' dir='ltr'><strong>substantimmec</strong></span> <span class='ocrx_word' id='word_1_850' title='bbox 2820 5029 3056 5084; x_wconf 88' lang='lat' dir='ltr'><strong>fastidio</strong></span> <span class='ocrx_word' id='word_1_851' title='bbox 3069 5028 3223 5082; x_wconf 86' lang='lat' dir='ltr'><strong>vieta</strong></span> <span class='ocrx_word' id='word_1_852' title='bbox 3243 5022 3586 5086; x_wconf 82' lang='lat' dir='ltr'><strong>dissimulet,</strong></span> <span class='ocrx_word' id='word_1_853' title='bbox 3601 5037 3690 5078; x_wconf 82' lang='lat' dir='ltr'><strong>re-</strong></span> 
     </span>
    </p>
   </div>
   <div class='ocr_carea' id='block_1_114' title="bbox 2033 5110 3690 5192">
    <p class='ocr_par' dir='ltr' id='par_1_114' title="bbox 2033 5110 3690 5192">
     <span class='ocr_line' id='line_1_114' title="bbox 2033 5110 3690 5192; baseline -0.004 -19"><span class='ocrx_word' id='word_1_854' title='bbox 2033 5119 2292 5192; x_wconf 89' lang='lat' dir='ltr'><strong>plebitur</strong></span> <span class='ocrx_word' id='word_1_855' title='bbox 2316 5118 2490 5187; x_wconf 85' lang='lat' dir='ltr'><strong>adipe</strong></span> <span class='ocrx_word' id='word_1_856' title='bbox 2521 5122 2576 5172; x_wconf 92' lang='lat' dir='ltr'><strong>et</strong></span> <span class='ocrx_word' id='word_1_857' title='bbox 2597 5117 2958 5189; x_wconf 88' lang='lat' dir='ltr'><strong>pinguedine</strong></span> <span class='ocrx_word' id='word_1_858' title='bbox 2989 5113 3308 5187; x_wconf 90' lang='lat' dir='ltr'><strong>spirituali:</strong></span> <span class='ocrx_word' id='word_1_859' title='bbox 3335 5110 3690 5168; x_wconf 83' lang='lat' dir='ltr'><strong>etsitiensil-</strong></span> 
     </span>
    </p>
   </div>
   <div class='ocr_carea' id='block_1_115' title="bbox 2035 5261 3679 5335">
    <p class='ocr_par' dir='ltr' id='par_1_115' title="bbox 2035 5261 3679 5335">
     <span class='ocr_line' id='line_1_115' title="bbox 2035 5261 3679 5335; baseline -0.005 -13"><span class='ocrx_word' id='word_1_860' title='bbox 2035 5270 2185 5322; x_wconf 88' lang='lat' dir='ltr'><strong>hunc</strong></span> <span class='ocrx_word' id='word_1_861' title='bbox 2214 5272 2505 5322; x_wconf 87' lang='lat' dir='ltr'><strong>auctorem</strong></span> <span class='ocrx_word' id='word_1_862' title='bbox 2549 5268 2876 5331; x_wconf 87' lang='lat' dir='ltr'><strong>contendat,</strong></span> <span class='ocrx_word' id='word_1_863' title='bbox 2895 5279 3007 5320; x_wconf 89' lang='lat' dir='ltr'><strong>non</strong></span> <span class='ocrx_word' id='word_1_864' title='bbox 3035 5264 3300 5335; x_wconf 89' lang='lat' dir='ltr'><strong>equidem</strong></span> <span class='ocrx_word' id='word_1_865' title='bbox 3334 5261 3679 5329; x_wconf 82' lang='lat' dir='ltr'><strong>reluctabor,</strong></span> 
     </span>
    </p>
   </div>
   <div class='ocr_carea' id='block_1_116' title="bbox 2036 5335 3681 5409">
    <p class='ocr_par' dir='ltr' id='par_1_116' title="bbox 2036 5335 3681 5409">
     <span class='ocr_line' id='line_1_116' title="bbox 2036 5335 3681 5409; baseline -0.005 -14"><span class='ocrx_word' id='word_1_866' title='bbox 2036 5341 2133 5395; x_wconf 88' lang='lat' dir='ltr'><strong>sed</strong></span> <span class='ocrx_word' id='word_1_867' title='bbox 2156 5339 2324 5393; x_wconf 88' lang='lat' dir='ltr'><strong>velim</strong></span> <span class='ocrx_word' id='word_1_868' title='bbox 2358 5338 2561 5392; x_wconf 86' lang='lat' dir='ltr'><strong>saltem</strong></span> <span class='ocrx_word' id='word_1_869' title='bbox 2585 5339 2736 5409; x_wconf 84' lang='lat' dir='ltr'><strong>legat</strong></span> <span class='ocrx_word' id='word_1_870' title='bbox 2769 5337 3118 5409; x_wconf 64' lang='lat' dir='ltr'><strong>exuberabat.</strong></span> <span class='ocrx_word' id='word_1_871' title='bbox 3155 5335 3313 5409; x_wconf 84' lang='lat' dir='ltr'><strong>Infra</strong></span> <span class='ocrx_word' id='word_1_872' title='bbox 3342 5355 3353 5389; x_wconf 89' lang='lat'>:</span> <span class='ocrx_word' id='word_1_873' title='bbox 3395 5336 3601 5404; x_wconf 70' lang='lat' dir='ltr'><strong>praevia</strong></span> <span class='ocrx_word' id='word_1_874' title='bbox 3633 5339 3681 5387; x_wconf 83' lang='lat' dir='ltr'><strong>et</strong></span> 
     </span>
    </p>
   </div>
   <div class='ocr_carea' id='block_1_117' title="bbox 2035 5407 3446 5478">
    <p class='ocr_par' dir='ltr' id='par_1_117' title="bbox 2035 5407 3446 5478">
     <span class='ocr_line' id='line_1_117' title="bbox 2035 5407 3446 5478; baseline -0.002 -14"><span class='ocrx_word' id='word_1_875' title='bbox 2035 5426 2276 5478; x_wconf 88' lang='lat' dir='ltr'><strong>amara;</strong></span> <span class='ocrx_word' id='word_1_876' title='bbox 2324 5409 2524 5464; x_wconf 88' lang='lat' dir='ltr'><strong>malim</strong></span> <span class='ocrx_word' id='word_1_877' title='bbox 2558 5425 2567 5462; x_wconf 89' lang='lat'>:</span> <span class='ocrx_word' id='word_1_878' title='bbox 2599 5407 2817 5478; x_wconf 63' lang='lat' dir='ltr'><strong>praevia</strong></span> <span class='ocrx_word' id='word_1_879' title='bbox 2851 5410 3003 5472; x_wconf 82' lang='lat' dir='ltr'><strong>mali,</strong></span> <span class='ocrx_word' id='word_1_880' title='bbox 3039 5407 3124 5462; x_wconf 89' lang='lat' dir='ltr'><strong>vel</strong></span> <span class='ocrx_word' id='word_1_881' title='bbox 3155 5408 3446 5463; x_wconf 82' lang='lat' dir='ltr'><strong>malorum.</strong></span> 
     </span>
    </p>
   </div>
   <div class='ocr_carea' id='block_1_118' title="bbox 2107 5478 3678 5551">
    <p class='ocr_par' dir='ltr' id='par_1_118' title="bbox 2107 5478 3678 5551">
     <span class='ocr_line' id='line_1_118' title="bbox 2107 5478 3678 5551; baseline 0.001 -17"><span class='ocrx_word' id='word_1_882' title='bbox 2107 5481 2133 5520; x_wconf 72' lang='grc' dir='ltr'><em>ἀ</em></span> <span class='ocrx_word' id='word_1_883' title='bbox 2165 5481 2358 5536; x_wconf 83' lang='lat' dir='ltr'><strong>Exstat</strong></span> <span class='ocrx_word' id='word_1_884' title='bbox 2388 5497 2546 5535; x_wconf 91' lang='lat' dir='ltr'><strong>num.</strong></span> <span class='ocrx_word' id='word_1_885' title='bbox 2580 5481 2792 5535; x_wconf 83' lang='lat' dir='ltr'><strong>LXXIII</strong></span> <span class='ocrx_word' id='word_1_886' title='bbox 2826 5480 2882 5534; x_wconf 90' lang='lat' dir='ltr'><strong>in</strong></span> <span class='ocrx_word' id='word_1_887' title='bbox 2903 5480 3214 5551; x_wconf 88' lang='lat' dir='ltr'><strong>appendice</strong></span> <span class='ocrx_word' id='word_1_888' title='bbox 3245 5494 3480 5551; x_wconf 88' lang='lat' dir='ltr'><strong>operum</strong></span> <span class='ocrx_word' id='word_1_889' title='bbox 3498 5478 3678 5536; x_wconf 76' lang='lat' dir='ltr'><strong>D.Au-</strong></span> 
     </span>
    </p>
   </div>
   <div class='ocr_carea' id='block_1_119' title="bbox 2043 5551 2564 5625">
    <p class='ocr_par' dir='ltr' id='par_1_119' title="bbox 2043 5551 2564 5625">
     <span class='ocr_line' id='line_1_119' title="bbox 2043 5551 2564 5625; baseline -0.004 -17"><span class='ocrx_word' id='word_1_890' title='bbox 2043 5551 2277 5625; x_wconf 85' lang='lat' dir='ltr'><strong>gustini,</strong></span> <span class='ocrx_word' id='word_1_891' title='bbox 2313 5557 2456 5608; x_wconf 88' lang='lat' dir='ltr'><strong>tom.</strong></span> <span class='ocrx_word' id='word_1_892' title='bbox 2499 5551 2564 5606; x_wconf 91' lang='lat' dir='ltr'><strong>V.</strong></span> 
     </span>
    </p>
   </div>
  </div>
