4040 6178
431 286 548 348 679

1022 270 1385 337 APPENDIX
1428 276 1825 337 SERMONUM
1871 275 1929 335 S.
1980 264 2190 336 PETRI
2232 276 2704 342 CHRYSOLOGI.
2735 311 2810 324 -—
2855 282 3096 342 SERMO
3139 281 3260 340 Vll.

3731 286 3841 356 68o

429 415 551 472 lam
585 410 687 468 Dei
723 406 1121 465 visitationem
1153 421 1331 463 sensu
1357 408 1599 481 pr0prio
1629 422 1767 463 cum
1797 405 1913 462 ﬁde
1961 406 2080 463 cla-
2112 407 2163 471 Α
2191 408 2382 476 sedat,
2413 410 2685 468 inimicos
2714 410 3059 479 concordat,
3088 410 3315 466 cunctis
3343 415 3431 466 est
3457 410 3696 482 placita.
3724 415 3846 469 Non

430 500 611 559 mabit
641 515 652 554 :
688 497 953 553 Adhxsit
974 496 1170 551 anima
1184 513 1311 553 mea
1324 505 1450 568 post
1475 504 1549 563 te,
1564 502 1813 566 suscepit
1834 510 1927 551 me
1946 495 2080 553 dex-

430 596 553 645 tera
576 595 680 644 tua
697 585 886 658 (Ibid.,
901 586 977 655 9).
994 584 1296 655 Jejunium
1319 584 1469 641 tollit
1488 584 1779 648 inertiam,
1796 583 1871 640 de
1881 585 2079 641 animo

428 676 859 749 impedimenta
888 672 1149 729 carnalia
1171 672 1381 729 aufert.
1406 674 1603 730 Oratio
1630 688 1762 730 vero
1811 688 2081 745 perseve-

428 763 790 837 ransjungit
820 763 959 829 Deo,
993 766 1173 833 atque
1221 762 1302 819 ita
1349 763 1618 834 gaudens
1684 762 1962 819 assistere
2015 776 2080 816 se

427 853 685 912 Domino
716 851 1018 922 gloriatur.
1051 850 1375 907 Adhterens
1406 858 1607 908 autem
1637 853 1843 908 anima
1888 850 2079 907 Domi-

428 958 528 1011 no,
568 941 775 1013 incipit
800 939 1175 996 securitatem
1201 939 1444 1006 habere,
1475 945 1531 997 et
1549 939 1911 1006 libertatem;
1970 955 2080 995 nec

429 1044 673 1103 pavores
722 1027 987 1091 sustinet,
1048 1042 1157 1083 nec
1204 1027 1467 1084 timores.
1523 1031 1812 1101 Suscepto
1877 1032 2080 1085 autem

426 1122 592 1175 tanto
621 1116 952 1190 patrocinio
968 1115 1224 1172 dexteras
1252 1117 1371 1188 Dei,
1403 1117 1713 1189 quomodo
1739 1118 1953 1189 poterit
1980 1132 2079 1173 no-

425 1208 545 1264 ceri
576 1207 655 1263 ab
679 1206 881 1279 aliqua
900 1209 1209 1278 potestate,
1242 1205 1392 1262 sicut
1416 1206 1701 1277 scriptum
1749 1210 1855 1273 est,
1915 1204 2080 1278 quod

424 1312 604 1352 nemo
623 1294 768 1351 illud
788 1294 945 1366 rapit
971 1293 1046 1349 de
1086 1308 1270 1349 manu
1292 1294 1477 1351 Patris
1501 1295 1701 1366 (Joan.
1726 1310 1777 1359 x,
1808 1295 1937 1365 19)?
1960 1297 2078 1349 Hoc

422 1388 667 1456 praestat
689 1382 1007 1454 jejunium,
1035 1382 1151 1438 hoc
1176 1386 1418 1451 praestat
1444 1383 1648 1439 oratio.

1027 1519 1054 1551 ει
1086 1509 1310 1564 SERMO
1362 1509 1468 1563 VII.

423 1633 502 1690 De
534 1632 730 1690 verbis
759 1632 1061 1703 Evangelii
1088 1634 1306 1689 Joann.
1350 1649 1453 1687 xiv
1486 1648 1497 1687 ;
1530 1633 1740 1703 Pacem
1762 1646 1951 1689 meam
2000 1632 2075 1689 do

674 1705 853 1771 vobis,
876 1702 1078 1774 pacem
1106 1719 1291 1761 meam
1327 1704 1594 1774 relinquo
1648 1702 1823 1759 vobis.

494 1829 730 1885 Domini
760 1832 987 1893 voxest,
1019 1829 1228 1885 fratres
1258 1826 1625 1884 charissimi:
1658 1827 1869 1884 Pacem
1898 1842 2075 1884 meam

422 1918 497 1974 do
527 1918 705 1987 vobis,
734 1932 926 1989 pacem
954 1918 1214 1988 relinquo
1239 1916 1395 1973 vobis
1433 1916 1624 1989 (Joan.
1654 1931 1773 1981 xiv,
1834 1915 1944 1987 27).
1995 1916 2075 1972 De

419 2021 571 2077 pace
582 2006 980 2077 dicturi,prius
993 2021 1123 2077 qum
1138 2004 1300 2077 pacis
1314 2004 1740 2061 sintcommoda
1753 2003 2072 2072 videamus,

420 2097 650 2167 Estpax
663 2096 949 2151 serenitas
967 2092 1605 2165 mentis,tranquillitas
1616 2093 1819 2159 animi,
1855 2093 2075 2165 simpli-

418 2184 565 2241 citas
576 2181 2068 2253 cordis,amorisvinculum,consortiumcharitatis.

419 2274 553 2327 Haec
569 2276 660 2327 est
682 2286 818 2343 quis
831 2270 1159 2326 simultates
1179 2269 1347 2339 tollit,
1368 2268 1527 2325 bella
1547 2270 1892 2340 compescit,
1911 2285 2071 2325 com-

418 2358 767 2430 primitiras,
784 2357 1071 2429 superbos
1083 2356 1293 2427 calcat,
1305 2357 1561 2413 humiles
1573 2357 2070 2425 amat,discordes

487 2530 514 2560 α
544 2519 737 2589 Exstat
768 2533 927 2572 num.
968 2516 1142 2573 XCVII
1178 2517 1235 2571 in
1252 2516 1565 2589 appendice
1591 2518 1840 2589 Operam
1868 2520 1931 2573 D.
1955 2519 2066 2574 Au-

456 2588 629 2660 ustini
687 2590 759 2643 ad
805 2589 1019 2660 calcem
1080 2593 1222 2643 tom.
1283 2588 1345 2652 νζ
1416 2588 1507 2643 ubi
1567 2588 1742 2644 etiam
1791 2589 2068 2660 repetitur

446 2659 598 2714 usior
619 2675 685 2714 ex
716 2677 820 2714 ms.
852 2658 1048 2730 Regio,
1096 2663 1152 2714 et
1181 2676 1248 2730 ex
1282 2660 1625 2715 Colbcrtino.
1681 2658 1961 2715 Eumd'em
2006 2660 2065 2716 in

417 2730 639 2786 lectoris
673 2729 1062 2795 commodum,
1089 2747 1159 2786 ne
1184 2729 1315 2785 huic
1344 2731 1664 2786 novissimae
1690 2730 1927 2786 editioni
1957 2732 2064 2787 ali-

417 2802 554 2874 quid
586 2804 781 2874 deesse
811 2802 1090 2867 videatur,
1130 2802 1237 2857 hoc
1267 2802 1392 2857 loco
1414 2818 1719 2874 apponere,
1746 2802 2063 2874 bibliopolis

417 2873 650 2943 placuit.
682 2874 904 2929 Domini
924 2880 1003 2929 est
1032 2875 1138 2928 ista
1161 2890 1264 2929 vox
1295 2890 1307 2928 :
1341 2873 1541 2929 Pacem
1566 2890 1753 2928 meam
1785 2875 1857 2929 do
1881 2873 2061 2938 vobis,

414 2961 618 3014 pacem
650 2944 877 2999 dimitto
917 2944 1073 2999 vobis
1097 2946 1269 3000 (Joan.
1298 2960 1412 3009 xw,
1444 2946 1553 3015 27).
1586 2951 1811 3015 Depuce
1831 2945 2057 3011 dicturi,

415 3013 568 3084 prius
597 3032 717 3085 quae
744 3016 853 3069 sint
880 3016 1033 3084 pacis
1047 3013 1752 3086 commoda,audiamus.Est
1779 3015 1925 3069 enim
1945 3031 2061 3086 pax

413 3087 675 3140 serenitas
690 3086 909 3147 mentis,
921 3086 1305 3156 tranquillitas
1321 3087 1493 3139 animi
1500 3085 1842 3155 ,szmplicitas
1861 3085 2038 3141 cordis

413 3156 617 3209 amoris
645 3129 1285 3218 vinculum.con§ortiuin
1313 3129 1757 3211 charitatisiliwc
1787 3160 1866 3211 est
1894 3129 2056 3219 enim:
2086 3132 2131 3193 (ἶ

414 3243 541 3297 quae
556 3226 854 3297 simultates
886 3225 1045 3291 tollit,
1073 3227 1215 3283 bella
1245 3233 1554 3296 compescat,
1577 3226 1892 3297 comprimit
1911 3229 2057 3285 iram

412 3296 672 3367 superbos
701 3296 894 3357 calcat,
932 3296 1155 3351 humiles
1183 3302 1348 3362 amat,
1398 3296 1700 3351 discordias
1750 3297 1920 3361 sedat,
1948 3298 2057 3352 ini-

412 3369 570 3423 micos
599 3368 911 3433 concordat,
944 3368 1145 3438 placita
1173 3370 1397 3422 cunctis.
1424 3367 1552 3422 Non
1582 3368 1773 3437 quwrit
1797 3368 2055 3435 alienum,

412 3438 560 3494 nihil
583 3439 798 3510 deputat
843 3455 1017 3493 suum.
1055 3439 1218 3494 Docet
1244 3455 1448 3504 amare,
1479 3454 1594 3510 quae
1622 3438 1798 3510 odisse
1824 3456 1932 3493 non
1968 3458 2059 3495 no-

409 3512 505 3564 vit.
540 3509 725 3565 Nescit
755 3510 961 3572 extolli,
1019 3510 1181 3564 nescit
1214 3510 1410 3577 inflari
1438 3525 1448 3563 :
1499 3509 1731 3564 humilis
1780 3511 2055 3575 omnibus,

412 3582 567 3637 mitis
592 3588 667 3636 est
694 3580 962 3635 omnibus.
992 3582 1056 3635 In
1088 3581 1214 3649 ipsa
1242 3581 1472 3652 requies,
1505 3582 1563 3634 in
1590 3582 1706 3651 ipsa
1737 3581 2057 3651 tranquilli-

414 3658 513 3705 tas.
555 3655 678 3707 Pax
700 3668 817 3722 quas
846 3658 1125 3706 exercetur
1163 3652 1223 3704 in
1256 3651 1600 3715 Christiano,
1644 3658 2058 3707 consummatur

2162 3314 2375 3368 ponere,

2190 498 2402 569 quaerit
2427 498 2712 565 alienum,
2742 498 2887 555 nihil
2912 498 3158 571 deputat
3186 514 3359 553 suum
3388 515 3401 563 ;
3438 497 3609 554 docet
3640 515 3846 555 amare

2189 601 2324 657 quas
2354 586 2552 643 odisse
2569 602 2692 643 non
2723 588 2907 643 novit.
2948 586 3141 643 Nescit
3166 586 3387 650 extolli,
3419 587 3843 643 nescitinﬂari-

2191 676 2352 731 Hanc
2381 691 2544 746 ergo,
2573 675 2677 749 qui
2700 677 2948 748 accepit,
2976 679 3204 743 teneat;
3239 674 3347 747 qui
3374 674 3648 747 perdidit,
3681 691 3847 749 repe-

2191 766 2303 833 tat;
2330 763 2436 836 qui
2450 764 2667 836 amisit,
2684 765 2984 838 exquirat:
3001 764 3289 836 quoniam
3304 764 3407 835 qui
3419 764 3479 818 in
3492 764 3710 820 eadem
3725 780 3845 821 non

2190 850 2361 909 fuerit
2384 853 2679 919 inventus,
2695 853 3261 921 abdicaturaPatre,
3282 852 3751 910 exhaeredatura
3766 854 3847 909 Fi-

2186 940 2286 1007 lio,
2318 941 2706 999 nihilominus
2735 958 2772 998 a
2804 941 3021 1015 Spiritu
3051 946 3259 997 sancto
3289 940 3520 997 alienus
3566 941 3842 998 efﬁcitur.

2187 1032 2429 1101 Respuit
2453 1030 2611 1086 enim
2641 1046 2864 1086 munus
2891 1029 3180 1096 oblatum,
3203 1029 3298 1101 qui
3326 1029 3482 1084 datae
3505 1028 3652 1102 legis
3707 1045 3848 1087 con-

2189 1120 2734 1191 tempseritbonum
2750 1135 2764 1185 ;
2780 1134 2888 1175 nec
2900 1120 3113 1191 poterit
3124 1118 3197 1174 ad
3209 1117 3600 1174 hareditatem
3614 1118 3844 1176 Domini

2187 1208 2513 1279 pervenire,
2528 1208 2631 1281 qui
2645 1212 3072 1264 testamentum
3086 1206 3341 1263 noluerit
3352 1206 3697 1263 observare.
3719 1211 3845 1264 Non

2188 1301 2379 1366 potest
2398 1296 2788 1353 concordiam
2818 1296 3038 1353 habere
3063 1312 3205 1351 cum
3228 1296 3476 1361 Christo,
3492 1295 3595 1368 qui
3609 1296 3844 1353 discors

2185 1384 2434 1441 voluerit
2462 1400 2590 1441 esse
2610 1402 2749 1442 cum
2782 1384 3135 1442 Christiano.
3169 1384 3559 1440 Contumacias
3577 1400 3726 1456 ergo
3741 1386 3845 1441 cri-

2186 1489 2325 1530 men
2341 1479 2429 1531 est
2457 1473 2620 1547 quod
2649 1473 2893 1545 jubetur
2907 1478 3303 1539 contemnere,
3323 1472 3486 1545 quod
3501 1474 3846 1545 praecipitur

2184 1562 2359 1627 nolle,
2385 1563 2550 1635 quod
2562 1563 2888 1635 imperatur
2898 1561 3217 1618 declinare.
3238 1561 3389 1627 Quid
3400 1560 3509 1617 tibi
3521 1576 3845 1619 commune

2185 1665 2323 1705 cum
2362 1650 2687 1717 discordia,
2718 1650 3046 1707 Christiane
3071 1652 3099 1707 ‘t
3118 1650 3265 1723 quid
3286 1649 3617 1706 simultates
3644 1666 3842 1716 amas,

2111 1773 2156 1834 Β
2184 1740 2350 1834 quod
2376 1740 2605 1834 auctori
2634 1740 2801 1811 pacis
2829 1739 3059 1834 placere
3079 1754 3200 1795 non
3226 1737 3459 1834 potuit?
3503 1739 3845 1834 quid-exet:

2184 1843 2283 1885 ces
2310 1828 2670 1896 inimicitias,
2700 1843 2851 1900 quas
2868 1827 3117 1883 evadere
3128 1842 3247 1883 non
3266 1827 3451 1895 potuit
3480 1841 3591 1882 nec
3612 1826 3844 1901 ille.qui

2184 1932 2286 1974 eas
2297 1917 2523 1989 primus
2538 1918 2756 1973 invenit
2771 1917 2799 1971 ?
2811 1917 2982 1972 Initio
3005 1930 3267 1988 namque
3288 1914 3618 1971 inimicitias
3631 1916 3693 1971 in
3708 1933 3844 1989 pro-

2182 2006 2507 2077 toplastum
2528 2005 2675 2061 dum
2689 2020 2934 2077 serpens
2963 2006 3159 2068 exerit,
3178 2003 3518 2060 interﬁcitur
3537 2023 3554 2075 ;
3569 2004 3607 2060 d
3617 2021 3726 2061 um
3738 2005 3841 2063 bo-

2182 2094 2329 2150 mini
2349 2094 2725 2166 invidet,ipse
2746 2092 3139 2166 prosternitur
3159 2091 3335 2159 ;dum
3352 2092 3541 2148 Adam
3563 2094 3838 2165 cupitde-

2180 2182 2524 2254 cipere,ipse
2538 2182 2811 2254 primitus
2819 2182 2839 2253 j
2852 2180 3343 2253 ugulatur.Quare
3358 2185 3462 2237 aut
3471 2181 3687 2239 Christi
3701 2183 3838 2240 cha-

2177 2270 2411 2328 ritatem
2424 2270 3157 2343 amplectere,Christiane,
3173 2274 3275 2327 aut
3286 2270 3597 2326 discordias
3608 2272 3835 2329 auctori

2177 2358 2253 2416 de
2283 2359 2667 2415 similitudine
2692 2374 2946 2432 operum
2971 2357 3001 2400 ι)
3028 2372 3238 2431 parem
3260 2364 3316 2415 te
3345 2373 3475 2415 esse
3499 2374 3827 2430 cognosce.

2174 2518 2368 2573 salutis
2394 2518 2651 2582 ablatam,
2680 2519 2730 2573 si
2766 2534 2871 2573 non
2899 2518 3167 2572 amoveris
3181 2532 3391 2588 pacem,
3416 2533 3684 2588 cognosce.
3707 2519 3833 2575 Non

2242 2594 2342 2645 test
2366 2590 2633 2661 promissa
2657 2588 2871 2645 Christi
2910 2588 3212 2660 percipere,
3244 2588 3495 2661 quicum
3512 2590 3694 2661 fratre
3735 2608 3831 2646 no-

2242 2606 2342 2645 test
2366 2606 2633 2661 promzssa
2657 2606 2867 2645 Christi
2910 2606 3212 2660 percipere,
3244 2606 3335 2658 qui
3365 2606 3485 2642 cum
3512 2606 3694 2658 [ratre
3735 2608 3831 2646 no-

2172 2606 2349 2717 ἵξετ’ιί
2388 2659 2709 2731 concordari
2735 2677 2749 2726 ;
2782 2677 2885 2731 non
2906 2666 3077 2731 potest
3101 2658 3437 2731 concordiam
3464 2659 3675 2731 habere
3706 2678 3831 2717 cum

2175 2732 2418 2797 Christo,
2450 2732 2550 2802 qui
2577 2730 2779 2786 discors
2798 2729 3032 2785 voluerit
3059 2747 3162 2785 esse
3186 2746 3304 2785 cum
3332 2729 3743 2787 Christiano.Si
3768 2731 3833 2788 de

2174 2803 2321 2857 nobis
2358 2820 2394 2855 a
2424 2802 2639 2857 Christo
2670 2802 2885 2873 vicaria
2908 2802 3086 2873 passio
3114 2807 3418 2873 peteretur,
3462 2808 3509 2856 et
3539 2802 3689 2857 F‘ilii
3721 2805 3833 2861 Dei

2171 2874 2409 2944 sanguis,
2437 2874 2533 2944 qui
2565 2890 2665 2945 pro
2692 2872 2842 2927 nobis
2886 2871 3083 2942 effusus
3121 2875 3216 2936 est,
3252 2871 3331 2945 ad
3363 2873 3709 2945 pensandum
3738 2891 3832 2930 no-

2171 2943 2283 2999 stro
2309 2943 2582 3014 sanguine
2595 2950 2967 3014 quaereretur;
3000 2947 3207 3014 quanta
3235 2944 3507 3014 instantia
3527 2943 3607 2997 cel
3632 2946 3829 3014 ofﬁcio

2169 3015 2351 3084 fuerat
2375 3012 2763 3085 festinandum,
2794 3021 2856 3068 ut
2883 3021 2933 3069 et
2960 3012 3112 3085 jussa
3134 3017 3299 3087 tantos
3317 3012 3623 3087 Maiestatis
3647 3012 3830 3087 exple-

2172 3101 2277 3150 res,
2312 3089 2364 3141 et
2408 3086 2628 3142 vicaria
2656 3088 2917 3158 passione
2946 3084 3247 3158 dependere
3284 3084 3565 3158 gauderes,
3617 3093 3673 3142 et
3698 3084 3829 3158 pm-

2168 3163 2343 3211 morte
2372 3158 2539 3211 vitam
2564 3156 2898 3228 acquireret
2920 3160 2968 3209 et
2998 3156 3245 3226 passione
3271 3156 3545 3228 reciproca
3576 3156 3827 3228 compen-

2167 3242 2296 3281 sare
2324 3229 2350 3281 ’ἶ
2383 3231 2447 3282 At
2478 3225 2931 3297 nunc—quomodo
2954 3225 3162 3296 poteris
3180 3244 3283 3297 pro
3330 3225 3548 3281 Christo
3576 3225 3830 3283 animam

2446 3299 2505 3353 ui
2547 3314 2732 3367 pacem
2761 3298 2832 3353 ab
2855 3297 3041 3353 eodem
3081 3298 3382 3367 delegatam
3425 3297 3678 3352 nolueris
3697 3315 3833 3355 con-

2165 3367 2382 3422 servare
2407 3367 2435 3422 ?
2462 3371 2825 3425 Contumaciw
2873 3368 3076 3423 crimen
3121 3374 3219 3431 est,
3254 3367 3392 3438 quod
3423 3368 3658 3435 jubetur
3699 3386 3833 3425 con-

2168 3444 2417 3503 temnere,
2449 3440 2592 3510 quod
2620 3440 2943 3509 praecipitur
2962 3439 3125 3505 nolle,
3158 3438 3299 3509 quod
3317 3440 3626 3508 imperatur
3655 3440 3831 3497 decli-

2165 3527 2318 3566 nare.
2347 3509 2485 3567 Pax
2509 3512 2652 3564 enim
2686 3510 2897 3565 Christi
2924 3516 2998 3564 est
3028 3510 3226 3563 bonum
3252 3528 3267 3579 ;
3302 3509 3583 3564 discordia
3612 3511 3832 3568 diaboli

2166 3582 2377 3636 malum
2401 3598 2413 3646 ;
2446 3583 2663 3636 auctori
2685 3580 2983 3651 respondet,
3006 3581 3100 3651 qui
3123 3580 3185 3634 de
3216 3587 3451 3650 utroque
3477 3581 3830 3638 alterutrum

2164 3651 2490 3721 eligit.Quid
2518 3652 2621 3723 tibi
2643 3669 2761 3707 cum
2790 3651 3094 3715 discordia,
3129 3651 3585 3723 Christiane,qua:
3612 3655 3825 3711 princi-

412 3723 475 3776 in
511 3721 767 3795 Christo.‘
804 3723 961 3795 Hanc
990 3722 1090 3792 qui
1123 3723 1409 3795 amaverit,
1443 3723 1539 3795 Dei
1588 3722 1755 3795 hwres
1794 3730 1908 3795 est;
1950 3725 2058 3795 qui
2160 3739 2278 3793 pem
2307 3738 2461 3778 suum
2486 3722 2770 3795 diabolum
2810 3723 3090 3778 interemit
3120 3726 3148 3777 ?
3180 3721 3343 3795 Quid
3373 3721 3520 3795 amas
3564 3724 3829 3780 simulta-

412 3791 809 3863 contempserit,
838 3791 1060 3848 Christo
1076 3793 1291 3848 rebellis
1318 3799 1416 3847 est.
1434 3793 1697 3847 Dominus
1721 3794 1864 3848 enim
1895 3791 2057 3849 Ch'ri-

409 3870 523 3917 stus
576 3863 647 3917 ad
678 3866 895 3919 Patrem
924 3881 1163 3918 remeans
1185 3864 1595 3919 hwreditarium
1626 3864 1838 3932 bonum,
1866 3865 1923 3918 id
1959 3871 2054 3931 est,

406 3951 589 4003 pacem
614 3936 904 3999 euam,suis
928 3935 1226 3990 cultoribus
1249 3934 1571 4005 dereliquit,
1598 3936 1786 4005 dicens
1811 3954 1823 3990 :
1849 3935 2055 3990 Pacem

409 4022 601 4060 mcam
650 4007 722 4061 do
764 4006 941 4071 vobis,
970 4023 1171 4077 pacem
1215 4004 1449 4062 dimitto
1487 4006 1663 4061 vobis.
1698 4004 1849 4060 Hanc
1876 4023 2057 4075 pacem

408 4077 814 4159 quiacceperit,
840 4084 1015 4159 teneat
1040 4095 1054 4144 ;
1077 4078 1175 4159 qui
1193 4077 1496 4158 perdiderit
1516 4084 1725 4159 repetat
1749 4094 1765 4141 ;
1796 4077 1896 4158 qui
1923 4078 2059 4159 ami-

406 4148 585 4219 serit,
608 4150 887 4219 exquirat.
918 4147 1305 4217 Quoniam’qui
1344 4149 1403 4200 in
1433 4147 1771 4219 eademipace
1802 4147 1857 4201 in
1869 4156 2057 4219 ventus

408 4234 522 4272 non
556 4218 751 4289 fuerit,
783 4218 1070 4273 abdicatur
1098 4236 1131 4272 a
1160 4220 1363 4283 Patre,
1389 4218 1773 4289 exhaeredatur
1796 4232 1833 4272 a
1866 4218 2012 4289 Filio
2040 4235 2052 4283 ;

404 4296 453 4342 et
478 4288 673 4344 exutus
699 4296 751 4345 et
774 4290 973 4353 nudus,
1003 4290 1318 4343 invenietur
1346 4288 1410 4340 ab
1434 4288 1606 4342 eodem
1644 4288 1885 4343 Domino
1911 4288 2055 4344 alie-

406 4376 526 4413 nus.
560 4361 790 4430 Respuet
843 4375 1039 4413 munus
1064 4358 1318 4430 oblatum,
1365 4358 1628 4430 quidam:
1677 4357 1803 4430 legis
1832 4366 2053 4430 contem-

401 4430 572 4499 pserit
595 4414 787 4483 bonum
814 4446 826 4482 :
852 4444 953 4483 nec
976 4428 1267 4499 poteritad
1298 4414 1665 4482 haereditatem
1688 4414 1911 4482 Domini
1933 4445 2057 4499 per-

406 4498 607 4561 venire,
636 4501 738 4569 qui
766 4506 1082 4570 testamento
1107 4498 1340 4552 noluerit
1364 4499 1652 4570 inservire.
1686 4501 1879 4554 Pacem
1892 4498 2057 4570 quam

408 4570 658 4623 Christus
673 4569 1569 4636 dimisit,Christiane,amplectere
1589 4586 1604 4631 ;
1627 4569 1938 4625 hwreditati
1956 4572 2057 4626 Dei

406 4645 467 4694 ut
485 4640 669 4696 oultor
693 4639 1273 4704 adhaeremoluntatem
1304 4639 1535 4696 Domini
1564 4642 1622 4695 in
1647 4649 1697 4696 te
1718 4645 2055 4709 transfusum

404 4710 638 4784 ostende.
669 4711 862 4784 Beati,
884 4712 1084 4784 inquit,
1104 4711 1342 4784 paciﬁci,
1376 4711 1650 4782 quoniam
1690 4712 1919 4784 ipsigﬁlii
1954 4713 2053 4768 Dei

406 4729 638 4767 ostende.
669 4729 847 4779 beati,
884 4729 1084 4836 mimi,
1142 4729 1342 4779 acmci,
1376 4729 1650 4782 quoniam
1690 4730 1799 4784 lpSl
1822 4729 1919 4767 um
1954 4729 2053 4768 uel

406 4782 760 4838 vocabuntur
776 4783 945 4852 (Matt
992 4729 1146 4855 Ν,θὶ
1178 4782 1455 4853 Scriptum
1480 4791 1553 4838 est
1582 4782 2054 4847 dicordibus,scri-

403 4860 561 4924 ptum
589 4862 663 4908 est
692 4855 950 4919 inimicis,
978 4854 1127 4925 ﬁlius
1155 4870 1258 4909 esse
1285 4856 1398 4908 nisi
1412 4855 1679 4925 paciﬁcus
1710 4871 1813 4910 non
1844 4863 2009 4924 potest
2035 4871 2048 4919 ;

406 4925 654 4997 inimicos
682 4925 984 4997 abdicavit,
1010 4927 1106 4997 qui
1131 4926 1401 4996 paciﬁcos
1429 4925 1569 4996 ﬁlios
1589 4926 1742 4995 fecit.
1770 4926 1886 4997 Aut
1907 4927 2049 4997 enim

401 4996 589 5052 datam
632 5014 840 5068 pacem.
870 4996 1203 5062 Christiane,
1233 5013 1501 5060 conserva,
1532 5003 1634 5050 aut
1656 4996 1900 5066 gloriam
1947 4996 2053 5050 tibi

2166 3791 2412 3864 tem,qu¢e
2438 3794 2651 3865 placere
2680 3795 2895 3849 auctori
2911 3810 3017 3847 non
3043 3793 3225 3864 potuit
3258 3794 3285 3850 ?
3308 3791 3449 3865 Quid
3478 3808 3692 3850 exerces
3720 3798 3830 3852 ini-

2164 3865 2419 3945 micitias,
2446 3864 2583 3945 quas
2606 3864 2977 3945 spatiere-non
2998 3864 3299 3945 pot‘itit‘nec
3329 3864 3424 3945 ille
3452 3866 3548 3945 qui
3576 3881 3672 3921 eas
3695 3869 3826 3934 pri-

2164 3952 2284 3989 mus
2310 3934 2525 3991 invenit
2557 3936 2583 3988 ‘I
2622 3936 2963 3991 Inimicitias
2980 3934 3052 4007 in
3072 3934 3411 4007 protoplaslo
3448 3936 3577 3990 dum
3600 3954 3826 4007 serpens

2166 4013 2392 4073 exercet,
2419 4007 2754 4077 interﬁcitur
2770 4023 2791 4077 ;7
2814 4006 2945 4061 dum
2974 4006 3180 4077 homini
3210 4005 3432 4071 invidet,
3455 4008 3563 4076 ipse
3579 4005 3828 4077 proster-

2164 4077 2321 4130 nitur
2352 4094 2367 4143 ;
2400 4077 2532 4132 dum
2561 4075 2735 4131 Adam
2760 4076 2991 4144 decipit,
3017 4075 3327 4147 jugulatur.
3354 4079 3416 4131 At
3438 4075 3631 4131 centra
3657 4080 3828 4134 Chri-

2164 4154 2279 4201 stus
2322 4154 2531 4202 tantum
2577 4148 2787 4202 homini
2823 4146 3090 4201 char-itate
3137 4146 3382 4211 adhasit,
3432 4155 3655 4203 tantum
3693 4166 3826 4205 eum

2166 4220 2325 4273 unica
2374 4218 2703 4286 benignitate
2730 4219 2954 4283 amavit,
2990 4224 3050 4273 ut
3069 4234 3183 4271 eum
3196 4219 3602 4273 commendaret
3634 4222 3824 4285 Patri,

2164 4290 2388 4343 sociaret
2418 4288 2545 4359 sibi,
2576 4290 2701 4344 dum
2744 4304 2961 4343 carnem
2990 4295 3212 4359 propter
3262 4289 3435 4359 ipsum
3486 4290 3829 4346 descendens

2166 4360 2368 4414 induit.
2400 4358 2677 4430 Scriptum
2699 4364 2776 4414 est
2799 4376 2810 4415 :
2845 4358 3061 4413 Invidia
3086 4358 3296 4413 diaboli
3321 4376 3475 4414 mors
3500 4360 3748 4416 intravit
3768 4364 3824 4416 in

2166 4432 2361 4486 orbem
2392 4430 2839 4501 terrarum(Sap.
2868 4445 2929 4494 ιι,
2951 4430 3383 4500 24).]mitantur
3411 4439 3586 4485 autem
3620 4432 3823 4501 illum,

2162 4504 2258 4574 qui
2285 4508 2412 4574 sunt
2443 4509 2694 4574 exparte
2713 4501 3009 4574 illiusﬂon
3034 4501 3198 4574 cadat
3216 4503 3271 4554 in
3284 4502 3667 4574 Christianum
3698 4522 3829 4574 quae

2163 4572 2307 4627 cadit
2335 4573 2400 4627 in
2428 4571 2727 4635 diabolum,
2758 4574 2887 4641 quia
2917 4571 3293 4627 Christianum
3323 4572 3565 4628 condecet
3602 4571 3825 4629 conser-

2162 4659 2292 4698 vare
2329 4642 2465 4713 quod
2508 4658 2633 4698 eum
2657 4649 2864 4697 constat
2890 4661 2923 4697 a
2946 4642 3173 4713 Domino
3198 4643 3479 4698 didicisse.
3520 4643 3638 4709 Qua
3669 4646 3738 4698 de
3763 4664 3823 4699 re

2160 4720 2343 4768 autem
2375 4713 2590 4768 Christi
2631 4714 2964 4769 charitatem
2994 4712 3245 4783 amplecti
3296 4713 3556 4777 debemus,
3592 4722 3657 4769 ut
3696 4734 3818 4771 cum

2164 4785 2264 4854 illo
2298 4784 2356 4837 in
2391 4789 2595 4838 (eterna
2626 4784 2962 4841 beatitudine
2978 4786 3157 4839 vivere
3177 4785 3666 4854 possimus.Amen.

2230 4853 2417 4927 bAMss.
2447 4870 2647 4910 omnes
2686 4856 2908 4927 addunt
2948 4870 3145 4927 vocem
3180 4853 3379 4927 ipsius,
3418 4857 3518 4911 sed
3562 4857 3637 4911 ali
3689 4863 3821 4927 post

2162 4925 2401 4984 verbum
2432 4942 2672 4997 operum,
2706 4926 2804 4981 alii
2830 4930 2958 4997 post
2986 4925 3331 4996 particulam
3365 4934 3437 4983 te.
