4006 6184
527 259 638 323 683
1160 235 1233 310 ῘΝ
1277 247 1337 312 8.
1385 247 1860 311 VALERIANUM
1906 246 2130 309 EPISC.
2176 243 2684 309 CEMELIENSEM
2725 245 3282 312 PROLEGOMENA.
3806 245 3912 315 685.

529 389 707 451 illum
740 402 1011 460 semper,
1048 382 1200 441 dum
1227 383 1401 455 vixit,
1436 383 1495 442 in
1524 402 1676 460 pace
1706 389 1766 441 et
1797 384 2235 442 communione
2274 381 2567 442 Ecclesia:
2599 381 2946 442 catholicae.
3001 384 3192 460 Cujus
3225 382 3310 443 rei
3345 382 3534 443 ﬁdem
3582 382 3731 444 facit.
3761 386 3915 462 epis-

527 470 658 528 tola
685 468 764 526 52
794 465 859 525 S.
893 462 1124 523 Leonis
1157 481 1338 540 papm
1372 465 1452 523 ad
1501 465 1710 542 ipsum
1757 470 1818 523 et
1863 462 2022 522 alios
2076 464 2407 539 episcopos
2447 463 2662 523 Gallim
2707 464 2960 540 scripta,
3013 472 3074 522 et
3118 465 3418 524 horumce
3473 465 3672 526 altera
3729 467 3810 524 ad
3859 468 3911 524 S.

526 549 823 606 Leonem.
861 542 1212 623 Concilium
1253 543 1403 623 item
1433 543 1726 623 Reiense,
1762 543 1869 623 cui
1892 542 2116 623 adfuit,
2150 548 2210 600 et
2238 559 2386 623 cum
2415 542 2660 623 caeteris
2693 543 3086 623 subscripsit.
3135 543 3297 623 Tum
3334 544 3525 603 etiam
3570 544 3742 620 quod
3787 546 3912 623 ejus

525 641 926 704 quocumque
948 620 1391 704 honoriticaﬁt
1421 623 1656 704 mentio
1689 621 1750 680 in
1777 621 2046 704 epistola
2076 621 2544 704 evocatoriam)
2574 623 2797 704 synodi
2843 621 3235 704 Arelatensis
3268 623 3452 704 IIl,l117
3492 642 3618 700 qua
3651 620 3912 682 transac-

523 699 659 765 tum
687 710 784 763 est
812 699 891 761 de
922 701 1260 761 concordia
1290 701 1453 760 inter
1491 701 1793 762 Faustum
1839 701 2133 762 abbatem
2165 702 2389 762 insulae
2422 699 2765 764 Lirinensis
2817 708 2877 760 et
2911 702 3153 762 vicinos
3200 709 3326 761 tres
3359 699 3719 780 episcopos,
3757 722 3909 780 quo-

527 802 667 845 rum
697 801 861 842 unus
888 781 1005 840 fuit
1034 780 1434 841 Valerianus.

607 863 898 922 Homilia)
929 866 1234 938 praeterea
1261 861 1401 919 ista;
1448 859 1526 918 ab
1559 859 1739 918 annis
1786 878 1886 930 xx,
1941 877 2084 920 cum
2117 877 2364 920 excusse
2413 859 2664 919 Parisiis
2718 862 2993 938 primum
3044 861 3240 933 fuere,
3297 878 3535 920 recusas
3587 867 3814 938 postea
3861 864 3912 921 in

522 942 857 1003 Germania
891 947 1161 1009 tuerunt,
1197 945 1257 998 et
1293 939 1580 1014 Lugduni
1615 957 1740 998 non
1783 940 2004 1012 semel,
2054 941 2361 1015 laetaeque
2412 939 2490 996 ab
2534 939 2828 998 omnibus
2861 940 2993 998 sine
3045 939 3393 998 offensione
3421 946 3653 1000 etcum
3688 942 3904 1012 fructu,

527 1041 599 1082 ac
632 1023 794 1098 piam
829 1039 1049 1080 revera
1079 1026 1140 1078 et
1163 1019 1525 1095 religiosam
1558 1018 1912 1080 doctrinam
1945 1019 2288 1086 continent,
2324 1019 2673 1098 utilemque
2721 1019 3033 1096 imprimis
3082 1020 3162 1077 ad
3197 1019 3647 1078 stabiliendam
3678 1021 3913 1081 invoca-

527 1097 762 1161 tionem
793 1105 1176 1168 sanctorum,
1211 1108 1271 1156 et
1303 1099 1537 1157 cultum
1569 1115 1891 1156 sacrarum
1936 1099 2370 1174 reliquiarum.
2406 1097 2589 1159 Adeo
2647 1103 2715 1157 ut
2761 1115 2887 1158 non
2933 1098 3202 1157 defuerit
3242 1100 3338 1157 vir
3379 1100 3588 1174 magni
3623 1101 3912 1173 nominis,

527 1182 631 1258 qui
665 1182 902 1239 diceret
933 1179 1386 1254 scriberetque,
1435 1177 1690 1258 quando
1724 1178 1783 1238 in
1815 1179 2220 1258 Germaniam
2270 1179 2481 1258 allatas
2530 1183 2700 1253 sunt,
2737 1178 2952 1258 divina
2996 1179 3228 1237 factum
3262 1180 3673 1258 providentia
3709 1181 3913 1252 videri,

525 1256 594 1320 tit
615 1260 734 1318 hoc
764 1259 1166 1335 potissimum
1201 1263 1483 1333 tempore
1518 1257 1596 1316 ad
1625 1257 2055 1335 confutandos
2105 1256 2438 1316 haereticos
2471 1265 2736 1333 reperta:
2779 1257 2925 1320 sint.
2983 1258 3209 1332 Neque
3259 1257 3564 1317 hactenus
3615 1260 3791 1334 apud
3821 1278 3916 1319 nos

523 1333 809 1398 auditum
838 1343 936 1397 est
964 1337 1328 1414 quempiam
1359 1338 1589 1412 praeter
1614 1333 2137 1396 Denuntiatorem
2183 1335 2523 1409 exstitisse,
2557 1336 2662 1414 qui
2695 1352 2914 1397 earum
2940 1336 3274 1396 lectionem
3302 1355 3427 1396 non
3458 1333 3787 1415 probaret.

593 1494 672 1566 (a)
701 1494 862 1548 Tom.
897 1494 919 1546 Ι
957 1491 1169 1548 Concil.
1204 1491 1423 1560 Galliae,
1465 1508 1520 1561 p.
1549 1491 1669 1545 120.

523 1669 3894 1700 MWW

1163 1813 1683 1916 NOTITIA
1747 1810 2151 1908 HISTO]

2267 1809 3264 1909 CO-LITTERARIA

1829 2001 1906 2062 IN
1950 1999 2008 2061 s.
2058 1988 2594 2063 VALERIANUM.

875 2165 974 2228 (Ex
1004 2166 1136 2216 Bibl.
1172 2166 1308 2215 Max.
1342 2161 1463 2217 Vat.
1502 2163 1640 2214 Patr.
1680 2161 1917 2212 Gallandl
1951 2164 1991 2209 t.
2027 2161 2088 2208 x.
2123 2163 2175 2208 et
2203 2160 2343 2210 Bibl.
2374 2160 2495 2208 hist.
2526 2161 2624 2210 litt.
2659 2160 2772 2210 Lat.
2812 2161 2947 2211 Patr.
2977 2161 3388 2212 Bcbmnemannl
3412 2166 3451 2213 t.
3491 2163 3576 2225 ll.)

2191 2409 2238 2468 Α
2268 2406 2565 2478 primaeva
2578 2421 2698 2462 sua:
2718 2408 3143 2478 magnitudinis
3160 2425 3232 2466 ne
3247 2409 3526 2468 umbram
3543 2412 3799 2488 quidem
3813 2431 3911 2471 ser-

999 2407 1043 2466 ι.
1072 2411 1119 2479 5.
1165 2405 1290 2465 Vita
1321 2402 1660 2482 (Galland.).

580 2493 756 2571 Apud
787 2495 1177 2567 Gennadium,
1210 2497 1491 2554 lsidorum
1507 2497 1771 2569 aliosque
1802 2491 2158 2568 scriptorum

510 2585 1042 2646 ecclesiasticarum
1057 2585 1524 2644 nomenclatores
1551 2582 1736 2642 altum
1751 2584 1825 2639 de
1838 2582 2157 2640 VALERIANO

507 2673 826 2734 silentium.
843 2677 921 2732 Ex
941 2675 1281 2748 aliisitaque
1309 2680 1570 2732 veterum
1594 2673 1975 2730 monimentis
1996 2687 2160 2742 repe-

507 2765 708 2831 tenda,
743 2764 927 2835 siqua
944 2771 1097 2829 sunt,
1126 2765 1348 2836 quibus
1372 2768 1578 2819 auctor
1604 2765 1804 2818 noster
1835 2767 2158 2832 utcumque

506 2854 876 2911 noscatur.Et
898 2853 1160 2924 primum
1179 2853 1421 2923 quidem
1436 2851 1510 2906 de
1527 2851 1711 2921 ipsius
1732 2848 2056 2920 episcopali
2074 2865 2158 2904 se-

505 2940 580 2996 de
605 2940 909 3011 lnquirend
922 2957 1019 2994 um
1051 2959 1062 2994 :
1092 2941 1231 2994 bino
1254 2940 1411 2993 enim
1438 2938 1615 2992 simul
1641 2941 2010 3010 compertum
2037 2937 2154 2998 ﬁet,

506 3043 629 3098 qua
651 3033 994 3097 tempestate
1023 3027 1293 3081 claruerit
1315 3031 1554 3080 sanctus
1576 3025 1836 3081 antistes.
1863 3025 2158 3093 Oppidum

518 3115 955 3168 Vedianttorum
977 3114 1261 3171 Cemelion
1275 3115 1371 3170 .ait
1389 3113 1608 3170 Plinius
1625 3114 1726 3183 (a),
1745 3112 2005 3182 illudque
2020 3128 2157 3165 cum

505 3200 817 3256 Piolemaeo
851 3200 1024 3254 Italiae
1058 3200 1278 3264 tribuit,
1312 3199 1453 3270 quia
1481 3206 1723 3270 uterque
1759 3202 1900 3254 Varo
1924 3199 2158 3253 ﬂumine

506 3289 729 3344 Italiam
762 3290 1055 3350 terminat,
1082 3303 1199 3342 non
1219 3289 1361 3356 Alpe
1392 3301 1636 3352 summa,
1663 3289 1739 3341 uti
1759 3289 1968 3342 rectius
1987 3291 2159 3342 Anto-

504 3375 627 3433 nini
645 3373 1029 3438 itinerarium,
1048 3375 1148 3430 ubi
1172 3373 1369 3430 Gallias
1383 3377 1750 3445 assignatur:
1776 3374 1845 3430 ari
1881 3391 2051 3446 quem
2076 3376 2158 3432 lo-

505 3477 643 3522 cum
671 3463 1133 3532 Wesselingium
1165 3463 1263 3518 adi
1295 3466 1371 3516 sis
1398 3461 1492 3533 (b).
1523 3485 1548 3510 «
1575 3465 1640 3516 Et
1665 3464 2154 3536 vero,inquitSir-

503 3549 766 3610 mondus
788 3555 887 3623 (c),
911 3551 986 3607 ad
1012 3550 1258 3606 Galliam
1283 3551 1636 3621 pertinuisse
1657 3550 2151 3623 Cemelium,prae-

503 3647 588 3698 ter
611 3640 794 3696 modo
811 3641 1054 3696 citatum
1077 3638 1656 3703 Itinerarium,ﬁdem
1677 3639 1801 3694 sine
1823 3645 2152 3696 controver-

503 3729 595 3782 sia
625 3728 761 3782 facit
791 3734 954 3782 vetus
1003 3727 1214 3782 Notitia
1241 3726 1544 3782 civitatum
1583 3725 1799 3793 Galliae,
1829 3745 1959 3800 quae
2004 3728 2152 3784 inter
2184 3760 2229 3816 Β

499 3815 736 3886 Alpium
775 3815 1213 3872 maritimarum
1244 3815 1506 3870 civitates
1525 3831 1660 3886 quae
1696 3817 1803 3872 sub
1835 3817 2150 3873 Ebreduno

498 3904 814 3974 metropoli
834 3909 1168 3969 censentur,
1194 3910 1359 3960 sexto
1401 3903 1534 3959 loco
1563 3909 1830 3960 numerat
1858 3904 2149 3961 civitatem

500 3992 1010 4048 Cemelenensium
1033 4009 1045 4046 :
1068 3998 1122 4048 et
1137 3993 1513 4048 Usuardusin
1531 3992 1944 4063 Martyrologio
1962 3994 2150 4065 pridie

497 4081 627 4136 idus
650 4082 827 4136 Maias
852 4099 864 4147 ;
899 4095 1020 4152 quo
1046 4082 1142 4136 die
1166 4084 1352 4137 sancti
1377 4083 1560 4136 Pontli
1589 4083 1865 4152 martyris
1887 4083 2146 4138 natalem

499 4170 562 4223 in
579 4167 788 4225 Galliis
802 4173 1039 4225 civitate
1054 4172 1304 4240 Cymela
1325 4171 1650 4225 solemnem
1664 4169 1846 4226 fuisse
1865 4177 2050 4231 notat(
2065 4172 2144 4241 d):

497 4255 626 4326 ejus
656 4252 1135 4330 nimirumquem
1149 4262 1354 4316 auctor
1375 4263 1575 4312 noster
1601 4258 2148 4330 saepiustripliciho-

497 4341 659 4398 milia
689 4345 754 4398 de
802 4343 945 4398 bono
977 4346 1259 4413 martyrii,
1295 4344 1398 4398 sed
1429 4345 1607 4399 tacito
1641 4361 1876 4415 semper
1907 4348 2147 4403 nomine

496 4438 924 4486 commemorat
949 4432 1017 4500 (ε)
1063 4453 1086 4480 ι)
1125 4433 1350 4494 Quibus
1375 4432 1649 4488 addenda
1674 4433 1937 4506 ejusdem
1961 4438 2146 4492 sancti

496 4517 681 4572 Pontii
708 4523 867 4580 Acta,
894 4517 1108 4572 Baluzii
1137 4519 1330 4574 studio
1352 4519 1651 4587 evulgata,
1681 4521 1780 4576 ubi
1800 4523 1876 4580 ad
1903 4540 2030 4581 rem
2052 4543 2149 4582 no-

495 4608 681 4659 stram
705 4605 823 4658 bsic
835 4605 1131 4660 habentur
1145 4606 1242 4676 (ηε
1265 4607 1440 4662 Fines
1456 4609 1490 4662 1
1493 4609 1648 4663 taliaa
1669 4613 1953 4666 transiens
1973 4615 2148 4681 (Pon-

494 4691 638 4761 tius)
651 4692 845 4748 m'bem
857 4693 1103 4763 subjugo
1116 4695 1340 4763 Alpium
1352 4697 1558 4764 procul
1578 4701 1745 4753 sitam
1755 4702 1916 4769 petiit
1929 4704 2149 4759 nomine

495 4780 797 4852 Cymelam.
842 4785 1017 4836 Porro
1045 4781 1173 4837 hinc
1207 4782 1368 4847 urbs,
1404 4788 1468 4838 ut
1511 4783 1708 4841 scribit
1744 4787 2148 4849 Sammartha-

492 4879 611 4926 nus
643 4869 743 4942 (g),
766 4883 901 4942 qum
931 4869 1072 4926 olim
1104 4870 1490 4928 celeberrima
1528 4873 1653 4944 fuit,
1691 4879 1775 4932 tot
1804 4873 2073 4935 cladibus
2112 4897 2148 4939 a

492 4958 796 5027 Vandalis,
833 4958 1242 5029 Longobardis
1274 4965 1330 5016 et
1361 4962 1666 5018 Saracenis
1713 4966 1908 5022 attrita
1945 4973 2051 5034 est,
2086 4973 2149 5027 ut

567 5083 646 5155 (a)
667 5083 817 5139 Plin.
852 5084 990 5142 Hist.
1023 5089 1142 5140 nat.
1171 5083 1266 5138 lib.
1309 5100 1386 5140 Ill.
1423 5101 1545 5155 cap.
1570 5087 1625 5140 5.

592 5154 641 5228 ὁ)
679 5156 893 5228 [VesseL
922 5158 1072 5228 iVett.
1107 5158 1269 5210 Hom.
1300 5154 1508 5228 Itiner.,
1526 5175 1652 5228 pag.
1686 5160 1807 5214 296.

591 5226 644 5296 ς)
675 5226 951 5296 Sirmond.
986 5228 1207 5296 praefat.
1242 5227 1314 5283 ad
1346 5226 1628 5284 Valeriani.
1664 5230 1862 5288 homil.

592 5158 618 5206 b
679 5158 893 5212 Wessel.
931 5158 1072 5210 Vett.
1107 5158 1269 5210 Hom.
1300 5158 1488 5210 Itiner.
1526 5175 1652 5228 pag.
1686 5160 1807 5214 296.

591 5158 644 5364 οξ
675 5226 951 5283 Sirmond.
986 5228 1207 5296 praefat.
1242 5227 1628 5309 ad'Valerian.
1664 5230 1862 5288 homil.

498 5158 656 5417 “218.
691 5293 928 5351 Usum'd.
961 5297 1252 5368 Martyrol.
1295 5314 1435 5356 sine.
1481 5317 1611 5370 pag.
1638 5301 1726 5367 81,
1775 5301 1916 5360 edit.
1972 5304 2146 5367 Paris.

567 5405 942 5501 (εἶναὶονὸαπ.
979 5439 1199 5494 homm.
1226 5440 1410 5496 15-48.

567 5501 632 5572 (ί)
667 5506 810 5580 Act._
838 5508 1004 5580 Pent.
1033 5526 1157 5580 cap.
1191 5511 1257 5564 15
1293 5513 1443 5580 apud
1482 5513 1674 5568 Baluz.
1726 5516 1956 5576 Miscell.
2001 5526 2144 5580 tom.

497 5572 564 5643 ll,
591 5587 721 5646 pag.
752 5577 873 5631 134.

2269 2493 2499 2550 vaverit
2523 2509 2534 2549 :
2558 2495 2646 2566 (ἡ)
2663 2497 2832 2566 cujus
2845 2496 3143 2572 hodieque
3165 2499 3360 2570 prisca
3378 2504 3611 2556 tantum
3639 2502 3910 2559 ruderum

2268 2582 2534 2650 vestigia,
2563 2598 2904 2657 nomenque
2942 2583 3108 2642 haud
3156 2586 3365 2658 procul
3423 2587 3613 2645 Nicaea
3644 2597 3831 2648 restat
3863 2593 3911 2646 in

2269 2668 2412 2726 colle
2440 2687 2619 2743 quem
2651 2672 2949 2730 Cemelam
2973 2681 3208 2732 vocant.

2339 2758 2529 2816 Semel
2553 2760 2727 2830 igitur
2744 2761 3037 2822 Valeriani
3058 2763 3341 2824 cathedra
3370 2767 3700 2840 episcopali
3721 2770 3909 2829 consti-

2269 2851 2409 2909 tuta,
2439 2847 2736 2919 reliquum
2756 2855 2848 2905 est
2883 2855 2946 2906 ut
2969 2867 3092 2923 quo
3122 2857 3388 2925 tempore
3413 2857 3620 2912 vixerit
3643 2873 3792 2914 cum
3822 2859 3908 2916 Sir-

2268 2936 2494 2991 mondo
2517 2937 2915 3007 inquiramus.
2939 2941 3012 3010 (ι)
3029 2961 3056 2988 α
3077 2941 3214 2996 Mihi
3229 2958 3383 3008 vero,
3401 2944 3615 3016 inquit,
3635 2962 3716 3002 ex
3741 2947 3910 3004 estbe-

2267 3023 2522 3093 draipsa
2551 3025 2875 3081 Cemelansi
2899 3027 3339 3097 deprehendere
3354 3031 3578 3097 videor,
3615 3033 3792 3090 illum
3815 3035 3907 3090 sub

2269 3128 2496 3195 annum
2531 3112 2739 3170 Christi
2769 3116 2891 3179 450,
2922 3115 3035 3172 hoc
3061 3122 3169 3180 est,
3200 3118 3408 3174 Leonis
3429 3122 3624 3189 Magni
3647 3125 3908 3195 tempori-

2267 3194 2376 3253 bus
2401 3198 2830 3255 ﬂoruisse.Post
2861 3201 3115 3258 Leonem
3143 3206 3320 3274 enim,
3353 3207 3563 3262 Leonis
3613 3194 3808 3281 ipsius
3831 3212 3907 3266 de-

2269 3293 2447 3348 creto,
2477 3293 2539 3342 ut
2567 3288 2741 3344 Hilari
2763 3305 2934 3361 papas
2962 3291 3158 3346 verbis
3181 3293 3435 3363 epistola
3455 3299 3488 3350 4
3509 3296 3906 3355 docemur.Ce-

2267 3374 2566 3429 meliensis
2591 3377 2843 3432 civitatis
2867 3383 2922 3433 et
2956 3379 3266 3436 Nicaeensis
3291 3383 3510 3438 castelli
3542 3387 3814 3460 episcopi
3838 3389 3905 3442 di-

2267 3463 2418 3517 versi
2448 3477 2566 3517 non
2610 3463 2848 3522 fuerunt
2880 3482 2892 3520 :
2937 3465 3041 3522 sed
3088 3468 3263 3525 iidem
3300 3471 3695 3530 Cemelienses
3728 3475 3904 3540 simul,

2263 3551 2557 3624 quamdiu
2588 3553 2819 3610 Cemela
2850 3555 3021 3621 stetit,
3055 3561 3110 3612 et
3145 3557 3495 3618 Nicaeenses.
3529 3564 3707 3630 Quod
3730 3565 3903 3622 videre

2263 3643 2352 3726 est
2378 3639 2436 3694 in
2463 3640 2696 3711 synodo
2722 3657 2760 3697 v
2787 3643 3219 3712 Aurelianensi,
3251 3649 3343 3703 cui
3374 3651 3576 3706 Aetius
3611 3654 3903 3726 presbyter

2262 3725 2518 3783 directus
2549 3744 2585 3784 a
2613 3729 2824 3799 Magno
2852 3731 3131 3805 episcopo
3173 3735 3438 3793 Ecclesiae
3471 3725 3828 3800 Cemelensis
3859 3747 3902 3797 et

2260 3815 3018 3892 Nicaaensis,subscripsisse
3037 3821 3248 3892 legitur
3263 3825 3322 3884 in
3341 3827 3606 3900 antiquis
3625 3831 3899 3902 exempla-

2258 3902 2426 3958 ribus
2455 3919 2588 3975 quae
2612 3904 2871 3977 integras
2899 3909 3029 3979 ejus
3051 3912 3285 3970 concilii
3315 3914 3788 3989 subscriptiones
3815 3919 3898 3974 ha-

2259 3990 2571 4048 bentznam
2601 3993 2822 4050 mutila-
2843 3995 3053 4052 suntin
3071 4001 3526 4067 excusis.Quare
3551 4006 3898 4065 Valerianum

2260 4081 2362 4148 qui
2389 4081 2750 4136 Cemelensis
2777 4088 3009 4141 tantum
3029 4089 3341 4161 episcopus
3372 4102 3899 4165 nuncupatur,ante

2261 4169 2786 4257 Leonisdecretum
2802 4173 3003 4228 sedem
3027 4176 3189 4231 illam
3208 4179 3427 4235 rexisse
3441 4187 3898 4257 oportuit.Atque

2259 4259 2322 4310 ut
2334 4256 2492 4327 quod
2515 4256 2701 4314 sentio
2716 4260 3178 4322 dicam,omnino
3191 4265 3572 4326 Valerianum
3588 4271 3752 4330 hunc
3764 4256 3896 4328 illum

2261 4358 2391 4398 esse
2404 4345 2762 4415 conjicio,ad
2778 4363 2958 4420 quem
2975 4357 3029 4406 et
3050 4347 3198 4409 alios
3217 4352 3550 4416 vicinarum
3575 4360 3776 4419 Galliae
3791 4375 3898 4436 pro-

2259 4433 2589 4489 vinciarum
2614 4437 2942 4510 episcopos,
2963 4441 3180 4512 seripta
3207 4447 3391 4499 exstat
3420 4446 3634 4506 Leonis
3656 4433 3896 4522 ejusdem

2261 4521 2508 4593 epistola
2534 4523 2602 4579 de
2636 4525 2903 4582 Vasensis
2931 4529 3195 4602 episcopi
3217 4532 3591 4594 ordinatione
3615 4521 3716 4610 (j),
3735 4554 3894 4613 qualn

2259 4614 2486 4666 aeternae
2515 4614 2814 4671 memoriae
2837 4615 3156 4674 cardinalis
3178 4621 3462 4679 Baronius
3491 4641 3566 4684 ex
3589 4630 3894 4688 Arelatensi

2259 4697 2464 4789 codice
2477 4699 3894 4789 divulgavitUz).Conﬁrmorqueinsententia,un

2260 4785 2322 4841 in
2338 4785 2437 4842 illo
2463 4788 2800 4859 episcorum
2831 4809 3084 4852 numero
3117 4798 3408 4866 lngenum
3433 4803 3630 4868 video,
3654 4785 3892 4862 Ebredu-

2258 4888 2505 4965 neusem
2516 4877 2595 4943 ,id
2607 4885 2694 4935 est
2709 4881 3003 4939 Valeriani
3017 4885 3374 4946 Cemelensis
3387 4896 3892 4965 metropolitanum

2261 4963 2724 5024 antistitem.Sed
2741 4975 2795 5024 et
2815 4970 2942 5027 alite
2967 4973 3096 5028 duas
3127 4978 3556 5049 suntepistolm.
3574 4963 3777 5039 Leonis
3789 4995 3893 5036 una

2332 5090 2412 5178 (ίο)
2449 5089 2785 5150 Sammarth.
2820 5096 2966 5154 Gall.
3021 5097 3228 5158 Christ.
3265 5117 3400 5159 nov.
3452 5110 3594 5162 tom.
3636 5107 3726 5172 Ill,
3775 5121 3887 5178 pag.

2262 5176 2422 5230 1268.

2331 5247 2411 5316 (h)
2443 5247 2711 5310 Sirmond.
2738 5251 2778 5310 ι.
2805 5271 2855 5310 c.

2354 5247 2411 5316 h)
2443 5247 2707 5310 Sa'rmond.

2358 5317 2396 5380 ι’)
2430 5317 2510 5372 Id.
2548 5319 2686 5378 ibid.

2369 5387 2401 5458 ’)
2430 5389 2588 5443 Leon.
2622 5392 2707 5462 epi

2356 5463 2398 5512 t.
2434 5459 2699 5512 Baliaris.

2260 5389 2401 5512 adii?
2430 5389 2784 5518 Ῑιξὶίίῗένῗὲῗδί·
2826 5396 2893 5451 δθ
2925 5414 3052 5474 θρυ·
3101 5403 3240 5458 ‘°m-
3277 5407 3316 5469 ι’
3353 5423 3483 5488 ριεο
3524 5407 3648 5474 998.
3697 5407 3884 5463 noviss.

2329 5529 2411 5601 (lc)
2440 5531 2640 5589 Baron.
2670 5535 2745 5590 ad
2771 5553 2907 5594 ann.
2935 5540 3061 5608 45οι
3091 5543 3120 5613 §
3158 5545 3247 5606 57.
