4040 6178
267 301 380 360 697

1767 288 2077 350 HOMILIA
2122 291 2194 351 II.

3562 307 3678 364 698

265 444 390 500 quo
410 429 540 484 loco
556 427 688 484 illos
706 428 1038 500 specialiter
1054 427 1260 484 mortis
1279 427 1498 498 injuria
1514 422 1910 499 persequitur,
1947 420 1995 480 Α
2023 433 2161 489 pore
2174 436 2274 491 per
2292 422 2527 492 singula
2544 431 2848 483 momenta
2854 427 3204 495 jactatur,ut
3217 427 3344 499 ipsa
3355 434 3677 490 necessitas

265 517 487 589 quibus
510 516 742 572 vanitas
759 516 1144 572 etcrudelitas
1163 515 1522 572 dominatur.
1549 514 1915 570 Concurrunt

264 608 552 676 praeterea
570 604 628 657 in
643 605 1063 675 prmjudicium
1081 605 1210 660 vitae
1232 604 1655 667 dissensiones,
1675 599 1916 656 aemula-

265 692 481 758 tiones,
517 692 667 756 lites,
700 693 857 757 rixae,
883 693 1214 763 sacrilegia,
1244 688 1912 758 adulteria,homicidia,

263 781 524 836 fraterna
553 780 710 844 odia,
745 781 1123 852 parricidalia
1152 782 1413 850 consilia,
1448 780 1802 837 falsitatibus
1829 793 1917 832 ar-

261 874 430 925 mata
450 869 730 941 perjuria,
765 885 900 940 quae
934 885 1056 925 non
1085 871 1281 926 solum
1301 867 1918 936 ascendentemimpe-

263 957 550 1022 diunt,sed
564 957 734 1013 etiam
747 958 806 1013 in
819 958 1162 1028 profundum
1179 958 1376 1014 tartari
1391 953 1917 1028 mergunt.Quando

262 1061 408 1115 ergo
425 1045 550 1100 ﬁeri
573 1051 764 1117 potest
784 1052 846 1101 ut
858 1046 952 1102 ille
968 1047 1153 1103 homo
1171 1047 1340 1102 facile
1370 1046 1446 1102 ad
1467 1045 1774 1117 superiora
1790 1056 1920 1113 per-

260 1136 484 1203 veniat,
506 1151 680 1205 quem
702 1141 865 1190 tanta
883 1135 1024 1191 vitia
1039 1136 1373 1207 impediunt
1391 1138 1418 1191 ?
1436 1135 1617 1190 Arcta
1639 1140 1691 1189 et
1713 1145 1918 1200 angus-

261 1227 322 1277 ta
337 1224 434 1278 via
453 1229 537 1279 est
556 1238 690 1294 quae
715 1223 874 1278 ducit
890 1224 971 1279 ad
1001 1226 1200 1279 vitam.
1227 1224 1360 1278 Hmc
1381 1227 1472 1278 est
1490 1223 1590 1278 illa
1605 1223 1723 1287 via,
1746 1218 1920 1274 dilec-

265 1311 507 1375 tissimi,
540 1327 646 1382 per
674 1328 854 1383 quam
880 1312 1022 1382 justi
1041 1317 1312 1383 pergunt,
1348 1311 1608 1367 etsancti
1629 1310 1920 1365 immacu-

257 1399 477 1470 latique
501 1400 848 1469 gradiuntur
871 1420 884 1464 ;
906 1415 1012 1471 per
1027 1415 1212 1471 quam
1229 1399 1464 1456 illisiter
1479 1405 1583 1465 est,
1599 1398 1703 1471 qui
1723 1397 1918 1452 humi-

252 1488 440 1549 litate,
461 1488 817 1558 integritate,
839 1488 1144 1544 sanctitate
1168 1489 1394 1560 praediti
1411 1486 1693 1543 indefessi
1721 1486 1913 1542 Chris-

255 1581 388 1632 tum
422 1583 692 1631 nostrum
726 1581 1198 1648 prosequuntur.

330 1669 383 1720 2.
421 1664 608 1734 Hujus
623 1679 764 1733 ergo
777 1664 884 1719 viae
907 1665 1283 1734 eteligendus
1311 1662 1918 1720 nobisetmuniendus

253 1768 542 1808 accessus
571 1754 1008 1824 est,'quiasicut
1033 1752 1808 1823 estarduus,itaetpervius:
1836 1751 1918 1807 fa-
1947 1777 1992 1834 Β

255 1840 434 1896 cilem
447 1847 648 1896 autem
663 1857 725 1896 se
739 1841 1072 1897 volentibus
1086 1846 1343 1913 praestat,
1365 1842 1411 1896 si
1429 1856 1549 1896 non
1563 1849 1664 1896 aut
1681 1839 1916 1896 vanitas

249 1927 565 1999 impediat,
591 1933 694 1983 aut
713 1927 894 1984 fallax
920 1928 1100 1998 hujus
1127 1929 1332 1983 mundi
1362 1933 1606 1982 ornatus
1635 1927 1912 1982 obsistat.

249 2014 535 2070 Liberum
549 2022 748 2071 autem
763 2020 819 2071 et
837 2020 1080 2072 exutum
1100 2015 1383 2071 omnibus
1397 2014 1825 2086 impedimentis
1846 2013 1912 2068 il-

246 2103 380 2158 lum
410 2119 539 2158 esse
565 2105 862 2169 convenit,
886 2104 990 2176 qui
1006 2105 1116 2160 iter
1133 2104 1306 2159 ardui
1327 2104 1543 2159 montis
1556 2104 1909 2175 aggreditur.

249 2192 417 2246 Sicut
431 2207 505 2246 au
516 2197 634 2247 tem
649 2192 922 2247 videmus
936 2193 1016 2262 inj
1031 2196 1162 2248 usto
1178 2192 1333 2248 fasce
1344 2192 1624 2248 vacillare
1638 2191 1912 2260 vestigia;

247 2280 334 2336 ita
365 2280 574 2335 multis
601 2281 874 2352 lapsibus
907 2281 1417 2352 subjacetanima,
1442 2281 1490 2336 si
1519 2280 1915 2352 fueritiniquis

249 2368 492 2423 actibus
515 2375 822 2440 occupata.
835 2369 998 2425 Unde
1013 2370 1464 2424 exonerandum
1483 2385 1694 2440 corpus
1711 2373 1800 2425 est
1815 2386 1918 2424 sae-

254 2456 568 2512 cularibus
592 2457 899 2512 desideriis
930 2457 1308 2530 impeditum,
1330 2474 1405 2514 ne
1427 2474 1532 2529 per
1543 2462 1733 2514 ardua
1748 2463 1804 2513 et
1823 2474 1919 2514 ex-

255 2546 428 2602 celsa
455 2545 858 2610 tendentibus,
883 2551 986 2602 aut
1006 2547 1336 2618 periculum
1360 2547 1567 2602 mortis
1587 2547 1914 2612 incumbat,

259 2633 961 2706 autdesperatiolaboris
988 2639 1308 2691 accrescat.
1332 2635 1472 2699 Quis
1491 2635 1668 2704 igitur
1682 2635 1920 2706 sapiens

255 2722 489 2778 animal
521 2739 702 2778 suum
720 2723 1074 2794 impeditum
1097 2723 1331 2779 sarcina
1347 2739 1453 2794 per
1473 2729 1792 2794 angustum
1813 2724 1921 2779 iter

254 2810 501 2879 dirigat,
530 2810 702 2880 cujus
736 2826 923 2865 unum
946 2810 1101 2866 latus
1117 2811 1333 2866 excelsi
1361 2811 1578 2866 montis
1595 2811 1780 2866 moles
1793 2826 1921 2883 pre-

252 2904 407 2964 mat,
443 2899 608 2954 aliud
635 2914 815 2970 rupes
836 2914 1099 2970 praeceps
1121 2900 1358 2955 astituat
1376 2901 1403 2954 ‘?
1423 2898 1522 2954 ubi
1544 2899 1592 2954 si
1621 2900 1918 2955 temeritas

249 2986 657 3057 praevaluerit,
683 2992 786 3043 aut
803 2988 1224 3043 revertendum
1252 2993 1357 3052 est,
1381 2991 1484 3042 aut
1518 2987 1912 3043 evadendum.

250 3075 478 3131 Similis
501 3082 588 3131 est
613 3076 1109 3132 ethominisillius
1137 3092 1320 3132 causa
1333 3076 1429 3147 qui
1442 3075 1603 3132 viam
1616 3075 1916 3148 religionis

247 3163 562 3232 ingressus
590 3169 694 3220 est.
724 3166 886 3235 Opus
909 3170 996 3220 est
1020 3179 1160 3234 ergo
1180 3171 1242 3220 ut
1263 3180 1499 3236 semper
1518 3171 1742 3220 resecet
1760 3180 1918 3236 quae-

250 3267 512 3323 cumque
531 3257 634 3308 aut
663 3252 976 3308 inhonesta
991 3253 1306 3309 videantur
1324 3259 1425 3309 aut
1443 3255 1772 3326 turpia,qui
1794 3255 1918 3310 ani-

251 3355 420 3394 mam
459 3355 634 3396 suam
665 3341 742 3396 ad
769 3341 1070 3397 caelestem
1103 3341 1355 3411 gloriam
1387 3342 1680 3398 desiderat
1715 3359 1918 3415 perve-

252 3429 400 3484 nire.
438 3432 564 3484 Non
587 3430 712 3485 sine
740 3445 928 3486 causa
952 3434 1152 3486 autem
1189 3430 1330 3486 dicit
1359 3431 1647 3488 Dominus
1671 3448 1684 3486 :
1718 3433 1918 3488 Relin-

253 3532 370 3586 que
395 3518 542 3573 bona
582 3527 703 3588 tua,
738 3523 792 3574 et
819 3534 1061 3590 sequere
1086 3535 1175 3575 me
1206 3520 1439 3589 (Matth.
1468 3536 1590 3577 xix.
1617 3521 1730 3590 2t).
1762 3523 1920 3578 Bona

255 3604 390 3669 ista,
420 3605 979 3674 dilectissimi,mala
1005 3613 1209 3662 nostra
1226 3612 1381 3669 sunt,
1409 3608 1654 3663 terrenis
1684 3609 1916 3665 actibus

257 3693 518 3749 enutrita
545 3694 792 3765 :quibus
827 3695 974 3750 dum
992 3695 1280 3767 aliquanti
1297 3695 1547 3751 nimium
1566 3701 1782 3753 attente
1803 3714 1919 3753 ser-

263 3781 457 3847 viunt,
487 3781 744 3839 coelestia
775 3783 1184 3854 perdiderunt.

326 3874 377 3925 3.
417 3871 472 3926 Si
506 3871 684 3926 vultis
704 3872 904 3943 itaque
937 3877 999 3928 ut
1028 3873 1202 3928 vobis
1221 3873 1914 3944 pateatcmlestisjanua,

254 3959 620 4014 removenda
632 3960 1070 4029 suntomnia,et
1084 3959 1436 4032 poenitentia:
1450 3962 1773 4031 deputanda
1786 3967 1918 4018 sunt

253 4062 642 4118 quaecumque
668 4049 728 4103 in
742 4050 1040 4104 excidium
1055 4049 1182 4104 vitae
1197 4049 1559 4118 negligenter
1571 4054 1626 4104 et
1644 4050 1917 4107 inconve-

256 4135 492 4191 nienter
506 4137 727 4192 usitata
749 4143 903 4192 sunt.
933 4137 1174 4192 Difﬁcile
1205 4142 1401 4192 autem
1430 4138 1684 4192 estutad
1698 4153 1914 4210 eaquae

252 4225 603 4295 praeparavit
617 4225 890 4281 Dominus
903 4225 1334 4281 credentibusin
1348 4224 1536 4289 se,tibi
1551 4227 1913 4296 perveniendi

256 4313 330 4366 sit
349 4313 699 4380 aditus,nisi
719 4319 1006 4370 onustum
1029 4313 1184 4370 vitiis
1201 4321 1405 4385 pectus
1421 4320 1914 4386 exoneres,atque

254 4417 470 4456 omnes
491 4402 784 4472 injustitiae
797 4403 1004 4474 culpas
1023 4403 1314 4474 religiosae
1327 4402 1652 4473 disciplinm
1667 4404 1913 4460 auctori-

2025 508 2373 566 ambulandi
2393 529 2544 585 pene
2560 515 2692 586 plus
2709 515 3142 586 desperationis
3161 515 3578 590 habeatquam
3599 521 3679 577 la-

2024 595 2209 652 boris.
2239 599 2567 658 Convertite
2591 604 2772 659 modo
2789 603 2989 658 oculos
3012 609 3239 659 vestros
3264 607 3336 660 ad
3360 605 3550 674 illum,
3583 624 3680 663 cu-

2019 685 2122 756 jus
2152 688 2482 745 cervicibus
2513 690 2659 746 nihil
2714 691 2996 762 ponderis
3045 693 3346 757 imminet;
3389 700 3444 751 et
3469 695 3678 752 videtis

2026 788 2211 843 quam
2224 775 2812 851 liherincedit,quam
2828 779 2997 835 facile
3012 780 3091 836 illi
3104 787 3191 837 est
3212 797 3318 853 per
3341 783 3532 839 ardua
3548 800 3681 840 exu-

2029 861 2102 916 tis
2130 863 2212 918 ire
2234 864 2467 936 plantis,
2501 870 2555 922 et
2585 866 2645 922 in
2671 867 2818 924 locis
2843 869 3114 940 scrupeis
3141 870 3418 940 pendulis
3454 872 3675 929 haerere

2029 951 2307 1020 vestigiis.
2333 957 2498 1010 Nunc
2522 954 2635 1010 levi
2663 971 2840 1011 cursu
2863 973 3145 1028 procerus
3173 958 3473 1023 attollitur,
3515 975 3676 1016 nunc

2028 1049 2169 1109 pera
2199 1039 2434 1097 diversa
2445 1048 2566 1099 tota
2579 1043 2766 1099 animi
2782 1045 3082 1102 alacritate
3095 1051 3384 1116 portatur;
3407 1053 3677 1104 utosten-

2029 1125 2542 1186 datdifticultatem
2556 1132 2826 1188 locorum
2840 1133 3034 1188 liberis
3052 1149 3170 1189 non
3186 1135 3461 1206 impedire
3475 1152 3675 1208 corpo-

2029 1215 2192 1270 ribus
2212 1232 2322 1271 nec
2346 1217 2651 1276 laboriosa
2671 1237 2800 1276 esse
2831 1223 3115 1293 cuiquam
3142 1222 3371 1289 itinera,
3395 1227 3675 1297 quamvis

2029 1308 2145 1358 sint
2172 1305 2380 1370 ardua,
2415 1308 2463 1362 si
2487 1316 2834 1366 exoneretur
2857 1327 3023 1366 mens
3052 1311 3286 1382 injustis
3307 1313 3676 1384 ponderibus

2027 1395 2566 1464 occupata.Similis
2578 1403 2682 1463 est,
2703 1399 3249 1464 dilectissimi,ratio
3271 1402 3394 1456 sive
3412 1402 3504 1457 his
3521 1418 3676 1474 quos

2025 1479 2217 1552 iniqui
2239 1487 2406 1538 actus
2432 1491 2704 1554 onerant,
2731 1487 2786 1558 4
2809 1489 2933 1543 sive
2958 1488 3074 1544 illis
3095 1504 3249 1560 quos
3275 1491 3456 1545 veteri
3470 1495 3678 1547 exutos

2027 1568 2199 1639 culpa
2227 1571 2585 1641 poenitentiae
2606 1574 2883 1646 lacrymae
2914 1577 3358 1634 commendant.
3377 1578 3558 1635 Debet
3574 1579 3678 1636 ita-

2025 1672 2142 1727 que
2171 1673 2306 1728 quae
2338 1666 2474 1717 sunt
2503 1677 2758 1718 onerosa
2788 1663 3106 1735 deponere,
3139 1667 3242 1736 qui
3275 1666 3400 1722 vult
3419 1667 3497 1722 ad
3514 1667 3678 1736 judi-

2026 1743 2186 1799 cium
2213 1761 2459 1803 securus
2497 1750 2699 1806 venire
2735 1767 2747 1805 :
2783 1757 2839 1807 et
2869 1757 3102 1810 terrena
3139 1760 3538 1819 contemnere,
3580 1755 3674 1810 cui

2027 1836 2118 1887 est
2147 1833 2381 1890 animus
2421 1836 2682 1894 coelestia
2705 1839 3032 1909 possidere.

2095 1932 2147 1983 ι.
2180 1930 2353 1997 Sane,
2377 1932 2763 2004 dilectissimi,
2789 1951 2911 2006 quo
2943 1936 3172 1992 facilius
3203 1937 3350 1992 illius
3377 1938 3550 1992 ardui
3589 1937 3672 1992 iti-

2024 2019 2181 2072 neris
2211 2033 2640 2090 exsuperemus
2657 2022 2985 2092 angustias,
3015 2024 3254 2079 sincerae
3272 2024 3485 2079 mentis
3507 2024 3674 2079 adhi-

2023 2104 2226 2162 benda
2239 2109 2584 2166 suntstudia
2607 2128 2620 2163 :
2635 2116 2691 2166 et
2710 2112 3143 2168 removendum
3161 2113 3208 2167 si
3221 2113 3358 2184 quid
3373 2113 3555 2168 litium
3570 2119 3676 2170 aut

2025 2192 2226 2249 infelix
2239 2210 2426 2252 sermo
2442 2199 2745 2266 servit,aut
2766 2200 2823 2254 in
2837 2201 3228 2270 opprobrium
3242 2203 3450 2256 domus
3464 2201 3672 2257 alienae

2025 2283 2257 2353 injuriae
2281 2284 2426 2341 forte
2438 2287 2650 2341 veneni
2672 2287 2875 2356 lingua
2895 2290 3238 2344 commovit.
3263 2289 3562 2345 Estimari
3576 2305 3672 2345 au-

2026 2375 2146 2426 tem
2173 2387 2295 2428 non
2325 2378 2517 2445 potest
2536 2380 2828 2446 quantum
2848 2376 3179 2447 impediant
3203 2377 3362 2432 viam
3379 2377 3513 2432 vitae
3534 2378 3677 2434 vitia

2026 2459 2485 2533 indisciplinataa
2501 2462 2720 2533 linguae
2744 2481 2758 2518 :
2786 2480 2920 2536 quae
2943 2465 3090 2520 dum
3112 2466 3364 2520 nimium
3382 2465 3675 2537 loquendo

2029 2563 2322 2617 organum
2344 2550 2567 2607 suioris
2584 2553 2980 2616 exercet,odia
2991 2553 3311 2609 adversum
3335 2569 3396 2607 se
3418 2554 3588 2610 etiam
3602 2554 3675 2610 de

2028 2636 2234 2692 otiosis
2247 2639 2606 2693 sermonibus
2619 2640 3056 2695 excitavit.Nam
3070 2641 3202 2695 dicit
3216 2641 3492 2696 Dominus
3506 2641 3676 2696 etiam

2029 2725 2104 2780 de
2133 2726 2338 2781 otiosis
2367 2727 2744 2783 sermonibus
2790 2729 3082 2784 rationem
3127 2744 3254 2784 esse
3305 2728 3677 2785 reddendam

2030 2814 2248 2880 (Matth.
2276 2830 2376 2878 xn,
2415 2817 2524 2882 36).
2581 2815 2778 2870 Videte
2826 2830 2966 2884 ergo
2991 2816 3135 2886 quid
3185 2816 3266 2871 illi
3297 2817 3562 2871 futurum
3607 2816 3679 2871 sit

2027 2917 2209 2972 quem
2221 2917 2404 2958 causa
2415 2903 2509 2958 cul
2518 2919 2606 2973 pte
2619 2902 2963 2975 principalis
2980 2904 3457 2976 impugnat,cum
3476 2919 3592 2959 non
3605 2904 3678 2960 sit

2029 2991 2153 3046 sine
2166 2991 2425 3062 periculo
2438 2992 2645 3047 animus
2660 2993 3020 3062 adjudicium
3039 2993 3216 3048 etiam
3234 2993 3385 3048 levia
3396 3009 3676 3063 quaecum-

2027 3095 2143 3151 que
2166 3082 2613 3150 portare.Arcta
2635 3087 2688 3136 et
2709 3087 2950 3150 angusta
2973 3086 3051 3136 est
3069 3083 3318 3152 via,un
3336 3081 3496 3136 ducit
3513 3081 3587 3137 ad
3599 3082 3676 3135 vi-

2029 3167 2545 3240 tam.Quicumque
2559 3184 2700 3238 ergo
2713 3175 2802 3224 est
2818 3169 3280 3240 sapiens,primo
3295 3168 3427 3224 loco
3441 3169 3623 3239 jactet
3641 3185 3678 3224 a

2027 3271 2088 3310 se
2113 3256 2539 3326 impedimenta
2567 3256 2799 3319 mundi,
2825 3261 2880 3311 et
2905 3257 3256 3312 muniatiter
3283 3273 3457 3311 suum
3481 3255 3676 3312 studio

2026 3343 2353 3416 disciplinae
2374 3364 2390 3415 ;
2421 3350 2722 3401 removeat
2739 3345 3138 3400 intercedente
3168 3345 3674 3416 pmnitentiaqum-

2026 3449 2286 3505 cumque
2305 3449 2409 3506 per
2429 3432 2845 3505 negligentiam
2860 3434 3128 3488 videntur
3142 3433 3422 3504 imposita
3443 3449 3455 3497 ;
3470 3447 3578 3487 nec
3592 3447 3678 3487 se-

2027 3537 2162 3577 cum
2177 3523 2521 3594 portandum
2535 3527 2694 3592 putet
2709 3521 2976 3593 quidquid
2992 3521 3180 3593 gloria
3191 3520 3486 3577 saacularis
3502 3520 3676 3590 impo-

2029 3610 2146 3664 suit
2177 3627 2189 3664 :
2223 3609 2632 3680 quialicetsint
2646 3625 2825 3681 perse
2839 3610 3060 3680 gravia,
3076 3609 3223 3664 ﬁunt
3240 3613 3437 3664 tamen
3457 3607 3678 3663 itineris

2026 3697 2371 3752 difﬁcultate
2403 3698 2695 3765 graviora.
2728 3699 2894 3753 Forte
2906 3697 3302 3768 aliquantisin
3327 3696 3441 3752 hoc
3459 3695 3676 3751 saeculo

2025 3786 2276 3840 nimium
2303 3784 2571 3841 delicatis
2584 3786 2822 3855 angusti
2841 3791 2896 3841 et
2923 3787 3092 3842 ardui
3110 3785 3334 3841 itineris
3356 3785 3676 3841 necessitas

2026 3872 2506 3943 desperationem
2535 3875 2703 3944 parit.
2741 3877 2806 3928 Et
2858 3890 2994 3929 vere
3023 3875 3204 3930 habet
3229 3874 3344 3930 hoc
3392 3874 3566 3938 ratio,
3614 3882 3675 3929 ut

2026 3977 2241 4033 aspera
2253 3976 2508 4034 quaeque
2521 3961 2848 4017 etdifﬁcilia
2859 3962 3024 4016 rudis
3047 3962 3284 4016 animus
3297 3966 3669 4030 expavescat.

2028 4051 2138 4107 Sed
2152 4051 2296 4122 quid
2313 4050 2585 4118 facimus,
2599 4049 2764 4122 quod
2778 4049 2941 4105 nulla
2954 4049 3249 4104 deliciosis
3265 4047 3551 4103 militibus
3567 4048 3671 4102 vir-

2025 4143 2212 4194 tutum
2229 4138 2626 4210 patetjanua?
2644 4138 2784 4201 Quis
2802 4141 3002 4192 autem
3019 4135 3470 4191 fructuslaboris
3490 4140 3666 4199 esset,

2024 4225 2073 4279 si
2098 4240 2203 4296 per
2224 4225 2404 4296 plana
2425 4224 2818 4279 discurreres?
2839 4228 2937 4279 aut
2956 4221 3194 4294 quando
3207 4227 3263 4277 te
3275 4221 3348 4278 ad
3361 4222 3550 4278 locum
3569 4238 3671 4295 pa-

2021 4322 2217 4372 ratum
2236 4315 2463 4369 venisse
2476 4313 2788 4383 gauderes,
2814 4313 2860 4367 si
2879 4313 3003 4368 sine
3022 4313 3241 4382 injuria
3253 4311 3518 4384 corporis
3544 4327 3672 4384 per-

2021 4404 2256 4460 venires
2279 4403 2307 4458 ?
2324 4403 2465 4468 Quis
2489 4416 2781 4474 umquam
2796 4401 3020 4456 otiosus
3042 4406 3266 4473 tropaea
3293 4400 3674 4471 composuit?

257 4493 372 4544 tate
390 4506 765 4562 compescas.
792 4492 1098 4562 Supertlue
1123 4495 1320 4548 autem
1346 4495 1398 4547 te
1422 4496 1598 4562 putas
1617 4493 1785 4548 ardui
1810 4494 1909 4549 iti-
1942 4485 1985 4542 D
2022 4493 2268 4564 autquis
2282 4490 2792 4547 circumstantibus
2805 4488 3326 4561 undiquehostium
3343 4489 3673 4560 legionibus

257 4578 417 4632 neris
452 4583 506 4633 et
536 4580 638 4634 vite
656 4596 886 4651 asperae
911 4581 1154 4635 semitas
1178 4585 1396 4647 tenere,
1425 4579 1472 4634 si
1501 4581 1716 4636 animae
1739 4582 1914 4654 impe-

259 4665 443 4722 diaris
465 4684 682 4723 errore.
717 4669 912 4723 Ponite
929 4668 1102 4723 vobis
1123 4668 1400 4739 denique,
1430 4669 1473 4723 si
1504 4669 1750 4734 videtur,
1777 4676 1912 4727 ante

257 4757 466 4812 oculos
495 4759 650 4812 duos
667 4757 742 4812 ad
776 4757 1085 4829 superiora
1108 4756 1444 4822 tendentes;
1473 4774 1732 4829 quorum
1760 4776 1914 4816 unus

255 4847 421 4914 gravi
445 4847 712 4917 pondere
747 4851 999 4901 onustus
1021 4850 1246 4915 pergat,
1274 4845 1420 4901 alter
1447 4845 1562 4900 levi
1581 4851 1800 4904 tantum
1817 4848 1916 4904 ba-

252 4936 382 4993 culo
404 4935 863 4998 nixusincedat;
888 4933 1230 4988 etvidebitis
1251 4933 1387 5004 quis
1401 4933 1630 4989 facilius
1653 4935 1725 4990 ad
1746 4953 1915 5009 supe-

249 5027 410 5081 riora
426 5024 748 5095 perveniat.
768 5022 1056 5093 Respicite
1069 5021 1236 5092 prius
1250 5021 1326 5077 ad
1339 5021 1506 5077 illum
1520 5023 1624 5094 qui
1639 5030 1915 5092 gravatur

248 5128 430 5170 onere
451 5129 463 5176 ;
486 5110 822 5166 etvidebitis
834 5109 1097 5166 hominis
1112 5109 1267 5165 illius
1279 5110 1594 5181 pendentia
1607 5118 1912 5168 retrorsum

247 5203 532 5259 festinare
568 5201 837 5269 vestigia,
861 5207 1041 5272 atque
1073 5201 1155 5256 ita
1175 5199 1325 5256 ﬂexo
1350 5215 1506 5269 genu
1529 5200 1820 5264 incedere,
1853 5207 1915 5258 ut

248 5299 489 5363 putetur
519 5289 730 5344 redire.
749 5290 914 5345 Modo
944 5289 1353 5356 descendenti,
1375 5288 1552 5344 modo
1580 5289 1810 5344 cadenti
1834 5289 1910 5345 si-

245 5380 516 5442 milis,ita
528 5379 589 5433 in
604 5378 902 5432 diversam
918 5382 1148 5448 partem
1169 5377 1400 5449 penduli
1416 5377 1636 5432 itineris
1653 5383 1772 5433 toto
1787 5394 1911 5434 cor-

316 5532 342 5562 ει
371 5520 568 5575 Scribe
589 5519 848 5574 demersa.
887 5522 1100 5577 BARTH.

315 5593 346 5634 b
379 5592 614 5648 Videtur
635 5591 927 5647 abundare
967 5606 1069 5646 vox
1109 5592 1400 5648 virtutum.
1439 5591 1655 5647 Contra
1685 5594 1910 5646 senten-

2023 4582 2100 4636 ad
2131 4581 2436 4636 victoriam
2457 4580 2838 4635 dormitando
2863 4579 3166 4650 pervenit?
3187 4578 3216 4620 b
3245 4583 3461 4634 Parum
3477 4579 3674 4634 laudis

2021 4669 2203 4725 habet
2227 4669 2515 4725 virtutum
2546 4684 2787 4735 corona,
2807 4684 2942 4740 quae
2970 4683 3041 4723 ex
3069 4667 3273 4723 labore
3290 4683 3413 4723 non
3433 4667 3674 4723 descen-

2023 4759 2127 4814 dit.
2162 4762 2356 4815 Potest
2383 4759 2624 4830 quidem
2650 4757 2870 4814 habere
2901 4756 3188 4827 palmam,
3212 4756 3316 4811 sed
3341 4771 3465 4812 non
3493 4757 3675 4811 habet

2027 4848 2300 4918 gloriam.
2321 4845 2574 4912 Quando
2591 4845 2701 4901 fuit
2729 4850 2790 4901 ut
2811 4843 3074 4914 agricola
3085 4843 3298 4899 horrea
3318 4859 3427 4898 sua
3447 4844 3672 4898 otiosus

2024 4938 2339 5010 impleret?
2366 4941 2468 4992 aut
2496 4936 2632 5007 quis
2659 4949 2949 5005 umquam
2975 4932 3240 5004 legitimo
3258 4937 3524 5002 tempore
3546 4930 3671 4997 agri

2023 5028 2113 5082 sui
2139 5026 2396 5082 fructum
2419 5024 2658 5095 recepit,
2693 5023 2803 5077 nisi
2830 5022 2996 5093 prius
3031 5019 3413 5090 multiplicato
3461 5017 3672 5073 rudem

2021 5118 2239 5170 terram
2266 5113 2430 5168 sulco
2457 5110 2770 5167 confecerit
2787 5109 2815 5163 7
2836 5111 2970 5164 Haec
2995 5112 3079 5163 est
3096 5111 3296 5162 autem
3320 5121 3671 5175 magnorum

2020 5204 2169 5258 ratio
2201 5203 2506 5264 virtutum,
2534 5206 2590 5254 ut
2614 5203 2840 5271 quanto
2860 5197 2996 5269 plus
3019 5196 3202 5251 homo
3229 5193 3481 5262 laborat,
3509 5200 3672 5250 tanto

2021 5291 2154 5362 plus
2183 5288 2472 5345 mercedis
2503 5287 2793 5358 acquirat.

2179 5386 2496 5442 Videamus
2529 5390 2746 5451 tamen,
2792 5382 2985 5454 qualis
3038 5383 3150 5438 ista
3204 5381 3297 5438 via
3343 5382 3551 5438 mortis
3598 5384 3670 5440 sit

2022 5533 2162 5659 Inagm
2190 5527 2439 5657 amatoris
2469 5530 2571 5593 est,
2597 5525 2834 5583 virtutes
2873 5541 3180 5597 agnoscere
3233 5526 3288 5580 in
3334 5526 3523 5599 aliquo
3550 5527 3672 5583 sine

2045 5621 2077 5659 a
2121 5618 2240 5659 ore.
2315 5616 2476 5655 eam.

2045 5616 2240 5660 abore.
2273 5616 2476 5657 DAR‘I‘H.
