3986 6178
192 335 293 399 7M

1662 335 1969 400 HOMILM
2011 335 2106 396 ιν.

3481 350 3590 410 701

181 465 333 522 mihi
360 467 416 520 in
445 465 600 535 ﬁlios
626 471 678 524 et
706 469 884 535 ﬁlias,
928 471 1071 527 dicit
1122 473 1410 528 Dominus
1464 470 1827 540 omnipotens
1860 468 1909 528 Α
1939 481 2240 524 occurras.
2267 468 2477 525 Audite
2497 471 2854 543 prophetam
2872 470 3205 529 dicentem:
3244 474 3593 534 Voluntaria

179 558 385 626 (Jerem
409 571 570 622 xxxi,
599 560 668 624 9;
696 561 734 612 11
771 557 900 614 Cor.
932 575 1008 626 v1,
1045 564 1152 628 18).

243 647 295 698 3.
337 645 706 700 Conditionis
739 656 969 711 nostrae,
990 649 1380 716 dilectissimi,
1409 649 1537 704 talis
1557 648 1828 704 estservi-

176 740 291 801 tus,
310 739 372 788 ut
399 733 716 789 laudemus
745 751 979 807 semper
999 738 1314 793 Dominum
1334 737 1670 794 nostrumin
1695 751 1827 806 opep

170 823 336 877 ribus
365 823 506 887 suis,
542 829 598 878 et
628 825 974 880 extollamus
997 841 1136 881 eum
1155 827 1214 882 in
1233 826 1493 883 claritate
1507 827 1824 898 majestatis

169 926 290 966 sua!
320 926 468 966 voce
500 913 802 968 continua.
833 914 984 978 Quid
1010 922 1204 971 autem
1245 923 1454 987 praeter
1473 917 1586 972 hoc
1614 917 1822 971 huma-

164 1015 310 1054 num
340 1000 911 1068 indigetinvisibilis,
943 1003 1582 1075 incomprehensibilis,
1611 1003 1824 1059 inesti-

165 1087 404 1142 mabilis
424 1089 624 1156 gloria:
642 1095 908 1160 potestas
928 1092 954 1146 ?
973 1097 1068 1147 aut
1090 1093 1146 1148 in
1163 1108 1285 1164 quo
1308 1093 1610 1164 corporale
1631 1093 1824 1163 requie

161 1181 252 1232 rat
278 1176 678 1242 officium,cui
707 1179 923 1235 chorus
953 1180 1702 1253 obsequiturangelorum?
1722 1180 1822 1237 Illa

162 1271 250 1321 est
262 1267 515 1322 servitus
530 1267 1118 1341 intolerabilis,quam
1136 1270 1819 1342 indicittyrannicasmoc

160 1355 1033 1421 estdiabolicee,dominationis
1046 1358 1349 1430 superbia,
1367 1359 1566 1430 impias
1579 1359 1817 1430 captivi-

158 1443 293 1498 tatis
333 1444 554 1512 injuria
584 1462 595 1499 :
621 1445 699 1500 ad
729 1445 994 1502 ofﬁcium
1027 1463 1186 1511 vero,
1211 1461 1333 1503 non
1385 1448 1463 1504 ad
1512 1449 1816 1504 servitium

155 1532 417 1603 pertinet
430 1532 756 1589 voluntarie
775 1536 1056 1606 superiori
1071 1552 1339 1607 personas
1354 1536 1620 1592 exhibere
1639 1537 1817 1592 famu-

152 1619 370 1676 latum.
400 1619 608 1676 Audite
638 1623 982 1694 prophetam
1007 1623 1307 1680 dicentem
1338 1642 1350 1680 :
1387 1625 1818 1682 Voluntaria“!-

153 1709 441 1776 criﬁcabo
472 1710 598 1773 tibi,
625 1712 864 1767 Domi-ne
893 1715 1009 1782 (Ps.
1044 1729 1156 1781 Lm,
1183 1716 1259 1784 8).
1286 1714 1493 1770 Discite
1517 1720 1813 1786 quantum

1938 555 2056 611 oris
2082 559 2194 612 mei
2216 559 2314 627 fac
2343 560 2730 628 beneplacila,
2757 561 3000 615 Dom-ine
3030 561 3145 632 (Ps.
3197 578 3390 625 cxvm,
3449 570 3588 634 t08).

2008 650 2059 700 5.
2091 648 2234 702 Cum
2264 663 2402 717 ergo
2424 651 2816 705 convenimus
2843 649 2921 706 ad
2962 649 3295 716 ecclesiam,
3344 651 3592 707 dilectis-

1936 732 2094 802 simi,
2119 740 2255 790 ante
2285 753 2487 792 omnia
2518 744 2743 793 secreta
2776 740 3030 809 pectoris
3063 740 3246 794 nostri
3268 741 3417 795 ﬁdes
3449 741 3589 796 veri-

1934 823 2066 878 tatis
2098 825 2319 880 auxilio
2346 828 2572 882 munita
2610 827 2918 896 possideat
2969 843 2980 881 :
3013 839 3038 868 ε
3062 832 3122 882 ut
3151 829 3310 883 enim
3367 844 3587 900 purum

1933 911 2452 970 etimmaculatum
2469 916 2616 969 Deus
2628 915 2837 984 diligit,
2853 931 2971 971 non
2989 916 3237 971 falsitate
3255 917 3581 984 obsessum,

1931 1016 2052 1056 non
2072 1003 2195 1073 perj
2208 1003 2346 1058 uriis
2371 1008 2748 1075 occupatum,
2769 1020 2890 1060 non
2916 1006 3137 1070 fictum,
3157 1021 3276 1061 non
3292 1006 3541 1061 dubium
3566 1026 3578 1075 ;

1929 1089 2180 1146 levitatis
2207 1091 2368 1146 enim
2400 1091 2670 1163 perfecta)
2700 1093 2824 1148 hinc
2846 1099 2983 1149 sunt
3011 1094 3248 1158 indicia,
3282 1101 3383 1150 aut
3410 1112 3578 1150 sanc-

1929 1177 2111 1233 titatis
2138 1195 2328 1248 amor,
2355 1188 2456 1236 aut
2477 1181 2673 1236 studia
2704 1181 3051 1253 disciplinae,
3080 1183 3193 1238 hoc
3248 1189 3334 1237 est
3371 1184 3581 1238 imma-

1928 1267 2188 1322 culatam
2211 1268 2466 1324 hostiam
2500 1269 2807 1324 sacriﬁciis
2837 1271 3133 1334 exhibere,
3167 1276 3290 1327 tota
3331 1273 3579 1328 Domino

1926 1353 2177 1410 ﬁdeliter
2208 1361 2405 1412 mente
2435 1357 2716 1412 servisse.
2751 1359 2980 1413 Servitii
3015 1365 3213 1415 autem
3233 1360 3424 1416 nostri
3453 1360 3580 1416 haec

1926 1448 2013 1502 est
2036 1445 2209 1514 ratio,
2231 1450 2297 1501 ut
2324 1445 2619 1502 beneﬁcia
2638 1448 2842 1503 Christi
2867 1449 3055 1503 nostri
3079 1464 3315 1520 semper
3331 1449 3578 1515 recolas,

1925 1539 1981 1590 et
2005 1535 2065 1591 in
2085 1551 2208 1608 quo
2237 1535 2526 1606 religiosas
2556 1536 2694 1591 ﬁdei
2722 1536 2921 1593 labore
2958 1538 3296 1609 profeceris,
3354 1539 3578 1594 auctori

1922 1627 2040 1680 tum
2066 1626 2348 1682 libertatis
2367 1625 2662 1695 assignes.
2691 1627 2849 1682 Inter
2878 1627 3084 1683 omnia
3113 1627 3418 1684 custodias
3439 1643 3578 1699 prae.

1924 1717 2093 1784 cepta
2118 1715 2375 1785 iustitiae,
2406 1715 2509 1770 uni
2559 1718 2675 1770 Deo
2733 1716 2978 1781 servias,
3037 1716 3329 1772 Trinitatis
3379 1721 3578 1772 tamen

152 1797 338 1853 distet
379 1798 530 1853 inter
568 1799 869 1855 addictam
896 1806 951 1856 et
1003 1800 1404 1858 voluntariam
1455 1804 1812 1858 srvitutem.
1847 1815 1894 1879 Β
1920 1800 2151 1858 honore
2173 1807 2426 1858 servato.
2463 1805 2654 1858 Unam
2679 1803 2882 1870 ﬁdem,
2909 1820 3095 1859 unum
3118 1804 3421 1875 baptisma
3460 1820 3579 1859 cre-

150 1889 502 1958 Numquam
531 1888 853 1959 potestﬁeri
869 1895 930 1944 ut
943 1889 1069 1946 sine
1083 1891 1314 1947 offensa
1326 1892 1483 1948 diem
1497 1893 1811 1962 transigat,

149 1988 340 2044 quem
359 1975 717 2044 negligentia
742 1977 992 2032 addicta;
1007 1980 1303 2035 servitutis
1328 1985 1588 2036 accusat.
1606 1981 1716 2046 Qui
1742 1997 1813 2036 ex

150 2066 296 2117 voto
329 2064 583 2119 Domino
608 2077 714 2119 suo
738 2071 925 2136 paret,
941 2068 1695 2139 acquiritgratiaminvitus,
1721 2085 1814 2124 ac.

153 2151 805 2222 cumulavitinjuriam,
834 2156 914 2210 ita
943 2156 1232 2226 propheta
1262 2156 1493 2213 dicente
1518 2174 1530 2212 ε
1574 2159 1811 2214 Maledi-

151 2247 277 2296 ctus
292 2241 597 2312 hamo,qui
603 2243 756 2312 facit
772 2257 954 2312 opera
968 2247 1198 2302 Domini
1209 2249 1807 2318 negligenterUcrem.

149 2345 343 2395 vaui,
371 2331 484 2400 10).
508 2332 562 2386 Si
595 2333 922 2390 consideret
952 2337 1367 2408 unusquisque
1395 2341 1662 2393 vestrum
1681 2351 1812 2407 gra-

152 2419 297 2475 tiam
321 2419 600 2476 adhibitae
622 2421 922 2493 libertatis,
943 2439 1129 2495 quam
1155 2425 1418 2482 Christus
1439 2431 1640 2482 noster
1668 2426 1810 2482 ﬁdes

148 2507 307 2562 libus
331 2509 566 2579 populis
593 2524 697 2580 per
726 2513 1234 2580 regenerationem
1265 2514 1458 2570 vitalis
1487 2515 1711 2571 lavacri
1754 2519 1811 2570 et

149 2596 399 2668 Spiritus
417 2598 607 2653 sancti
635 2598 987 2656 effusionem
1013 2603 1327 2668 concessit,
1386 2603 1649 2674 intelligit
1688 2617 1812 2660 non

150 2685 338 2740 otiose
362 2686 616 2742 Domino
629 2688 1045 2760 serviendum;
1075 2691 1168 2747 cui
1203 2692 1480 2763 quamvis
1501 2692 1812 2764 quodlibet

148 2773 422 2845 quotidie
463 2775 706 2831 honoris
746 2783 847 2833 aut
882 2781 1147 2834 muneris
1186 2780 1600 2849 exhibeamus,
1634 2796 1809 2836 num-

148 2876 336 2933 quam
364 2867 564 2920 tamen
592 2866 991 2936 persolvimus
1017 2868 1182 2941 quod
1212 2867 1525 2924 debemus.
1558 2868 1810 2932 Quando

149 2956 355 3006 autem
385 2957 473 3008 est
500 2953 563 3009 ut
584 2953 676 3009 ille
706 2955 1008 3026 persolvat
1037 2957 1324 3022 debitum,
1358 2971 1539 3029 quem
1584 2961 1813 3013 constat

147 3041 377 3098 vicario
410 3053 604 3114 pcente
631 3057 876 3101 munere
902 3051 1343 3119 comparatum,
1372 3047 1484 3102 nisi
1507 3046 1653 3102 forte
1701 3059 1810 3118 pro

1923 1890 2052 1956 dae,
2083 1890 2290 1957 Patris,
2318 1891 2460 1956 Filii,
2483 1891 2512 1934 ι)
2547 1890 2636 1947 vel
2657 1892 2889 1962 spiritus
2922 1893 3107 1946 sancti
3139 1908 3323 1948 unam
3348 1893 3576 1947 clarita—

1923 1979 1994 2034 tis
2019 1978 2359 2035 conﬁtearis
2385 1979 2742 2046 essentiam;
2774 1995 2884 2035 nec
2912 1980 3104 2036 divisa
3133 1980 3437 2035 voluntate
3468 1996 3578 2034 cu-

1916 2068 2207 2138 jusquam
2233 2071 2336 2122 aut
2355 2067 2689 2138 princedere
2705 2072 2807 2122 aut
2823 2081 3069 2137 regnare
3096 2083 3452 2140 personam;
3473 2067 3577 2123 sed

1922 2157 2156 2214 Patrem
2188 2161 2245 2212 et
2274 2155 2481 2214 Filium
2512 2161 2569 2212 et
2587 2157 2870 2227 Spiritum
2893 2166 3161 2213 sanctum
3188 2158 3362 2212 unius
3383 2161 3574 2228 potes-

1921 2246 2075 2312 tatis,
2106 2247 2283 2300 unius
2313 2246 2522 2302 credas
2547 2261 2676 2302 esse
2702 2247 2949 2302 virtutis.
2985 2247 3071 2302 lta
3095 2247 3271 2316 igitur
3314 2245 3383 2300 ﬁt
3403 2252 3466 2302 ut
3515 2245 3576 2301 il-

1919 2333 2024 2390 lud
2053 2333 2311 2389 arduum
2337 2340 2392 2389 et
2422 2342 2752 2404 angustum
2781 2334 2887 2389 iter
2916 2334 2977 2389 in
2995 2338 3286 2389 veternum
3318 2333 3576 2388 victurus

1922 2438 2244 2495 exsuperas
2265 2441 2278 2491 ;
2304 2426 2481 2495 atque
2497 2439 2568 2480 ea
2591 2440 2728 2496 quae
2757 2424 2928 2495 iustis
2943 2423 3256 2479 laboribus
3273 2423 3332 2478 in
3351 2421 3577 2478 cmlesti

1922 2516 2086 2583 parte
2113 2511 2411 2583 promissa
2441 2518 2598 2577 sunt,
2627 2529 2751 2569 non
2771 2512 2951 2568 dubie
2967 2512 3375 2584 consequaris,
3400 2512 3448 2566 si
3477 2525 3578 2582 per

1918 2599 2032 2656 hos
2045 2600 2190 2656 disci
2199 2600 2374 2670 plinte
2387 2600 2608 2670 gradus
2632 2617 2935 2665 excurras,
2965 2606 3022 2657 et
3035 2601 3164 2657 vita:
3178 2606 3291 2656 tute
3307 2605 3576 2672 tempora

1921 2689 2036 2746 sub
2061 2689 2174 2745 hac
2197 2688 2440 2744 vivendi
2459 2687 2589 2758 lege
2615 2689 2923 2760 disponas.

2538 2777 2825 2832 HOMlLlA
2864 2777 2954 2834 IV.

2269 2865 2350 2920 De
2377 2865 2682 2933 promissis
2713 2870 2765 2919 et
2802 2880 2922 2921 non
2953 2864 3220 2920 redditis.

1996 2958 2044 3009 l.
2075 2953 2131 3011 Si
2152 2953 2334 3010 homo
2365 2953 2663 3010 obnoxius
2689 2954 3018 3019 beneﬁciis,
3039 2953 3426 3018 dilectissimi,
3446 2969 3573 3026 pro-

1920 3041 2189 3098 missioni
2222 3055 2345 3097 eum
2373 3041 2758 3109 satisfaceret,
2791 3047 2848 3099 et
2869 3043 3068 3099 studio
3089 3041 3422 3098 devotionis
3468 3041 3575 3097 im~

147 3145 361 3187 amore
393 3131 789 3205 redemptoris
823 3151 886 3192 se
918 3135 1097 3192 simili
1129 3137 1420 3193 sententia
1450 3140 1554 3193 aut
1604 3137 1810 3192 mortis
1843 3175 1890 3235 ϐ
1919 3131 2153 3230 piandus
2166 3131 2347 3188 ﬁdem
2361 3131 2597 3202 placitis
2610 3131 2912 3235 exhiberet
2933 3132 3265 3235 ineminem
3281 3145 3575 3227 umquam

147 3225 253 3275 aut
285 3219 691 3278 damnationis
725 3224 1032 3296 excipiat?
1060 3225 1810 3283 Seddumistafortissimis

147 3307 498 3381 quibusque
525 3311 892 3381 proveniunt,
916 3327 1028 3368 nos
1055 3314 1144 3368 vel
1174 3314 1339 3386 quod
1372 3313 1562 3370 solum
1593 3329 1808 3386 possu-o

148 3409 315 3465 mus,
347 3397 576 3456 Christo
636 3405 838 3456 nostro
877 3402 1141 3473 quotidie
1199 3404 1528 3473 gratiarum
1580 3403 1808 3459 hostias

151 3484 573 3546 immolemus;
632 3495 694 3544 ut
739 3489 791 3543 si
839 3489 985 3544 alios
1044 3491 1470 3547 commendant
1526 3492 1810 3547 virtutum

153 3573 386 3637 merita,
417 3575 589 3630 nobis
616 3576 824 3632 saltem
847 3577 1046 3634 locum
1077 3581 1276 3649 gratiae
1303 3579 1522 3636 faciant
1546 3579 1812 3635 volunta-

149 3662 253 3717 ria:
282 3664 574 3719 servitutis
601 3665 814 3722 ofﬁcia.

221 3755 275 3806 4.
314 3755 708 3810 Exoneremus
740 3759 875 3811 ante
905 3757 1116 3813 omnia
1154 3756 1336 3813 corda
1375 3762 1580 3813 nostra
1628 3755 1812 3828 impia

153 3841 532 3909 contagione,
559 3843 859 3899 utfructus
886 3847 1186 3916 possimus
1200 3847 1418 3901 nutrire
1426 3845 1668 3916 justitiaa
1691 3845 1814 3899 :de-

153 3928 250 3983 bet
280 3930 442 3984 enim
469 3945 538 3985 ex
567 3932 797 4002 integro
829 3935 1072 3989 terrenis
1104 3935 1335 3990 actibus
1369 3935 1808 3996 abrenuntiare,

154 4018 254 4089 qui
281 4017 405 4072 vult
434 4019 772 4076 cmlestibus
788 4023 1087 4078 mandatis
1112 4023 1472 4078 satisfacere.
1498 4025 1633 4076 Nam
1662 4023 1814 4076 sicut

151 4105 338 4161 homo
370 4121 696 4179 numquam
727 4110 932 4165 invitus
957 4111 1110 4166 bene
1125 4111 1324 4174 servit,
1353 4111 1431 4165 ita
1445 4123 1813 4180 necoccupao

155 4199 246 4249 tus
281 4195 436 4250 bene
463 4199 891 4254 commendata
915 4199 1190 4254 custodit.
1238 4198 1568 4254 Voluntaria
1597 4199 1815 4266 sacriﬁ-

151 4284 290 4339 cabo
318 4285 442 4339 tibi.
481 4287 605 4341 Non
638 4287 762 4342 sine
794 4297 978 4342 causa
1008 4289 1298 4360 propheta
1321 4287 1431 4344 hac
1471 4303 1533 4341 se
1564 4285 1814 4342 Domino

150 4387 300 4428 voce
320 4376 722 4432 commendat.
751 4377 983 4433 Sciebat
1008 4379 1342 4433 necessario
1367 4377 1584 4432 multos
1627 4376 1813 4430 dubio

154 4461 336 4516 corde
361 4463 613 4532 servire;
649 4470 701 4518 et
734 4465 900 4521 aliud
918 4481 1017 4521 ore
1042 4467 1403 4537 promittere.
1431 4465 1592 4521 aliud
1620 4467 1814 4535 pecto-

152 4564 292 4604 rum
327 4556 552 4605 secreto
580 4552 917 4623 disponere.
965 4552 1808 4620 Volimtariesacriﬁcabotibi.

154 4639 438 4701 Quamvis
471 4653 676 4709 parva,
713 4657 783 4695 ex
811 4647 944 4698 voto
975 4643 1662 4711 oiferentismagnafiunt
1686 4655 1814 4697 mu-

155 4741 306 4781 nera
338 4742 350 4791 ;
382 4733 905 4785 consumuntvero
941 4737 1238 4787 auctorem
1295 4747 1471 4786 suum
1519 4730 1812 4786 beneﬁcia

153 4830 293 4885 quae
316 4817 946 4874 constiterintextorta:
966 4818 1318 4892 sicdenique
1341 4834 1576 4891 semper
1589 4819 1812 4891 plangit

153 4903 317 4974 quod
347 4907 628 4974 erogavit,
674 4908 776 4978 qui
808 4908 1147 4963 convivium
1174 4909 1386 4964 invitus
1410 4909 1675 4964 instituit.
1718 4909 1812 4962 Vo-

157 4993 424 5048 luntarie
434 4995 782 5062 sacrificabo
797 4997 1037 5052 libi:hoc
1051 5004 1136 5052 est
1151 4997 1484 5053 voluntario
1500 4996 1805 5052 sacriﬁcio.

157 5083 224 5135 Ut
254 5083 484 5136 auctori
519 5087 616 5138 tuo
649 5085 768 5140 oris
799 5086 1432 5158 munusculaquotidie
1454 5085 1624 5141 laetus
1641 5086 1810 5140 exhi-

151 5169 319 5232 beas,
354 5171 484 5239 ejus
516 5173 872 5230 sacrificium
897 5175 1090 5231 laudis
1134 5175 1453 5231 verborum
1515 5173 1808 5229 suavitate

151 5265 693 5332 componas;atque
709 5263 777 5318 ad
798 5263 1057 5319 officium
1083 5265 1276 5335 operis
1289 5261 1807 5334 deputatidevotus

219 5461 262 5529 -_
283 5447 505 5529 Mallem
531 5449 793 5529 equidem
813 5466 1016 5529 imum,
1051 5457 1149 5510 aut
1174 5469 1339 5510 unum
1365 5455 1512 5512 enim
1542 5471 1553 5510 :
1586 5453 1804 5529 alioqui

148 5525 341 5578 textus
374 5519 650 5592 abruptus
676 5521 916 5578 videtur.

218 5592 250 5637 ι’
284 5593 553 5666 Displicet
583 5593 733 5652 istud
761 5595 856 5652 vel.
890 5595 1335 5655 Rescribendum
1368 5597 1589 5658 videtur
1619 5606 1689 5667 et,
1747 5604 1810 5657 ut

1917 3219 2190 3293 repetitio
2219 3220 2402 3276 debiti
2433 3221 2668 3289 ingrata
2697 3220 3108 3276 confunderet:
3139 3236 3248 3276 nec
3274 3225 3428 3275 esset
3459 3218 3576 3273 cui-

1918 3324 2105 3381 quam
2122 3307 2457 3379 imputandi
2468 3308 2656 3374 locus,
2686 3309 2736 3363 si
2752 3324 2891 3364 mox
2905 3309 3186 3380 promissi
3199 3308 3464 3363 muneris
3477 3321 3578 3362 vo-

1919 3401 2046 3452 tum
2065 3401 2409 3467 sequeretur
2425 3395 2692 3453 effectus.
2711 3397 2825 3453 Sed
2851 3397 2988 3453 inde
3001 3397 3264 3468 estquod
3277 3395 3576 3452 interdum

1919 3485 2317 3542 amicitiarum
2339 3486 2654 3542 ﬁdeslaesa
2683 3486 2962 3558 suspirat,
3009 3487 3154 3558 quia
3205 3501 3444 3540 necesse
3493 3488 3580 3541 est

1919 3573 2232 3645 aliquoties
2243 3574 2470 3630 homini
2485 3580 2587 3630 aut
2599 3573 3325 3645 redhibitionisincrepare
3339 3589 3574 3637 moram,

1921 3666 2025 3719 aut
2038 3662 2328 3718 debitoris
2355 3662 2679 3732 exprobare
2692 3663 3027 3734 perﬁdiam.
3050 3663 3398 3719 Inimicitias
3417 3663 3576 3718 enim

1921 3764 1945 3792 ο
1975 3751 2194 3806 dixisse
2216 3755 2302 3806 est
2318 3751 2956 3822 promissadenegasse
2973 3770 2982 3806 :
3000 3753 3143 3824 quia
3163 3753 3239 3808 ad
3261 3751 3421 3807 litem
3449 3766 3578 3822 per-

1922 3839 2081 3902 tinet,
2112 3839 2159 3893 si
2189 3839 2329 3909 quid
2350 3843 2454 3894 aut
2473 3839 2800 3895 hicinvitus
2813 3841 3025 3909 reddit,
3041 3840 3247 3896 autille
3267 3856 3365 3912 per
3376 3855 3578 3896 moras

1923 3926 2310 3982 exacerbatus
2338 3927 2534 3995 exigit.
2565 3929 2822 3984 Audistis
2849 3929 3201 4000 prophetam
3229 3929 3525 3985 dicentem
3560 3946 3571 3984 :

1921 4015 2009 4068 Sic
2023 4015 2274 4083 psallam
2297 4015 2524 4070 nomini
2547 4022 2661 4080 tuo,
2687 4018 2862 4082 Deus,
2886 4018 2948 4071 in
2963 4019 3240 4073 sarculum
3262 4018 3487 4079 saeculi,
3514 4023 3575 4072 ut

1922 4103 2170 4160 reddam
2185 4107 2320 4158 vcta
2345 4117 2462 4158 mea
2483 4103 2552 4160 de
2574 4103 3034 4173 dieindiem(Ps.
3059 4121 3148 4170 ex,
3166 4108 3240 4174 9).
3277 4105 3575 4159 Inﬁnitum

1923 4196 2011 4249 est
2031 4189 2425 4256 dilectissimi,
2459 4191 2606 4262 quid
2633 4191 2918 4247 beneficia
2962 4193 3166 4260 gratim
3221 4191 3480 4262 capiant,
3526 4191 3576 4247 si

1923 4285 2059 4336 ante
2081 4278 2244 4334 diem
2274 4279 2626 4334 creditorem
2639 4296 2818 4334 suum
2844 4279 3080 4335 debitor
3107 4279 3402 4336 solutione
3432 4295 3579 4350 prte-

1921 4369 2143 4424 veniat.
2170 4368 2540 4439 Quicumque
2563 4373 2763 4424 autem
2781 4368 3228 4424 commodatam
3257 4368 3576 4440 pecuniam

1921 4457 2076 4515 ultio
2104 4456 2443 4520 reddiderit,
2480 4457 2592 4512 sibi
2613 4457 3257 4528 reponit.Nondifﬁcile
3280 4456 3439 4512 enim
3474 4457 3578 4514 ho-

1921 4562 2024 4602 mo
2038 4563 2174 4601 cum
2189 4561 2344 4616 opus
2364 4544 2851 4616 fueritquodlibet
2873 4548 3166 4618 impetrat,
3195 4546 3241 4601 si
3264 4546 3578 4602 feneratori

1925 4653 2035 4690 suo
2057 4633 2228 4690 celeri
2255 4634 2652 4691 satisfactione
2677 4636 3056 4707 respondeat.
3099 4635 3197 4692 ille
3226 4652 3364 4692 vero
3395 4652 3575 4708 quem

1919 4723 2171 4796 perﬁdia
2183 4723 2626 4794 arguit,semper
2639 4726 2942 4781 creditoris
2959 4724 3051 4780 sui
3061 4726 3302 4796 januam
3318 4724 3574 4780 clausam

1920 4812 2143 4868 invenit
2168 4829 2181 4879 ;
2210 4813 2927 4886 etquamvisfrequenter,
2956 4816 3150 4887 pulset
3171 4832 3241 4872 ac
3263 4815 3573 4886 supplicet,

1922 4901 2099 4957 tristis
2125 4905 2182 4958 et
2210 4917 2441 4958 vacuus
2469 4919 2607 4958 cum
2626 4903 3028 4976 increpatione
3048 4905 3290 4962 recedit.
3343 4906 3399 4960 Si
3434 4919 3575 4973 ergo

1919 4989 2098 5046 homo
2123 4991 2352 5046 homini
2372 4993 2716 5049 mentiendo
2744 4994 3064 5049 adversum
3084 5009 3145 5049 se
3161 4995 3300 5050 odia
3321 4993 3538 5048 excitat
3561 5009 3573 5057 ;

1919 5080 2160 5151 quando
2193 5081 2386 5151 magis
2411 5081 2460 5136 si
2491 5083 2610 5137 Deo
2623 5081 2800 5147 fallat,
2820 5087 2876 5136 et
2904 5081 3155 5137 ccelestis
3172 5081 3498 5150 majetetis
3516 5082 3574 5151 θ

1918 5168 2240 5223 Dominum
2258 5167 2490 5226 lubrica
2529 5169 2924 5241 promissione
2956 5170 3209 5240 decipiat
3227 5170 3253 5223 ‘l

1988 5260 2041 5310 2.
2074 5255 2213 5311 ideo
2242 5257 2366 5312 haec
2393 5258 2835 5329 proposuimus,
2877 5257 3264 5322 dilectissimi,
3293 5258 3436 5330 quia
3486 5275 3575 5318 so-

1919 5455 2089 5532 paulg
2121 5462 2265 5527 post.

1990 5540 2015 5574 ο
2045 5530 2230 5600 Forte,
2252 5528 2544 5589 indixisti.
