3986 6178
378 292 487 352 703

1370 289 1428 347 S.
1478 279 1870 344 VALERIANI
1917 273 2244 337 EPISCOPI
2287 272 2780 334 CEMELIENSIS.

3671 275 3774 330 7M

367 424 492 480 lent
507 421 797 494 aliquanti
817 420 1267 477 imminentibus
1286 415 1662 489 periculisita
1679 414 2020 470 animorum
2054 406 2103 468 Α
2131 406 2427 476 pactione,
2459 406 2563 477 qui
2594 405 2962 462 convincitur
2989 402 3238 494 Domino
3290 400 3516 494 aliquid
3568 405 3781 472 promi-

367 517 507 568 vota
518 526 897 583 componere,
919 515 979 566 ut
991 509 1307 565 accedente
1322 512 1578 576 tempore
1595 502 2019 560 obliviscantur

369 615 432 655 se
446 599 670 671 aliquid
688 599 934 654 Domino
949 596 1344 668 promississe.
1368 594 1466 648 Hic
1480 593 1741 649 hostiam
1757 586 2021 660 corporis

369 688 640 744 suiotfert
661 705 672 741 :
693 687 786 741 ille
800 679 1844 757 poenitentialacrymasrepromittit:
1863 676 2016 733 alius

367 779 428 833 in
458 791 661 832 amore
687 774 1095 841 ecclesiarum,
1126 773 1277 828 alius
1305 773 1364 828 in
1404 773 1628 828 honore
1673 772 2018 824 sanctorum

368 865 484 918 voti
506 878 640 916 reus
662 862 894 917 exstitit.
924 861 1037 917 Sed
1070 862 1186 916 ista
1212 865 1334 915 tam
1365 860 1533 916 facile
1564 864 1651 914 est
1678 855 2021 929 promittere

370 966 556 1022 quam
588 965 818 1019 negare,
848 950 1003 1005 circa
1032 965 1186 1021 quos
1218 955 1339 1005 tam
1361 949 1465 1004 diu
1487 948 1662 1003 durat
1689 961 1826 1018 spes
1846 943 2021 999 devo-

370 1038 1085 1110 tionisimplendaquam
1108 1038 1210 1093 diu
1238 1038 1409 1094 dolor
1448 1037 1694 1092 sentitur
1715 1034 1776 1089 in
1807 1031 2016 1103 capite.

376 1129 460 1184 lta
487 1126 776 1199 paulatim
803 1128 1136 1183 consuescit
1168 1127 1464 1198 promissa
1505 1126 1820 1194 denegare,
1866 1123 2024 1193 post-

373 1232 561 1288 quam
574 1220 827 1270 mortem
841 1216 1082 1286 coeperit
1097 1215 1445 1270 nontimere.
1466 1213 1529 1269 Et
1544 1213 2022 1280 miramurquare

375 1304 686 1375 aliquoties
713 1304 994 1358 Dominus
1027 1302 1393 1358 undantibus
1411 1300 1689 1373 lacrymis
1710 1303 1836 1355 tam
1857 1296 2024 1353 tarde

375 1391 757 1463 respondeat,
776 1407 882 1446 nec
901 1390 1658 1463 exaudiatsupplicantium
1673 1402 1845 1443 voces
1852 1386 2025 1457 justis

373 1480 680 1536 doloribus
712 1481 1062 1535 servientes!
1099 1479 1388 1535 Miramur
1417 1493 1596 1549 quare
1626 1492 1747 1532 non
1780 1474 2026 1531 sollicito

373 1567 648 1637 agricola
678 1568 861 1623 latior
892 1584 952 1624 se
975 1568 1144 1624 solito
1175 1568 1406 1623 cultura
1449 1568 1789 1638 componat,
1839 1579 2025 1636 quare

370 1672 494 1713 non
508 1657 764 1712 fecundo
779 1658 996 1728 cespite
1013 1673 1067 1711 m
1079 1657 1310 1728 ultiplex
1333 1658 1500 1726 spica
1513 1654 1818 1727 parturiat,
1840 1667 2025 1723 quare

2132 493 2314 549 sisse:
2346 494 2443 565 qui
2472 499 2672 550 autem
2704 493 3074 549 redditurum
3106 507 3168 546 se
3209 489 3485 562 loquitur,
3519 505 3781 546 necessa-

2131 582 2218 638 rio
2243 582 2516 638 debitum
2543 583 2874 639 confitetur.
2899 583 3041 638 Tam
3073 581 3177 636 diu
3216 580 3376 635 enim
3403 579 3554 648 juris
3590 579 3668 633 tui
3703 586 3784 634 est

2134 670 2557 742 patrimonium
2579 677 2769 737 tuum,
2823 687 3010 742 quam
3067 669 3172 724 diu
3238 667 3616 738 chirographi
3670 667 3783 722 fide

2133 759 2299 815 alteri
2324 775 2441 815 non
2465 759 2640 815 fuerit
2672 759 3021 830 obligatum.
3053 759 3117 813 In
3144 757 3308 812 omni
3331 756 3529 827 itaque
3550 755 3781 827 placito,

2131 847 2254 902 sive
2286 848 2452 919 quod
2483 848 2743 904 amicitia
2799 847 3092 911 obtulerit,
3152 847 3271 900 sive
3319 846 3482 916 quod
3520 845 3784 901 voluntas

2131 936 2484 1008 ascripserit,
2518 952 2640 993 non
2674 937 2957 993 lentanda
2999 934 3337 991 redhibitio.
3383 935 3531 989 Nam
3588 936 3784 988 omnis

2130 1025 2313 1082 oblati
2338 1028 2601 1083 muneris
2631 1026 2824 1097 gratia
2853 1027 3022 1098 perit,
3057 1025 3159 1080 ubi
3195 1040 3372 1079 causa
3420 1025 3785 1094 repetitionis

2131 1114 2438 1171 incumbit.
2486 1116 2568 1172 lta
2595 1115 2739 1170 nihil
2760 1116 2906 1171 votis
2935 1114 3056 1169 suis
3087 1113 3378 1185 praestitit,
3413 1113 3508 1167 cui
3539 1128 3788 1168 necesse

2133 1208 2223 1261 est
2252 1205 2436 1260 invito
2465 1203 2712 1260 reddere
2743 1203 2908 1275 quod
2935 1201 3223 1273 promisit.
3253 1204 3401 1256 Nam
3431 1200 3694 1270 legimus
3738 1202 3789 1255 in

2136 1293 2451 1350 Salomone
2482 1309 2492 1348 :
2527 1293 2596 1348 Si
2625 1293 2842 1348 voceris
2869 1297 3053 1348 votum
3070 1291 3310 1346 Domino
3341 1296 3461 1354 tuo,
3481 1304 3552 1345 ne
3580 1305 3790 1345 moram

2129 1382 2345 1452 feceris
2365 1381 2600 1438 reddere
2612 1381 2772 1436 illud
2790 1399 2811 1434 .·
2824 1396 3084 1452 quarens
3098 1395 3246 1435 enim
3263 1384 3480 1450 quaret
3511 1378 3674 1433 illud
3693 1380 3796 1434 Do-

2133 1471 2326 1526 minus
2341 1477 2471 1526 tuus
2492 1485 2530 1525 a
2556 1478 2628 1537 te,
2656 1476 2710 1525 et
2725 1476 2898 1525 erunt
2914 1471 2973 1523 in
2985 1474 3279 1538 peccatum
3296 1484 3417 1538 qua:
3431 1467 3798 1535 egrediuntur

2131 1575 2240 1628 per
2280 1560 2437 1614 labia
2465 1564 2583 1623 tua,
2617 1559 2742 1613 nisi
2766 1558 3094 1614 reddideris
3114 1556 3470 1625 illud(Deut.
3499 1571 3665 1618 xxm,
3688 1559 3793 1624 2t).

2206 1649 2258 1701 5.
2290 1649 2459 1716 Ergo,
2496 1646 2881 1710 dilectissimi,
2932 1660 3145 1700 moneo
3206 1650 3268 1698 ut
3335 1644 3712 1714 quicumque
3744 1660 3798 1697 se

371 1761 493 1802 non
524 1747 778 1816 pingues
803 1747 951 1802 olea
984 1745 1299 1801 exhibeant
1341 1745 1599 1815 pretiosa
1641 1740 2021 1806 commercia,
2062 1757 2108 1814 Β
2138 1735 2388 1792 Domino
2414 1738 2614 1790 votum
2675 1734 3019 1806 promisisse
3069 1733 3251 1800 novit,
3309 1731 3504 1787 statim
3560 1731 3798 1787 reddat.

371 1848 558 1904 quare
581 1848 701 1887 non
727 1832 911 1904 plenis
937 1833 1330 1888 torcularibus
1353 1832 1526 1887 sudet
1554 1831 1800 1902 c0piosa
1825 1828 2025 1883 vinde-

372 1920 493 1976 mia
519 1921 530 1975 l
556 1923 738 1976 Nemo
765 1921 859 1975 hic
883 1925 1046 1976 terra
1074 1923 1344 1992 imputet,
1385 1936 1563 1976 nemo
1614 1919 2026 1990 intemperiem

374 2010 527 2064 aeris
549 2013 786 2064 accuset
815 2026 825 2063 :
852 2025 1068 2065 manus
1090 2010 1260 2066 arida
1281 2009 1421 2065 nihil
1443 2009 1694 2078 colligit;
1721 2012 1820 2064 aut
1845 2009 1892 2062 si
1914 2008 2028 2064 col-

375 2098 598 2166 legerit,
625 2113 763 2152 mox
791 2098 1020 2153 amittit.
1062 2098 1415 2154 Infructuosi
1459 2097 1734 2168 agricola
1793 2112 2028 2168 semper

373 2201 568 2241 vacua
593 2190 648 2240 et
671 2186 862 2240 otiosa
883 2191 1022 2240 sunt
1051 2187 1281 2241 horrea.
1316 2190 1464 2241 Nam
1489 2191 1545 2241 et
1565 2186 1702 2240 inde
1722 2185 2029 2242 descendit

374 2273 538 2343 quod
569 2273 878 2343 aliquoties
905 2289 1026 2328 non
1053 2274 1271 2329 invenit
1303 2274 1600 2328 medicina
1630 2288 1783 2345 quos
1822 2279 2014 2330 sanet.

373 2359 615 2414 Difﬁcile
629 2364 794 2415 estut
807 2361 1071 2415 medicus
1093 2377 1319 2416 manum
1333 2360 1584 2416 fideliter
1597 2361 2020 2430 accommodet,

373 2463 553 2518 quem
568 2447 907 2519 frequenter
918 2449 1254 2518 languentis
1269 2449 1571 2520 promissio
1583 2465 1736 2505 vana
1747 2449 2021 2505 destituit.

441 2540 493 2590 3.
519 2539 662 2591 Ecce
688 2537 783 2592 hic
811 2536 914 2592 ﬁlii
945 2538 1036 2592 sui
1067 2538 1406 2593 inﬁrmitate
1438 2538 1718 2608 suspirat,
1774 2542 1832 2592 et
1856 2554 2025 2594 sanc-

370 2628 561 2680 torum
580 2625 800 2692 januas
823 2626 916 2681 die
947 2631 1245 2697 noctuque
1264 2625 1540 2698 precibus
1557 2626 1867 2698 inquietat.
1894 2630 2024 2683 Haec

371 2712 586 2779 mariti,
602 2712 695 2767 ille
719 2715 916 2769 uxoris
937 2731 1056 2769 sua
1084 2715 1417 2770 valetudine
1439 2714 1713 2780 afﬂictus,
1732 2719 2023 2771 secretum

369 2801 623 2871 pectoris
638 2801 729 2856 sui
752 2803 969 2873 pulsat,
994 2808 1050 2857 et
1067 2802 1248 2858 flebili
1267 2803 1530 2859 oratione
1553 2803 1840 2859 auxilium
1854 2805 2024 2860 cale-

372 2889 474 2944 stis
503 2889 890 2946 miserationis
921 2890 1221 2962 implorat,
1247 2908 1310 2947 se
1337 2908 1636 2964 suumque
1665 2908 1887 2948 munus
1906 2896 2023 2949 Deo

371 2976 643 3032 offerens.
676 2977 790 3032 Sed
821 2979 935 3033 ista
961 2979 1415 3034 succedentibus
1441 2980 1593 3035 votis
1622 2980 1893 3036 videmus
1923 2981 2022 3038 ali-

371 3065 599 3135 quoties
620 3066 898 3121 universa
929 3067 1127 3122 subito
1153 3068 1427 3123 animum
1449 3069 1750 3135 excedere,
1783 3073 1845 3125 ut
1869 3070 2023 3126 asti-
2055 3107 2096 3166 Ο

373 3169 498 3209 mes
518 3155 765 3210 miseros
777 3155 1097 3211 oblivionis
1131 3158 1322 3225 magis
1343 3157 1562 3212 bibisse
1576 3159 1874 3229 poculum,
1900 3175 2018 3215 non

373 3242 596 3298 salutis.
634 3248 713 3298 Ita
740 3259 860 3298 non
884 3260 1120 3315 semper
1141 3244 1452 3301 fallacibus
1509 3247 1658 3301 votis
1709 3247 2020 3318 profutura

370 3332 753 3402 respondent.
773 3332 1025 3396 Quando
1055 3340 1253 3388 autem
1270 3338 1360 3388 est
1386 3338 1448 3388 ut
1477 3334 1834 3390 beneﬁcium
1859 3335 2020 3390 inve-

367 3419 511 3487 niat,
544 3421 646 3492 qui
679 3421 946 3476 debitum
985 3435 1107 3476 non
1138 3423 1442 3494 reportat?
1473 3426 1600 3478 Non
1658 3427 1845 3494 potest
1897 3423 2016 3479 fieri

364 3521 439 3561 ne
480 3506 805 3578 aliquando
836 3525 957 3563 sua
985 3510 1245 3579 perfidia
1271 3526 1482 3582 panas
1507 3510 1651 3580 luat,
1676 3512 1775 3582 qui
1829 3513 2018 3568 inani-

361 3595 475 3649 bus
505 3595 701 3649 verbis
733 3596 1074 3664 patientiam
1104 3597 1321 3667 judicis
1360 3598 1693 3671 frequenter
1747 3599 2012 3655 illuserit.

361 3682 503 3736 Inde
533 3688 625 3736 est
653 3684 818 3754 quod
851 3685 1056 3740 otiosis
1077 3686 1174 3740 Dei
1206 3687 1450 3742 auribus
1470 3688 1788 3744 hominum
1811 3705 2016 3760 preces

359 3776 742 3835 evanescunt,
778 3787 886 3826 nec
915 3773 1092 3828 habet
1121 3774 1396 3830 effectum
1445 3777 1789 3833 intercessio
1826 3777 2015 3849 lacry-

359 3871 616 3921 marum,
657 3859 802 3930 quia
824 3860 1062 3917 difﬁcile
1084 3869 1174 3918 est
1208 3869 1269 3918 ut
1293 3865 1708 3931 exaudiantur,
1741 3867 1844 3938 qui
1895 3868 2014 3922 Deo

359 3959 468 4000 suo
498 3944 836 4017 frequenter
866 3966 1019 4005 vana
1040 3953 1433 4019 promissione
1462 3953 1868 4010 blandiuntur.

429 4036 481 4088 4.
515 4033 678 4091 Beati
710 4037 869 4108 apud
900 4055 1048 4110 quos
1079 4045 1280 4097 manet
1305 4041 1680 4114 ﬁdesplaciti,
1715 4044 2012 4100 etnullum

363 4121 630 4178 studium
645 4126 990 4182 mentiendi.
1019 4127 1225 4184 Melius
1239 4134 1328 4185 est
1353 4130 1617 4201 profecto
1630 4146 1748 4187 non
1762 4133 2016 4203 promit-

367 4214 486 4265 tere
514 4227 700 4282 quam
729 4215 1026 4284 promissa
1051 4217 1327 4274 fraudare
1359 4235 1370 4272 :
1408 4218 1510 4274 ubi
1540 4220 1814 4292 quamvis
1842 4221 2016 4277 homo

369 4298 823 4356 inhumanitatis
850 4307 1082 4358 notetur
1104 4305 1295 4376 culpa.
1320 4306 1483 4362 nulla
1511 4312 1712 4364 tamen
1743 4309 2015 4365 subdola

373 4387 898 4444 circumventionis
911 4394 1283 4463 gravaturinj
1296 4395 1440 4450 uria.
1457 4396 1751 4453 Recurrite
1763 4397 2015 4468 denique

373 4474 452 4528 ad
481 4478 660 4530 Actus
690 4478 1127 4546 Apostolorum,
1183 4487 1238 4537 et
1269 4483 1570 4539 invenietis
1599 4485 1677 4540 ad
1722 4486 2016 4542 damnum

374 4561 590 4617 anima
615 4565 906 4634 pertinere
919 4569 1227 4638 promissis
1241 4571 1419 4627 ﬁdem
1433 4573 1720 4642 frangere.
1746 4577 2018 4645 Legimus

372 4650 549 4719 igitur
579 4653 1304 4729 AnaniametSapphiram
1335 4677 1578 4718 uxorem
1594 4665 2017 4720 suamvendito

373 4741 732 4811 patrimonio
755 4759 864 4798 suo
896 4751 1124 4816 partem
1158 4748 1572 4821 dispensanda:
1627 4754 1891 4822 pecunia
1939 4752 2016 4808 ad

371 4828 674 4899 apostolos
705 4830 1003 4899 detulisse,
1030 4841 1256 4906 partem
1276 4838 1818 4895 domireconditam
1839 4857 2019 4896 reser-

371 4933 546 4973 vasse
565 4937 578 4988 ;
599 4919 910 4990 quibusait
925 4929 1167 4979 sanctus
1185 4929 1412 4981 Petrus:
1449 4929 1737 4996 Implevit,
1752 4930 2012 4999 Anania,

364 5007 645 5079 iniquitas
667 5025 766 5066 cor
777 5017 1021 5067 vestrum
1033 5015 1265 5070 mentiri
1275 5015 1511 5085 Spiritui
1519 5023 1862 5088 sancto,cum
1879 5025 2018 5074 esset

366 5098 595 5164 fundus
607 5101 666 5154 in
683 5108 872 5156 vestra
882 5108 1297 5174 potestate;non
1312 5105 1623 5161 hominibus
1635 5107 2014 5170 mentitiestis,

368 5185 461 5239 sed
484 5186 597 5241 Deo
618 5188 770 5256 (Act.
803 5205 854 5251 v,
886 5193 937 5253 3,
967 5192 1044 5260 4).
1081 5192 1165 5246 lta
1191 5191 1335 5246 dum
1367 5199 1693 5264 operantur
1720 5195 2012 5256 fraudem.

370 5275 608 5328 mercati
649 5282 788 5330 sunt
811 5285 1060 5334 mortem
1087 5299 1099 5345 ;
1136 5287 1190 5334 et
1219 5280 1361 5335 dum
1399 5282 1704 5354 cupiditati
1732 5283 2011 5347 serviunt,

368 5364 586 5414 aterna
618 5379 858 5419 munera
890 5368 1292 5435 perdiderunt.
1340 5373 1482 5426 Ecce
1515 5370 1653 5426 dicit
1684 5372 1968 5442 propheta
2000 5388 2009 5424 :

379 5445 524 5500 Vota
544 5464 671 5504 mea
712 5453 949 5508 Domino
979 5456 1237 5523 reddam,
1267 5459 1327 5512 in
1354 5461 1526 5514 atriis
1551 5460 1748 5516 domus
1784 5460 2015 5516 Domini

367 5532 489 5603 (Ps.
506 5550 633 5601 cxv,
655 5541 761 5608 t8).
784 5539 1089 5610 Obligatus
1107 5543 1367 5615 legitima
1378 5548 1561 5604 debiti
1575 5549 1798 5605 estsine
1828 5549 2011 5606 dubio

2137 1826 2300 1881 Certe
2322 1825 2425 1894 qui
2446 1823 2732 1879 solvendo
2759 1838 2881 1878 non
2915 1821 3151 1884 sufﬁcit,
3184 1837 3301 1876 non
3328 1820 3656 1892 promittat.
3681 1824 3795 1875 Non

2136 1913 2251 1978 hic,
2269 1912 2627 1984 utaliquanti
2652 1915 2880 1982 putant,
2905 1910 3355 1966 inhumanitatis
3383 1909 3518 1965 vitia
3545 1925 3796 1979 exagge

2136 2017 2376 2068 ramus;
2402 2000 2506 2055 sed
2527 2002 2596 2055 de
2618 1999 2729 2055 fide
2751 1999 3030 2065 dicimus,
3049 2015 3230 2070 quam
3243 1998 3506 2053 videmus
3521 1998 3691 2068 apud
3706 1998 3800 2052 ali-

2136 2095 2394 2163 quantos
2434 2087 2748 2161 periclitari
2767 2088 3098 2157 pestilentia
3131 2087 3418 2143 vanitatis.
3455 2089 3607 2141 Nam
3629 2085 3794 2141 multi

2138 2184 2295 2243 sunt,
2329 2177 2493 2248 quod
2533 2177 2699 2248 pejus
2732 2181 2838 2240 est,
2879 2177 2983 2247 qui
3015 2176 3318 2231 subtracto
3352 2175 3646 2230 libertatis
3681 2191 3796 2229 sua

2136 2266 2346 2339 pretio,
2378 2281 2499 2321 non
2530 2266 2825 2334 integram
2856 2264 3192 2335 pecuniam,
3225 2265 3339 2319 hoc
3366 2268 3470 2328 est,
3525 2263 3797 2333 semiple-

2135 2371 2280 2411 nam
2311 2353 2614 2424 religionis
2644 2353 2826 2408 ﬁdem
2845 2353 2922 2409 ad
2951 2354 3270 2408 Dominum
3291 2352 3655 2407 detulerunt.
3692 2355 3800 2406 Au-

2135 2444 2254 2500 dite
2288 2444 2645 2515 prophetam
2677 2443 2972 2498 dicentem
3007 2461 3020 2494 :
3075 2443 3276 2498 Vovete
3315 2448 3368 2496 et
3407 2441 3644 2496 reddite
3688 2441 3796 2495 Deo

2134 2539 2319 2588 vestro
2345 2547 2597 2588 munera
2633 2532 2744 2600 (Ps.
2779 2547 2940 2600 Lxxv,
2966 2534 3070 2600 l2).
3119 2531 3343 2593 Vovete,
3374 2529 3796 2584 hisdatconsi-

2134 2620 2282 2675 lium
2316 2619 2738 2675 conversionis.
2774 2619 3037 2683 Reddite,
3068 2620 3144 2674 ab
3166 2618 3291 2672 istis
3340 2617 3609 2673 debitum
3677 2633 3798 2688 pro-

2135 2711 2330 2764 missa
2361 2708 2572 2779 repetit
2597 2708 2942 2764 sanctitatis.
2970 2710 3182 2763 Parum
3204 2711 3399 2762 autem
3451 2705 3546 2762 ille
3615 2706 3798 2762 habet

2133 2797 2208 2852 de
2221 2797 2522 2867 religione,
2539 2812 2716 2868 quem
2738 2796 2976 2852 studere
2990 2796 3157 2851 vides
3172 2796 3468 2860 saculo,et
3483 2794 3619 2866 plus
3660 2810 3798 2866 pra-

2134 2886 2282 2941 senti
2312 2885 2448 2940 vitae
2468 2884 2660 2940 favere
2692 2899 2869 2955 quam
2891 2890 3126 2940 aterna
3140 2885 3364 2954 gloria.
3396 2886 3559 2939 Tunc
3573 2883 3796 2954 probas

2133 2973 2277 3028 nihil
2316 2973 2389 3028 de
2416 2973 2658 3028 Domino
2692 2978 2791 3028 tua
2819 2972 3121 3028 oblatione
3139 2972 3465 3035 fraudasse,
3495 2974 3541 3026 si
3548 2973 3797 3043 justitia

2132 3070 2327 3135 partes
2349 3061 2530 3128 colas,
2546 3062 2943 3130 integritatem
2956 3061 3190 3131 diligas,
3214 3061 3590 3117 sanctitatem
3607 3076 3795 3132 quam

2130 3150 2457 3223 promisisti
2485 3150 2790 3206 exhibeas.
2822 3150 2996 3206 Debet
3013 3157 3211 3206 autem
3224 3165 3621 3222 expavescere
3647 3155 3799 3205 Ana-

2129 3239 2243 3294 nia
2274 3239 2362 3294 vel
2397 3238 2593 3294 uxoris
2626 3239 2755 3308 ejus
2784 3239 3025 3305 exitum,
3079 3240 3181 3310 qui
3215 3239 3483 3308 intelligit
3537 3238 3796 3294 Domino

2131 3326 2311 3382 fuisse
2332 3327 2666 3382 mentitum.
2710 3329 2902 3384 Vovete
2925 3335 2977 3384 et
3002 3329 3230 3384 reddite
3278 3331 3389 3383 Deo
3445 3335 3628 3382 vestro
3681 3345 3796 3382 mu-

2127 3431 2295 3473 nera.
2330 3415 2390 3470 In
2426 3416 2540 3471 hoc
2559 3415 2693 3472 loco
2716 3432 2961 3473 causam
2986 3416 3407 3472 munificentia
3433 3431 3550 3471 non
3572 3416 3795 3488 impor-

2128 3509 2267 3561 tune
2295 3509 2693 3577 prosequitur,
2727 3506 2872 3577 quia
2908 3507 3258 3564 testimoniis
3311 3507 3794 3575 competentibus

2127 3594 2545 3650 admonemur.
2576 3595 2880 3666 Siquidem
2908 3596 3289 3652 infructuosis
3319 3595 3676 3651 hominibus
3705 3611 3794 3649 ac-

2126 3682 2528 3754 quiescamus,
2553 3687 2616 3737 ut
2644 3684 2754 3739 ista
2780 3700 2894 3738 vox
2907 3683 3786 3755 affectumindicetpostulautis

2126 3771 2427 3841 Numquid
2456 3787 2492 3826 a
2520 3776 2571 3826 te
2601 3773 2756 3827 Deus
2785 3771 3009 3843 aliquid
3040 3772 3302 3844 requirit.
3324 3772 3466 3844 quia
3488 3770 3569 3826 illi
3589 3771 3785 3826 desit?

2125 3859 2271 3930 quid
2300 3863 2496 3914 autem
2531 3875 2651 3916 non
2679 3859 2876 3924 habet,
2907 3860 3010 3931 qui
3039 3864 3226 3916 totum
3260 3860 3514 3932 possidet
3551 3861 3579 3912 εἰ
3599 3863 3787 3915 Num-

2126 3947 2272 4018 quid
2297 3948 2441 4018 quia
2464 3947 2525 4003 in
2552 3947 3026 4004 tribulationibus
3078 3949 3190 4004 tuis
3217 3949 3508 4020 promittis
3539 3963 3782 4016 aurum,

2126 4040 2229 4090 aut
2263 4035 2323 4090 in
2344 4035 2652 4091 doloribus
2667 4036 2959 4107 polliceris
2982 4043 3318 4107 argentum,
3337 4037 3433 4092 Dei
3456 4036 3677 4091 usibus
3692 4051 3782 4090 ne-

2125 4123 2450 4180 cessarium
2477 4129 2565 4179 est
2585 4125 2612 4180 ?
2639 4130 2740 4180 aut
2763 4125 2896 4182 ideo
2909 4125 3120 4197 aliquis
3138 4124 3679 4198 pretiososlapides
3693 4133 3786 4180 aut

2126 4218 2317 4268 vestes
2347 4212 2534 4277 offert,
2557 4214 2703 4285 quia
2722 4213 2813 4268 his
2845 4214 3292 4284 Deusindiget?
3347 4213 3433 4270 Ob
3480 4213 3594 4268 hoc
3641 4229 3686 4269 ει
3737 4219 3787 4267 te

2126 4303 2292 4355 tuum
2311 4317 2532 4356 munus
2551 4302 2854 4372 quaritur,
2884 4303 3083 4374 utipse
3101 4302 3331 4373 fulgeas
3350 4306 3448 4358 tuo
3470 4317 3634 4365 auro,
3661 4302 3787 4373 ipse

2125 4391 2224 4444 tuo
2255 4388 2443 4444 niteas
2475 4395 2742 4458 argento,
2777 4391 2902 4461 ipse
2935 4391 3046 4446 tuis
3075 4390 3335 4460 gemmis
3365 4390 3610 4452 orneris,
3659 4389 3788 4461 ipse

2050 4461 2093 4517 Ῑ)
2126 4479 2226 4532 tuo
2265 4477 2451 4533 serico
2479 4477 2768 4535 vestiaris.
2793 4479 2927 4534 Tuis
2951 4479 3124 4534 donis
3157 4483 3321 4535 tuam
3339 4478 3462 4534 vult
3492 4478 3786 4533 Dominus

2127 4565 2392 4622 animam
2425 4567 2729 4639 componi,
2758 4583 2940 4639 quam
2972 4568 3132 4624 videt
3168 4574 3272 4623 aut
3302 4566 3616 4639 superbia,
3684 4573 3788 4621 aut

2126 4655 2424 4725 nequitia,
2457 4662 2560 4711 aut
2587 4657 2872 4722 avaritia,
2905 4661 3008 4712 aut
3035 4657 3285 4712 luxuria
3317 4657 3456 4712 vitio
3496 4657 3783 4726 deprava-

2125 4746 2263 4799 tam.
2303 4744 2489 4800 Vovete
2519 4751 2570 4800 et
2601 4745 2820 4801 reddite
2849 4748 3098 4802 Domino
3129 4747 3248 4802 Deo
3271 4751 3457 4802 vestro
3510 4758 3778 4799 munera.

2198 4836 2248 4886 6.
2287 4832 2398 4887 Sed
2422 4832 2568 4888 dicis
2599 4833 2761 4897 forte,
2797 4837 2922 4890 Non
2949 4833 3172 4903 indiget
3219 4835 3372 4889 Deus
3411 4839 3619 4888 nostra
3649 4848 3783 4886 mu-

2126 4936 2289 4976 nera.
2315 4923 2438 4976 Non
2453 4921 2696 4994 quidem
2721 4937 2969 4978 munera
2991 4923 3213 4993 indiget
3243 4942 3253 4981 :
3289 4922 3394 4978 sed
3421 4923 3782 4978 fructumre-

2126 5010 2325 5082 quirit,
2345 5025 2526 5081 quem
2558 5011 3280 5083 propterredemptionem
3302 5012 3518 5067 anima
3545 5019 3658 5067 tua
3674 5015 3781 5066 mi-

2129 5099 2462 5154 sericordia
2476 5100 2799 5170 deputavit.
2826 5103 2962 5156 Nam
2983 5101 3362 5170 praterillam
3375 5101 3635 5157 hostiam
3653 5117 3780 5156 cor-

2125 5189 2286 5260 poris
2315 5189 2392 5243 tui
2428 5204 2611 5259 quam
2646 5189 3052 5260 incorruptam
3082 5195 3138 5245 et
3184 5190 3530 5245 inviolatam
3581 5190 3778 5244 altari-

2126 5276 2240 5330 bus
2267 5278 2542 5332 convenit
2567 5278 2866 5344 exhibere,
2883 5294 2983 5333 nec
3003 5295 3124 5334 non
3147 5279 3303 5332 vocis
3316 5278 3660 5350 oﬂiciaqua
3673 5293 3779 5331 no-

2123 5373 2242 5420 stro
2274 5367 2563 5422 debemus
2603 5368 2832 5432 artiﬁci,
2865 5369 2979 5424 hoc
3005 5373 3089 5424 est
3104 5369 3261 5439 apud
3282 5368 3596 5422 Dominum
3612 5383 3778 5423 acce-

2123 5453 2330 5525 ptabile
2345 5456 2493 5512 sacri
2503 5457 2777 5521 ticium,ut
2789 5457 3031 5514 bonitati
3043 5465 3098 5512 et
3110 5456 3508 5512 misericordia
3522 5457 3767 5516 studeas,

2121 5547 2185 5599 ut
2199 5543 2442 5614 justitia
2473 5551 2670 5617 partes
2695 5546 2914 5612 foveas,
2948 5551 3002 5603 et
3030 5545 3148 5602 ﬁde
3178 5547 3530 5602 intemerata
3551 5543 3770 5615 jugiter
