3986 6178
415 264 527 325 712
1410 263 1469 321 S.
1518 261 1912 323 VALERIANI
1954 257 2275 318 EPISGOPI
2319 258 2816 322 CEMELIENSIS.
3682 270 3762 327 714

412 395 588 451 etiam
602 393 891 450 amicitias
918 393 1285 463 castigare,si
1299 396 1498 448 tamen
1514 392 1789 449 amicitia
1809 390 2069 447 dicenda
2101 390 2151 453 Α
2180 389 2344 447 nulla
2355 395 2554 447 tamen
2570 393 2720 448 inter
2731 394 3137 465 exspectantes
3160 395 3381 448 tenetur
3398 391 3554 465 culpa
3566 399 3762 466 peccati.

415 488 575 547 sunt,
602 483 703 538 ubi
722 482 1097 555 operaturinj
1111 481 1237 537 uria
1252 480 1451 536 multis
1468 485 1601 537 acta
1619 480 1983 537 vulneribus.
2006 481 2070 535 In
2183 483 2326 535 Ecce
2370 481 2676 537 instruitur
2699 482 2856 537 acies
2877 480 3233 553 poculorum
3259 483 3384 537 telis
3419 488 3653 542 armata.
3686 489 3765 541 Ex-

414 587 536 645 qno
575 571 709 627 loco
734 572 809 627 ad
842 569 1245 626 excusandam
1277 569 1662 625 exsecrabilis
1690 569 1901 625 erroris
1927 569 2071 624 invi'
2182 574 2476 641 spectatur
2490 570 2725 641 primum
2747 571 2805 625 in
2820 570 3195 626 contentione
3213 570 3517 627 verborum
3534 573 3766 631 victoria:

417 661 886 731 diam,aliquanti
902 659 1257 715 fortelusum
1280 659 2072 733 pratendant,etpanalibus
2181 674 2289 713 nec
2312 658 2907 730 ﬁnisponitur,donec
2920 659 3772 733 abundantibuslacrymisaspe-

418 750 615 805 causis
636 748 850 803 latitia
865 763 1085 803 nomen
1112 747 1447 819 imponant.
1475 751 1640 805 Ferat
1654 750 1768 805 hoc
1792 766 1914 821 quo
1932 748 2075 803 libet
2183 763 2246 802 ra
2263 763 2517 819 quaque
2537 747 3580 820 poculorumtemperentur.Polluere
3592 755 3775 807 estma-

419 837 640 905 animo,
658 837 752 907 qui
768 836 866 906 huj
878 835 1107 891 usmodi
1122 836 1496 892 contumeliis
1511 839 1819 909 subjacere
1833 854 2074 893 consue-
2184 836 2271 908 gis
2284 852 2467 908 quam
2482 853 2767 893 exornare
2782 836 3490 908 convivium,exspectare
3502 837 3775 895 infelicium

418 923 1038 992 vit.Egoibiamicitias
1054 926 1379 981 excessisse
1394 942 1561 982 omne
1576 927 2075 998 genuscaptivita-
2184 940 2420 997 pugnas
2442 926 2773 981 amicorum
2802 943 2813 979 :
2846 926 2893 981 si
2922 930 3118 981 tamen
3132 924 3776 998 amicidicendisunt,qui

419 1013 491 1069 tis
522 1016 687 1084 puto,
725 1013 825 1068 ubi
853 1029 961 1068 nec
982 1013 1127 1070 Iaso
1148 1015 2075 1083 irasci,necirato,convenitvin-
2184 1015 2560 1085 captivorum
2582 1014 2709 1085 lege
2741 1015 3020 1079 serviunt,
3053 1019 3110 1069 et
3131 1013 3525 1084 gladiatorum
3542 1031 3686 1070 more
3702 1032 3779 1086 pa-

421 1100 627 1157 dicari.
662 1102 724 1156 In
755 1118 877 1174 quo
898 1102 1053 1167 loco,
1076 1092 1462 1169 dilectissimi,
1493 1121 1674 1176 quem
1698 1122 1767 1161 ex
1793 1108 1835 1176 ι
1852 1106 1901 1179 5
1922 1106 2077 1161 duo-
2186 1110 2451 1159 sountur.
2478 1106 2657 1159 Datur
2689 1103 2905 1159 misero
2924 1104 3071 1158 inter
3093 1103 3362 1157 ciborum
3384 1103 3670 1173 novitates,
3688 1104 3780 1158 vini

421 1189 537 1245 bus
568 1190 951 1246 infeliciorem
978 1192 1265 1262 judicem,
1290 1197 1490 1249 nescio
1519 1211 1530 1249 :
1563 1200 1762 1249 utrum
1786 1195 1948 1249 illum
1972 1195 2074 1266 qui
2184 1191 2754 1265 liquores,quidquid
2768 1191 3671 1264 vilius,quidquidasperius,utin
3685 1198 3783 1247 tan-

424 1277 621 1333 aliena
634 1278 1067 1335 deformatione
1082 1281 1247 1345 vivit,
1263 1282 1536 1337 anistum
1553 1284 1655 1355 qui
1670 1300 1886 1355 corpus
1900 1299 2076 1339 suum
2187 1286 2247 1337 ta
2260 1297 2455 1337 rerum
2475 1282 3151 1338 abundantiaincertum
3176 1281 3251 1335 sit
3268 1285 3463 1335 utrum
3488 1280 3687 1336 esurire
3705 1285 3783 1335 aut

423 1366 685 1421 ludibrio
702 1368 995 1437 prostituit
1024 1374 1079 1424 et
1099 1369 1477 1426 illusionibus
1489 1372 1929 1427 tradidit.Nemo
1945 1371 2078 1427 mihi
2188 1371 2345 1426 sitire
2364 1372 2679 1427 sitmelius.
2700 1372 2895 1426 Minus
2916 1370 3091 1442 plane
3112 1369 3371 1425 ludibrio
3400 1369 3783 1441 subjacettene-

426 1454 485 1509 in
509 1453 727 1509 talibus
743 1457 939 1511 causis
954 1458 1251 1527 patientia
1266 1474 1486 1515 nomen
1503 1459 1803 1531 imponat:
1826 1461 1903 1516 ad
1916 1462 2082 1515 luxu-
2190 1459 2381 1515 brosis
2404 1460 2650 1516 sedibus
2668 1461 2943 1531 deputata
2962 1458 3272 1531 captivitas
3288 1478 3306 1529 ;
3333 1458 3433 1513 ubi
3449 1460 3787 1530 quamvissus—

428 1543 580 1598 riam
599 1543 860 1610 profecto
874 1546 1847 1620 pertinetpaua,quamirascentis
1864 1549 2079 1605 inimici
2192 1548 2374 1605 tineat
2394 1548 2577 1605 homo
2603 1549 2820 1604 durum
2840 1547 3269 1603 dominationis
3289 1547 3789 1619 imperium,accipit

430 1646 553 1687 non
570 1637 880 1705 extorquet
898 1635 1259 1704 injuria.Sed
1284 1636 1571 1693 forteistis
1586 1639 1791 1695 danda
1804 1639 1969 1695 venia
1988 1640 2079 1704 sit,
2194 1641 2396 1693 tamen
2436 1654 2507 1693 ex
2533 1638 2667 1709 ipsa
2690 1654 2889 1693 rerum
2913 1636 3257 1692 necessitate
3279 1636 3508 1692 solatia.
3530 1639 3642 1693 Non
3665 1636 3785 1691 enim

430 1736 585 1792 quos
612 1721 690 1777 ad
712 1737 955 1779 omnem
986 1726 1412 1781 contumeliam
1459 1733 1779 1798 paupertas
1800 1729 1996 1794 trahit,
2031 1733 2085 1783 et
2115 1750 2160 1809 Β
2193 1726 2394 1796 habet,
2417 1727 2477 1781 in
2507 1743 2628 1798 quo
2659 1727 2850 1799 possit
2878 1726 3246 1792 erubescere,
3272 1725 3371 1781 cui
3401 1724 3789 1781 necesseestin-

431 1808 633 1864 infelix
656 1812 908 1880 penuria
932 1811 1367 1869 luxuriantibus
1390 1815 1584 1886 plagis
1607 1816 1916 1887 subjacere
1938 1833 2087 1873 com-
2134 1808 2139 1809 γ
2194 1816 2314 1871 vito
2346 1816 2581 1872 servire.
2614 1816 2794 1872 Velim
2819 1822 3015 1871 tamen
3043 1815 3211 1879 scire,
3239 1814 3614 1880 dilectissimi,
3635 1815 3789 1885 inquo

429 1897 631 1970 pellit;
663 1901 766 1972 qui
788 1900 935 1955 dum
952 1904 1284 1958 necessitati
1313 1904 1972 1969 serviunt,contumeliis
1994 1923 2089 1962 ac-
2195 1905 2820 1977 reﬁciatexspectantis
2839 1905 3084 1960 animum
3101 1904 3314 1974 injuria
3326 1901 3792 1960 deformitatisalie-

432 1987 772 2058 quiescunt.
826 1992 962 2045 Esto
992 1995 1054 2046 ut
1083 1990 1176 2047 his
1202 1992 1545 2064 patientiam
1571 2010 1758 2051 causa
1795 1995 2088 2067 improba
2197 2010 2311 2051 na.
2332 1995 2770 2050 Asserantt‘orte
2793 1994 2970 2065 hujus
2986 1994 3072 2048 rei
3092 1998 3394 2049 amatores
3405 1994 3660 2063 jocisista
3682 2006 3793 2062 pree-

435 2078 802 2147 paupertatis
829 2078 1051 2136 indicat
1080 2100 1098 2151 ς
1130 2081 1279 2153 quid
1310 2082 1383 2137 de
1410 2083 1522 2138 illis
1546 2083 1909 2155 judicamus,
1942 2102 2089 2157 quos
2200 2084 2341 2140 stari
2372 2101 2384 2138 :
2418 2082 2594 2155 quasi
2624 2099 2685 2139 re
2709 2099 2847 2138 vera
2873 2082 3021 2137 desit
3041 2082 3199 2137 unde
3221 2082 3409 2137 homo
3430 2097 3546 2137 non
3561 2080 3791 2152 requirat.

433 2163 629 2220 aliena
686 2166 875 2235 pascit
907 2170 1314 2225 contumelia?
1362 2172 1563 2235 Qualis
1595 2171 1704 2227 iste
1752 2175 1974 2242 gradus
2004 2178 2092 2230 est
2270 2177 2321 2228 4.
2348 2172 2668 2229 Ostendam
2700 2172 2891 2241 vobis,
2922 2171 2970 2226 si
3016 2170 3226 2243 placet,
3252 2170 3670 2226 oblectamenta
3702 2182 3794 2223 non

434 2251 857 2318 amicitiarum,
885 2271 1067 2325 quem
1092 2258 1499 2329 vinxitpana,
1522 2262 2091 2332 asperavitinjuria?
2199 2261 2603 2324 incommoda,
2634 2277 2770 2333 qua
2802 2259 2969 2316 facile
2999 2276 3243 2315 omnem
3274 2259 3625 2315 tabescentis
3652 2256 3795 2313 animi

435 2343 537 2394 aut
565 2355 701 2411 qua
728 2342 810 2395 illi
838 2348 1030 2412 potest
1054 2359 1182 2399 esse
1214 2346 1405 2414 gratia
1428 2346 1862 2415 familiaritatis,
1889 2350 1992 2406 ubi
2008 2353 2093 2407 est
2200 2349 2433 2422 possint
2455 2349 2798 2405 mastitiam
2820 2363 3147 2404 removere.
3171 2347 3797 2418 Ecceinfantibusquam

435 2428 699 2509 quotidie
726 2445 907 2502 pana
932 2433 1157 2488 venalis
1178 2435 1205 2489 ?
1550 2496 1557 2499 _
2202 2438 2671 2494 suntverbornm
2687 2437 3047 2493 admiranda
3064 2437 3389 2509 principia:
3411 2437 3506 2492 ubi
3520 2437 3725 2507 primum
3737 2433 3800 2487 in-

506 2519 559 2570 2.
612 2506 909 2574 Erubesco
944 2520 1213 2592 quidem,
1240 2521 1627 2594 dilectissimi,
1660 2525 1714 2579 in
1744 2526 2092 2583 confusione
2202 2527 2980 2586 formislittcravocabulum
2994 2506 3800 2598 matrisoperatur,etdistantis

435 2605 790 2662 miserorum
814 2623 967 2679 quos
991 2609 1489 2682 famesimproba
1515 2613 1858 2685 cupiditatis
1882 2616 2088 2683 illexit;
2203 2617 2449 2690 syllaba
2477 2618 2730 2687 gemitus
2752 2616 2938 2688 patris
2963 2632 3184 2672 nomen
3214 2616 3489 2672 orditur?
3502 2616 3631 2681 Quis
3644 2617 3801 2668 autem

439 2694 544 2749 sed
557 2694 745 2751 multo
759 2696 1137 2768 plusillorum
1152 2705 1287 2756 actu
1300 2704 1355 2756 et
1381 2704 1824 2759 conversatione
1842 2706 2088 2776 suspiro,
2201 2708 2281 2764 ibi
2304 2706 2471 2762 latus
2500 2721 2623 2761 non
2656 2705 2749 2775 sit,
2776 2721 2914 2761 cum
2940 2706 3089 2760 inter
3109 2705 3203 2761 illa
3222 2720 3567 2762 sermonum
3595 2703 3805 2759 duraru-

436 2781 602 2855 apud
622 2800 777 2855 quos
792 2786 1039 2858 poenalis
1056 2788 1315 2845 amicitia
1334 2790 1631 2847 tristitiam
1644 2794 1905 2857 removit,
1927 2800 1983 2849 et
1998 2794 2092 2850 la-
2202 2794 3091 2860 dimenta,luctanteslabiorum
3110 2810 3299 2850 sonos
3312 2795 3475 2851 rudis
3494 2789 3801 2862 linguadeci-

438 2872 628 2928 titiam
654 2879 933 2930 cruentus
956 2892 1128 2933 amor
1155 2878 1575 2935 familiaritatis
1592 2883 1805 2953 exegit.
1830 2882 2095 2939 Infelices
2202 2886 2304 2958 pit,
2334 2890 2390 2941 et
2419 2901 2486 2941 os
2504 2884 2802 2956 trepidum
2834 2882 3120 2939 stillantia
3143 2884 3328 2940 verba
3354 2881 3642 2940 destituit?
3675 2876 3801 2947 Quod

438 2962 1219 3050 quidemillosjudico,quos
1232 2968 1309 3022 ad
1316 2968 1524 3037 jugem
1537 2971 1943 3027 contumeliam
1959 2989 2094 3028 ven-
2204 2976 2251 3031 si
2282 2974 2426 3030 forte
2450 2972 2802 3046 spectaculis
2826 2972 3155 3035 delectaris,
3178 2973 3371 3029 habes
3389 2988 3679 3050 equorum,
3700 2969 3802 3024 licet

438 3055 525 3106 ter
550 3049 772 3169 inivitat,
803 3055 857 3106 et
887 3052 965 3107 ad
996 3069 1238 3109 omnem
1270 3056 1553 3125 injuriam
1587 3058 1725 3127 gula
1755 3076 2092 3132 numquam
2121 3106 2169 3169 Ο
2204 3063 2517 3135 aliquoties
2548 3061 2905 3134 periculosa,
2939 3062 3079 3117 satis
3098 3066 3302 3118 tamen
3325 3072 3489 3133 grata
3508 3058 3801 3119 certamina,

438 3152 591 3169 nnnn
623 3138 666 3169 ζα
691 3139 1042 3169 numnunc"-..
1066 3141 1338 3169 ηηιιεηεοηι
1392 3145 1673 3169 o..,1:_i--
1706 3148 1881 3169 ...ηιιᾼ
1910 3149 2065 3169 ιμβγιξ
2402 3152 2448 3169 ι-
2508 3153 2537 3169 -,
2582 3167 2597 3169 _
2702 3150 2758 3169 ιη
2799 3166 2893 3169 _-_
2917 3151 3011 3169 λι-
3042 3166 3101 3169 ηᾼ
3154 3156 3229 3169 ιμ
3282 3168 3317 3169 ,,
3354 3157 3365 3169 ι
3392 3152 3445 3169 .9,
3476 3168 3481 3169 ,
3507 3154 3623 3169 ημι
3647 3151 3782 3169 ,--ι..-

438 3136 668 3208 poculis
690 3139 1048 3197 exsatiatura
1066 3141 1359 3199 sollicitat.
1391 3145 1503 3199 Sed
1533 3146 1675 3201 istos
1705 3148 1888 3204 multo
1910 3149 2095 3205 infeli-
2121 3136 2169 3169 υ
2204 3169 2340 3208 cum
2364 3152 2552 3224 plagis
2573 3150 2766 3221 gradu
2789 3151 3020 3206 concito
3041 3156 3245 3206 ventos
3269 3157 3372 3208 aut
3391 3152 3625 3208 timeant
3643 3151 3805 3204 antra-

439 3226 1111 3298 cioresputo,quiamica
1127 3230 1499 3303 instigatione
1517 3250 1748 3305 pugnas
1764 3237 2091 3305 instituunt,
2205 3241 2394 3313 piunt.
2429 3243 2543 3296 Nec
2565 3255 2775 3310 parum
2799 3239 3012 3295 latitia
3039 3239 3468 3296 conferuntilla
3480 3238 3657 3295 studia
3674 3248 3806 3290 vena-

440 3319 497 3370 et
512 3315 664 3370 inter
677 3314 930 3372 ﬂuentes
953 3333 1113 3373 mero
1136 3320 1347 3375 calices
1371 3314 1564 3377 alieno
1578 3325 1867 3393 sanguine
1881 3327 2094 3382 satian-
2206 3330 2458 3394 tionum,
2490 3332 2547 3383 et
2561 3328 2814 3384 canibus
2843 3332 2975 3383 acta
2998 3329 3489 3401 certamina,qua
3508 3343 3609 3383 nec
3624 3324 3807 3397 pericu-

442 3408 549 3459 tur.
577 3406 721 3460 Ecce
751 3405 847 3460 hic
872 3407 1215 3463 convivium
1247 3408 1514 3476 instituit,
1538 3417 1593 3466 et
1614 3412 1812 3469 votivo
1828 3416 2097 3485 quodam
2207 3417 2300 3484 lis,
2325 3432 2436 3472 nec
2464 3416 2703 3471 damnis
2733 3420 2963 3472 constat
2986 3416 3259 3487 exposita
3288 3434 3301 3472 :
3326 3416 3630 3472 cumhicin
3650 3410 3808 3468 conﬂi-

440 3497 735 3564 apparatu
764 3494 1029 3566 undique
1069 3511 1278 3568 greges
1303 3497 1675 3556 adulantium
1696 3505 2097 3573 congregavit.
2211 3510 2305 3561 ctu
2319 3505 2549 3561 amulis
2568 3504 2846 3559 cursibus
2859 3504 3051 3559 aurito
3070 3504 3255 3576 lepori
3280 3505 3564 3567 imminet,
3583 3501 3808 3569 illeargu-

444 3584 762 3653 lnterquos
775 3583 1041 3653 procedit
1069 3585 1464 3655 parasitorum
1481 3587 1646 3656 gula:
1672 3590 1767 3644 cui
1793 3596 2103 3648 consuetu-
2212 3595 2285 3651 tis
2308 3594 2552 3650 naribus
2566 3593 2722 3648 cervi
2736 3593 2981 3665 vestigia
2996 3592 3227 3649 latentis
3241 3593 3501 3665 inquirit.
3519 3594 3646 3657 Qua
3659 3594 3807 3644 tamen

442 3668 601 3723 dinis
626 3674 718 3725 est
741 3670 1026 3740 injuriam
1054 3688 1220 3728 mero
1251 3674 1529 3741 vendere,
1561 3681 1617 3733 et
1648 3679 1877 3748 poculis
1919 3682 2103 3737 scissa
2212 3682 2565 3740 dimittenda
2594 3686 2732 3736 sunt
2753 3681 2990 3747 saculo,
3020 3682 3080 3736 in
3111 3697 3232 3752 quo
3262 3682 3508 3753 antiquo
3538 3682 3809 3735 astuater-

444 3757 630 3827 plagis
660 3760 1015 3816 vestimenta
1037 3762 1273 3817 sarcire.
1304 3763 1503 3820 Videte
1529 3768 1993 3838 ergo,quomodo
2010 3769 2102 3825 isti
2211 3787 2343 3829 rore
2373 3771 2627 3827 luxuria.
2660 3773 2777 3825 Nos
2807 3786 2948 3825 vero
2974 3770 3141 3825 aliter
3178 3769 3369 3836 decet,
3405 3785 3555 3841 quos
3590 3765 3808 3823 Christus

444 3845 928 3903 ferantodiorum
943 3852 1365 3922 causas,apud
1380 3868 1534 3923 quos
1559 3858 2104 3930 cruentasessepla-
2213 3864 2409 3917 noster
2433 3860 2556 3913 suis
2582 3857 2814 3927 legibus
2855 3857 3057 3923 vinxit,
3086 3862 3143 3914 et
3173 3858 3252 3913 ab
3315 3858 3414 3914 illa
3444 3854 3809 3929 superstitiosa

444 3938 536 3989 cet
562 3934 878 3991 amicitias.
914 3936 1069 4004 Quid
1107 3954 1229 3994 non
1258 3940 1479 3995 invenit
1509 3942 1711 3999 infelix
1742 3960 1777 3999 a
1806 3945 2104 4003 damnosa
2214 3947 2558 4017 gentilitatis
2623 3945 2867 4002 stultitia
2889 3946 3260 4016 |segregavit.
3316 3946 3469 4002 Licet
3510 3960 3612 4001 nec
3673 3938 3811 3997 nobis

442 4023 678 4079 luxuria
701 4024 727 4079 'I
754 4026 898 4080 Ecce
929 4026 994 4081 fit
1034 4028 1375 4098 spectaculo
1406 4030 1591 4087 homo
1618 4032 1847 4089 homini
1881 4052 1892 4089 :
1919 4041 1975 4090 et
2025 4036 2103 4092 ad
2212 4038 2919 4109 desintspectacula,qua
2935 4037 3230 4092 tristitiam
3244 4037 3521 4104 relevent,
3543 4040 3596 4091 et
3613 4031 3813 4090 anxium

444 4113 826 4169 excitandam
854 4114 1115 4172 latitiam
1147 4121 1251 4172 aut
1294 4134 1489 4174 sermo
1525 4120 1736 4192 turpis,
1770 4128 1873 4178 aut
1907 4126 2103 4181 vultus
2213 4128 2369 4183 curis
2395 4125 2665 4182 animum
2700 4124 3063 4181 sufﬁcienter
3089 4124 3407 4181 oblectent.

446 4200 697 4267 exigitur
721 4201 1019 4258 faditatis.
1045 4204 1193 4259 Huic
1213 4204 1473 4277 denique
1495 4209 1888 4266 manducanti
1912 4211 2103 4269 barba
2283 4221 2333 4271 5.
2366 4215 2666 4270 Ponamus
2699 4212 2874 4269 nobis
2903 4219 3039 4269 ante
3066 4213 3275 4269 oculos
3303 4214 3437 4270 illas
3468 4226 3680 4286 pugnas
3696 4218 3815 4263 mar-

445 4286 698 4353 vellitur,
722 4289 1054 4347 illibibenti
1087 4292 1298 4376 sedilia
1336 4294 1767 4352 subtrahuntur
1788 4300 1912 4367 ;hic
1938 4300 2101 4370 ligno
2213 4309 2432 4376 tyrum,
2467 4309 2520 4359 et
2549 4302 2888 4357 intueamur
2914 4301 3363 4358 admirabilium
3394 4300 3654 4372 exempla
3680 4298 3818 4351 virtu-

447 4378 674 4441 scissili,
702 4377 798 4433 ille
829 4379 1021 4449 fragili
1048 4372 1200 4435 vitro
1254 4380 1535 4451 pascitur.
1575 4387 1757 4442 Tanta
1800 4394 1888 4443 est
1927 4389 2103 4459 igitur
2212 4372 2337 4449 tum
2358 4411 2375 4463 ;
2402 4395 2457 4447 et
2475 4390 2754 4447 videbitis
2786 4391 2982 4446 subito
3014 4397 3390 4448 accrescente
3440 4389 3630 4447 latitia
3652 4384 3819 4441 cedere

444 4464 633 4519 libido
662 4465 919 4528 ridendi,
948 4472 1009 4522 ut
1032 4472 1240 4537 putent
1271 4470 1470 4525 miseri
1494 4472 1721 4529 nullum
1751 4476 1877 4531 sine
1901 4477 2101 4534 latitia
2136 4463 2179 4522 θ
2211 4496 2419 4536 omnes
2443 4479 2772 4535 infelicium
2803 4484 2986 4535 astus
3018 4480 3386 4535 animorum.
3412 4479 3514 4534 Cui
3535 4480 3819 4534 autemnon

446 4552 695 4606 transire
727 4554 1089 4623 convivium,
1112 4557 1227 4612 nisi
1260 4557 1320 4612 in
1351 4559 1514 4615 cibos
1540 4565 1822 4619 verterint
1842 4572 1943 4621 aut
1972 4582 2099 4622 ves-
2209 4569 2473 4625 latitiam
2493 4572 2661 4639 paret
2681 4582 2910 4638 pugna,
2926 4568 3102 4638 justis
3124 4569 3405 4639 partibus
3430 4564 3749 4622 succedente
3763 4557 3820 4610 vi-

445 4640 688 4696 timenta
705 4650 1152 4712 corporum,aut
1171 4647 1500 4706 ministeria
1517 4652 2097 4721 poculorum.Quan-
2209 4656 2414 4720 ctoria,
2446 4671 2632 4727 quam
2651 4654 2810 4710 ferus
2826 4655 3020 4711 hostis
3049 4655 3303 4711 admotis
3332 4658 3731 4712 tormentorum
3748 4644 3819 4699 sti.

445 4730 516 4785 tis
537 4732 735 4785 autem
756 4732 976 4802 putatis
1005 4732 1259 4790 miseriis
1286 4736 1399 4792 ista
1421 4744 1687 4795 constare
1709 4740 1735 4793 ?
1763 4744 1905 4797 Ecce
1935 4744 2100 4815 quid—
2208 4744 2441 4799 mulisin
2460 4747 2796 4799 sanctorum
2814 4745 3222 4814 persecutione
3235 4732 3819 4815 composuit70uisigi-

442 4818 585 4890 quid
617 4818 954 4877 detrimenti
1003 4838 1213 4880 mensa
1238 4824 1458 4891 fecerit,
1512 4828 1867 4883 insatiabilis
1896 4838 2100 4889 venter
2208 4831 2657 4897 turnonrideat,
2677 4831 3589 4903 quisnonlatussit,cumvideat
3610 4826 3817 4884 militem

441 4907 710 4979 acquirit.
752 4911 901 4965 Nam
951 4911 1055 4981 qui
1082 4910 1434 4983 hujusmodi
1466 4912 1875 4986 voluptatibus
1904 4921 2094 4985 servit,
2208 4920 2417 4976 Christi
2453 4922 2638 4976 nostri
2672 4920 2985 4991 suppliciis
3012 4922 3407 4977 exsultantem
3430 4920 3457 4974 ‘2
3480 4917 3816 4974 erubescente

440 4997 617 5052 etiam
648 4998 985 5053 mercedem
1016 4998 1240 5057 laboris
1268 5003 1361 5057 sui
1390 5008 1490 5058 aut
1535 5001 1800 5060 bibendo
1826 5008 2092 5076 conterit,
2206 5009 2634 5080 persecutionis
2667 5013 2929 5072 auctore,
2959 5010 3177 5065 victum
3199 5008 3392 5080 plagis
3421 5006 3654 5063 cessisse
3676 5003 3817 5057 torto-

439 5090 541 5141 aut
570 5086 916 5157 vapulando
943 5089 1262 5145 consumit.
2203 5098 2373 5153 rem?
2407 5098 2463 5153 Si
2494 5097 2631 5169 quis
2657 5096 2803 5152 forte
2829 5096 3127 5152 dulcisoni
3157 5102 3367 5153 cantus
3417 5096 3719 5152 delectatur
3736 5100 3816 5142 au-

508 5176 560 5228 3.
575 5174 683 5228 Sed
698 5175 824 5229 hac
841 5180 975 5230 ante
988 5177 1304 5233 omniaillis
1318 5178 1653 5249 imputanda
1670 5186 1828 5245 sunt,
1845 5200 1971 5255 qua
1999 5183 2094 5239 la-
2204 5185 2434 5255 ditu,ad
2450 5184 2830 5257 psallentium
2846 5186 3269 5257 prophetarum
3287 5186 3503 5241 choros
3521 5173 3816 5238 sollicitala-

439 5260 569 5315 titia
584 5265 964 5319 causaadtam
980 5263 1185 5319 foedum
1203 5265 1569 5323 ministerium
1587 5269 2091 5339 gradumamicitia
2203 5274 2318 5329 tius
2350 5274 2534 5329 corda
2575 5279 2894 5329 convertat.
2929 5275 3249 5345 lmpleatur
3274 5289 3343 5329 os
3392 5277 3651 5329 nostrum
3678 5262 3817 5320 cale-

437 5349 2093 5430 etfamiliaritatisinclinant.lnmelioreprofectostatuest
2202 5362 2381 5417 stium
2414 5362 2798 5419 exsultatione
2850 5363 3243 5434 psalmorum,
3291 5362 3571 5418 referente
3622 5352 3816 5410 Chl‘isto

435 5435 594 5522 apud
612 5438 927 5495 Dominum
942 5443 1983 5519 servitus,quastandilegedeputato
1996 5467 2091 5521 pa—
2202 5454 2403 5506 nostro
2430 5452 2669 5522 gratias,
2694 5452 2797 5522 qui
2830 5467 2935 5521 spe
2961 5452 3205 5507 reddita
3222 5449 3495 5505 salutisin
3516 5448 3724 5503 honore
3740 5452 3815 5492 no-

432 5521 746 5581 retofticio.
763 5526 950 5583 Estilli
964 5529 1113 5585 inter
1130 5531 1553 5590 accumbentes
1565 5534 1733 5593 locus
1746 5534 2001 5603 ridendi,
2033 5541 2089 5595 et
2202 5539 2382 5597 minis
2408 5521 2497 5596 sui
2517 5521 2738 5611 jugiter
2763 5540 3057 5598 exsultare
3076 5555 3189 5598 nos
3216 5537 3416 5597 voluit.
3436 5539 3562 5593 Hac
3579 5522 3815 5589 sitexsuL
