3986 6178
242 240 357 302 7ὶό

1718 241 2025 304 ΗΟΜΙΙΑΙΑ
2067 243 2167 305 XI.

3534 258 3647 322 726

242 374 393 430 tatio
416 374 607 430 cordis
634 374 840 440 nostri,
868 380 931 431 ut
959 376 1052 432 die
1086 386 1376 450 noctuque
1406 377 1670 434 laetentur
1697 376 1758 431 in
1788 378 1899 430 Do-
1932 382 1979 435 Α
2010 374 2214 431 salutis
2245 381 2484 443 nostrae,
2520 384 2581 436 ut
2603 380 2901 438 malorum
2919 386 3158 438 actuum
3188 384 3460 443 ordinem
3482 392 3658 447 nobis

234 464 419 519 mino.
456 466 572 519 Hoc
595 468 684 518 est
726 471 926 521 autem
956 467 1274 532 exsultare,
1315 468 1617 523 mandatis
1665 463 1900 520 Domini

238 554 361 607 tota
394 557 589 606 mente
610 553 885 607 servisse.
911 555 1201 611 Mandatis
1223 563 1423 611 autem
1448 555 1682 611 Domini
1700 553 1895 619 servit,

232 639 329 710 qui
348 640 531 695 vitam
558 657 732 697 suam
750 642 828 697 ab
855 643 1018 697 omni
1042 644 1317 700 vitiorum
1337 644 1684 715 contagione
1711 646 1899 697 custo-

235 728 332 783 dit.
358 728 459 783 Ille
483 729 669 784 vitam
684 746 858 785 suam
881 732 1258 804 custodit,qui
1278 732 1456 788 ﬁdem
1477 731 1761 804 proximis
1775 730 1897 785 suis

233 817 493 883 exhibet,
516 834 730 889 pacem
744 818 953 888 diligit,
980 821 1273 877 amicitias
1296 822 1453 877 colit.
1476 821 1593 877 Hoc
1613 826 1699 875 est
1721 820 1898 887 igitur

230 905 525 961 amicitias
557 906 766 973 colere,
795 907 1051 964 alienam
1077 910 1451 965 iracundiam
1473 906 1896 965 moderationis

231 995 435 1051 studio
464 996 773 1059 sustinere,
804 990 859 1053 et
878 999 1168 1055 ferventes
1188 999 1383 1056 fratris
1414 1000 1647 1056 animos
1667 999 1898 1070 patien'

232 1083 315 1139 tia
334 1092 686 1156 temperare.
717 1087 800 1142 Ita
825 1092 933 1152 est,
964 1096 1025 1142 ut
1041 1088 1893 1159 futurojudiciointercaeteros

226 1172 559 1246 inculpatus
578 1174 840 1241 incedas,
863 1176 911 1231 si
930 1176 1003 1231 de
1029 1178 1255 1233 Christo
1278 1184 1479 1233 nostro
1507 1179 1564 1233 in
1586 1178 1677 1232 his
1704 1178 1893 1232 omni-

224 1263 341 1317 bus
364 1278 501 1335 quaa
521 1263 809 1329 diximus,
833 1274 885 1320 te
904 1266 1226 1336 probatum
1247 1268 1568 1337 castigatus
1587 1266 1885 1322 exhibeas.

859 1344 1143 1411 HOMiLIA
1182 1358 1270 1411 x1.

494 1443 600 1507 Qui
625 1444 946 1513 gloriatur,
974 1446 1031 1499 in
1060 1446 1305 1501 Domino
1328 1446 1634 1515 glorietur.

296 1532 347 1584 1.
383 1534 513 1587 Non
540 1536 695 1587 recte
727 1533 1004 1598 sentiunt,
1028 1534 1421 1601 dilectissimi,
1445 1535 1546 1605 qui
1574 1538 1785 1605 putant
1810 1535 1888 1588 vi-

223 1625 673 1677 tteornamenta
686 1624 924 1692 proprio
942 1622 1146 1678 labore
1172 1625 1477 1695 componi,
1501 1633 1556 1679 et
1578 1625 1698 1679 sine
1721 1624 1889 1694 adju-

2007 464 2687 537 imputemus,bonorum
2702 472 2804 527 Dei
2820 472 3129 528 virtutibus
3142 475 3658 537 ascribamus.Cito

2006 559 2207 611 autem
2248 556 2339 613 ille
2372 559 2445 613 ad
2473 576 2534 614 se
2560 559 2876 633 imperium
2898 561 3212 618 diabolicae
3244 566 3543 635 potestatis
3557 569 3659 623 ad-

2007 644 2199 709 mittit,
2226 646 2329 717 qui
2354 647 2571 704 divinee
2615 650 2940 721 maiestatis
2969 652 3177 709 solatia
3220 670 3344 710 non
3384 646 3664 712 meruerit

2005 731 2288 789 obtinere.

2076 826 2126 878 3.
2150 824 2514 896 Sperandum
2538 842 2679 896 ergo
2700 828 2761 883 in
2788 828 3137 897 Domino,ut
3164 831 3309 887 boni
3342 832 3529 887 simus
3560 848 3572 886 :
3606 837 3663 890 et

2005 929 2134 967 cum
2161 913 2301 968 boni
2332 913 2635 980 fuerimus,
2664 916 2723 972 in
2754 918 3005 974 Domino
3031 918 3658 988 gioriandum.Audite

2003 1003 2673 1074 Apostolumdicentem:
2696 1006 2845 1072 Quid
2863 1008 3027 1063 habes
3048 1010 3195 1078 quod
3217 1026 3327 1064 non
3340 1012 3611 1079 accepisti
3631 1012 3660 1066 7

2001 1091 2066 1146 Si
2077 1094 2521 1164 aceepisti,quid
2530 1095 2993 1166 gloriaris,quasi
3009 1114 3125 1151 non
3151 1100 3441 1169 acceperis
3460 1099 3505 1167 (l
3522 1100 3655 1155 Cor.

2000 1198 2073 1246 tv,
2109 1185 2165 1251 7)
2184 1180 2212 1236 ?
2225 1184 2355 1237 Haec
2368 1188 2609 1238 actuum
2624 1193 2965 1240 nostrorum
2983 1186 3239 1256 perfecta
3260 1186 3531 1259 gloriatio
3545 1193 3650 1259 est,

2000 1270 2046 1324 si
2061 1269 2376 1339 gloriemur
2392 1272 2453 1325 in
2472 1273 2744 1339 Domino,
2761 1274 2923 1344 apud
2936 1290 3118 1345 quem
3134 1275 3454 1330 victoribus
3478 1276 3654 1331 virtu-

1997 1363 2124 1413 tum
2139 1375 2361 1416 corona
2380 1362 2870 1432 componitur.lbi
2894 1379 3037 1417 sane
3054 1364 3127 1417 de
3141 1379 3202 1417 se
3217 1363 3518 1419 hominem
3535 1365 3655 1433 glo-

1994 1447 2136 1502 riari
2165 1452 2414 1519 oportet,
2451 1448 2551 1503 ubi
2600 1465 2703 1519 pro
2756 1450 3000 1505 nomine
3045 1451 3281 1506 Domini
3328 1452 3655 1510 voluntaria

1996 1537 2185 1592 crucis
2208 1553 2378 1609 paena
2400 1538 2663 1594 succedit
2682 1555 2843 1610 :quae
2867 1545 3067 1595 tamen
3090 1540 3361 1609 gloriatio
3375 1543 3529 1597 hunc
3553 1543 3653 1600 ha-

1994 1625 2436 1691 betfructum,si
2452 1627 2768 1683 auxiliante
2790 1628 3023 1684 Christo
3044 1630 3649 1700 mereatureti‘ectum;

223 1710 380 1764 torio
409 1710 833 1781 omnipotentis
859 1712 959 1766 Dei
986 1712 1268 1767 virtutum
1294 1727 1471 1785 posse
1498 1713 1708 1768 merita
1728 1728 1885 1767 com-
1921 1735 1966 1793 Β
1996 1728 2138 1768 nam
2162 1715 2451 1785 propheta
2473 1718 2535 1770 in
2554 1715 2671 1770 hoc
2699 1716 2831 1772 loco
2852 1716 3000 1772 dixit
3024 1735 3036 1769 :
3064 1718 3196 1773 Nisi
3214 1722 3491 1775 Dominus
3514 1719 3651 1775 aedi-

220 1797 448 1869 parari.
481 1798 538 1851 Si
564 1814 706 1867 ergo
735 1805 1006 1855 nostrum
1031 1806 1119 1856 est
1149 1806 1378 1856 tantum
1411 1802 1575 1873 quod
1620 1801 1763 1857 boni
1795 1814 1887 1855 su-

222 1901 569 1956 mus,quare
586 1887 738 1941 vitiis
754 1888 1133 1959 subjacemus
1150 1888 1177 1943 ?
1189 1894 1292 1945 aut
1304 1891 1351 1946 si
1368 1906 1439 1944 ex
1459 1891 1630 1945 nobis
1647 1888 1890 1945 descen‘

213 1974 298 2029 dit
328 1990 510 2030 omne
536 1975 831 2047 quidquid
860 1982 1052 2047 potest
1080 1978 1379 2034 hominem
1425 1984 1525 2033 aut
1556 1994 1764 2034 ornare
1784 1973 1889 2033 aut

214 2063 446 2119 salvum
462 2064 671 2131 facere,
695 2067 737 2134 ι
748 2066 805 2136 6
820 2082 999 2137 quare
1014 2067 1295 2137 pereundi
1310 2066 1437 2136 lege
1451 2067 1883 2124 concludimur?

215 2153 474 2209 Omnem
488 2154 746 2223 profecto
763 2155 1001 2210 modum
1018 2156 1323 2225 sacrilegae
1337 2156 1770 2227 superstitionis
1783 2171 1880 2211 ex-

212 2244 418 2307 cessit,
443 2244 547 2314 qui
568 2243 627 2298 in
646 2232 954 2299 laboribus
974 2244 1148 2314 justis
1171 2250 1397 2315 partem
1417 2248 1533 2301 Deo
1561 2244 1877 2321 subtrahit:

213 2346 249 2386 a
272 2347 399 2402 quo
423 2332 732 2403 sapientiai
757 2332 1032 2403 spiritum
1059 2334 1421 2406 accepimus,
1454 2334 1553 2403 qui
1575 2339 1759 2389 totum
1776 2332 1881 2389 lto-

212 2420 442 2475 minem
475 2422 641 2489 regit,
670 2426 726 2475 et
755 2420 834 2476 ad
880 2437 1060 2477 omne
1091 2438 1245 2493 opus
1276 2423 1504 2478 bonum
1534 2422 1878 2478 mortalium

212 2513 448 2563 mentes
467 2509 756 2574 accendit,
785 2510 959 2580 cujus
984 2513 1071 2564 est
1093 2510 1391 2581 quidquid
1420 2526 1490 2565 ex
1522 2510 1622 2566 illa
1633 2510 1877 2581 justitiaa

211 2596 356 2651 sede
386 2597 712 2652 descendit.
749 2598 963 2655 Omnia
988 2598 1188 2671 itaque
1215 2598 1493 2654 laborum
1523 2599 1783 2669 insignia
1799 2601 1877 2655 ad

213 2688 405 2741 Deum
436 2686 749 2742 referenda
772 2692 1009 2752 sunt,ne
1023 2688 1210 2743 sancti
1230 2687 1475 2759 Spiritus
1488 2688 1649 2744 dona
1660 2689 1877 2743 rescin~

208 2776 549 2832 dat.Nimiaa
581 2781 778 2832 autem
811 2777 1295 2847 praesumptionis
1321 2782 1406 2831 est
1430 2777 1657 2841 vitium,
1690 2778 1875 2849 impe-

209 2871 410 2921 ratore
438 2872 741 2936 pugnante
756 2866 988 2922 militem
1004 2866 1197 2921 solum
1216 2866 1482 2938 palmam
1504 2865 1653 2921 velle
1674 2881 1873 2937 repor-

209 2961 335 3013 tare
366 2955 644 3010 victorias.
676 2956 829 3010 Sane
852 2956 900 3009 si
934 2954 1109 3011 vultis
1144 2955 1389 3027 potestis
1417 2969 1742 3023 agnoscere
1778 2957 1872 3011 cui

207 3045 395 3109 mala,
426 3044 523 3099 cui
540 3044 703 3100 bona
720 3044 980 3099 debeant
997 3042 1598 3116 imputari,propheta
1621 3043 1867 3099 dicente:

205 3135 539 3188 Bonitatem
553 3134 734 3201 fecisti
776 3149 903 3188 cum
920 3149 1081 3189 servo
1123 3139 1243 3198 tuo,
1269 3133 1507 3189 Domine
1531 3134 1656 3203 (Ps.
1684 3149 1869 3197 cxvut,

206 3225 322 3293 65).
354 3225 487 3277 item
530 3221 669 3276 alibi
697 3239 708 3275 :
758 3222 923 3277 Dixit
949 3221 1233 3291 insipiens
1276 3223 1338 3277 in
1370 3223 1543 3278 corde
1570 3236 1671 3277 suo
1698 3241 1709 3280 :
1742 3223 1872 3277 Non

205 3320 286 3369 est
320 3314 479 3368 Deus
501 3311 614 3381 (Ps.
642 3326 761 3375 xm,
782 3313 857 3379 1).
884 3310 1097 3365 Videtis
1130 3324 1290 3379 ergo,
1312 3311 1465 3380 quod
1490 3309 1653 3366 bona
1669 3316 1874 3367 nostra

208 3401 507 3458 Divinitati
528 3400 819 3455 debemus
846 3400 1169 3465 ascribere;
1193 3399 1353 3454 mala
1376 3406 1573 3454 autem
1592 3401 1873 3455 humanis

205 3490 789 3560 moribusimputare
806 3505 819 3554 ;
838 3488 979 3559 quia
995 3494 1053 3542 ut
1073 3488 1232 3543 bona
1250 3493 1598 3559 procurante
1621 3489 1872 3545 Domino

204 3585 509 3643 creantur,
544 3580 627 3633 ita
659 3578 817 3632 mala
847 3576 1089 3631 diabolo
1120 3581 1358 3632 auctore
1390 3585 1726 3632 nascuntur.

274 3675 331 3725 2.
361 3669 476 3725 Sed
509 3673 571 3723 ut
591 3666 922 3737 intelligatis
955 3665 1138 3721 vitam
1168 3666 1266 3720 Dei
1288 3681 1511 3720 munus
1538 3682 1685 3729 esse,
1716 3681 1871 3721 mor-

204 3765 323 3815 tem
354 3756 600 3813 diabolo
634 3755 965 3825 subjacere,
994 3754 1193 3808 audite
1225 3754 1653 3822 evangelistam
1672 3754 1868 3809 dicen-

203 3855 320 3905 tem
347 3864 359 3903 :
401 3845 723 3916 Vsnite,filii
736 3844 1019 3913 possidete
1034 3860 1247 3899 mecum
1270 3860 1503 3914 regnum
1523 3845 1868 3913 promissum

200 3939 367 3995 vobis
384 3954 417 3991 a
434 3935 835 3991 constitutione
855 3933 1055 3988 mundi
1074 3932 1338 3999 Esurivi,
1371 3938 1426 3988 et
1454 3933 1698 3989 dedistis
1720 3933 1867 3988 mihi

196 4022 810 4095 manducare(Matth.
835 4038 968 4087 xxv,
990 4022 1075 4077 34.
1108 4026 1217 4089 35).
1247 4021 1386 4075 Aliis
1410 4036 1549 4076 vero
1566 4022 1705 4077 dicit
1729 4038 1739 4077 :
1765 4024 1867 4079 Re-

197 4117 387 4174 redite
411 4133 445 4169 a
471 4129 582 4177 me,
615 4112 933 4176 maledicti,
963 4112 1024 4165 in
1053 4114 1237 4179 ignem
1260 4116 1563 4176 aeternum,
1592 4112 1728 4180 quia
1750 4128 1864 4166 non

195 4204 448 4262 dedistis
463 4204 609 4258 mihi
626 4201 975 4256 manducare
988 4200 1158 4270 (Ibid.
1171 4238 1184 4263 ,
1200 4200 1309 4268 41).
1340 4198 1535 4253 Videte
1548 4214 1689 4267 ergo
1706 4200 1865 4269 quod

197 4295 337 4351 boni
365 4298 531 4347 actus
551 4290 701 4346 cmlo
721 4289 1003 4355 serviunt,
1030 4288 1168 4343 mali
1192 4288 1403 4342 inferni
1430 4287 1670 4342 sedibus
1683 4287 1866 4359 depu-

198 4388 425 4439 tantur.
450 4380 670 4435 Divisio
705 4383 907 4433 autem
939 4384 1178 4433 actuum
1198 4382 1535 4432 nostrorum
1564 4384 1689 4432 est:
1726 4394 1862 4433 cum

198 4473 353 4528 bene
382 4467 890 4534 facimus,Christi
919 4482 1126 4522 sumus
1148 4483 1160 4531 ;
1181 4482 1320 4521 cum
1348 4465 1860 4538 malaoperamur,
1895 4449 1940 4506 Π

196 4563 255 4616 in
272 4559 501 4616 diaboli
514 4560 800 4630 potestate
825 4557 1164 4611 transimus.
1185 4559 1225 4610 N
1237 4571 1502 4626 unquam
1527 4556 1685 4611 enim
1699 4557 1861 4612 dese-

195 4648 497 4705 ritDomin
510 4664 574 4701 us
604 4646 970 4702 voluntatem
986 4644 1283 4711 religionis
1310 4646 1502 4698 studio
1520 4644 1857 4703 ﬂorentem:

198 4753 310 4792 nec
340 4738 555 4791 desunt
586 4734 797 4788 solatia
824 4731 1163 4795 divinitatis,
1204 4732 1301 4786 ubi
1326 4738 1465 4787 sunt
1490 4741 1654 4787 actus
1681 4732 1857 4789 bona;

196 4824 688 4880 conversationis.
716 4825 873 4878 Tunc
901 4838 1041 4876 sane
1064 4836 1173 4874 nos
1203 4820 1364 4875 bona
1395 4821 1695 4885 deserunt,
1718 4838 1856 4877 cum

196 4914 489 4969 deteriora
507 4911 863 4967 succedunt:
888 4910 1031 4981 quia
1056 4924 1176 4963 non
1208 4909 1382 4963 dubie
1412 4909 1615 4964 divino
1636 4910 1856 4965 auxilio

192 5002 924 5072 destituimur,postquam
946 4998 1270 5068 iniquitatis
1283 4997 1591 5052 desideriis
1605 5014 1856 5069 occupa-

192 5107 356 5147 mur.
378 5090 704 5145 Assistente
726 5090 901 5157 igitur
929 5088 1047 5141 Deo
1069 5102 1138 5140 ac
1154 5085 1455 5140 Salvatore
1474 5092 1701 5149 nostro,
1728 5087 1853 5143 sine

193 5180 383 5235 dubio
401 5178 723 5234 dominatio
749 5177 1061 5232 diabolicae
1094 5176 1398 5245 potestatis
1417 5174 1709 5228 absentat.
1747 5176 1853 5231 Ubi

190 5275 395 5325 autem
413 5268 696 5324 virtutum
716 5267 987 5321 Dominus
1000 5262 1539 5326 discesserit,facile
1553 5263 1737 5318 hostis
1753 5280 1853 5319 au-

182 5359 315 5415 lam
348 5373 553 5412 vacuas
572 5354 963 5427 possessionis
979 5351 1226 5408 invadit.
1257 5352 1379 5406 Una
1402 5357 1488 5406 est
1508 5351 1702 5425 itaque
1721 5369 1852 5425 spes

1994 1803 2252 1874 ﬁcaverit
2264 1802 2575 1869 domum,in
2590 1818 2705 1859 van
2714 1820 2798 1858 um
2814 1806 3080 1861 laborant
3094 1807 3199 1876 qui
3214 1807 3497 1875 aediﬁcant
3514 1824 3647 1873 eam,

1996 1894 2058 1947 in
2077 1907 2287 1947 vanum
2302 1893 2535 1962 vigilant
2566 1894 2669 1965 qui
2686 1894 3021 1948 custodiunt
3048 1909 3170 1949 eam
3206 1897 3318 1956 (Ps.
3348 1911 3535 1959 CXXV],
3569 1897 3646 1965 i).

1996 1981 2215 2036 Videtis
2232 1996 2373 2049 ergo
2400 1982 2564 2051 quod
2582 1998 2691 2037 nec
2710 1982 2834 2037 sine
2854 1982 3105 2036 Domino
3130 1984 3295 2053 quod
3314 1981 3543 2038 bonum
3562 1990 3649 2038 est

1994 2069 2297 2134 aediﬁcari,
2314 2084 2421 2123 nec
2446 2069 2802 2124 mtiliticatutn
2818 2071 2945 2125 sine
2958 2071 3211 2125 Domino
3233 2071 3647 2140 poteritcusto-

1992 2158 2122 2213 diri.
2137 2158 2462 2213 fEdiﬁcatio
2475 2157 2691 2213 divinte
2708 2158 2883 2228 hujus
2899 2159 3117 2214 domus
3128 2158 3443 2214 mdiﬁcatio
3463 2164 3554 2214 est
3565 2160 3648 2214 vi-

1992 2250 2062 2302 tae
2090 2253 2325 2311 nostrae,
2358 2262 2543 2317 quam
2575 2252 2797 2317 oportet
2822 2246 3042 2302 divinae
3070 2246 3402 2317 majestatis
3430 2248 3645 2305 auxilio

1988 2335 2693 2404 commuairiltogandus
2707 2336 2904 2406 itaque
2920 2352 3156 2406 semper
3169 2342 3255 2391 est
3268 2337 3532 2392 Christus
3544 2351 3651 2393 nor

1988 2433 2107 2483 ster
2138 2432 2200 2481 ut
2227 2427 2286 2481 in
2309 2425 2476 2480 nobis
2508 2424 2663 2480 bona
2689 2424 2930 2487 nutriat,
2951 2432 3007 2480 et
3023 2425 3367 2480 exorandus
3388 2426 3649 2481 utnutri~

1984 2520 2046 2572 ta
2074 2514 2368 2571 custodiat
2397 2531 2409 2579 ;
2443 2514 2622 2585 atque
2666 2512 2749 2568 ita
2776 2513 3172 2583 intelligentiae
3212 2518 3431 2569 nostrae
3463 2514 3648 2571 corda

1985 2607 2328 2673 componat,
2350 2605 2414 2655 ut
2439 2601 2643 2655 omnia
2657 2616 2789 2671 quae
2800 2600 2964 2655 bona
2990 2607 3145 2667 sunt,
3171 2602 3372 2671 gloria:
3390 2602 3644 2659 cmlestis

1983 2692 2253 2764 potestati
2281 2691 2563 2759 assignet.

2050 2784 2105 2835 4.
2139 2780 2405 2835 Stultitia:
2432 2794 2571 2834 vero
2603 2792 2785 2847 genus
2833 2781 2943 2843 est,
2977 2782 3042 2831 ut
3068 2777 3253 2833 homo
3291 2794 3471 2833 suum
3516 2793 3644 2836 esse

1975 2868 2204 2940 judicet
2223 2868 2388 2939 quod
2413 2867 2726 2930 laboravit,
2746 2865 2924 2938 quiin
2937 2865 3174 2921 alterius
3197 2870 3484 2936 potestate
3505 2881 3645 2923 con-

1983 2956 2154 3011 sistit.
2182 2959 2325 3012 Ecce
2352 2956 2445 3011 hic
2474 2956 2652 3011 modo
2669 2955 2890 3010 divitiis
2909 2954 3377 3024 exsultat,modo
3390 2969 3645 3028 pauper-

1981 3049 2097 3101 tate
2124 3046 2383 3115 suspirat
2407 3058 2417 3095 :
2449 3046 2497 3099 si
2522 3044 2580 3098 in
2607 3060 2822 3098 manus
2840 3050 3075 3099 nostras
3090 3050 3225 3097 sunt
3242 3044 3399 3099 bona
3419 3051 3642 3112 nostra,

1981 3150 2161 3205 quare
2184 3149 2306 3188 non
2336 3147 2475 3188 cum
2498 3132 2773 3188 volumus
2795 3138 2898 3187 aut
2918 3132 3170 3203 penuria
3190 3136 3404 3198 cessat,
3432 3137 3535 3187 aut
3556 3120 3641 3188 di-

1981 3223 2109 3277 vitae
2122 3220 2541 3294 perseverant?
2567 3223 2664 3277 Hic
2685 3220 2860 3277 modo
2882 3220 3156 3275 sanitatis
3192 3222 3395 3290 vigore
3421 3221 3631 3277 attolli-

1983 3317 2094 3378 tur,
2117 3312 2299 3367 modo
2313 3311 2668 3366 inﬁrmitatis
2684 3311 2893 3368 dolore
2917 3315 3152 3365 vexatur
3175 3324 3187 3364 ε
3205 3309 3256 3364 si
3279 3312 3338 3364 in
3354 3315 3645 3382 potestate

1980 3400 2241 3455 hominis
2254 3406 2407 3455 esset
2422 3401 2549 3454 vitae
2567 3405 2785 3453 nostris
2800 3399 3329 3468 salus,numquam
3355 3399 3646 3469 periclita~

1979 3495 2141 3545 retur
2172 3489 2500 3553 mendicus,
2533 3504 2642 3543 nec
2673 3491 3000 3543 moreretur
3024 3487 3320 3541 inﬁrmus.
3363 3487 3643 3559 Requirat

1981 3579 2242 3651 denique
2273 3580 2684 3650 unusquisque
2709 3577 2873 3632 initia
2898 3576 3031 3631 vita;
3059 3590 3201 3641 suis,
3234 3580 3290 3631 et
3329 3582 3639 3632 auctorem

1978 3668 2449 3739 quaeratgeneris
2464 3666 2874 3737 humani,quis
2897 3681 3115 3737 corpus
3130 3664 3640 3737 formaverit,quis

1980 3756 2254 3811 membra
2282 3756 2695 3825 composuerit,
2728 3756 2864 3827 quis
2897 3758 3194 3810 terrenam
3230 3754 3546 3810 materiam
3578 3754 3639 3811 in

1976 3845 2315 3899 humanum
2348 3860 2522 3897 usum
2548 3843 2743 3899 fecerit
2761 3848 3266 3913 vegetarc.Nonne
3283 3843 3412 3899 hinc
3434 3844 3639 3901 omnia

1980 3934 2264 3988 Dominus
2279 3932 2579 4003 Sapientia
2591 3938 2946 4002 procurante
2963 3932 3260 3987 constituit
3283 3933 3310 3988 7
3328 3931 3475 3986 Cum
3495 3947 3637 4001 ergo

1975 4038 2097 4077 non
2126 4022 2201 4075 sit
2216 4025 2486 4077 nostrum
2502 4019 2659 4090 quod
2675 4034 2903 4082 sumus,
2927 4019 3235 4089 quomodo
3255 4022 3529 4072 nostrum
3545 4022 3636 4073 est

1975 4111 2139 4182 quod
2170 4107 2503 4165 habemus?
2523 4106 2785 4164 Stultitia:
2804 4121 2992 4174 genus
3034 4110 3141 4170 est,
3169 4111 3224 4158 ut
3245 4118 3384 4159 cum
3407 4105 3503 4161 alii
3538 4105 3636 4161 de-

1974 4199 2119 4255 beas
2133 4199 2187 4253 vi
2198 4205 2265 4253 ιω
2284 4197 2662 4264 beneficium,
2679 4193 2783 4250 tibi
2807 4194 3071 4250 ascribas
3085 4198 3439 4249 ornamenta
3455 4192 3633 4249 virtu-

1977 4292 2120 4342 tum.
2156 4290 2300 4341 Ecce
2320 4286 2415 4340 hic
2437 4286 2661 4340 honore
2683 4282 2998 4346 extollitur,
3022 4282 3115 4337 ille
3136 4281 3249 4336 sibi
3272 4282 3345 4337 de
3365 4280 3632 4352 corporis

1973 4375 2308 4442 integritate
2321 4374 2650 4441 blanditur;
2669 4373 2766 4428 hic
2780 4372 3015 4427 divitias
3028 4370 3216 4427 labori
3230 4386 3339 4425 suo
3352 4369 3627 4441 imputat,

1973 4465 2069 4520 ille
2088 4466 2394 4520 scientiam
2417 4464 2699 4519 doctrina:
2722 4462 2935 4533 vigiliis
2962 4462 3368 4530 assignat.Nec
3399 4475 3505 4515 nos
3530 4475 3630 4515 ne-

1972 4569 2111 4622 gare
2143 4571 2325 4625 possu
2338 4570 2468 4607 mus
2484 4558 2836 4608 ornamenta
2857 4550 3148 4620 religiosm
3162 4552 3289 4606 vita:
3309 4549 3627 4619 vigilantia:

1972 4643 2166 4698 studio
2188 4642 2546 4713 comparari.
2574 4641 2685 4697 Sed
2714 4641 2791 4695 ibi
2813 4641 2966 4696 Deus
2987 4646 3093 4705 est,
3115 4640 3210 4694 ubi
3236 4639 3480 4708 integras
3497 4638 3627 4693 reli-

1970 4733 2163 4801 gionis
2181 4731 2642 4797 estanimus,ita
2657 4730 2941 4800 Apostolo
2980 4730 3246 4785 dicente:
3280 4729 3626 4796 Exemplum

1969 4824 2088 4891 ejus
2113 4822 2378 4892 quaeritis
2395 4822 2494 4891 qui
2516 4822 2577 4875 in
2599 4836 2681 4874 me
2702 4819 2953 4889 loquitur
2976 4818 3243 4873 Christus
3263 4818 3331 4886 (li
3352 4817 3480 4872 Cor.
3500 4828 3623 4878 xm,

1969 4914 2020 4979 3)
2043 4911 2070 4965 ‘?
2090 4910 2239 4965 Satis
2260 4909 2585 4965 ibivacillat
2604 4909 2939 4963 humanum
2961 4906 3247 4968 studium,
3273 4904 3375 4958 ubi
3394 4918 3514 4957 non
3533 4916 3622 4955 re-

1967 5000 2214 5069 quiritur
2243 4998 2337 5052 Dei
2363 4997 2671 5053 auxilium.
2706 4998 2855 5050 Nam
2904 5008 3027 5049 non
3065 4992 3240 5047 dubie
3269 4988 3623 5059 periclitatur

1966 5086 2130 5151 tides,
2166 5086 2211 5139 si
2242 5100 2362 5140 non
2393 5084 2701 5139 muniatur
2730 5081 3059 5153 patrocinio
3097 5077 3432 5133 divinitatis.
3455 5087 3481 5117 ει
3506 5078 3623 5131 Νο-

1968 5181 2159 5230 strum
2182 5178 2269 5229 est
2285 5174 2455 5241 igitur
2478 5173 2703 5227 bonum
2720 5168 3108 5236 velle,Christi
3138 5181 3278 5222 vero
3316 5165 3617 5236 perficere.

1964 5263 2208 5319 Namita
2224 5261 2542 5333 Apostolus
2574 5260 2865 5331 loquitur:
2900 5259 3057 5313 Velle
3077 5257 3306 5325 adjacet
3329 5254 3619 5326 mihi,pcr-

1961 5353 2120 5423 ﬁcere
2143 5356 2334 5406 autem
2362 5350 2561 5405 bonum
2588 5366 2699 5403 non
2725 5348 2948 5403 invenio
2968 5346 3147 5419 (Rom.
3181 5361 3282 5410 vu,
3321 5348 3425 5416 18).
3450 5345 3621 5400 Vides

266 5544 293 5575 ι
324 5530 465 5587 Vide
494 5529 646 5602 infra
671 5527 758 5583 his
782 5526 1065 5584 Valeriani
1096 5525 1345 5583 homiliis
1394 5528 1714 5602 subjectam
1743 5528 2035 5587 Sirmondi
2062 5526 2364 5600 epistolam
2395 5527 2423 5600 ﬁ
2469 5527 2500 5583 ﬂ
2533 5543 2598 5584 ac
2622 5512 2855 5583 Patrum
2886 5524 3271 5599 antiquiorum
3308 5524 3621 5584 sententias

185 5604 382 5663 eidem
409 5600 720 5675 appositas.
