3986 6178
389 247 502 306 727
1394 239 1455 298 S.
1504 228 1902 297 VALERIANI
1943 221 2266 284 EPISCOPI
2311 223 2806 287 CEMELIENSIS.
3684 235 3776 291 798

390 390 530 445 ergo
543 373 683 429 boni
697 372 892 443 operis
915 372 1277 428 voluntatem
1292 385 1360 424 ex
1376 368 1550 423 nobis
1571 366 1786 421 debere
1803 361 2042 416 descen-
2074 357 2122 416 Α
2150 352 2374 409 laboris
2400 356 2492 411 sui
2508 357 2760 413 Domino
2777 361 3050 425 reservet,
3071 355 3172 428 qui
3188 356 3503 429 unicuique
3518 374 3622 430 pro
3636 344 3781 416 meri.

389 442 549 528 dere,
593 442 1004 534 perfectionem
1035 475 1174 515 vero
1217 460 1274 513 in
1312 456 1409 509 Dei
1441 459 1730 527 potestate
1763 449 2040 524 pendere.
2153 442 2224 496 tis
2251 444 2508 500 coelestia
2529 445 2690 501 dona
2710 445 3035 518 componit.
3061 445 3169 511 Qui
3189 446 3705 519 gtoria-turitaque,
3732 451 3780 504 in

393 543 2045 621 Quareautemaliquismortaliumﬁeribonasuotantum
2154 534 2399 589 Domino
2429 535 2704 605 glorietur
2747 539 2787 605 (Ι
2820 537 2950 592 Cor.
2992 553 3028 600 1,
3059 537 3168 606 3t).
3223 536 3394 591 Omni
3441 552 3581 606 ergo
3613 540 3782 596 studio

390 641 588 696 studio
621 642 1039 708 assignet,cum
1059 637 1218 690 dicat
1237 635 1560 707 propheta:
1587 635 1721 690 Non
1748 637 1829 687 est
1849 630 1952 699 qui
1962 628 2046 696 fa-
2155 623 2458 691 agendum
2475 631 2582 689 est,
2601 625 2985 691 dilectissimi,
3011 625 3260 681 utvitam
3274 631 3532 681 nostram
3552 628 3781 684 Domino

393 729 754 789 ciatbonum,
779 743 892 781 non
917 732 1001 780 est
1043 741 1216 795 usque
1252 724 1323 780 ad
1371 739 1552 778 unum
1582 723 1694 793 (Ps.
1719 735 1836 782 xui,
1874 718 1928 786 3)
1955 733 1967 769 :
1993 718 2047 770 et
2155 711 3198 787 itaﬁdespuracommendet,nequid
3216 714 3784 773 extollentiabumana

393 815 764 883 Evangelista
785 815 984 869 itidem
1008 814 1219 869 doceat
1241 830 1360 869 non
1382 829 1507 868 esse
1532 813 1778 874 bonum,
1808 807 1920 862 nisi
1955 821 2044 860 so-
2291 800 2566 869 Vindicet,
2583 808 2687 858 aut
2704 804 2826 857 suis
2846 803 3150 860 laboribus
3168 803 3589 859 donet.Totum
3611 811 3783 860 autem

389 902 515 958 lum
550 906 729 957 Deum
764 903 996 973 (Matth.
1026 918 1151 970 xu,
1189 902 1327 972 i7)?
1358 904 1506 970 Ergo
1548 900 1780 956 videtis.
1810 895 1973 968 quod
2003 891 2050 947 si
2157 887 3037 963 perdiditquodlaboravit,qui
3060 892 3314 964 propriis
3333 892 3785 949 virtutibusfruc-

392 991 637 1061 quando
655 990 1106 1055 bonividemur,
1123 991 1448 1046 bonitatem
1468 989 1564 1044 Dei
1583 989 2050 1060 operamur.Au-
2162 981 2286 1031 tum
2322 980 2650 1035 sanctitatis
2677 979 3034 1050 ascripserit.

392 1077 510 1132 dite
533 1079 883 1149 Apostolum
907 1081 1196 1134 dicentem
1224 1099 1234 1134 :
1271 1079 1375 1134 Vos
1406 1080 1538 1134 estis
1569 1076 1830 1146 templum
1851 1075 1972 1143 Dei,
1999 1073 2052 1127 si
2766 1069 3056 1124 HOMILIA
3097 1071 3202 1124 XII.

395 1173 585 1223 tamen
615 1169 864 1238 Spiritus
895 1170 1000 1222 Dei
1043 1167 1255 1223 habitet
1296 1169 1357 1221 in
1388 1167 1545 1222 vobis
1579 1168 1620 1235 (Ι
1649 1167 1780 1220 Cor.
1829 1181 1904 1226 ιιι,
1941 1163 2046 1231 t6).
2543 1158 2623 1214 De
2653 1158 2797 1212 bono
2827 1158 3241 1214 conservandae
3265 1158 3447 1226 pacis.

391 1258 526 1310 Tem
541 1255 701 1327 plum
716 1255 1092 1327 profectollei
1116 1254 1459 1318 sumus,sed
1473 1251 2048 1308 cumbenefacimus.
2238 1248 2282 1297 t.
2315 1245 2550 1300 Solliciti
2584 1246 2694 1300 sint
2729 1247 2872 1301 forte
2904 1247 3085 1318 aliqui
3118 1246 3412 1302 malivolis
3460 1248 3788 1319 exprobrare

397 1343 453 1400 Si
483 1359 624 1412 ergo
656 1343 944 1414 templum
979 1344 1079 1398 Dei
1111 1350 1199 1398 est
1230 1344 1432 1406 homo,
1465 1342 1801 1398 necessario
1834 1340 1935 1394 Dei
1966 1343 2053 1394 est
2161 1333 2354 1387 verbis
2371 1334 2822 1390 studiumbonie
2837 1335 3438 1401 voluntatis,ettimori
3455 1337 3787 1406 autignaviaz

393 1432 557 1504 quod
587 1432 882 1487 habemus
913 1432 972 1486 in
1013 1431 1256 1502 templo,
2162 1422 2475 1487 ascribere,
2497 1423 2543 1477 si
2560 1424 2807 1495 quando
2829 1424 3010 1479 homo
3031 1425 3232 1479 litibus
3246 1425 3422 1490 cedit,
3445 1430 3502 1480 et
3526 1426 3789 1480 exulcera-

467 1526 517 1575 5.
552 1521 658 1577 Sed
681 1522 808 1576 haec
829 1522 1002 1576 bonis
1020 1521 1292 1575 diximus.
1316 1522 1528 1574 verum
1552 1535 1672 1574 non
1695 1523 1782 1573 est
1800 1517 1898 1572 Dei
1916 1521 2055 1572 tem-
2165 1515 2259 1564 tus
2283 1510 2512 1581 injuriis
2526 1512 2601 1566 ad
2615 1528 2856 1567 omnem
2872 1513 3216 1583 patientiam
3238 1514 3458 1585 quietis
3477 1530 3786 1570 amorecon-

394 1608 1308 1681 plum,ubiconvenitmultitudo
1328 1609 1775 1662 vitiorum.Nam
1798 1606 2053 1661 ubicum-
2164 1598 2393 1669 fugerit.
2426 1600 2512 1654 Ad
2545 1601 2909 1656 confutanda
2939 1607 3057 1656 tam
3090 1617 3290 1673 pravae
3322 1605 3542 1658 mentis
3575 1603 3785 1673 judicia,

397 1714 512 1769 que
526 1699 1191 1769 criminaporriguntur,
1213 1697 1292 1752 ibi
1309 1695 1578 1751 diabolus
1595 1694 2054 1750 dominatur.Ad
2085 1723 2130 1780 Β
2165 1687 2686 1780 sufﬁcerequidem
2700 1689 3310 1760 deberetevangelicaa
3332 1691 3601 1747 lectionis
3618 1691 3785 1747 admo-

394 1786 562 1840 illum
587 1786 807 1840 scilicet
827 1786 1058 1857 respicit
1089 1801 1314 1857 pompa
1335 1785 1694 1848 divitiarum,
1724 1784 1828 1856 qui
1858 1783 1967 1838 sibi
1994 1784 2053 1837 in
2085 1775 2127 1780 ⁷
2164 1775 2330 1831 nitio.
2354 1778 2465 1832 Sed
2483 1779 2646 1848 quod
2666 1794 2735 1832 ex
2755 1778 2926 1832 nobis
2947 1780 3241 1844 est,tidem
3260 1796 3463 1834 rerum
3485 1781 3587 1835 etsi
3603 1780 3784 1850 exiguo

395 1890 620 1944 magna
631 1874 814 1929 domo
827 1874 1518 1945 vindicatprincipatum.
1537 1876 1648 1928 Nos
1661 1871 2054 1944 procuratoris
2166 1880 2433 1920 sermOne
2448 1867 3043 1938 prosequimur;atque
3055 1883 3126 1922 ea
3138 1884 3263 1939 quae
3278 1867 3576 1933 plenitudo
3587 1868 3786 1936 religio-

394 1965 528 2020 loco
559 1963 876 2035 fungimur,
908 1964 954 2017 si
984 1963 1211 2034 aliquid
1238 1964 1383 2017 lucri
1417 1962 1748 2027 fecerimus,
1774 1961 2055 2016 referetur
2164 1954 2256 2008 nis
2272 1956 2667 2026 postulat,pro
2685 1955 3034 2027 affectuquo
3049 1956 3784 2026 charitatistudemus,votis

395 2053 474 2108 ad
511 2052 865 2117 Dominum;
899 2051 946 2105 si
970 2052 1197 2116 damni,
1247 2051 1524 2106 referetur
1550 2051 1625 2106 ad
1654 2051 2054 2122 procuratoris
2164 2043 2638 2115 competentibus
2653 2043 3190 2112 adjuvamuszlicet
3209 2046 3403 2101 sciam
3420 2045 3787 2117 antiquislegi-

395 2140 973 2211 exitium.Quidquid
987 2142 1144 2194 enim
1172 2156 1377 2194 servus
1397 2141 1457 2194 in
1471 2140 1695 2194 domini
1716 2139 1942 2210 positus
1957 2154 2054 2210 po—
2163 2132 2277 2187 bus
2293 2133 2371 2186 ita
2388 2133 2602 2186 multos
2620 2133 2849 2187 devicto
2868 2149 3070 2188 amore
3085 2135 3323 2202 servire,
3345 2139 3410 2189 ut
3426 2135 3572 2189 odiis
3590 2149 3787 2205 semper

395 2235 599 2287 testate
623 2229 934 2294 laboravit,
965 2229 1297 2283 necessario
1329 2228 1556 2282 domini
1590 2232 1698 2282 est.
1735 2227 2054 2297 Habetqui-
2161 2220 2784 2292 impugnentquidquid
2801 2222 3784 2292 servandus-paciscurasuggesserit.

389 2319 532 2373 'dem
562 2333 769 2372 servus
795 2317 1051 2388 gratiam
1078 2316 1302 2372 laboris
1338 2316 1450 2380 sui,
1480 2315 1584 2370 sed
1607 2315 1852 2370 domino
1879 2315 2055 2371 debet
2167 2308 2470 2380 Siquidem
2494 2309 2551 2362 id
2569 2309 2767 2379 ipsum
2786 2309 2948 2380 quod
2971 2311 3181 2364 dicturi
3207 2328 3446 2378 sumus,
3470 2312 3656 2366 multis
3675 2311 3785 2365 divi-

391 2407 650 2462 fructum
671 2406 868 2476 aperis
906 2404 1152 2476 impleti.
1198 2404 1459 2475 Denique
1493 2404 1615 2458 utili
1645 2419 1813 2458 servo
1842 2404 1917 2459 ad
1940 2405 2054 2460 hoc
2165 2413 2375 2451 narum
2404 2397 2839 2468 Scripturarum
2861 2398 3211 2453 testimoniis
3231 2399 3728 2471 approbemus,ita
3743 2400 3787 2453 in

393 2495 650 2567 pecunia
680 2493 954 2556 creditur,
978 2499 1039 2547 ut
1059 2492 1304 2548 domino
1332 2492 1613 2564 duplicati
1644 2491 1865 2548 fenoris
1890 2493 2055 2550 lucra
2164 2487 2278 2541 hoc
2303 2486 2436 2540 loco
2462 2485 2702 2540 Domino
2732 2486 2998 2542 dicente:
3028 2489 3266 2558 Diligite
3293 2489 3565 2545 inimicos
3596 2493 3784 2550 vestros,

393 2588 796 2640 numerentur.
2166 2575 2481 2644 benefacite
2503 2575 2590 2629 his
2605 2575 2698 2644 qui
2719 2591 2816 2631 vos
2845 2576 3094 2632 oderunt
3115 2578 3345 2646 (Matth.
3376 2595 3431 2641 v,
3455 2579 3558 2650 44).
3581 2581 3689 2633 Non
3703 2576 3786 2630 du-

467 2678 516 2728 6.
538 2673 829 2743 Respicite
849 2671 1049 2742 itaque
1066 2670 1142 2726 ad
1157 2670 1644 2726 consuetudinem
1660 2673 2053 2728 conversatio-
2164 2663 2286 2718 bito
2303 2663 2466 2734 quod
2485 2664 2798 2734 aliquantis
2817 2665 2961 2720 satis
2979 2665 3237 2720 otiosum
3265 2672 3319 2721 et
3351 2667 3700 2738 impossibile
3727 2668 3786 2718 vi-

393 2763 486 2818 nis
506 2762 811 2822 humante,
846 2765 902 2815 et
922 2759 1255 2829 intelligetis
1281 2759 1403 2814 utili
1436 2776 1607 2814 servo
1631 2759 1708 2815 ad
1739 2760 1851 2816 hoc
1873 2777 2054 2833 pecu-
2164 2753 2377 2807 deatur
2406 2769 2512 2823 pro
2544 2752 2864 2807 inimicitiis
2901 2770 3166 2809 amorem
3200 2754 3456 2819 deferre,
3491 2772 3591 2827 pro
3619 2759 3783 2809 contu-

393 2851 548 2906 niam
571 2849 1092 2917 credi,utdomino
1115 2848 1394 2920 duplicati
1415 2848 1634 2903 fenoris
1666 2848 1832 2903 lucra
1851 2866 2052 2904 nume.
2165 2841 2358 2896 meliis
2392 2843 2644 2909 gratiam
2667 2842 2953 2898 retulisse.
2992 2846 3054 2898 Et
3109 2860 3264 2906 vere,
3301 2844 3675 2909 dilectissimi,
3700 2841 3784 2896 dif-

392 2939 766 2995 rentur.Nam
790 2940 870 2992 ita
892 2939 948 2992 in
981 2939 1093 2993 hoc
1114 2938 1245 2992 loco
1268 2937 1600 3005 evanglista
1629 2937 1786 3002 dicit,
1809 2940 1884 2992 ad
1917 2954 2054 2993 eum
2165 2929 2315 2984 ﬁcile
2337 2935 2442 2994 est,
2469 2931 3023 3003 utacceptainjuria
3037 2932 3206 2988 dolor
3227 2949 3352 2989 non
3370 2935 3429 2989 in
3447 2946 3782 3005 quacumque

395 3027 782 3100 quilucmma
808 3024 1281 3096 quadruplicatae
1298 3025 1563 3094 pecunia;
1581 3040 1813 3080 reverso
1832 3026 1905 3080 de
1928 3042 2054 3098 per-
2088 3078 2129 3100 η
2165 3024 2331 3089 parte
2359 3019 2626 3089 corporis
2656 3020 2951 3075 desaeviat.
3000 3022 3108 3077 Sed
3163 3023 3452 3093 sapientis
3495 3029 3576 3078 est
3623 3036 3782 3092 super-

400 3078 740 3100 1—-'—w~m*
819 3078 845 3096 1
1051 3078 1106 3096 ιθ
1149 3078 1156 3079 ί
1300 3078 1312 3094 ι
1585 3078 1630 3079 νν
1791 3078 1802 3080 ⁷
1845 3078 1896 3080 νὴ
1947 3078 2022 3080 ⁷η
2168 3078 2185 3089 ι
2466 3078 2481 3089 ι
3235 3078 3246 3093 ι
3689 3078 3698 3092 ¹

397 3130 534 3184 egre
563 3112 811 3167 domino
839 3112 1092 3183 portavit
1143 3129 1155 3166 :
1184 3113 1362 3180 Euge,
1421 3127 1574 3168 serve
1619 3112 1781 3176 bone,
1835 3078 1970 3184 quia
2000 3116 2055 3168 in
2086 3078 2130 3138 δ
2169 3106 2492 3161 venientem
2520 3108 2782 3163 dolorem
2808 3115 2910 3164 aut
2930 3111 3218 3181 patienter
3243 3111 3413 3177 ferre,
3435 3116 3532 3167 aut
3553 3108 3783 3165 fomentis

389 3216 587 3273 pauca
615 3200 782 3270 fuisti
801 3199 1012 3268 ﬁdelis,
1044 3202 1107 3253 in
1124 3201 1312 3254 multa
1333 3208 1386 3256 te
1415 3217 1465 3255 cr
1480 3202 1779 3264 nstituam,
1806 3204 1966 3258 intra
1994 3205 2057 3259 in
2168 3195 2540 3250 mollioribus
2587 3202 2940 3269 temperare.
2998 3199 3230 3255 Inﬁnita
3277 3209 3476 3256 autem
3508 3200 3676 3254 virtus
3701 3204 3781 3252 eslv

398 3290 669 3364 gaudium
700 3289 924 3345 domini
949 3290 1038 3343 tui
1068 3289 1296 3357 (Matth.
1327 3306 1466 3352 xxv,
1501 3289 1613 3358 33).
1664 3292 1749 3345 Ita
1780 3291 2060 3348 dominus
2170 3284 2310 3338 odia
2333 3283 2543 3338 vicisse
2575 3286 2905 3341 beneﬁciis.
2941 3291 3085 3343 Nam
3117 3288 3212 3344 ille
3246 3290 3398 3344 inter
3427 3294 3652 3344 caeteros
3688 3283 3783 3356 pal-

396 3375 682 3432 laudatur
701 3376 760 3429 in
791 3389 961 3429 servo
988 3373 1391 3438 bono,servus
1417 3373 1602 3428 bonus
1633 3376 2062 3445 praedicaturin
2173 3389 2332 3428 mam
2363 3374 2633 3443 perfectae
2653 3375 2885 3431 virtutis
2903 3376 3147 3443 obtinet,
3172 3379 3274 3450 qui
3298 3379 3379 3434 ad
3401 3380 3582 3434 vicem
3617 3372 3783 3431 veneni

401 3465 670 3522 domino.
692 3463 855 3520 Unde
872 3463 1205 3518 cavendum
1223 3467 1308 3517 est
1325 3478 1399 3516 ne
1418 3463 1658 3534 quando
1675 3465 1838 3536 quod
1855 3466 1927 3520 ad
1946 3466 2065 3535 glo-
2171 3460 2389 3533 pocula
2415 3462 2572 3517 dulci
2601 3463 2771 3519 melle
2797 3466 3118 3536 componit.

401 3555 553 3612 riam
568 3553 711 3608 boni
726 3551 924 3624 operis
945 3551 1218 3623 pertinet,
1240 3551 1459 3605 nostris
1478 3551 1793 3607 virtutibus
1809 3554 2067 3609 ascriba-
2246 3554 2297 3603 2.
2328 3551 2560 3605 Primus
2586 3551 2786 3624 itaque
2813 3554 3140 3609 dilectionis
3163 3556 3388 3623 gradus
3423 3561 3510 3611 est
3537 3549 3782 3609 charitatis

405 3660 560 3707 mus,
591 3642 840 3696 scientes
872 3641 1035 3712 quod
1059 3655 1182 3695 non
1205 3640 1670 3710 perjactantiam
1694 3641 1952 3697 victorius
1976 3659 2068 3698 co—
2177 3637 2455 3694 affectum
2474 3641 2745 3696 amicitiis
2763 3643 3009 3714 nutrire;
3034 3645 3276 3715 integrae
3290 3653 3487 3701 autem
3503 3637 3780 3698 dilectionis

405 3746 557 3786 rona
588 3730 985 3800 componitur,
1031 3733 1133 3783 sed
1165 3745 1270 3800 per
1314 3729 1495 3784 ﬁdem
1536 3738 1590 3783 et
1630 3729 2066 3787 confessionem
2177 3725 3784 3802 estcumulus,odiumamorerepensare.llludbeneﬁciis

410 3818 726 3875 Dominicee
750 3818 1065 3881 Passionis,
1098 3818 1338 3890 quibuis
1368 3820 1725 3890 respondent
1770 3820 2068 3877 bonorum
2177 3819 2632 3884 ascribitur,hoc
2650 3819 3786 3891 virtutibusdeputatur.Additurpraeterea

409 3923 659 3978 operum
691 3907 908 3961 studia.
943 3909 1073 3961 Haec
1105 3912 1192 3961 est
1243 3906 1342 3961 illa
1372 3908 1646 3977 pecunia,
1683 3909 1776 3963 cui
1810 3910 2068 3965 diximus
2179 3912 2253 3968 ad
2269 3909 2571 3966 cumulum
2599 3908 2868 3978 perfectae
2895 3909 3229 3965 dilectionis
3249 3911 3352 3966 illa
3378 3908 3785 3974 sententiaque

418 3997 522 4066 l7
559 3995 779 4051 caelesti
809 3995 976 4065 regni
1006 3994 1365 4066 respondere
1400 3995 1710 4052 beneficia.
1757 4000 1873 4054 lloc
1923 3999 2068 4054 illud
2178 4001 2348 4070 ait;Si
2373 3998 3095 4064 esurieritim’micustuus,
3121 3999 3244 4055 ciba
3265 3999 3469 4067 illum;
3490 3997 3538 4052 si
3557 3997 3684 4055 sitit,
3704 4005 3786 4059 p0-

409 4085 715 4155 negotium
733 4085 898 4155 justo
925 4085 1125 4140 fenore
1143 4084 1528 4156 duplicatum.
1548 4089 1678 4141 Haec
1695 4094 1782 4142 est
1799 4088 1896 4142 illa
1909 4089 2067 4143 retri-
2179 4095 2301 4144 tum
2328 4089 2402 4143 da
2425 4088 2550 4152 illi;
2572 4088 2680 4142 hoc
2707 4088 2848 4140 enim
2865 4088 3091 4156 faciens
3111 4089 3386 4144 carbones
3412 4087 3549 4157 ignis
3565 4073 3788 4150 congeres

411 4174 582 4230 butio
601 4173 822 4229 meritis
843 4173 1042 4228 debita
1065 4190 1132 4228 ac
1158 4173 1348 4229 beatis
1369 4173 1665 4230 laboribus
1687 4178 2066 4246 repromissa.
2176 4193 2348 4248 super
2372 4180 2545 4245 caput
2573 4177 2698 4243 eius
2727 4176 2912 4241 (Rom.
2945 4191 3037 4238 xu,
3074 4179 3185 4245 20).
3212 4176 3580 4246 Quicumque
3602 4183 3722 4237 ergo
3743 4171 3787 4217 tu

485 4269 537 4318 ‘7.
574 4263 980 4334 Multiplicetur
999 4276 1140 4330 ergo
1158 4262 1213 4316 in
1237 4262 1408 4316 nobis
1425 4263 1634 4333 pietas,
1664 4263 1832 4330 ﬁdes,
1856 4266 2072 4320 miseri-
2181 4284 2262 4330 es,
2283 4282 2453 4338 quem
2477 4263 2683 4318 alienae
2707 4263 3026 4319 insolentiae
3049 4263 3339 4336 inquietat
3357 4263 3637 4335 injuria,et
3652 4253 3788 4310 dolor

416 4351 878 4415 cordia,bonitas
900 4367 912 4416 ;
934 4355 998 4403 ut
1013 4366 1142 4404 cum
1166 4350 1888 4408 veneritDominusfacere
1903 4355 2073 4409 ratio-
2181 4353 2552 4410 contumeliis
2574 4353 2862 4407 excitatus
2887 4352 3155 4408 stimulat
3179 4370 3191 4419 ;
3211 4354 3258 4408 si
3276 4354 3365 4409 vis
3379 4352 3649 4425 perfectus
3663 4355 3783 4398 esse,

416 4457 558 4498 nem
589 4455 725 4493 cum
751 4439 932 4493 servis
955 4437 1103 4500 suis,
1123 4438 1412 4492 intremus
1431 4440 1490 4492 in
1515 4440 1803 4508 gaudium
1840 4442 2071 4498 Domini
2104 4439 2148 4496 D
2183 4441 2894 4500 animorumiracundiam
2913 4442 3308 4498 moderatione
3326 4433 3785 4512 compesce,etate

420 4530 518 4585 Dei
550 4526 754 4582 Ποεῑνί-
777 4525 942 4590 QUOd
963 4525 1132 4579 faeile
1156 4525 1420 4580 obtinere
1441 4543 1784 4598 possumus,
1808 4531 1857 4585 si
1887 4548 2074 4603 usque
2182 4533 2478 4604 patientur
2492 4532 2652 4586 bono
2665 4530 2798 4585 odia
2819 4531 3107 4602 improbae
3125 4529 3539 4600 indignationis
3559 4516 3783 4604 exclude:

418 4617 481 4672 in
499 4615 678 4669 ﬁnem
694 4612 953 4667 coelestia
971 4612 1257 4667 mandata
1281 4616 1736 4671 servemus.Sed
1752 4633 1872 4672 non
1891 4600 2075 4674 otiose
2184 4600 2281 4675 aut
2307 4625 2477 4683 certe,
2506 4620 2550 4672 si
2568 4624 2793 4673 tantum
2812 4600 3109 4674 vindicare
3122 4620 3446 4682 desideras,
3465 4616 3711 4670 miserere
3722 4600 3783 4655 ab

421 4702 595 4760 nobis
623 4701 1024 4756 laborandum
1049 4709 1153 4766 est,
1175 4703 2073 4774 utmercededignijudicemur.
2185 4711 2276 4766 his
2303 4710 2404 4780 qui
2431 4708 2709 4775 ignorant
2736 4708 2982 4763 salutem
3020 4709 3230 4762 anima:
3261 4709 3318 4763 in
3351 4709 3459 4763 hac
3501 4689 3782 4758 dilectionis

421 4792 601 4848 Justis
639 4797 839 4846 autem
870 4790 1099 4846 actibus
1146 4789 1312 4846 facile
1342 4790 1594 4848 honesta
1637 4795 1984 4860 succedunt,
2027 4797 2075 4851 si
2185 4797 2540 4872 perfectione
2562 4795 3013 4868 penderel‘orte
3031 4797 3329 4853 odiisodia
3353 4785 3779 4864 compensenlm'v

421 4887 614 4938 tamen
630 4895 750 4935 non
768 4884 1057 4949 occupent
1075 4879 1344 4934 animum
1361 4895 1553 4950 pravae
1568 4880 1919 4951 voluptates,
1937 4900 2073 4955 quae
2189 4892 2244 4943 et
2259 4886 2334 4942 ad
2351 4887 2866 4956 compensandum
2891 4885 3120 4940 facinus
3147 4886 3364 4941 vicaria
3377 4877 3782 4956 injuria.Prov0f

423 4987 545 5027 non
570 4967 810 5024 difﬁcile
827 4967 887 5022 in
904 4972 1497 5033 ventosevanescunt,
1527 4969 1706 5024 sinon
1720 4970 1936 5026 divinae
1952 4988 2077 5028 ma-
2189 4992 2352 5033 casse
2366 4951 2609 5047 quidem
2624 4974 2694 5028 ad
2713 4974 3080 5029 iracundiam
3099 4975 3325 5030 fratrem
3351 4951 3561 5030 crimen
3575 4968 3680 5028 est;
3703 4951 3780 5009 sed

421 5059 649 5132 jestatis
672 5057 883 5114 solatia
909 5057 1583 5129 requirantur.Quisquis
1601 5073 1741 5127 ergo
1773 5065 1857 5114 est
1878 5061 1936 5115 in
1964 5061 2077 5117 hoc
2188 5045 2572 5137 provocatum
2593 5080 2711 5119 non
2727 5066 3286 5128 cessasse’deforme
3300 5063 3492 5120 esum
3507 5053 3641 5111 enim
3655 5045 3780 5137 odio-

423 5165 545 5221 quo
564 5152 681 5203 stat
702 5147 861 5203 salus
881 5146 1130 5211 homini,
1160 5145 1460 5215 religionis
1475 5147 1683 5202 ordine
1700 5150 2075 5216 constitutus,
2189 5128 2321 5210 rum
2337 5154 2564 5208 semina
2579 5152 3124 5207 abundantissimos
3141 5151 3454 5225 iniquitatis
3468 5146 3668 5201 fructus
3681 5128 3780 5187 red-

426 5251 546 5291 non
562 5236 876 5291 extollatur
891 5235 1080 5306 gloria
1104 5234 1465 5290 sanctitatis:
1487 5235 1588 5289 sed
1616 5237 2080 5305 magisfructum
2189 5245 2352 5310 dunt,
2387 5248 2440 5296 et
2468 5242 2755 5296 scelerum
2785 5257 2994 5311 poenas
3016 5224 3352 5312 operantur,
3387 5243 3439 5294 et
3467 5246 3589 5289 cum
3611 5224 3780 5279 auctor

498 5368 891 5446 {Emendabis
924 5386 1147 5446 mecum
1195 5368 1459 5446 et_l_eges,
1492 5369 1800 5446 dupliceim,
1854 5387 1919 5424 ex
1960 5371 2081 5446 ipso
2190 5371 2672 5441 subjicitauctor:
2705 5363 3778 5446 Hoc-illudnegotimnjustofenorenuru-

429 5439 733 5506 Scripturee
767 5443 938 5492 textu.
972 5439 1234 5494 COTELER.
1264 5440 1517 5493 Monum.
1565 5441 1708 5496 Eccl.
1741 5441 1838 5495 Gr.
1864 5439 2005 5499 tom,
2034 5443 2080 5496 Il
2192 5439 2386 5498 cum.

428 5523 560 5580 pag.
587 5507 709 5572 545,
743 5509 796 5561 b.
843 5538 910 5549 —-
939 5508 1376 5566 Restitutionem
1414 5509 1757 5567 confirmant
1799 5530 1920 5584 quae
1948 5529 2081 5568 mox
