3986 6178
215 257 327 314 729

1686 245 1992 308 HOMILIA
2035 249 2160 309 XII.

3503 259 3614 316 730

212 385 328 440 litis
353 382 644 439 erubescit
667 381 1196 449 fratrisatisfacere,
1217 389 1271 439 et
1297 383 1474 439 lessus
1483 382 1665 452 justo,
1680 393 1872 451 quan-
1901 381 1951 440 A
1983 386 2132 437 rant.
2157 385 2268 439 Sed
2291 384 2418 456 ipse
2441 383 2554 440 sibi
2577 383 2857 454 injuriam
2873 382 3030 447 facit,
3053 383 3156 455 qui
3186 383 3424 454 litigiosi
3446 386 3637 443 homi-

215 479 339 529 tum
379 472 504 544 ipse
535 475 722 543 putat,
761 471 986 542 judicio
1040 471 1367 529 vindictam
1411 470 1586 528 illata
1633 468 1872 540 requirit

213 561 465 631 injuria.

284 654 336 705 3.
359 649 618 704 Audistis
645 664 798 713 ecce,
817 648 1211 717 dilectissimi,
1233 650 1448 722 quibus
1480 648 1644 721 pacis
1671 646 1871 702 studia

213 738 503 793 fructibus
533 737 923 806 gratulentur,
947 754 1106 793 nunc
1134 739 1342 794 discite
1356 737 1585 808 quantis
1612 735 1749 792 odia
1763 734 1869 790 cri-

212 826 476 883 minibus
498 826 864 880 incusentur.
887 827 976 882 Sic
1004 827 1163 882 enim
1183 827 1464 900 proponit
1477 824 1870 895 evangelistat

213 915 470 970 Domino
499 913 753 970 dicente:
773 914 887 982 Qui
894 915 1012 970 odit
1025 914 1272 986 fratrem
1285 931 1471 979 suum,
1501 914 1779 970 homicida
1793 927 1865 979 es,

211 1007 253 1064 (ἰ
281 1005 453 1060 Joa-n.
488 1019 568 1067 ιιι,
601 1003 710 1074 51).
739 1003 940 1059 Videte
967 1004 1278 1076 utriusque
1309 1005 1493 1076 partis
1531 1003 1870 1059 retributio-

207 1108 370 1151 nem.
403 1092 548 1147 Huic
562 1107 668 1163 pro
691 1091 830 1147 odio
845 1092 1040 1148 fratris
1054 1092 1358 1148 homicidii
1374 1092 1611 1148 macula
1624 1090 1840 1147 ascribi
1851 1121 1867 1129 -

207 1185 326 1247 tur,
350 1180 429 1236 illi
448 1179 710 1235 vindicta
732 1197 840 1253 pro
861 1196 1047 1252 parva
1067 1181 1453 1252 eleemosyna
1479 1185 1866 1252 prmparatur.

205 1270 456 1341 Respice
473 1268 730 1341 denique
756 1275 812 1325 et
828 1270 962 1325 vide
989 1275 1211 1341 quanto
1231 1275 1284 1325 te
1304 1269 1564 1325 amicitia
1581 1268 1796 1340 quietis
1817 1272 1871 1322 et

204 1359 376 1431 pacis
406 1358 632 1413 honore
655 1358 992 1429 circumdet,
1027 1365 1324 1430 quantum
1346 1357 1450 1413 tibi
1481 1356 1872 1412 favorisexhi-

204 1445 424 1509 beat,si
441 1445 724 1500 adversus
740 1446 1068 1501 inimicitias
1080 1461 1273 1501 amore
1288 1444 1569 1501 contende
1582 1461 1627 1498 s.
1639 1443 1872 1513 Ditigite

205 1535 464 1589 inimicos
492 1539 706 1590 vestros
739 1535 976 1605 (Matth.
1008 1552 1064 1600 v,
1094 1537 1208 1604 44).
1237 1537 1432 1604 Longe
1465 1543 1660 1589 autem
1680 1533 1873 1587 minor

206 1621 438 1677 fructus
463 1627 572 1687 est,
605 1622 651 1677 si
682 1628 985 1678 amantem
1011 1628 1064 1677 te
1077 1622 1541 1692 diligas.Alienis
1566 1621 1722 1676 enim
1739 1635 1872 1674 mo-

1980 471 2073 526 nis
2100 472 2210 542 18
2234 474 2413 530 verba
2438 473 2695 530 custodit
2723 491 2735 524 :
2769 473 2896 544 ipse
2921 488 2984 527 se
3034 473 3316 538 maculat,
3351 474 3448 544 qui
3498 475 3636 530 alte-

1978 560 2102 614 rius
2127 560 2282 617 dicta
2302 563 2568 634 queritur
2591 563 2648 616 in
2681 577 2740 616 se
2763 561 2947 617 fuisse
2974 561 3205 619 collata.
3236 560 3414 618 Plena
3458 561 3636 618 victo-

1979 649 2064 704 ria
2085 653 2191 714 est,
2226 651 2302 705 ad
2329 651 2690 707 clamantem
2738 655 2949 715 tacere,
2997 655 3054 705 et
3103 665 3225 705 non
3275 651 3636 721 respondere

1979 740 2345 809 provocanti.
2362 740 2554 796 Habes
2571 741 2730 795 enim
2752 739 3085 794 mercedem
3110 744 3166 794 et
3191 739 3263 795 de
3291 745 3392 796 tua
3410 741 3636 811 patien-

1980 827 2078 888 tia,
2109 833 2163 883 ct
2188 829 2260 884 de
2291 828 2484 884 fratris
2515 829 2768 898 medela,
2803 829 2849 882 si
2881 827 3165 882 oblivioni
3192 828 3510 900 deputetur
3547 830 3636 883 in-

1973 917 2161 986 juria;
2187 918 2286 973 ubi
2307 917 2466 972 enim
2492 917 2686 973 verbis
2723 917 2900 972 verba
2949 917 3298 984 succedunt,
3354 917 3630 974 incendio

1977 1006 2242 1062 fomenta
2271 1012 2648 1077 praestantur.
2686 1005 3004 1062 Sicutnihil
3035 1011 3121 1060 est
3148 1005 3471 1061 deformius
3509 1022 3628 1062 res-

1975 1095 2242 1168 pondere
2271 1093 2527 1158 furiosis,
2563 1096 2641 1152 ita
2667 1095 2812 1150 nihil
2836 1094 3032 1149 utilius
3058 1099 3248 1150 tacere
3273 1096 3628 1166 provocatis.

1977 1187 2126 1240 Nam
2146 1185 2225 1240 sic
2257 1188 2600 1239 accrescunt
2625 1183 2961 1251 inimicitiae,
2992 1183 3040 1237 si
3071 1199 3208 1238 cum
3231 1183 3373 1238 alter
3419 1199 3480 1239 se
3511 1199 3632 1239 ver-

1977 1273 2070 1329 bis
2101 1273 2380 1337 defendit,
2410 1273 2652 1329 alterius
2694 1273 2846 1328 dicta
2893 1271 3038 1327 alter
3096 1276 3376 1327 accuset:
3433 1272 3633 1327 nullus

1981 1368 2178 1418 autem
2206 1369 2296 1418 est
2319 1363 2453 1417 linis
2471 1361 2812 1428 inimicitiis,
2832 1361 2948 1417 nisi
2971 1361 3046 1417 ad
3071 1365 3306 1432 tempus
3327 1360 3632 1432 obtempe-

1979 1467 2182 1506 remus
2216 1451 2397 1506 iratis.
2429 1451 2582 1505 Dicis
2633 1449 2797 1506 forte.
2831 1454 2955 1506 Non
3016 1454 3105 1505 est
3147 1450 3338 1520 culpa,
3399 1448 3444 1502 si
3489 1448 3636 1504 illud

1980 1539 2143 1610 quod
2161 1539 2303 1594 dicit
2331 1539 2623 1610 propheta
2650 1539 2884 1594 feceris:
2921 1541 3092 1604 Pone,
3152 1539 3410 1602 Domine,
3451 1544 3639 1592 custo-

1980 1628 2143 1683 diam
2171 1629 2261 1682 ori
2288 1643 2428 1694 meo,
2463 1635 2513 1682 et
2544 1629 2746 1683 ostium
2775 1627 3231 1682 circumstantiae
3279 1627 3450 1682 labiis
3500 1630 3634 1682 meis

204 1711 383 1805 ribus
403 1712 602 1778 servit,
632 1711 734 1805 qui
766 1727 886 1766 non
915 1715 1222 1767 amantem
1253 1712 1443 1781 diligit
1471 1735 1482 1765 :
1513 1711 1638 1805 suis
1671 1715 1869 1764 autem
1905 1747 1951 1805 Β
1981 1717 2161 1786 (Ρεαι,
2183 1732 2306 1779 CXL,
2330 1718 2405 1785 3).
2443 1717 2499 1772 Si
2535 1731 2656 1771 non
2679 1716 2768 1770 vis
2793 1715 3074 1784 injuriam
3101 1715 3242 1786 pati,
3277 1715 3456 1785 religa
3480 1714 3634 1785 plec-

205 1799 482 1854 moribus
508 1801 702 1866 servit,
727 1801 828 1871 qui
851 1809 1155 1857 amantem
1169 1800 1374 1871 diligit.
1392 1800 1479 1854 Ad
1493 1799 1659 1854 illum
1673 1813 1871 1853 neces-

206 1887 370 1944 sario
401 1888 704 1943 charitatis
724 1889 912 1958 gratia
942 1888 1212 1960 pertinet,
1245 1889 1346 1960 qui
1370 1889 1520 1944 inter
1536 1888 1688 1943 duos
1710 1887 1871 1958 prior

203 1976 492 2032 affectum
509 1977 736 2032 amoris
751 1978 1039 2046 exhibuit;
1054 1977 1156 2050 qui
1176 1983 1476 2033 amantem
1493 1974 1869 2046 diligit,debi—

205 2075 335 2120 tum
364 2066 577 2121 reddit.
612 2070 760 2122 Nam
792 2083 913 2122 non
945 2072 1030 2123 est
1055 2083 1280 2123 novum
1299 2067 1594 2136 meritum,
1616 2064 1867 2120 ubialte-

202 2155 332 2209 rius
374 2155 927 2226 praeceditofﬁcium
948 2176 959 2213 :
978 2172 1086 2212 nec
1105 2155 1446 2228 perfectioni
1460 2153 1867 2210 ascribendum

201 2249 313 2309 est,
344 2244 451 2298 ubi
474 2246 822 2300 muneribus
859 2261 1130 2313 munera,
1165 2244 1487 2315 praemissis
1508 2242 1718 2299 ofﬁciis
1741 2242 1872 2297 red-

201 2332 436 2387 duntur
457 2332 676 2390 ofﬁcia.
707 2334 765 2388 Si
785 2336 1052 2390 esurierit
1075 2334 1353 2389 inimicus
1382 2341 1537 2399 tuus,
1566 2333 1694 2388 ciba
1708 2332 1869 2386 illum

203 2421 400 2491 (Rom.
423 2439 528 2491 xu,
557 2425 669 2493 20).
705 2424 1002 2494 Numquid
1033 2423 1199 2488 dixit,
1236 2423 1293 2478 Si
1319 2422 1588 2478 esurierit
1641 2421 1870 2477 amicus

205 2515 370 2579 tuus,
395 2511 524 2567 ciba
538 2511 704 2567 illum
723 2511 844 2567 ?Tu
859 2511 1168 2566 inimicum
1187 2515 1353 2566 tuum
1371 2527 1570 2583 pasce;
1587 2526 1720 2566 nam
1737 2509 1872 2565 ami-

203 2615 315 2653 cus
343 2599 475 2670 ipse
506 2601 610 2654 sibi
625 2604 867 2672 praestat
889 2605 949 2655 ut
974 2615 1094 2655 non
1110 2599 1329 2655 esuriat
1352 2618 1364 2654 :
1385 2599 1530 2671 quid
1562 2604 1761 2655 autem
1788 2598 1869 2654 ibi

201 2694 496 2759 operatur
510 2697 609 2743 tua
625 2688 1123 2760 eleemosyna,ubi
1137 2688 1379 2743 amicum
1395 2687 1867 2759 pascitamicitia.

276 2781 334 2832 4.
370 2777 691 2833 Videamus
721 2787 920 2835 tamen
952 2778 1099 2850 quid
1125 2777 1349 2832 intersit
1377 2777 1528 2832 inter
1572 2793 1710 2832 eum
1774 2776 1870 2847 qui

199 2867 578 2935 indigentem
605 2869 866 2922 amicum
889 2868 1079 2939 pascit
1109 2871 1316 2922 eteum
1364 2867 1466 2937 qui
1517 2867 1872 2921 esurientem

197 2955 522 3012 inimicum
540 2956 748 3012 reﬁcit.
763 2956 860 3012 llle
878 2958 1083 3026 gratim
1095 2955 1285 3012 reddit
1306 2954 1695 3024 debitum,hic
1712 2953 1873 3010 exhi-

199 3045 302 3100 bet
338 3044 740 3101 miserationis
754 3051 810 3102 et
824 3047 1047 3101 virtutis
1061 3044 1422 3116 exemplum.
1437 3044 1761 3099 Gloriosum
1787 3048 1874 3099 est

199 3133 459 3205 quidem
490 3133 854 3203 indigentem
888 3133 1130 3189 fratrem
1166 3105 1428 3204 pascere,
1448 3133 1550 3188 sed
1569 3132 1872 3188 fortiusest
1900 3105 1945 3167 θ

199 3223 456 3278 inimico
487 3223 545 3278 in
612 3223 958 3279 necessitate
1017 3223 1204 3294 posito
1259 3222 1589 3277 subvenire.
1653 3222 1870 3294 Ditigite

203 3312 483 3370 mimico:
514 3320 742 3367 vestros.
765 3314 931 3367 Forte
960 3312 1239 3382 illiquem
1262 3326 1467 3366 recens
1495 3311 1696 3382 pulsat
1722 3311 1870 3380 inju-

205 3401 318 3465 ria,
355 3400 796 3456 videanturista
822 3416 937 3455 non
961 3399 1276 3455 convenire
1302 3399 1534 3455 rationi.
1555 3399 1666 3455 Sed
1693 3401 1869 3470 respi-

207 3491 350 3555 ciat,
386 3491 752 3563 quicumque
769 3496 876 3558 est,
908 3489 984 3544 ad
1017 3489 1283 3542 viteesuaa
1306 3489 1562 3560 quietem
1589 3505 1602 3553 ;
1631 3492 1686 3543 et
1710 3488 1872 3543 intel-

207 3579 355 3649 liget
387 3579 528 3650 quia
558 3579 866 3634 inimicum
882 3577 1411 3642 dilexisse,vicisse
1432 3581 1539 3631 est.
1575 3576 1872 3632 Infinitum

211 3673 539 3737 autemest,
565 3673 858 3740 quantum
885 3665 1710 3740 periculihominiincumbal,
1736 3683 1874 3721 cum

212 3756 372 3813 duos
401 3757 620 3812 aemulo
644 3757 840 3812 furore
871 3755 1205 3811 consimiles
1237 3756 1314 3810 ad
1340 3771 1608 3827 pugnam
1627 3755 1720 3810 ille
1752 3755 1874 3810 dia-

209 3845 398 3901 bolus
429 3847 711 3914 magister
738 3845 852 3900 litis
892 3845 1229 3908 armaverit,
1258 3845 1428 3915 cujus
1448 3850 1534 3899 est
1563 3851 1875 3900 consuetu-

211 3934 374 3989 dinis
402 3933 479 3988 ad
511 3933 857 4003 instiganda
887 3933 1026 3989 odia
1067 3949 1306 3988 amaros
1329 3937 1560 4002 portare
1575 3948 1643 3988 ac
1673 3948 1875 4003 repor-

217 4034 334 4078 tere
360 4038 684 4078 sermones.
715 4023 968 4088 Quando
992 4029 1078 4078 est
1105 4028 1303 4077 autem
1348 4029 1408 4074 ut
1437 4021 1530 4075 ille
1563 4021 1715 4076 diem
1751 4020 1877 4075 sine

213 4111 602 4167 tribulatione
625 4112 932 4182 transigat,
962 4111 1050 4166 vel
1082 4109 1321 4182 quando
1342 4113 1428 4163 est
1450 4116 1508 4164 ut
1535 4109 1613 4164 ab
1642 4109 1741 4164 illo
1759 4124 1878 4164 nox

215 4201 343 4255 sine
377 4200 570 4270 impia
587 4199 944 4268 cogitatione
977 4198 1266 4266 discedat,
1294 4197 1580 4269 quemira
1609 4197 1876 4266 indigna-

216 4291 373 4345 tione
405 4288 669 4344 stimulat
683 4290 710 4342 ‘.’
738 4291 1074 4360 Numquam
1101 4286 1364 4358 profecto
1387 4286 1513 4341 sine
1540 4287 1877 4357 suspicione

216 4379 403 4432 vitam
435 4377 636 4446 ducet,
663 4378 755 4432 cui
796 4385 880 4432 est
912 4390 1146 4447 semper
1172 4391 1414 4430 necesse
1446 4376 1702 4445 cogitare
1730 4381 1785 4430 et
1814 4376 1879 4430 ti-

1981 1809 2135 1860 trum
2158 1806 2276 1859 oris
2307 1805 2407 1869 tui,
2438 1811 2492 1859 et
2511 1804 2909 1859 obturaaures
2931 1809 3081 1866 tuas,
3112 1818 3185 1856 ne
3207 1802 3282 1856 ad
3299 1807 3350 1857 te
3377 1803 3632 1857 irascen-

1978 1892 2051 1949 tis
2082 1894 2278 1950 fratris
2308 1893 2488 1947 verba
2511 1891 2893 1964 perveniant;
2929 1896 3030 1945 aut
3069 1895 3222 1945 certe
3255 1891 3302 1942 si
3349 1905 3628 1960 pervene~

1976 1982 2110 2046 rint,
2136 1981 2366 2036 silentio
2397 1981 2768 2052 deputentur.
2803 1978 2894 2034 Sic
2922 1979 2988 2033 ﬁt
3013 1982 3072 2033 ut
3101 1983 3420 2048 conceptus
3445 1976 3625 2031 furor.

1976 2073 2249 2126 virtutem
2267 2070 2494 2141 perdat,
2529 2069 2576 2123 si
2600 2084 2722 2124 uno
2749 2073 2978 2124 tacente
3010 2068 3160 2122 alter
3176 2066 3332 2120 solus
3350 2066 3625 2121 insaniat.

2050 2164 2099 2214 6.
2135 2158 2342 2212 Audite
2359 2157 2707 2229 Apostolum
2737 2158 3067 2211 dicentem:
3119 2155 3360 2210 Dilectio
3390 2155 3630 2222 proximi

1977 2248 2194 2304 malum
2217 2263 2335 2302 non
2350 2254 2630 2315 operatur
2643 2247 2825 2315 (Rom.
2841 2261 2961 2309 χιιι,
2979 2246 3086 2316 10).
3113 2243 3293 2299 Vultis
3307 2244 3454 2297 scire
3473 2243 3629 2313 quod

1979 2337 2051 2392 sit
2080 2336 2238 2392 istud
2267 2335 2512 2400 malum,
2542 2335 2701 2407 quod
2733 2335 2981 2404 gratiam
3006 2333 3279 2388 fraternae
3296 2330 3629 2387 dilectionis

1978 2424 2279 2482 excludit?
2300 2424 2459 2489 odia,
2480 2425 2641 2488 rixas,
2664 2424 2771 2478 sim
2783 2421 3175 2487 ultates,lites,
3195 2419 3629 2485 aemulationes,

1979 2531 2114 2587 quae
2135 2529 2377 2570 omnem
2405 2530 2647 2569 cursum
2681 2514 2814 2567 vitae
2839 2511 3145 2583 prmsentis
3166 2510 3479 2565 infamant.
3511 2509 3633 2565 Hoc

1980 2619 2122 2672 ergo
2156 2602 2315 2658 malo
2347 2602 2657 2657 absolutus
2684 2605 2790 2664 est,
2824 2600 2929 2671 qui
2969 2599 3237 2654 charitati
3270 2598 3448 2652 servit
3479 2614 3492 2651 :
3524 2613 3635 2652 nec

1979 2693 2161 2748 habet
2186 2693 2243 2746 in
2279 2707 2348 2746 eo
2379 2691 2576 2746 locum
2595 2689 2768 2744 ruina
2793 2689 3084 2750 vitiorum,
3111 2686 3212 2757 qui
3235 2685 3635 2741 calcatisodiis

1979 2782 2276 2850 integrum
2304 2779 2605 2834 charitatis
2637 2777 2893 2832 custodit
2917 2775 3215 2831 affectum.
3273 2773 3448 2827 Addit
3499 2790 3634 2829 ecce

1980 2869 2315 2928 dilectionis
2347 2871 2737 2936 augmentum
2767 2863 3151 2934 evangelista,
3183 2862 3419 2916 dicens:
3445 2862 3634 2933 Dilige

1977 2962 2307 3031 proximum
2339 2965 2527 3019 tuum,
2558 2958 2711 3011 sicut
2743 2955 3086 3024 temetipsum
3102 2951 3494 3022 (Matt/mixti,
3517 2953 3628 3020 39).

1981 3049 2301 3105 Videamus
2334 3046 2430 3118 qui
2459 3045 2532 3099 sit
2561 3045 2667 3099 iste
2700 3044 3215 3114 proximus,quem
3240 3045 3404 3095 tanto
3435 3038 3632 3094 studio

1981 3138 2347 3209 evangelista
2364 3134 2768 3192 commendat.
2789 3137 2911 3189 Non
2948 3132 3026 3188 ita
3053 3131 3345 3204 propheta
3377 3128 3628 3198 gradum

1979 3227 2296 3302 parentelae
2329 3230 2429 3280 aut
2451 3224 2948 3280 necessitudinem
2981 3218 3513 3290 consanguinitatis
3539 3233 3633 3273 ex-

1981 3316 2200 3390 posuit,
2229 3322 2291 3370 ut
2324 3319 2638 3370 extraneos
2672 3328 2707 3368 a
2747 3311 2938 3382 gratia
2989 3310 3262 3366 fraternas
3307 3308 3634 3363 dilectionis

1982 3404 2339 3460 excluderet.
2377 3404 2684 3458 Proximus
2722 3407 2859 3456 tuus
2889 3405 2976 3456 est
3022 3399 3218 3455 omnis
3268 3399 3472 3462 homo,
3533 3398 3635 3469 qui

1982 3494 2192 3550 eadem
2226 3493 2326 3548 tibi
2359 3500 2442 3548 est
2470 3490 2916 3547 Christianitatis
2944 3489 3068 3560 lege
3092 3489 3442 3560 conjunctus
3468 3503 3479 3553 ;
3506 3502 3638 3559 pro-

1983 3583 2180 3638 ximus
2195 3583 2297 3638 tibi
2318 3589 2422 3648 est,
2447 3582 2550 3654 qui
2574 3581 2651 3635 ab
2670 3580 2940 3635 Ecclesiae
2963 3579 3260 3634 consortio
3275 3594 3393 3633 non
3409 3577 3639 3634 videtur

1985 3673 2250 3742 alienus;
2281 3671 2589 3741 proximus
2617 3670 2737 3734 tibi,
2784 3669 3144 3740 quicumque
3195 3673 3285 3723 est
3327 3667 3634 3739 proximus

1985 3762 2215 3818 Christi.
2251 3760 2514 3830 Quiergo
2535 3760 2868 3831 proximum
2925 3757 3132 3827 diligit,
3191 3759 3374 3812 Deum
3428 3756 3632 3828 diligit.

1987 3853 2070 3906 Ita
2093 3849 2388 3922 quiDeum
2405 3847 2611 3917 diligit,
2645 3846 3168 3917 oportetutChristi
3195 3845 3633 3917 suiproximum

1985 3943 2314 3996 veneretur.
2337 3938 2622 4008 Propheta
2643 3935 2899 3989 laudans
2933 3935 3064 4004 conj
3077 3935 3411 3988 unctionem
3437 3932 3637 3987 frater-

1986 4044 2129 4084 nam
2155 4028 2288 4082 dicit
2321 4044 2333 4082 :
2363 4028 2510 4081 Ecce
2527 4039 2695 4094 quam
2719 4022 2914 4077 bonum
2943 4027 3187 4090 etquam
3202 4021 3506 4090 jucundum
3539 4021 3636 4074 ha-

1989 4116 2405 4186 bitarefratres
2435 4116 2496 4168 in
2518 4127 2693 4167 unum
2740 4111 2916 4180 (Psat.
2971 4124 3183 4172 cxxxu,
3229 4106 3318 4180 t)!
3373 4107 3524 4172 Quid
3578 4108 3635 4161 in

1985 4207 2106 4262 viti
2136 4204 2395 4261 hominis
2418 4207 2507 4257 est
2532 4202 2779 4267 bonum,
2809 4198 2924 4254 nisi
2956 4214 3093 4270 pax,
3128 4196 3239 4251 sub
3266 4213 3387 4268 qua
3433 4195 3638 4252 omnia

1986 4311 2122 4367 quia
2154 4299 2290 4348 sunt
2322 4292 2574 4347 honesta
2603 4287 2920 4361 proﬁciunt
2945 4303 3014 4342 ac
3051 4285 3330 4357 religiosa
3373 4285 3638 4340 nutriun-

1987 4389 2080 4439 tur
2096 4383 2123 4437 ?
2141 4382 2293 4448 Quid
2326 4385 2414 4435 est
2435 4378 2759 4449 jucundius
2777 4393 2954 4448 quam
2975 4380 3039 4431 ut
3068 4391 3279 4430 omnes
3309 4380 3514 4446 gentes
3537 4374 3636 4429 uni

219 4482 382 4522 mere
416 4482 600 4537 quem
629 4465 858 4521 laeserit.
888 4467 1125 4520 Summa
1165 4464 1363 4535 itaque
1387 4479 1531 4520 cura
1548 4470 1684 4520 sunt
1714 4464 1878 4520 dolo-
1914 4463 1957 4519 D
1988 4475 2102 4527 Deo
2127 4473 2184 4526 in
2208 4485 2353 4543 pace
2376 4470 2655 4533 serviant,
2677 4466 2926 4538 atquein
2944 4465 3120 4520 unius
3145 4465 3375 4519 Domini
3395 4463 3635 4520 laudem

223 4569 310 4612 res
343 4556 536 4627 asperi
566 4555 792 4611 blando
840 4555 1160 4610 verborum
1210 4553 1604 4609 medicamine
1659 4559 1878 4625 tempe—

225 4644 416 4709 randi,
452 4648 750 4715 quatenus
763 4643 1044 4699 etduritia
1068 4642 1264 4697 cordis
1285 4643 1450 4714 pacis
1483 4642 1678 4698 studio
1702 4643 1876 4698 casti-

228 4741 362 4803 gata
387 4731 720 4788 mollescat.
761 4733 825 4786 In
851 4747 968 4802 quo
997 4730 1130 4786 loco
1160 4731 1364 4785 beatos
1387 4730 1512 4785 illos
1536 4731 1754 4801 judico,
1775 4731 1877 4804 qui

228 4823 405 4878 verba
437 4821 734 4876 labiornm
764 4835 1009 4874 suorum
1040 4819 1216 4875 tacito
1248 4834 1348 4874 ore
1402 4820 1764 4886 custodiunt,
1824 4826 1880 4877 et

230 4927 525 4968 memores
539 4909 863 4965 ccelestium
879 4908 1300 4964 mandatorum
1323 4907 1533 4964 alienae
1568 4911 1730 4965 vocis
1743 4926 1880 4965 con-

233 5001 533 5056 tumeliam
555 5015 678 5054 non
700 4997 1444 5070 requirunt.Cessantenim
1457 4998 1614 5061 odia,
1642 4998 1742 5053 ubi
1759 5014 1878 5054 non

231 5096 532 5161 reputatur
562 5087 777 5158 injuria
797 5105 811 5158 ;
829 5085 1317 5143 nechabetullam
1334 5087 1603 5141 virtutem
1646 5089 1878 5142 iracun-

233 5175 394 5243 dia,si
408 5178 563 5233 desit
581 5177 753 5231 unius
779 5176 838 5230 in
853 5176 1228 5231 contentione
1260 5190 1538 5245 persona.
1558 5176 1639 5231 lta
1657 5175 1876 5248 duplex

236 5269 561 5334 patientiam
577 5270 767 5320 manet
780 5265 1016 5320 victoria
1031 5282 1043 5319 ε
1061 5264 1364 5319 hominem
1381 5263 1592 5318 vicisse
1607 5266 1874 5335 proprios

239 5357 569 5412 animorum
602 5360 818 5420 motus,
842 5360 896 5409 et
928 5359 1286 5424 temperasse
1319 5368 1513 5407 mores
1559 5353 1803 5408 alienos.

380 5444 890 5516 Scimusquidem,
919 5442 1468 5512 dilectissimi,quod
1495 5442 1873 5514 aliquotiesiu

234 5541 604 5593 contentione
629 5532 942 5590 verborum
955 5531 1225 5588 laceratis
1238 5531 1482 5588 auribus
1495 5531 1677 5589 corda
1690 5533 1876 5604 suspi-

1987 4560 2258 4615 omnium
2288 4558 2651 4630 populorum
2684 4561 2817 4611 vota
2848 4552 3247 4611 conveniant?
3276 4553 3552 4608 Habitare
3578 4554 3636 4608 in

1986 4664 2178 4704 unum
2198 4648 2308 4703 hoc
2330 4651 2435 4711 est,
2460 4647 2519 4701 in
2537 4662 2715 4701 unum
2743 4647 2927 4699 Deum
2959 4644 3218 4707 credere,
3238 4650 3292 4696 et
3320 4642 3379 4697 in
3396 4658 3505 4696 uno
3536 4643 3637 4695 Dei

1990 4737 2127 4792 Filio
2154 4736 2402 4792 fideliter
2420 4749 2793 4808 permanere.
2815 4735 2947 4788 Haec
2969 4737 3057 4787 est
3088 4731 3436 4786 mortalibus
3481 4729 3638 4784 utilis

1988 4831 2040 4882 et
2076 4825 2345 4897 jucunda
2379 4823 2740 4895 conjunctio,
2775 4828 2838 4876 ut
2894 4837 3016 4876 non
3071 4820 3430 4882 dividamus,
3488 4818 3636 4871 sicut

1986 4915 2242 4971 haeretici
2280 4914 2520 4978 faciunt,
2540 4915 2763 4968 Patrem
2782 4927 2818 4966 a
2849 4910 3007 4973 Filio,
3033 4925 3141 4964 nec
3165 4908 3420 4963 Filiuma
3445 4908 3634 4964 Patre,

1985 5021 2096 5060 nec
2128 5004 2408 5074 Spiritum
2440 5007 2710 5056 sanctum
2743 5000 2820 5054 ab
2848 5003 3131 5069 utroque;
3167 4997 3266 5051 sed
3319 4994 3636 5049 credamus

1985 5093 2114 5148 haec
2142 5092 2250 5146 tria
2279 5091 2524 5145 nomina
2565 5105 2670 5160 per
2703 5103 2988 5159 personas
3021 5086 3224 5146 divisa,
3258 5082 3430 5138 unius
3452 5079 3636 5136 deita-

1987 5182 2061 5237 tis
2093 5179 2352 5249 gaudere
2369 5177 2685 5232 consortio.
2707 5176 2790 5229 Ita
2823 5177 2886 5228 tit
2917 5179 2978 5228 ut
3007 5190 3140 5228 cum
3176 5172 3232 5226 in
3275 5187 3461 5226 unum
3503 5185 3640 5225 con-

1987 5267 2230 5330 venerit,
2252 5266 2483 5321 nullum
2513 5265 2586 5319 sit
2602 5267 2659 5318 in
2680 5264 2938 5319 Ecclesia
2955 5261 3275 5316 dissidium
3307 5259 3637 5316 charitatis.

2056 5362 2107 5410 7.
2143 5355 2401 5410 Vitemus
2427 5369 2568 5422 ergo
2599 5367 2853 5422 semper,
2895 5349 3277 5420 dilectissimi,
3311 5349 3479 5404 odia:
3535 5348 3638 5402 sed

1986 5453 2051 5502 ut
2080 5445 2218 5500 odia
2244 5445 2426 5500 vitare
2441 5442 2761 5514 possimus,
2778 5447 2915 5497 ante
2929 5440 3126 5496 omnia
3154 5455 3368 5495 causas
3389 5439 3640 5494 vitemus

1988 5535 2285 5593 odiorum.
2318 5531 2509 5590 Primo
2523 5531 2657 5590 loco
2673 5534 2864 5588 cesset
2891 5529 3131 5596 invidis,
3151 5545 3287 5603 qua
3305 5528 3383 5586 ad
3395 5543 3638 5587 omnem
