3986 6178
440 274 549 333 731

1434 269 1498 333 S.
1547 269 1939 332 VALERIANI
1979 267 2303 330 EPISOOPI
2345 270 2842 332 CEMELIENSIS.
3702 273 3787 334 m

434 402 596 458 litem
638 400 871 455 animos
891 398 1171 456 humanm
1214 402 1428 457 mentis
1480 402 1771 458 accendit.
1810 404 1992 457 Nemo
2025 399 2086 455 in
2118 401 2167 463 Α
2199 416 2343 472 opus
2367 406 2452 457 est
2476 400 2779 458 bonitatis.
2814 401 3000 457 Omne
3030 400 3286 474 denique
3311 402 3605 474 poculum,
3652 402 3792 460 dilec-

437 488 887 559 comparatione
910 505 1179 560 personae
1212 490 1449 545 alterius
1472 491 1699 547 natales
1721 490 2000 558 infamet;
2034 493 2089 543 et

436 592 558 633 non
578 580 663 631 est
687 592 868 648 quem
897 577 1208 633 insolentia
1224 580 1317 634 sui
1341 582 1456 635 oris
1478 585 1724 637 accuset.
1749 579 2090 635 Cavendum

440 670 575 720 ante
606 665 813 721 omnia
843 670 949 731 est;
982 681 1055 721 ne
1075 667 1224 738 quid
1252 683 1348 738 per
1364 670 1862 725 concertationem
1890 666 2092 723 simul-

440 755 573 810 tatis
596 758 915 810 accrescat.
949 755 1108 810 Solet
1134 756 1294 812 euim
1324 757 1665 814 insanabilis
1691 757 1999 813 inimicitia
2018 772 2091 811 ex

442 844 812 899 contentione
841 844 1223 900 descendere-
1256 848 1314 901 In
1346 864 1462 917 quo
1485 848 1615 904 loco
1637 847 1919 919 patientia
1939 863 2088 916 opus

442 936 549 996 est,
572 933 665 987 cui
698 949 816 987 non
845 934 969 988 sine
996 934 1182 989 fructu
1210 938 1459 1007 propria;
1491 937 1696 992 salutis
1718 936 2086 1008 obsequeris.

442 1023 588 1077 Nam
605 1022 755 1077 sicut
773 1022 938 1076 illum
952 1023 1053 1094 qui
1079 1023 1357 1093 injuriam
1382 1025 1543 1082 fratri
1564 1026 1735 1081 infert
1752 1026 1947 1096 gravis
1963 1041 2091 1097 pec-

444 1111 552 1165 cati
580 1117 779 1165 manet
810 1110 1022 1181 culpa;
1052 1112 1132 1168 ita
1161 1118 1211 1168 te
1244 1114 1507 1170 maxime
1564 1117 1817 1185 protegit
1862 1114 2090 1169 virtutis

443 1215 679 1262 corona,
713 1200 759 1253 si
794 1205 1039 1271 accepta
1069 1216 1189 1256 non
1216 1203 1487 1258 irasceris
1513 1204 1751 1273 injuria.
1782 1204 1879 1258 llle
1930 1202 2089 1259 enim

441 1287 771 1341 dilectionis
793 1287 1005 1359 plenus
1027 1288 1273 1345 aﬂ‘ectus
1294 1298 1397 1361 est,
1435 1293 1483 1347 si
1509 1292 1856 1348 oblitteratis
1885 1297 2091 1348 contu-

442 1374 1103 1440 meliis,iuﬁrmitalibus
1120 1377 1448 1435 miserearis
1461 1380 1683 1436 alienis.
1697 1381 1924 1437 Scimus
1938 1380 2090 1451 quod

443 1462 770 1532 gloriosum
783 1468 869 1519 est
891 1465 1228 1537 aliquantis,
1244 1475 1585 1540 exspectare
1614 1470 1887 1539 benignis
1907 1469 2090 1525 oculis

440 1568 650 1624 pmnas
676 1569 994 1624 corporum
1015 1561 1117 1611 aut
1143 1556 1367 1613 damna
1393 1558 1818 1614 miserabilium
1850 1558 2092 1614 faculta-

445 1644 588 1695 tum.
621 1641 731 1695 Sed
754 1643 800 1695 si
830 1642 933 1714 qui
965 1646 1233 1712 suntisti,
1268 1648 1515 1703 audiant
1553 1649 1872 1704 Dominum
1894 1647 2092 1703 dicen-

443 1733 558 1784 tem
594 1747 603 1783 :
641 1731 812 1785 Orate
846 1749 946 1824 pro
995 1735 1487 1793 calumniantibus
1545 1738 1700 1791 vobis
1745 1738 1982 1802 (Matth.
2030 1752 2087 1801 v,
2120 1765 2164 1824 Β

442 1820 558 1886 44).
575 1817 729 1872 Multi
743 1810 1078 1892 accepiainj
1092 1824 1217 1878 uria
1236 1826 1520 1881 vicariam
1543 1825 1967 1901 contumeliam
1984 1841 2091 1896 pa-

442 1910 595 1970 rant,
629 1910 685 1960 et
714 1906 984 1963 vindictae
1006 1910 1203 1966 locum
1226 1913 1430 1969 animo
1454 1913 1828 1969 latrocinanti
1858 1928 2092 1984 exspec-

446 1998 587 2049 tant.-
626 1994 800 2050 Etubi
833 2002 923 2053 est
946 1998 1093 2053 illud
1117 2003 1280 2071 quod
1317 2004 1593 2057 Dominus
1630 2002 1805 2059 dicit:
1863 2002 2095 2059 Nemini

444 2084 656 2139 malum
677 2101 785 2155 pro
815 2088 1295 2146 maloreddentes
1325 2092 1502 2162 (Rom.
1549 2109 1647 2157 xu,
1710 2093 1846 2163 t7)?
1898 2094 1979 2146 Ac
2018 2107 2091 2147 ne

442 2172 666 2243 aliquid
700 2174 811 2228 sibi
846 2176 1170 2232 vindicaret
1197 2178 1519 2243 iracundia,
1554 2182 1859 2251 potestatis
1910 2180 2090 2235 etiam

443 2277 611 2331 spem
636 2262 876 2319 abstulit
906 2264 1168 2333 ultionis,
1191 2282 1326 2322 cum
1352 2269 1492 2324 dicit
1524 2287 1535 2325 :
1571 2269 1720 2324 Mihi
1749 2270 2085 2334 vindictam,

441 2363 535 2418 ego
565 2351 902 2415 retribuam,
935 2353 1073 2407 dicit
1100 2356 1385 2410 Dominus
1424 2357 1620 2424 (Ibid,
1660 2361 1765 2426 19).
1828 2358 2093 2413 Dimittat

440 2451 582 2506 ergo
604 2438 1017 2511 unusquisque
1046 2440 1209 2497 fratri
1236 2459 1345 2498 suo
1377 2459 1447 2500 ex
1478 2450 1600 2500 toto
1645 2446 1837 2501 corde.
1889 2444 2091 2502 Nullus

438 2524 659 2581 recolat
689 2526 986 2597 injuriam,
1011 2546 1189 2587 nemo
1205 2538 1430 2604 quaerat
1449 2535 1532 2589 ira
1548 2541 1951 2606 perseverante
1964 2536 2089 2591 vin-

438 2613 681 2669 dictam.
708 2617 833 2672 Sint
857 2616 957 2673 tibi
988 2635 1125 2675 cum
1149 2621 1390 2677 inimico
1421 2628 1522 2679 tuo
1565 2639 1801 2696 semper
1845 2624 2087 2691 blanda,

439 2702 543 2757 sed
571 2719 723 2774 pura
749 2704 1074 2778 colloquia:
1107 2715 1341 2765 cessent
1368 2710 1842 2778 obtrectationes,
1882 2719 1938 2769 et
1965 2729 2089 2771 ces-

440 2798 573 2849 sant
601 2794 749 2850 lites.
784 2794 880 2851 Sic
903 2802 990 2854 est
1021 2802 1083 2854 ut
1110 2804 1221 2855 ate
1250 2799 1529 2870 diligatur
1557 2802 1855 2869 inimicus,
1886 2804 1934 2859 si
1968 2818 2091 2860 non

438 2882 630 2939 addas
662 2900 877 2941 causas
896 2886 1116 2958 quibus
1138 2904 1367 2960 semper
1391 2890 1797 2949 inﬂammatur
1816 2893 2015 2949 iratus.

1034 2978 1319 3033 HOMILIA
1348 2981 1482 3034 Xlll.

722 3064 858 3117 Item
885 3063 951 3118 de
979 3065 1124 3120 bono
1179 3067 1340 3136 pacis
1378 3069 1802 3125 conservandae,

516 3154 561 3203 l.
598 3149 895 3221 Aliquanti
918 3151 1062 3207 forte
1092 3155 1406 3223 aestimant,
1431 3156 1821 3223 dilectissimi,
1847 3159 1924 3215 ab
1945 3159 2091 3215 anti-

437 3237 571 3309 quis
588 3236 734 3305 legis
742 3238 760 3307 j
774 3239 1029 3295 ustitiam
1051 3257 1235 3313 quam
1249 3245 1552 3300 criminosi
1565 3250 1706 3301 satis
1722 3247 1929 3302 duram
1941 3249 1960 3316 j
1972 3248 2091 3302 udi-

437 3332 592 3391 cant,
610 3327 805 3382 nimiae
817 3325 1096 3385 bonitatis
1112 3332 1250 3402 prsej
1264 3332 1460 3387 udicio
1482 3334 1664 3389 fuisse
1680 3334 1969 3390 calcatam
1992 3352 2004 3400 ;
2021 3352 2092 3391 ex

433 3414 548 3471 hoc
574 3416 736 3489 quod
760 3418 1219 3476 dicatDominus
1249 3422 1309 3476 in
1337 3423 1655 3492 Evangelio
1681 3442 1693 3479 :
1733 3425 1966 3496 Diligite
1988 3426 2092 3479 ini-

434 3506 604 3561 mico:
634 3514 871 3573 vestros,
902 3508 1315 3579 benefacitehis
1329 3512 1432 3582 qui
1453 3527 1545 3568 vos
1573 3513 1838 3579 oderunt,
1869 3519 2095 3571 etorate

432 3612 529 3666 pro
558 3596 1048 3654 calumniantibus
1082 3602 1228 3656 vocis
1257 3601 1446 3669 (Matt.
1483 3618 1537 3669 v,
1571 3606 1682 3661 44).
1710 3604 1861 3659 Satis
1887 3605 2095 3661 crude-

437 3682 510 3738 lis
529 3688 634 3747 est,
667 3685 1054 3752 dilectissimi,
1079 3688 1181 3759 qui
1196 3694 1364 3759 putat
1383 3690 1624 3760 justitiaa
1638 3708 1759 3746 non
1779 3694 2092 3750 convenire

436 3769 786 3839 bonitatem,
818 3789 958 3829 cum
992 3792 1105 3831 una
1133 3782 1313 3848 atque
1342 3778 1551 3834 eadem
1589 3780 1661 3835 sit
1690 3781 1837 3836 ratio
1893 3782 2093 3837 Provi-

438 3856 671 3926 dentiae,
706 3860 898 3917 malos
947 3862 1206 3920 bonitate
1251 3882 1653 3938 compescere,
1710 3868 1899 3925 bonos
1945 3870 2089 3941 legis

442 3948 676 4004 vinculo
690 3951 1033 4008 custodisse.
1058 3954 1324 4027 Denique
1338 3958 1549 4012 currite
1576 3958 1654 4013 ad
1685 3965 1958 4015 sanctum
1980 3963 2089 4015 Da-

439 4035 559 4103 vid,
594 4043 650 4093 et
679 4038 1471 4113 invenietisfontemjustitias
1501 4062 1572 4101 ac
1598 4044 1879 4103 bonitatis
1914 4050 2090 4103 unius

438 4141 567 4182 esse
598 4130 846 4195 virtutis,
874 4132 974 4201 qui
1008 4124 1087 4186 ita
1118 4131 1179 4187 in
1205 4139 1372 4203 parte
1390 4120 1766 4205 psalmorum
1796 4136 2085 4209 loquitur:

439 4215 627 4270 Bonus
653 4232 707 4273 es
737 4225 816 4283 tu,
834 4221 1100 4284 Domine,
1125 4227 1177 4276 et
1209 4222 1270 4276 in
1288 4223 1546 4279 bonitate
1576 4231 1680 4281 tua
1701 4226 1843 4281 doce
1867 4242 1957 4282 me
1965 4229 2091 4295 jus-

437 4305 783 4372 tiﬁcationes
814 4314 940 4363 tuas
959 4309 1071 4378 (Ps.
1106 4324 1296 4375 cxvui,
1335 4310 1443 4381 68).
1490 4311 1674 4367 Nemo
1713 4330 1855 4382 ergo
1908 4314 2090 4370 dilec-

439 4392 666 4457 tissimi,
700 4394 850 4463 legis
881 4395 1338 4467 descriptionem
1368 4399 1529 4454 aliud
1558 4406 1719 4469 putet
1747 4418 1877 4457 esse
1906 4418 2087 4473 quam

2198 491 2424 560 tissimi,
2451 495 2624 562 cujus
2657 492 2879 548 auxilio
2901 492 3196 548 medicina
3219 507 3385 564 spem
3398 492 3659 547 humanis
3672 493 3793 547 salu-

2200 580 2270 635 tis
2285 584 2658 652 operatur,ex
2674 586 2897 637 amaris
2912 580 3222 652 speciebus
3240 585 3293 635 et
3305 580 3574 635 dulcibus
3585 586 3791 637 constat

2201 668 2373 735 Quod
2400 669 2447 724 si
2467 670 2601 741 quis
2623 671 2893 726 medicus
2913 671 3158 727 rationis
3179 669 3421 739 ignarus
3436 675 3794 739 nequeattem-

2200 767 2427 829 perure,
2464 758 2608 814 dum
2648 760 2981 815 remedium
3026 760 3257 832 quwrit,
3316 758 3608 813 mortifera
3652 759 3793 828 aegris

2199 860 2429 903 venena
2446 849 2911 921 componit,ques
2924 848 3008 904 ita
3020 860 3219 904 omnes
3232 847 3587 903 extrinsecus
3598 846 3794 902 dolores

2200 937 2488 1001 accendit,
2524 938 2568 991 si
2604 938 2792 993 tristes
2820 936 3144 993 herbarum
3175 950 3387 991 succos
3408 934 3588 1007 aequis
3612 935 3796 991 nesciat

2201 1022 2446 1079 miscere
2490 1025 2873 1095 ponderibus.
2907 1025 2989 1080 Ita
3019 1028 3075 1079 et
3126 1023 3240 1085 lex,
3298 1022 3649 1079 dilectissimi
3691 1036 3794 1093 qua

2201 1113 2529 1168 Christiana
2550 1113 2683 1182 jura
2704 1114 3065 1178 moderatur,
3098 1129 3169 1168 ex
3201 1111 3423 1168 amaris
3452 1118 3506 1165 et
3545 1109 3793 1174 dulcibus,

2200 1201 2311 1256 hoc
2337 1206 2443 1265 est,
2471 1217 2538 1256 ex
2566 1202 2825 1273 antiquis
2850 1200 3584 1273 etpreesentibusinstitutls
3597 1204 3672 1254 est
3690 1213 3797 1252 con-

2200 1289 2341 1345 dita.
2373 1291 2523 1345 Nam
2564 1296 2627 1346 ut
2655 1296 2743 1347 est
2771 1291 3178 1362 peccatoribus
3208 1291 3462 1359 ingrata,
3493 1289 3571 1343 ita
3596 1294 3645 1342 et
3659 1288 3796 1357 justi:

2201 1383 2322 1434 tota
2350 1384 2437 1434 est
2462 1378 2771 1436 verborum
2803 1380 3091 1437 suavitate
3111 1378 3445 1450 composita
3470 1395 3483 1433 :
3514 1378 3570 1433 in
3591 1382 3794 1437 tantum.

2203 1474 2263 1522 ut
2288 1467 2379 1523 his
2405 1467 2638 1525 sceleste
2663 1469 2966 1540 promittat
2985 1484 3261 1538 regnum,
3284 1467 3396 1523 illis
3436 1467 3700 1536 gehenaai
3720 1465 3798 1520 mi-

2201 1563 2367 1612 netur
2396 1558 2760 1613 incendium.
2792 1562 2853 1614 lu
2879 1573 3002 1631 qua
3024 1560 3069 1613 si
3087 1559 3222 1629 quis
3245 1558 3483 1628 sapiens
3496 1555 3797 1611 noverithu-

2206 1646 2464 1701 militatis
2487 1651 2543 1701 et
2587 1648 2753 1717 pacis
2800 1648 3128 1717 adjectione
3181 1644 3562 1701 conlectiouis
3608 1654 3796 1698 servare

2202 1750 2566 1802 mensuram,
2598 1736 2823 1791 nullam
2837 1736 3046 1792 exinde
3058 1734 3427 1792 districtioris
3435 1733 3578 1804 juris
3593 1734 3799 1805 patietur

2202 1824 2503 1893 iniuriam.
2527 1826 2679 1880 Nam
2705 1830 2766 1880 ut
2795 1831 2881 1881 est
2914 1824 3084 1880 facile
3111 1839 3328 1895 aspera
3354 1835 3602 1895 quisque
3631 1819 3798 1891 pocula

2206 1912 2391 1967 mellis
2415 1914 2700 1969 suavitate
2728 1914 2973 1979 mollire,
2996 1914 3077 1969 ita
3105 1927 3228 1968 non
3259 1917 3350 1967 est
3378 1910 3605 1967 diﬂicile
3632 1909 3800 1965 hones-

2202 2001 2273 2057 tis
2313 2002 2543 2058 actibus
2573 2004 2795 2075 antiqui
2809 2004 2955 2074 juris
2986 2001 3449 2058 amaritudinem
3474 2004 3797 2071 temperasse.

2273 2095 2323 2145 3.
2358 2093 2412 2147 Si
2440 2094 2575 2162 quis
2602 2092 2802 2163 itaque
2857 2093 2968 2163 19
3012 2095 3273 2146 vestrum
3329 2090 3609 2161 justitiam
3653 2090 3794 2149 amat,

2201 2180 2510 2253 utriusque
2539 2182 2889 2236 Testamenti
2923 2181 3209 2236 mandata
3230 2190 3256 2222 ι
3289 2179 3541 2243 studeat,
3570 2183 3725 2249 atque
3741 2175 3799 2229 ita

2185 2267 2447 2323 novellis
2468 2268 2699 2339 legibus
2724 2270 2959 2333 serviat,
2986 2274 3050 2323 ut
3074 2268 3174 2324 illa
3202 2278 3342 2340 quea
3369 2272 3504 2323 sunt
3528 2265 3799 2337 antiquitus

2201 2358 2519 2413 constituta
2542 2370 2663 2412 non
2680 2358 3093 2428 prastermittat;
3112 2358 3205 2414 Sic
3216 2362 3363 2427 ergo
3377 2356 3637 2428 implehis
3651 2356 3798 2427 legem

2200 2444 2427 2510 Christi,
2460 2446 2509 2502 si
2528 2446 2674 2501 nihil
2699 2447 2772 2501 de
2802 2446 3058 2518 antiquis
3080 2451 3181 2502 aut
3210 2444 3799 2518 prasentibusinstitu-

2202 2534 2272 2590 tis
2305 2534 2671 2591 subtraxeris
2697 2535 2943 2591 veritati.
2978 2537 3115 2601 Quis
3154 2540 3361 2591 autem
3414 2535 3639 2606 sapiens
3681 2546 3800 2603 opus

2196 2624 2438 2695 jUstitite
2459 2624 2715 2680 fructum
2748 2629 2924 2693 neget
2943 2641 3072 2680 esse
3103 2623 3407 2692 bonitatis,
3455 2637 3587 2678 cum
3637 2619 3800 2677 audiat

2201 2713 2553 2786 prophetam
2576 2713 2869 2768 dicentem
2905 2729 2917 2768 :
2949 2714 3173 2768 Honum
3196 2714 3343 2768 mihi
3362 2712 3507 2784 quod
3528 2707 3801 2767 humiliasti

2199 2818 2308 2867 me,
2347 2810 2408 2858 ut
2429 2803 2703 2860 discerem
2717 2803 3180 2872 justiﬁcationes
3205 2810 3336 2857 tuas
3352 2803 3465 2872 (Ps.
3495 2804 3667 2862 cxvm,
3692 2796 3801 2865 7t)?

2201 2896 2326 2949 Non
2356 2891 2567 2947 dubito
2592 2907 2723 2947 esse
2754 2891 3002 2963 aliquos,
3050 2891 3437 2954 dilectissimi,
3466 2890 3560 2961 qui
3588 2888 3687 2943 sub
3715 2886 3801 2942 hac

2202 2981 2491 3037 sententia
2514 2981 2836 3052 perfectam
2870 2984 3070 3051 putent
3094 2984 3249 3035 stare
3278 2980 3583 3050 justitiam,
3606 2991 3722 3048 qua:
3744 2973 3804 3027 di-

2201 3071 2277 3127 cit
2304 3088 2321 3142 ;
2352 3070 2588 3126 Oculum
2610 3086 2721 3139 pro
2750 3069 3166 3133 oculo,dentem
3179 3084 3290 3138 pro
3305 3067 3801 3139 dente(Levit.xriv,

2201 3160 2309 3228 20).
2346 3158 2776 3214 Dominabatur
2804 3157 3049 3229 quidem
3075 3157 3187 3212 ista
3208 3156 3447 3212 dudum
3479 3154 3629 3227 apud
3647 3150 3802 3206 seaculi

2200 3248 2475 3303 homines
2506 3268 2517 3307 ε
2554 3248 2656 3302 sed
2689 3247 2842 3310 ideo,
2873 3247 3017 3318 quia
3041 3246 3303 3301 necdum
3363 3252 3563 3302 auctor
3610 3243 3805 3297 venerat

2202 3337 2502 3392 bonitatis.
2538 3336 2786 3402 Qualem
2807 3342 3008 3391 autem
3049 3335 3211 3390 illam
3236 3336 3454 3406 putatis
3492 3328 3805 3401 fuissejusti-

2204 3425 2366 3495 tiam,
2399 3436 2533 3497 quas
2568 3424 2757 3480 solam
2788 3423 2995 3479 mortis
3022 3423 3392 3495 operabatur
3433 3422 3687 3493 injuriam
3712 3419 3732 3475 ?
3760 3416 3805 3470 Et

2203 3514 2396 3569 nullus
2418 3513 2680 3585 profecto
2711 3513 2909 3568 adhuc
2936 3529 3129 3584 pmnaa
3154 3512 3297 3567 finis
3324 3518 3493 3575 esset,
3526 3511 3632 3565 nisi
3654 3505 3805 3562 Chris-

2204 3607 2296 3659 tus
2351 3608 2551 3658 noster
2598 3603 2850 3658 cruentis
2893 3602 3125 3671 legibus
3173 3601 3379 3657 oleum
3433 3594 3802 3656 misericordia

2203 3693 2554 3758 miscuisset,
2580 3691 2694 3747 hoc
2722 3697 2830 3757 est,
2860 3707 2995 3746 vere
3021 3690 3146 3745 sine
3176 3691 3322 3746 dolo
3352 3690 3643 3761 implesset
3676 3681 3804 3755 justi-

2201 3782 2364 3847 tiam,
2390 3781 2670 3836 bonitatis
2712 3780 3073 3835 exhibuisset
3120 3779 3481 3834 doctrinam,
3535 3776 3628 3830 His
3675 3780 3801 3839 ergo,

2200 3870 2588 3935 dilectissimi,
2617 3867 3051 3924 eruditionibus
3081 3867 3355 3938 instituti,
3394 3868 3645 3936 antiquas
3694 3858 3803 3926 legis

2200 3958 2656 4013 amaritudinem
2688 3956 3018 4011 dilectionis
3054 3955 3258 4011 studio
3284 3961 3697 4025 temperemus;
3751 3955 3803 3998 ne

2199 4047 2470 4102 videatur
2498 4046 2592 4101 ille
2633 4045 2897 4118 perfectae
2921 4044 3171 4099 modum
3212 4044 3543 4099 excessisse
3582 4035 3802 4110 justitiie,

2199 4138 2299 4207 qui
2328 4135 2506 4191 illatis
2532 4135 2718 4191 vicem
2745 4139 3000 4205 reportat
3029 4132 3282 4202 injurias.

2270 4230 2319 4281 4.
2356 4226 2499 4280 Ecce
2530 4226 2673 4280 dicit
2697 4222 3060 4290 evangelista
3080 4222 3351 4293 :Diligite
3371 4221 3617 4277 inimicos
3642 4218 3803 4270 vestros

2200 4315 2427 4385 (Matth.
2457 4331 2511 4378 v,
2543 4318 2656 4383 44-).
2696 4315 2858 4368 Forte
2884 4311 3206 4382 aliquantis
3238 4311 3466 4365 videtur
3495 4305 3800 4395 absurd-util.

2199 4403 2620 4459 contumeliam
2656 4417 2859 4457 amore
2872 4416 3209 4471 repensare.
3228 4398 3355 4454 Non
3380 4385 3801 4466 estimpossibile

434 4480 717 4537 bonitatis
750 4483 1098 4555 pietatisque
1115 4487 1479 4542 consortium
1508 4504 1519 4543 ε
1553 4504 1689 4559 quae
1742 4505 1881 4545 cum
1915 4491 2087 4548 disci-
2116 4496 2161 4564 θ
2197 4492 2780 4561 inimicumdiligere,
2805 4491 2851 4545 si
2879 4490 3135 4561 partium
3161 4493 3399 4543 tuarum
3424 4485 3709 4541 utilitatem
3724 4492 3799 4529 co-

436 4568 614 4639 plinas
646 4570 860 4635 studet,
887 4572 1147 4627 honestis
1196 4574 1427 4629 actibus
1470 4592 1667 4633 mores
1714 4579 1978 4646 instituit,
2030 4586 2087 4637 et

437 4658 730 4714 concitata
760 4659 981 4733 iniquis
1036 4662 1492 4731 cogitationibus
1544 4668 1728 4723 corda
1779 4673 2086 4726 severitate

436 4747 782 4817 compescit.
797 4752 942 4805 Nam
961 4756 1021 4805 ut
1039 4751 1238 4807 sciatis
1262 4752 1404 4808 nihil
1419 4754 1492 4809 de
1506 4756 1752 4827 antiquo
1757 4756 1887 4828 jure
1902 4759 2085 4815 fuisse

438 4834 829 4905 subtractum,
862 4840 1062 4895 audite
1090 4841 1409 4897 Dominum
1437 4843 1729 4900 dicentem
1766 4862 1777 4902 :
1810 4848 1936 4902 Non
1964 4849 2086 4903 veni

436 4926 605 4997 legem
635 4927 871 4994 solvere,
903 4928 994 4985 sed
1014 4931 1343 4995 adimplere
1382 4934 1602 5002 (Matth.
1632 4950 1689 4989 ν.
1727 4938 1832 5004 17).

503 5020 554 5069 2.
584 5019 711 5072 Non
742 5017 868 5072 sine
899 5034 1104 5079 causa.
1137 5020 1523 5087 dilectissimi,
1566 5022 1828 5079 Christus
1884 5029 2084 5081 noster

430 5106 736 5177 prmeentis
766 5123 835 5161 ac
860 5108 1060 5163 veteris
1071 5111 1424 5166 Testamenti
1447 5118 1741 5184 praecepta
1756 5128 1941 5169 unum
1955 5131 2082 5171 cor-

430 5208 538 5262 pus
563 5210 689 5249 esse
721 5195 924 5250 voluit.
954 5197 1185 5253 Sciebat
1212 5198 1453 5254 alteram
1489 5205 1717 5271 partem
1774 5202 1899 5258 sine
1943 5203 2081 5259 alte-

430 5281 553 5335 rius
575 5283 868 5355 adjutorio
899 5289 1054 5341 stare
1083 5302 1201 5341 non
1230 5304 1435 5358 posse:
1469 5295 1676 5345 ctvere
1704 5290 1784 5346 ita
1808 5294 2078 5349 est.Nam

432 5367 529 5423 ubi
542 5372 952 5445 estdistrictioj
966 5374 1827 5448 udicantis,temperamentum
1845 5396 2079 5454 semper

504 5555 529 5587 ι
550 5545 681 5603 Post
708 5547 858 5604 hanc
889 5566 1086 5607 vocem
1112 5551 1259 5610 forte
1289 5555 1619 5613 addendum
1644 5572 1879 5616 servare.

2199 4582 2368 4651 gites.
2400 4582 2631 4651 Diligite
2653 4580 2919 4635 inimicos
2936 4584 3163 4634 vestros.
3192 4580 3376 4632 Nemo
3404 4574 3514 4629 sub
3534 4573 3639 4627 hoc
3667 4578 3801 4622 man-

2196 4672 2317 4725 dati
2333 4670 2490 4725 titulo
2510 4671 2758 4724 azstimet
2771 4685 2832 4723 se
2854 4668 3098 4739 aliquod
3118 4666 3361 4721 inimico
3377 4669 3647 4750 praestare
3662 4657 3801 4750 bese-

2193 4759 2405 4814 ﬂcium.
2442 4759 2552 4824 Qui
2578 4758 2888 4813 inimicum
2925 4756 3133 4825 diligit,
3163 4771 3227 4809 se
3258 4753 3467 4823 diligit.
3510 4748 3624 4806 Sibi
3670 4748 3798 4836 enirn

2196 4848 2472 4919 pepercit,
2519 4848 2618 4920 qui
2634 4846 3037 4903 latrocinantis
3051 4847 3352 4900 dexteram
3369 4838 3564 4909 magni
3588 4842 3799 4889 muneris

2195 4937 2401 5009 praeda
2413 4938 2807 5008 compescuit;
2824 4941 2877 4991 et
2892 4951 3068 4991 suum
3088 4949 3308 5005 corpus
3326 4921 3798 4999 texit,quiarmato

2192 5026 2345 5082 hosti
2358 5026 2628 5098 precibus
2640 5024 3169 5093 obviavit,negotio
3182 5020 3449 5095 quodam
3462 5020 3694 5073 conatus
3706 5019 3800 5098 serf

2192 5132 2333 5171 vare
2354 5096 2745 5171 reverentiam
2772 5112 3113 5185 pugnatori,
3151 5111 3299 5165 Nam
3331 5112 3557 5179 partem
3605 5096 3799 5185 constat

2190 5221 2318 5261 esse
2340 5204 2618 5269 victorias,
2644 5183 2906 5274 praelium
2938 5201 3140 5256 oblato
3199 5199 3332 5253 auri
3375 5194 3625 5287 pondere
3667 5183 3800 5287 τεός

2190 5296 2390 5350 misse.
2424 5270 2670 5363 Diligite
2688 5292 2957 5347 inimicos
2976 5296 3207 5346 vestros.
3221 5288 3343 5342 Hoc
3355 5292 3445 5341 est
3463 5280 3715 5337 inimicos

2190 5385 2388 5456 ligare,
2422 5360 2579 5441 odiis
2606 5398 2721 5439 non
2752 5380 3133 5453 respondere,
3185 5380 3430 5449 accepta
3480 5360 3798 5427 contumelia
