3986 6178
205 222 322 279 737

1690 210 1994 277 HOMILIA
2038 216 2157 276 XV.

3507 228 3620 285 738

201 352 356 405 alios
387 363 652 404 sermone
675 345 923 420 despicit
944 360 998 404 ει
1024 347 1291 416 alteram,
1325 354 1383 404 ut
1407 349 1645 403 alterise
1664 353 1856 401 osten-
1889 351 1937 406 Α
1970 363 2099 402 cere
2127 348 2406 418 injuriam
2433 347 2636 413 nescit,
2672 346 2798 406 itaa
2824 351 3178 408 contumelia
3199 367 3313 408 non
3352 356 3616 427 requirit.

199 440 308 494 dat
337 440 574 494 iratum.
609 440 748 503 Qua
770 437 1011 507 rogoibi
1037 443 1128 494 est
1157 453 1296 510 spes
1313 436 1676 492 vivendi.ubi
1702 452 1856 490 unus

200 528 322 583 sub
345 528 536 597 specie
553 526 949 582 amicitiarum
968 524 1732 596 prasumitdominationem
1752 542 1762 591 ;
1779 523 1857 579 al-

202 623 312 683 ter,
345 615 479 670 dum
513 614 758 669 nimium
787 614 1154 685 obsequitur.
1194 614 1439 669 sustinet
1461 613 1803 669 servitutem
1833 610 1860 664 ?

277 709 329 756 εί.
355 702 666 758 Videamus
696 707 896 758 autem
923 703 1117 774 qualis
1148 702 1336 758 sithic
1370 701 1684 774 superbus,
1719 716 1857 756 cum

199 794 357 848 inter
368 792 629 863 aquales
642 791 960 862 injudicios
986 792 1290 848 ententiam
1305 792 1550 847 daturus
1566 790 1711 846 forte
1725 805 1858 845 con-

199 881 670 938 sederit.Videor
684 880 824 936 mihi
844 880 1037 936 videre
1056 897 1288 953 pugnas
1304 881 1617 936 verborum
1631 885 1858 935 eructa-

199 971 364 1026 tione
396 970 780 1040 compositas,
806 986 943 1025 cum
962 986 1113 1024 unus
1143 969 1564 1026 misericordia
1600 968 1852 1032 studeat,

197 1059 612 1129 alterjustitia
645 1059 840 1114 favere
873 1074 936 1112 se
960 1057 1179 1129 ﬁngat;
1213 1074 1334 1114 non
1369 1064 1604 1114 utrecto
1629 1057 1856 1128 judicio

196 1148 386 1203 tidem
408 1147 730 1211 servet,sed
747 1147 1013 1203 utstudia
1032 1163 1296 1219 persona
1312 1147 1628 1218 superioris
1647 1161 1857 1218 exspe-

195 1242 338 1293 ctet.
364 1235 542 1291 Aliud
563 1236 723 1291 enim
751 1236 1006 1291 sensisse
1024 1252 1085 1291 se
1103 1235 1364 1304 simulat,
1392 1240 1451 1291 ut
1478 1235 1716 1290 alterius
1739 1236 1856 1290 dis-

195 1326 539 1397 ceptatione
558 1324 884 1380 dissentiat.
912 1327 1036 1381 Non
1060 1330 1226 1396 putat
1249 1324 1310 1379 in
1333 1324 1598 1379 consiliis
1615 1329 1852 1391 rectum,

195 1415 314 1470 nisi
331 1415 499 1486 quod
517 1413 680 1468 solus
703 1414 976 1479 senserit;
994 1429 1112 1470 non
1128 1413 1674 1485 putatjustum,nisi
1692 1413 1855 1484 quod

194 1503 315 1559 sibi
339 1503 462 1574 ipse
482 1502 1008 1575 persuaserit.Vult
1030 1503 1186 1557 solus
1217 1503 1515 1572 audiri,ac
1530 1502 1690 1558 solus
1724 1518 1857 1558 om-

196 1593 368 1647 nium
395 1608 496 1648 ore
518 1591 774 1656 laudari;
796 1607 906 1646 nec
926 1590 1110 1658 deest,
1134 1591 1293 1662 quod
1323 1591 1490 1662 pejus
1508 1597 1612 1656 est,
1644 1606 1715 1646 ex
1745 1590 1857 1645 hac

1973 439 2062 492 Vir
2074 437 2307 492 humilis
2333 439 2388 492 in
2403 438 2877 494 contentionibus
2896 441 3088 509 magis
3103 441 3225 495 vult
3239 446 3430 496 tacere
3443 461 3619 515 quam

1969 526 2542 596 vincere,injudiciis
2562 527 2888 598 acquiescit
2910 527 3210 599 imperitus
3238 528 3620 602 videriquam

1967 613 2290 685 impudens
2307 614 2563 684 judicari
2591 631 2740 679 ;non
2756 615 2816 670 in
2833 615 3020 672 verbis
3043 625 3371 689 promptus,
3393 636 3513 676 non
3546 621 3623 676 ad

1967 703 2438 775 respondendum
2470 711 2737 775 paratus.
2765 705 2986 762 Citatus
3029 723 3163 763 vero
3202 713 3258 763 et
3317 709 3506 764 facilis
3537 714 3624 765 est

1969 793 2362 864 superborum
2385 809 2601 858 sermo,
2637 793 2845 865 plenus
2872 795 3250 852 contumeliis
3287 804 3342 853 et
3378 799 3620 855 refertus

1965 882 2215 951 injuriis,
2245 898 2578 954 numquam
2609 883 2732 937 sine
2757 882 2992 938 vulnere
3020 885 3253 954 missus,
3281 903 3615 959 numquam

1967 972 2095 1025 sine
2111 969 2622 1040 dolorejaculatus
2653 989 2666 1036 ;
2690 973 2860 1042 cujus
2879 973 3226 1029 insanabilis
3242 974 3418 1046 plaga
3433 983 3537 1039 est,
3562 982 3618 1033 et

1964 1059 2416 1115 irremediabilis
2434 1060 2687 1116 macula.
2722 1062 2826 1116 Ubi
2841 1066 3028 1116 autem
3050 1064 3374 1132 pervenerit
3402 1067 3618 1122 verbo-

1964 1164 2085 1203 rum
2100 1149 2434 1220 culpa,mox
2451 1165 2554 1220 per
2565 1148 3024 1206 satisfactionem
3040 1152 3300 1223 sequitur
3313 1154 3612 1211 medicina.

2035 1242 2086 1294 7.
2123 1238 2283 1292 Hanc
2305 1254 2444 1308 ergo
2467 1253 2692 1294 amare.
2717 1238 3102 1304 dilectissimi,
3151 1241 3307 1296 hanc
3330 1258 3615 1313 quarere,

1965 1327 2120 1382 hanc
2150 1327 2387 1396 eligere,
2419 1326 2574 1382 hanc
2597 1333 2792 1382 tenere
2809 1343 2920 1382 nos
2937 1330 3233 1395 convenit,
3260 1336 3320 1385 ut
3343 1347 3462 1387 non
3495 1348 3620 1404 per-

1964 1415 2182 1472 damus
2205 1417 2446 1487 gratiam
2468 1417 2740 1472 mercedis
2759 1433 3003 1472 munere
3020 1419 3623 1490 promissam.Audite

1965 1506 2393 1576 evangelistam
2417 1505 2707 1561 dicentem
2732 1524 2744 1561 :
2764 1507 2878 1572 Qui
2890 1524 2948 1562 se
2963 1507 3626 1582 Ιιιιηιίἰι“αι,ε.ταιιαὸιίαν,·

1966 1600 2018 1649 et
2043 1594 2147 1665 qui
2173 1595 2481 1658 seexaltat,
2553 1595 2967 1652 humiliabitur
3000 1597 3274 1668 (Δίρκην,
3316 1605 3365 1654 tt
3403 1617 3415 1664 ;
3457 1617 3618 1664 xvm,

197 1687 372 1752 parte
389 1681 492 1753 qui
521 1681 733 1737 faveat.
768 1680 892 1736 Cito
915 1680 1074 1736 enim
1094 1679 1375 1752 superbia
1399 1679 1725 1736 adulationi
1756 1678 1859 1734 dat
1888 1709 1931 1765 Β
1973 1686 2076 1744 lli).
2108 1683 2391 1738 Exaltatio
2441 1683 2554 1739 ista
2597 1684 2910 1740 damnatio
2955 1691 3062 1751 est,
3113 1703 3247 1759 qua
3275 1688 3429 1744 circa
3459 1706 3622 1745 arro-

196 1770 579 1836 locum,dum
604 1774 706 1825 aut
721 1770 817 1826 hic
843 1769 1056 1842 quarit
1092 1770 1364 1839 gratiam,
1396 1775 1500 1824 aut
1519 1769 1610 1823 ille
1629 1775 1861 1823 veretur

200 1859 643 1916 oﬂ'ensam.Nec
661 1875 846 1930 parva
859 1864 947 1914 est
965 1858 1022 1913 in
1056 1858 1202 1930 ipsis
1247 1857 1536 1914 conviviis
1555 1856 1856 1929 superbia,

197 1965 348 2004 cum
370 1947 541 2003 altior
557 1952 686 2003 toro
699 1948 866 2004 locus
888 1947 1658 2019 paratur,atqueintantum
1680 1945 1858 2002 subli-

199 2037 354 2093 mior
374 2038 558 2093 lectus
577 2038 872 2099 sternitur,
899 2042 960 2092 ut
982 2037 1174 2106 magis
1191 2037 1446 2108 pendere
1464 2052 1643 2106 quam
1657 2036 1855 2106 jacere

195 2126 585 2182 videatur.lta
606 2125 890 2197 superbia
906 2126 1230 2197 acquiescit
1269 2125 1520 2195 injuria,
1540 2140 1612 2180 ne
1632 2126 1752 2196 pati
1773 2123 1855 2178 vi-

196 2216 417 2270 deatur
441 2215 742 2285 injuriam.
765 2213 1056 2279 Quaritur
1086 2214 1220 2286 quis
1245 2213 1582 2282 assurgenti
1607 2228 1854 2269 manum

198 2304 492 2374 porrigat,
527 2303 662 2374 quis
692 2302 1012 2358 humerum
1041 2307 1226 2371 regat,
1261 2303 1396 2374 quis
1433 2301 1588 2358 latus
1619 2301 1846 2358 fulciat.

197 2396 390 2448 Nemo
410 2391 554 2447 mihi
573 2407 856 2448 excusare
871 2397 1065 2463 potest
1083 2392 1195 2446 hoc
1221 2391 1426 2446 vitium
1470 2407 1590 2446 non
1618 2408 1745 2446 esse
1775 2397 1854 2462 ty-

196 2481 464 2536 rannica
481 2479 1201 2536 dominationisﬂﬁicium
1217 2481 1374 2535 enim
1388 2481 1543 2552 quod
1565 2481 1737 2535 homo
1755 2481 1856 2535 ho-

199 2569 682 2637 miniexhibet,si
701 2585 822 2624 non
841 2569 913 2624 ad
937 2569 1047 2624 hoc
1069 2568 1262 2624 solum
1285 2569 1579 2624 deferatur
1603 2576 1658 2623 ut
1701 2575 1857 2625 tuea-

200 2665 297 2713 tur
347 2660 678 2723 intirmum,
714 2661 950 2714 constat
977 2675 1104 2713 esse
1135 2658 1456 2713 servitium.
1499 2661 1556 2712 ln
1583 2675 1705 2730 quo
1731 2660 1856 2714 loco

195 2747 387 2802 laudo
406 2748 778 2818 paupertatis
796 2746 1145 2818 patientiam
1158 2763 1212 2817 ,q
1226 2762 1313 2800 ua
1328 2763 1463 2800 cum
1484 2747 1736 2817 propriis
1751 2749 1856 2802 vir-

200 2834 432 2890 tutibus
459 2836 765 2897 deseritur,
824 2835 1030 2890 alienis
1064 2834 1334 2889 moribus
1366 2833 1700 2890 famulatur.
1747 2835 1858 2892 Sed

197 2922 352 2994 quid
368 2922 508 2978 solis
524 2922 1038 2980 divitibustantum
1055 2923 1348 2995 superbia
1364 2923 1602 2994 pondus
1621 2924 1861 2996 imponi-

202 3027 362 3074 mus,
396 3027 528 3065 cum
563 3011 875 3067 videamus
899 3012 1235 3084 frequenter
1257 3011 1522 3066 homines
1547 3011 1605 3066 iu
1630 3028 1860 3067 summa

200 3100 451 3170 penuria
469 3100 818 3156 constitutos
832 3102 1004 3156 simili
1023 3101 1352 3156 animorum
1389 3100 1722 3156 infelicitate
1741 3117 1860 3157 sor-

200 3189 387 3244 dere?
413 3191 492 3244 De
515 3190 734 3260 quibus
762 3189 900 3245 dicit
927 3190 1020 3245 ille
1053 3189 1522 3261 sapientissimus
1546 3189 1855 3247 Salomon:

205 3280 349 3334 Tres
371 3279 497 3333 odit
525 3280 720 3334 anima
735 3295 871 3335 mea.
886 3323 894 3332 .
909 3281 1542 3349 .pauperemsuperbum,
1577 3283 1633 3334 et
1649 3284 1862 3335 catera

204 3384 340 3437 qua
383 3373 718 3438 sequuntur
743 3369 945 3439 (Eccli.
973 3384 1106 3431 xxv,
1128 3373 1178 3431 3,
1229 3371 1302 3436 4),
1335 3367 1566 3424 Excedit
1598 3368 1726 3423 sine
1749 3369 1859 3423 du-

205 3456 308 3511 bio
340 3455 436 3510 ille
473 3456 770 3527 superbia
787 3457 1056 3520 modum,
1087 3456 1183 3510 cui
1217 3455 1372 3510 nulla
1394 3457 1863 3513 estconscientia

206 3544 636 3600 facultatum.ln
653 3545 920 3600 maximis
939 3551 995 3600 et
1015 3544 1076 3599 in
1099 3545 1545 3600 sublimioribus
1564 3545 1862 3602 humilitas

208 3632 584 3704 praferenda
601 3638 708 3698 est,
738 3633 1014 3688 humilem
1050 3649 1186 3688 vero
1218 3649 1543 3705 pauperem
1566 3649 1742 3690 nemo
1757 3634 1861 3690 mi-

207 3722 648 3793 ratur;invitus
679 3723 836 3777 enim
870 3739 930 3777 se
963 3722 1253 3786 humiliat,
1311 3739 1489 3793 quem
1541 3725 1865 3779 necessitas

205 3811 581 3881 paupertatis
599 3811 864 3866 inclinat.
884 3811 1190 3866 Humilitas
1214 3811 1272 3864 in
1287 3826 1549 3881 paupere
1563 3815 1733 3880 grata
1753 3816 1862 3887 est.

207 3899 266 3951 in
285 3897 466 3952 divite
499 3897 795 3966 gloriosa;
829 3898 1133 3953 humilitas
1166 3898 1595 3954 interinimicos
1618 3898 1860 3967 blanda,

207 3985 493 4056 superbia
515 4001 655 4042 vero
678 3987 854 4042 etiam
882 3987 1032 4042 inter
1054 3986 1270 4040 amicos
1294 3989 1541 4054 ingrata.

279 4074 332 4127 6.
359 4073 745 4145 Requiramus
780 4091 809 4128 e
849 4074 1162 4137 contrario,
1190 4072 1575 4136 dilectissimi,
1608 4074 1866 4144 quasint

208 4164 374 4217 bona
404 4163 763 4218 humilitatis.
788 4163 1012 4218 Blanda
1037 4168 1120 4218 est
1148 4161 1488 4218 etoﬂiciosa
1510 4177 1734 4234 semper
1755 4163 1865 4219 hu-

208 4251 516 4312 militas,in
535 4251 808 4307 amicitiis
826 4251 1078 4321 grata,in
1098 4251 1472 4306 contumeliis
1503 4251 1725 4308 otiosa:
1745 4267 1862 4308 non

208 4339 506 4396 extollitur
527 4340 850 4411 prosperis,
869 4356 984 4395 non
1005 4343 1258 4395 mutatur
1275 4339 1564 4406 adversis;
1587 4355 1705 4396 non
1721 4341 1862 4395 indi-

211 4429 290 4483 cit
316 4429 768 4493 servitium,non
787 4433 1091 4500 extorquet
1117 4427 1346 4492 ;ofIicio
1383 4427 1546 4499 prior
1602 4429 1678 4485 ad
1710 4429 1862 4486 salu-

212 4519 486 4582 tandum,
526 4518 744 4572 tardior
768 4517 842 4572 ad
865 4517 1235 4581 sedendum;
1259 4532 1377 4572 non
1399 4532 1459 4572 se
1491 4518 1858 4573 adulantium

213 4622 390 4677 grege
408 4611 710 4678 exspectat
738 4606 1119 4669 deduci;non
1153 4622 1215 4662 se
1235 4606 1538 4662 ambitiose
1570 4607 1860 4663 desiderat

215 4696 456 4751 salutari
474 4712 487 4760 ;
503 4711 623 4750 non
637 4695 832 4751 laudis
847 4695 1044 4750 studia
1057 4694 1316 4765 postulat
1355 4711 1465 4751 non
1482 4695 1747 4752 favorem
1761 4712 1860 4752 vo-

211 4785 292 4838 cis
325 4789 642 4854 exspectat,
669 4783 1268 4839 oditacclamantium
1307 4784 1542 4848 choros,
1571 4785 1708 4854 quia
1737 4799 1858 4840 non

210 4873 337 4927 sine
368 4872 729 4927 verecundia
748 4872 1030 4928 laudatur
1049 4872 1212 4928 bona
1236 4873 1619 4928 conscientia.
1635 4876 1758 4928 Non
1777 4888 1860 4928 re-

208 4961 575 5032 quiritvoces
597 4961 995 5025 adulantium,
1028 4961 1139 5016 nisi
1156 4961 1253 5032 qui
1268 4977 1328 5015 se
1341 4960 1684 5016 laudatione
1698 4961 1863 5018 novit

208 5050 557 5120 indignum;
578 5050 970 5105 verecundius
983 5055 1181 5104 autem
1198 5047 1714 5120 semper-laudatur
1727 5050 1862 5105 ami-

208 5155 417 5195 corum
448 5139 682 5204 studiis,
713 5139 815 5210 qui
842 5143 1109 5193 meretur.
1154 5141 1366 5192 Verum
1399 5137 1493 5192 ubi
1537 5137 1860 5206 indignitas

206 5229 566 5296 dominatur,
592 5228 783 5282 notari
803 5233 970 5282 actus
1003 5243 1146 5280 suos
1169 5226 1446 5291 astimat,
1467 5227 1512 5279 si
1542 5225 1862 5282 illaudatus

205 5317 933 5389 abscedat.Circumsepta
949 5323 1034 5372 est
1057 5314 1350 5371 humilitas
1367 5313 1650 5371 bonitate.
1689 5317 1755 5371 Ut
1780 5315 1861 5373 fa-

1970 1775 2178 1840 gantes
2199 1775 2252 1826 et
2279 1771 2567 1842 superbos
2589 1772 2768 1827 futuri
2787 1773 3224 1842 judiciiexserit
3245 1782 3616 1846 potestatem.

1971 1859 2349 1915 lnclinandus
2372 1860 2565 1932 itaque
2595 1860 2768 1916 nobis
2788 1867 2878 1916 est
2898 1861 3461 1934 animus,quatenus
3477 1882 3616 1936 sup-

1968 1949 2137 2020 plosa
2149 1947 2308 2004 omni
2330 1954 2471 2004 nota
2495 1949 3091 2020 superbia,odiorum
3117 1951 3312 2007 studia
3332 1954 3617 2025 conquie-

1966 2038 2252 2094 scant.Sic
2275 2038 2380 2093 erit
2411 2043 2472 2092 ut
2488 2038 2661 2093 homo
2684 2037 2757 2092 de
2798 2038 3100 2094 humiliori
3123 2039 3254 2096 loco
3278 2040 3356 2096 ad
3374 2042 3618 2100 celsiora

1964 2127 2776 2199 perveniat,etremuneratus
2795 2129 3016 2184 honore
3049 2129 3617 2201 condignocoelestis

1964 2216 2216 2286 gratiam
2245 2215 2553 2287 potestatis
2580 2215 2866 2286 acquirat.

2573 2340 2862 2396 HOMILIA
2907 2343 3010 2394 XV.

2504 2456 2577 2508 De
2631 2454 2763 2508 bono
2804 2456 3083 2526 martyrii.

2045 2577 2088 2624 t.
2123 2571 2298 2626 Multa
2327 2569 2470 2624 mihi
2492 2569 2773 2640 loquendi
2793 2571 2953 2641 apud
2976 2588 3076 2625 vos
3097 2571 3318 2626 fiducia
3350 2581 3450 2636 est,
3479 2575 3621 2631 dile-

1968 2658 2223 2721 ctissimi,
2261 2658 2745 2728 quotiescumque
2785 2675 2937 2729 opus
2985 2664 3075 2714 est
3120 2659 3175 2714 in
3226 2676 3430 2716 amore
3460 2663 3618 2718 beati

1971 2746 2240 2816 martyris
2257 2745 2328 2800 ad
2348 2744 2702 2800 memoriam
2725 2746 3022 2815 praconia
3047 2763 3327 2802 revocare
3352 2750 3616 2819 maryrii,

1968 2850 2103 2907 qua
2123 2833 2400 2889 animosa
2417 2831 2566 2887 fides
2583 2832 3122 2904 peperitlucrativis
3137 2835 3381 2890 incitata
3401 2838 3620 2908 suppli-

1970 2923 2372 2992 ciis,licetnon
2405 2927 2632 2977 tantum
2657 2921 2869 2990 lingua,
2896 2922 3614 2993 sufﬁciatquantummar-

1972 3013 2458 3084 tyriapostulant.
2496 3011 2749 3079 Quando
2766 3018 2967 3067 autem
2994 3013 3201 3068 omnia
3231 3013 3617 3071 humanioris

1969 3101 2232 3158 officium
2260 3101 2473 3173 poterit
2497 3100 2769 3171 expedire
2825 3116 3220 3173 quacumque
3249 3103 3309 3158 in
3342 3110 3617 3175 paratum

1969 3189 2106 3245 belli
2135 3189 2360 3243 coalitus
2386 3189 2570 3243 virtus
2586 3193 2830 3259 operata
2854 3188 3392 3262 est?ltaque,quod
3421 3193 3617 3249 solum

1968 3277 2577 3351 possumus,favorem
2596 3277 2892 3332 labiorum
2923 3278 3143 3334 meritis
3169 3279 3621 3336 exhibemus.si-

1969 3367 2209 3438 quidem
2232 3365 2452 3421 nullius
2483 3380 2723 3420 sensum
2755 3365 2936 3422 latere
2974 3372 3228 3438 possunt
3257 3368 3412 3424 facta
3439 3377 3618 3427 certa-

1972 3457 2136 3511 minis
2174 3455 2522 3528 quodnobis
2545 3471 2650 3525 per
2671 3471 2863 3510 annos
2896 3456 3156 3525 singulos
3182 3465 3417 3529 reparat
3441 3460 3622 3516 docu-

1973 3552 2176 3601 menta
2197 3547 2497 3599 virtutum.
2562 3544 2820 3599 Audistis
2855 3545 3230 3601 Psalmistam
3285 3547 3618 3605 dicentem:

1973 3637 2224 3688 Pretiosa
2244 3634 2305 3688 in
2337 3641 2629 3702 conwectu
2663 3635 2898 3688 Domini
2952 3650 3096 3688 mors
3148 3640 3470 3692 sanctorum
3502 3640 3623 3707 ejus

1973 3723 2089 3791 (Ps.
2125 3738 2255 3788 cxv,
2289 3721 2550 3790 tS).Quid
2571 3721 2885 3792 pretiosius
2917 3738 3049 3777 esse
3086 3729 3280 3794 potest
3316 3725 3409 3780 illa
3433 3732 3620 3780 morte

1973 3826 2109 3880 qua
2124 3811 2181 3863 in
2199 3808 2473 3863 conﬂictu
2486 3824 2702 3880 pugna
2716 3809 3026 3867 hostilibus
3045 3813 3168 3867 telis
3185 3814 3368 3869 nescit
3383 3813 3621 3870 cedere?

1974 3899 2268 3954 Maximam
2286 3897 2548 3968 profecto
2563 3897 2726 3953 illam
2741 3899 3010 3956 animam
3033 3902 3515 3972 constatpalmam
3535 3919 3621 3958 re-

1973 3991 2203 4058 portare
2222 3983 2495 4048 victoria,
2528 4002 2662 4056 qua
2682 4002 2802 4041 non
2825 3988 3144 4058 acquiescit
3165 3989 3359 4058 impiis
3384 3990 3618 4057 legibus

1973 4073 2220 4144 decepta
2252 4072 2488 4127 servire.
2528 4074 2644 4126 Hoc
2665 4077 2756 4126 est
2795 4088 2930 4128 vere
2967 4074 3194 4128 eximia
3221 4075 3449 4129 virtutis
3471 4075 3621 4132 indi-

1973 4160 2575 4233 cium,persecutionis
2595 4165 2862 4230 tempore
2884 4161 3018 4232 plus
3037 4163 3210 4217 morti
3225 4163 3421 4218 favere
3440 4180 3620 4235 quam

1974 4251 2286 4307 vita.Licet
2313 4258 2544 4305 aterna
2565 4249 2914 4305 vitalocum
2955 4250 3151 4316 faciat,
3182 4253 3442 4322 quemin
3486 4269 3622 4310 con-

1972 4341 2228 4396 fessione
2245 4339 2452 4394 Christi
2477 4338 2660 4393 nostri
2677 4338 3017 4395 voluntaria
3060 4341 3247 4395 crucis
3263 4357 3442 4412 pana
3459 4359 3620 4398 com-

1971 4428 2237 4492 mendat,
2281 4429 2360 4483 ito
2394 4427 2639 4483 Domino
2670 4427 2902 4484 dicente
2944 4447 2956 4483 :
3011 4429 3124 4495 Qui
3170 4438 3322 4484 amat
3376 4433 3622 4488 animum

1970 4516 2355 4584 suam,pcrdet
2379 4516 2542 4571 illam
2555 4515 2748 4586 ,‘etqui
2775 4516 2890 4571 odit
2934 4518 3184 4573 ani-mam
3210 4535 3384 4573 suam.
3420 4521 3480 4575 in
3501 4521 3623 4577 vita

1971 4613 2192 4661 aterna
2224 4606 2474 4660 inveniet
2494 4619 2614 4660 eam
2639 4605 2829 4674 (Joan.
2847 4607 3207 4675 xu,‘25).Quis
3225 4623 3344 4663 non
3360 4609 3616 4680 sapiens,

1970 4698 2307 4765 contempta
2331 4693 2671 4764 hujuslucis
2695 4694 3055 4763 usura,siita
3073 4712 3218 4750 usus
3259 4699 3499 4760 venerit,
3543 4699 3618 4752 ad

1971 4782 2322 4852 martyrium
2342 4780 2645 4838 ambitiose
2661 4781 3048 4847 festinet,cum
3063 4783 3156 4838 vid
3167 4786 3357 4849 eat,ad
3380 4784 3613 4840 lucrum

1970 4870 2102 4925 vita
2129 4870 2417 4942 pertinere
2431 4871 2606 4926 morti
2634 4871 2900 4926 animam
2928 4871 3246 4942 deputasse
3265 4874 3291 4927 ?
3309 4874 3500 4936 Quare
3515 4889 3618 4927 au-

1971 4963 2090 5014 tem
2122 4973 2242 5014 non
2257 4959 2439 5014 homo
2459 4958 2535 5014 ad
2563 4963 2681 5013 tam
2708 4959 3198 5029 pretiosumopus
3229 4960 3481 5014 devotus
3523 4975 3620 5014 oc-

1970 5051 2185 5111 currat,
2228 5063 2298 5102 ac
2319 5046 2723 5117 seimpiorum
2770 5062 2988 5102 manus
3029 5047 3307 5101 audacter
3354 5046 3617 5116 objiciat,

1970 5152 2140 5207 quem
2155 5134 2404 5190 caelestis
2419 5133 2606 5203 gratia
2619 5133 3106 5189 remunerationis
3119 5139 3441 5204 exspectat,
3445 5135 3466 5205 j
3478 5140 3620 5192 uxta

1974 5222 2111 5278 illud
2134 5222 2292 5293 quod
2314 5222 2598 5276 Dominus
2624 5221 2684 5274 in
2703 5221 2802 5277 illa
2824 5221 3204 5276 beatitudinis
3223 5222 3619 5294 descriptione

1972 5315 2430 5368 commemorat:
2475 5309 2636 5365 Beati
2666 5311 2764 5379 qui
2818 5311 3278 5381 persecutionem
3311 5313 3621 5383 patiuntur

275 5551 300 5582 ι
331 5540 524 5601 Forte,
558 5538 799 5594 alterum
818 5543 987 5602 amat,
1012 5541 1077 5593 ut
1101 5537 1264 5593 atteri
1290 5553 1342 5591 se
1372 5535 1617 5592 ostendat
1638 5536 1867 5592 iratum.
1897 5537 2072 5592 BAUN.
