3986 6178
159 286 255 351 749

1591 288 1895 359 ΗοΜιιιΑ
1936 286 2085 357 ΧΙΧ.

3430 308 3538 373 750

150 427 301 481 ratus
319 421 555 477 incedit.
580 424 980 496 Quaecumque
1008 420 1207 497 itaque
1248 432 1436 484 mater
1479 430 1588 490 est,
1618 425 1774 482 ﬁlios
1814 426 1860 495 Α
1895 423 2090 480 niente
2118 425 2489 486 solemnitate
2530 426 2711 495 fuisse
2734 443 3077 503 suspensas.
3112 436 3237 491 Non
3270 442 3355 493 est
3380 441 3536 499 utilis

151 526 281 564 suos
307 511 419 566 hoc
450 511 676 567 honore
706 513 922 582 dignos
949 514 1172 585 judicet
1197 532 1208 570 :
1235 534 1304 572 ac
1328 517 1438 571 sub
1462 516 1575 571 ista
1591 530 1778 587 quam

149 598 422 655 didicistis
440 600 853 658 adhortatione
871 602 1173 672 duceat,ut
1197 606 1430 662 discant
1455 603 1780 661 ccelestium

148 687 335 758 legum
366 689 634 747 instituta
663 706 921 749 servare.
953 692 1062 758 Qui
1091 699 1293 750 autem
1326 694 1556 750 Christo
1573 699 1780 749 nostro

152 778 889 844 serviunt,fortissimorum
912 781 1177 839 virorum
1195 800 1431 855 pugnas
1460 783 1779 839 imitentur.

150 867 244 922 Illa
274 872 459 924 mater
504 868 714 940 probat
741 887 802 925 se
851 886 1053 927 amare
1080 870 1234 928 filios
1268 889 1432 939 suos,
1492 888 1629 945 quae
1670 871 1783 927 hoc

149 972 261 1027 quo
287 958 550 1013 mundus
580 958 786 1014 nititur
815 976 1009 1015 errore
1030 960 1303 1032 depulso,
1335 961 1409 1017 de
1440 962 1629 1017 fructu
1648 976 1781 1017 ven-

150 1046 242 1102 tris
266 1046 353 1100 sui
384 1046 631 1104 hostiam
658 1047 777 1103 Deo
805 1049 1122 1114 tradiderit,
1155 1066 1224 1107 ac
1249 1066 1310 1106 se
1366 1065 1626 1123 suosque
1676 1052 1784 1105 Do.

148 1136 301 1191 mino
325 1136 587 1207 quotidie
616 1136 1002 1194 immolatura
1027 1138 1277 1195 libenter
1325 1139 1623 1196 obtulerit.
1670 1137 1784 1194 Sed

144 1238 257 1294 quo
276 1222 503 1279 facilius
518 1224 671 1280 illius
691 1225 946 1282 caelestis
979 1226 1205 1283 virtutis
1231 1228 1491 1298 insignia
1515 1227 1782 1283 obtinere

145 1314 362 1383 possim
372 1314 906 1378 us,contemnenda
919 1321 1052 1371 sunt
1068 1332 1317 1373 numera
1333 1323 1387 1373 et
1403 1317 1661 1373 honores
1673 1315 1781 1371 hu-

136 1406 226 1472 jus
258 1402 482 1471 saeculi,
508 1418 642 1473 quae
671 1402 974 1460 humanos
993 1405 1197 1461 oculos
1221 1406 1471 1462 vanitate
1491 1404 1781 1462 suadente

139 1489 448 1560 decipiunt.
485 1491 603 1547 Hoc
638 1497 834 1549 autem
865 1494 1029 1565 apud
1060 1495 1381 1551 Dominum
1413 1494 1781 1565 acceptabile

138 1585 362 1637 constat
385 1596 521 1637 esse
547 1581 927 1649 sacriﬁcium,
957 1584 1005 1638 si
1031 1583 1272 1653 praelato
1306 1584 1528 1641 caelesti
1554 1584 1779 1641 honore

140 1669 424 1726 seculum
449 1670 692 1743 cmperis
724 1671 1049 1743 despicere.

718 1796 1001 1851 HOMILIA
1034 1798 1169 1852 XIX.

666 1913 743 1966 De
777 1912 1243 1985 Quadragesz’ma.

211 2033 257 2086 ί.
289 2026 345 2085 Si
366 2026 785 2099 respiciamus,
810 2028 1451 2094 dilectissimi,causam
1477 2029 1780 2102 praesentis

138 2118 685 2189 solemnitatis,qua3
702 2118 875 2173 nobis
897 2134 1064 2190 spem
1090 2119 1297 2175 salutis
1316 2125 1549 2176 aeternas
1567 2119 1778 2176 futurae

137 2206 577 2263 resurrectionis
602 2206 730 2277 lege
760 2209 1166 2274 commendat,
1210 2225 1327 2265 non
1360 2210 1438 2266 ab
1469 2225 1530 2265 re
1575 2213 1681 2274 est,
1731 2208 1779 2264 si

137 2312 341 2353 omnes
373 2297 485 2352 hos
513 2296 573 2351 in
608 2296 806 2353 laetitia
832 2296 958 2352 dies
984 2297 1298 2367 ducamus,
1332 2302 1508 2371 atque
1548 2298 1648 2355 illa
1696 2298 1777 2354 di-

135 2387 433 2443 strictioris
456 2386 589 2442 vitae
608 2386 804 2442 studia
826 2391 1244 2458 temperemus.
1274 2387 1389 2444 Sed
1410 2387 1469 2443 in
1492 2388 1605 2447 hoc
1634 2387 1779 2443 mihi

135 2477 437 2547 aliquoties
488 2475 753 2547 diSplicet
779 2475 1112 2531 laetantium
1142 2476 1387 2541 chorus,
1420 2477 1585 2549 quod
1608 2480 1778 2550 putat

134 2566 309 2620 homo
325 2569 502 2620 totum
519 2564 632 2619 sibi
649 2563 1139 2637 licere,quidquid
1154 2565 1627 2635 Quadragesimae
1646 2571 1775 2621 tem-

133 2653 361 2724 poreilli
384 2652 674 2721 religiosae
694 2652 1080 2724 deputaverat
1100 2654 1616 2726 disciplinee.Unde
1634 2654 1776 2709 nulli

131 2742 380 2797 dubium
400 2746 492 2797 est
508 2741 901 2813 praecedentia
933 2742 1130 2799 ofﬁcia
1149 2743 1211 2799 in
1233 2742 1651 2800 confusionem
1681 2759 1774 2799 ve-

130 2832 574 2901 nire,sinescias
600 2831 894 2887 custodire
912 2847 1311 2903 quaecumque
1324 2831 1393 2887 ad
1416 2831 1776 2902 puriﬁcatio-

128 2938 259 2977 nem
291 2921 887 2991 animaejejuniorum
926 2926 982 2976 et
1004 2919 1539 2989 vigilarumlabore
1564 2928 1615 2976 te
1643 2936 1775 2976 con-

128 3010 333 3067 stiterit
360 3026 769 3081 comparasse.
798 3010 920 3065 Cito
950 3013 1152 3064 autem
1178 3009 1275 3066 ille
1301 3025 1431 3081 quas
1454 3013 1591 3064 sunt
1615 3026 1774 3065 com-

128 3106 336 3172 parata
346 3099 757 3171 rescindit,qui
770 3099 1086 3154 immemor
1100 3098 1453 3169 spiritalium
1468 3115 1771 3163 munerum

125 3188 460 3245 carnalibus
479 3188 783 3244 desideriis
804 3187 1139 3258 acquiescit,
1160 3189 1398 3258 Oportet
1428 3187 1583 3243 enim
1623 3188 1774 3243 inter
1802 3152 1847 3223 ϐ

123 3293 255 3349 qum
268 3276 535 3332 diximus
547 3275 955 3347 gaudia,illam
968 3275 1256 3344 religiosae
1270 3274 1597 3347 disciplinae
1612 3275 1771 3332 viam

124 3366 325 3433 teneri,
340 3381 478 3437 quae
492 3380 611 3420 non
636 3364 817 3420 dubie
834 3363 1076 3421 Domino
1086 3363 1373 3420 hominem
1389 3363 1552 3419 bonae
1570 3364 1769 3420 volun-

125 3456 252 3511 tatis
268 3454 668 3511 insinuat.Cui
682 3453 728 3509 si
744 3454 1031 3513 sciremus
1043 3452 1642 3524 condignamlegibus
1656 3470 1773 3510 ser-

122 3559 253 3599 vare
269 3544 688 3607 reverentiam,
718 3542 944 3598 nullam
976 3541 1250 3610 gehenna
1272 3541 1613 3613 susciperet,
1646 3543 1772 3601 nul-

115 3634 238 3688 lum
266 3639 574 3704 perpetuae
602 3631 809 3693 mortis
846 3646 1024 3701 paena
1050 3630 1383 3687 damnaret.
1430 3632 1604 3687 Omni
1629 3648 1772 3702 ergo

115 3720 511 3777 studionobis
526 3720 830 3790 agendum
852 3717 1359 3787 est,dilectissimi,
1381 3734 1454 3773 ne
1478 3719 1773 3789 puriﬁcati

113 3809 385 3883 corporis
401 3808 811 3865 conscientiam
824 3806 1188 3876 indulgentia
1201 3807 1253 3861 ni
1264 3808 1385 3863 miee
1411 3808 1771 3863 remissionis

112 3899 570 3970 impugnetznon
588 3902 820 3956 tantum
837 3898 1068 3952 dierum
1092 3896 1331 3953 illorum
1353 3897 1769 3953 observatione

110 3989 561 4059 contenti,quos
579 3987 889 4043 annuatim
909 3986 989 4057 jej
1004 3985 1281 4041 uniorum
1299 4002 1443 4042 cura
1467 4001 1771 4043 commen-

106 4077 228 4133 dat.
240 4078 406 4132 Licet
422 4076 784 4147 hancipsam
800 4074 1122 4147 aliquantis
1136 4073 1215 4130 ob
1229 4073 1495 4129 inutilem
1515 4091 1768 4130 somnum

106 4174 161 4223 et
184 4166 604 4223 insatiabilem
618 4166 822 4235 gulam
842 4169 1068 4221 constet
1082 4162 1455 4232 ingratam.Q
1466 4164 1519 4218 ui
1534 4163 1679 4218 dum
1691 4164 1769 4219 ad

104 4266 344 4314 sancte
374 4257 614 4312 Pascha
640 4255 765 4311 dies
794 4254 1086 4310 desiderio
1126 4253 1442 4323 instigante
1489 4253 1768 4315 festinant

99 4346 465 4403 accusando
480 4344 820 4413 vigiliarum
837 4344 1035 4399 studia
1047 4342 1423 4399 continentiae
1442 4342 1601 4398 bona
1617 4354 1641 4384 ει
1664 4343 1768 4399 Ρῶ-

98 4436 255 4492 scha
272 4432 1319 4504 conviviaetjejuniacopiosa.Quasi
1338 4447 1401 4487 re
1437 4447 1572 4488 vera
1597 4430 1785 4502 quod

1892 528 2116 579 servus,
2148 515 2253 588 qui
2284 515 2519 573 feriatos
2547 517 2674 574 dies
2705 518 2783 585 ad
2822 519 2937 575 hoc
2961 526 3264 593 exspectat
3312 531 3372 582 ut
3403 528 3539 584 dor-

1894 601 2053 657 miat.
2084 604 2264 675 Major
2285 605 2622 669 sollicitudo
2653 608 2928 678 agricolae
2957 617 3178 678 manet,
3215 618 3541 687 postquam

1893 689 2121 747 diutino
2149 697 2365 751 terram
2387 694 2589 751 labore
2608 697 2938 766 contigerit.
2961 699 3337 770 Vigilandum
3364 705 3544 775 igitur

1893 785 1980 836 est
2006 780 2283 851 primum,
2317 798 2390 838 ne
2421 782 2567 840 forte
2608 787 3033 845 commendata
3076 791 3255 852 sulcis
3284 795 3536 861 semina,

1895 868 2127 925 autfera
2141 878 2622 947 praesumptuosa
2636 874 2749 931 sibi
2766 876 3147 949 vindicet,aut
3162 880 3285 936 avis
3302 883 3541 941 insidio-

1894 974 1959 1012 sa
2003 965 2361 1019 contemnat.
2420 963 2693 1036 Sequitur
2740 970 2799 1020 ut
2826 981 2891 1019 ex
2923 968 3122 1037 otioin
3157 986 3334 1028 usum
3367 988 3539 1044 aquae

1894 1045 2629 1119 bibulafossadeducatur,
2650 1070 2719 1109 ne
2736 1056 3157 1127 superveniens
3184 1064 3541 1134 teempestas

1894 1136 2245 1206 pullulantia
2262 1141 2531 1208 germina
2551 1146 2651 1207 aut
2668 1142 2902 1200 occidat
2920 1152 3020 1202 aut
3044 1148 3424 1222 rapiat.0pus
3455 1156 3542 1209 est

1892 1224 2071 1282 etiam
2090 1226 2307 1283 herbas
2328 1230 2481 1295 velli,
2498 1235 2552 1285 et
2569 1231 2807 1297 aridum
2829 1234 3115 1305 cespitem
3135 1238 3367 1294 sarculo
3400 1256 3538 1311 ope-

1891 1322 2056 1372 rante
2076 1316 2321 1375 molliri:
2357 1335 2421 1374 ac
2453 1336 2555 1391 per
2585 1320 2716 1377 illos
2744 1338 2896 1399 quos
2950 1324 3059 1380 sibi
3101 1326 3371 1396 agricolae
3418 1330 3534 1387 vin-

1892 1404 2093 1459 dicant
2111 1405 2346 1463 feriatos
2361 1409 2471 1481 27
2496 1409 2647 1475 dies,
2674 1411 3019 1482 improbum
3044 1414 3270 1483 animal
3293 1418 3542 1487 circum-

1891 1492 2070 1549 ducta
2089 1510 2223 1567 sepe
2243 1496 2797 1568 prohibere.Tantus
2820 1505 2909 1557 est
2941 1503 3099 1561 enim
3123 1520 3293 1563 amor
3312 1506 3540 1565 alendee

1890 1581 2209 1647 vitae,tanta
2225 1586 2599 1656 providentiae
2615 1596 3001 1657 cura,tantum
3017 1593 3254 1651 culturae
3270 1597 3539 1663 studium,

1894 1674 1957 1725 ut
1972 1686 2077 1726 nec
2096 1677 2233 1728 tunc
2255 1689 2623 1748 quemquam
2644 1678 2902 1735 otiosum
2917 1696 3044 1736 esse
3059 1685 3545 1753 conveniat,cum

1894 1760 2169 1827 agricolas
2202 1761 2381 1818 arista
2398 1763 2620 1821 fructus
2654 1766 2913 1838 perfecto
2955 1771 3100 1827 ﬂore
3144 1775 3539 1837 commendat.

1892 1849 2040 1903 Nam
2064 1848 2479 1906 solentadultee
2500 1868 2724 1909 messes
2747 1856 2929 1927 spinis
2946 1860 3423 1919 accrescentibus
3438 1862 3544 1918 imo

1892 1936 2078 2008 pediri
2103 1958 2114 1993 :
2138 1941 2314 2008 atque
2334 1937 2431 1995 illa
2467 1956 2600 2014 quae
2620 1940 2680 1997 in
2702 1958 2807 2017 spe
2831 1946 3185 2015 maturitatis
3219 1949 3542 2015 constituta

1892 2031 2049 2090 sunt,
2074 2026 2266 2082 alieno
2290 2028 2515 2087 semine
2548 2020 2845 2089 suffocari.
2895 2034 2981 2093 Ita
3005 2035 3456 2107 intelligendum
3486 2044 3542 2097 et

1890 2115 2078 2171 multa
2099 2115 2371 2186 agricolae
2389 2118 2584 2187 studio
2601 2125 3154 2193 crescere,maxima
3166 2142 3420 2201 quaeque
3435 2144 3540 2200 per

1889 2204 2309 2274 negligentiam
2332 2208 2629 2281 deperire.

1965 2293 2018 2350 3.
2051 2293 2163 2349 Sed
2195 2294 2343 2351 dicis
2366 2297 2533 2364 forte,
2565 2300 2784 2367 Omnes
2824 2300 3215 2373 negligentias
3264 2304 3544 2375 solemni-

1892 2382 2021 2441 tatis
2047 2389 2351 2451 excusant.
2374 2386 2665 2455 Omnibus
2687 2388 2810 2444 sine
2834 2388 3019 2449 dubio
3046 2391 3320 2465 periculis
3337 2394 3542 2471 subii?"

1888 2479 1997 2539 cet,
2024 2474 2125 2546 qui
2160 2474 2340 2539 vitam
2375 2492 2539 2543 suam
2567 2478 2834 2551 quolibet
2860 2484 3119 2554 tempore
3168 2482 3543 2555 negligentiae

1889 2562 2215 2619 tradiderit.
2252 2567 2595 2637 Numquam
2618 2567 2877 2638 denique
2900 2570 3067 2640 equis
3092 2571 3209 2629 otio
3236 2572 3533 2644 deputatis

1886 2650 2036 2705 bene
2068 2650 2232 2706 frena
2255 2651 2643 2710 laxanturJta
2666 2660 2718 2710 et
2740 2660 2871 2729 post
2904 2657 3118 2721 hiemis
3135 2658 3395 2729 rigorem
3414 2661 3532 2729 cito

1884 2738 2176 2796 inebriata
2193 2742 2361 2811 aquis
2392 2745 2547 2801 terra
2567 2742 2849 2807 luxuriat.
2890 2745 3169 2813 Videmus
3198 2748 3380 2817 etiam
3427 2750 3537 2817 fre-

1885 2833 2133 2898 quenter
2152 2828 2387 2897 navigia
2402 2830 2582 2884 maris
2597 2836 2767 2901 portu
2785 2832 3535 2905 proximo,quiescentibus

1888 2916 2085 2977 remis.
2117 2915 2313 2973 subita
2330 2917 2385 2972 vi
2412 2916 2733 2985 incurrisse
2755 2919 3102 2993 naufragiis.
3128 2924 3215 2987 Ad
3245 2924 3372 2980 haec
3392 2940 3533 2995 ergo

1886 3004 2287 3075 respicientes,
2309 3005 2515 3062 fratres
2533 3007 3007 3074 dilectissimi,ita
3039 3010 3166 3068 vitae
3188 3018 3409 3073 nostrae
3437 3030 3532 3073 or-

1885 3093 2086 3149 dinem
2117 3092 2534 3166 disponamus,
2565 3099 2627 3153 ut
2640 3096 2980 3168 primoloco
2993 3100 3353 3170 castigemus
3367 3103 3533 3160 illum

1884 3183 2291 3239 conviviorum
2308 3183 2828 3257 luxum,quatenus
2845 3203 2879 3243 a
2901 3188 3065 3245 nobis
3088 3188 3388 3259 desideria
3406 3209 3532 3250 car-

1884 3273 1975 3329 nis
2004 3270 2251 3341 fugitiva
2284 3272 2611 3331 discedant.
2644 3274 2773 3333 Non
2797 3275 2975 3347 igitur
3002 3278 3138 3335 ideo
3178 3279 3329 3347 dico,
3361 3284 3532 3354 quasi

1883 3360 2033 3417 adeo
2065 3360 2135 3416 sit
2164 3360 2587 3419 abstinendum
2610 3380 2646 3419 a
2676 3364 2842 3429 cibis,
2867 3366 3051 3423 autin
3081 3372 3271 3425 totum
3288 3387 3532 3442 parcen~

1883 3448 2027 3505 dum
2053 3450 2311 3522 poculis:
2342 3450 2482 3524 quia
2508 3451 2643 3511 licet
2668 3452 2783 3509 sint
2810 3454 2884 3508 ad
2913 3471 3150 3512 crucem
3182 3464 3409 3530 parata,
3445 3464 3528 3516 ta~

1882 3555 2019 3594 men
2037 3555 2272 3611 semper
2293 3541 2643 3597 sustinenda
2665 3549 2802 3598 sunt
2820 3545 3376 3618 corpora.Displicei
3392 3548 3529 3607 mihi

1884 3627 2075 3684 solum
2096 3629 2156 3683 in
2176 3629 2266 3684 his
2284 3628 2497 3684 diebus
2518 3629 2874 3687 insatiabilis
2890 3632 3236 3706 gula,atque
3257 3635 3359 3693 illa
3394 3653 3525 3694 ven-

1882 3716 1981 3775 tris
2042 3716 2415 3775 infructuosa
2467 3719 2827 3783 commercia
2857 3736 2869 3775 :
2905 3720 3173 3794 displicet
3212 3724 3529 3796 profusum

1882 3803 2156 3860 ebrietate
2183 3805 2535 3872 convivium,
2568 3823 2638 3873 ac
2656 3822 2758 3879 per
2796 3812 2979 3867 totam
3002 3816 3240 3879 noctem
3272 3813 3529 3883 ludibrio

1880 3892 2232 3965 expositum.
2268 3894 2506 3951 Excedit
2536 3895 2802 3966 profecto
2832 3898 3161 3971 disciplinae
3182 3903 3444 3969 modum,
3476 3904 3528 3960 si

1879 3982 2011 4054 quis
2042 3980 2172 4051 plus
2204 3980 2371 4036 bibat
2394 3998 2579 4051 quam
2608 3983 2779 4039 sitiat.
2805 3985 2957 4052 Quid
2984 3988 3155 4057 igitur
3197 3991 3357 4061 apud
3394 3991 3529 4046 illos

1880 4085 2152 4136 exosum,
2185 4068 2284 4124 ubi
2313 4074 2526 4140 praeter
2554 4070 2858 4127 .ebrietatis
2894 4073 3114 4141 vitium,
3139 4075 3319 4132 etiam
3352 4077 3527 4134 detri-

1880 4164 2078 4214 menta
2098 4158 2459 4213 conveniunt
2474 4156 2858 4219 facultatum?
2877 4161 3015 4221 Quis
3038 4166 3237 4229 autegm
3255 4164 3403 4223 ferat
3428 4166 3528 4235 illa

1878 4247 2104 4303 damna
2124 4245 2475 4312 vinolentiae,
2485 4246 2585 4307 ubi
2604 4246 2736 4321 plus
2754 4249 3009 4320 vergitur
3025 4250 3323 4309 ebrietatis
3340 4270 3528 4325 causa

1877 4352 2063 4410 quam
2080 4335 2301 4393 bibitur
2321 4335 2348 4390 ‘P
2370 4340 2473 4393 aut
2492 4337 2625 4411 quis
2648 4343 3007 4410 apparatum
3030 4340 3184 4396 illius
3211 4343 3439 4399 triclinii
3458 4344 3528 4400 li-

1876 4426 2084 4483 benter
2115 4425 2381 4497 aspiciat,
2408 4427 2469 4482 in
2512 4442 2633 4499 quo
2655 4427 2861 4483 omnia
2877 4430 3175 4499 pereuntis
3205 4430 3319 4487 vini
3348 4433 3530 4492 odore

95 4522 609 4593 Quadragesimte
639 4523 768 4577 dies
794 4520 1173 4593 prohibeant,
1210 4520 1369 4576 licito
1399 4520 1526 4575 ﬁeri
1558 4519 1769 4583 solem-
1802 4514 1848 4574 D
1878 4514 2254 4571 sordescunt?
2274 4518 2418 4571 Nam
2438 4515 2540 4571 ubi
2560 4518 2924 4587 supercurrit
2945 4521 3401 4593 merum,hopret
3429 4540 3531 4581 ne.

94 4616 266 4670 nitas
295 4612 497 4669 votiva
514 4611 833 4683 permittat,
863 4616 918 4666 et
943 4610 1005 4665 in
1032 4608 1406 4667 absolutione
1428 4608 1639 4680 jejunii
1659 4608 1768 4665 da-

98 4707 160 4758 ta
185 4703 267 4758 sit
294 4701 540 4758 licentia
557 4698 868 4771 peccandi.

171 4796 230 4847 2.
294 4791 439 4847 ldeo
493 4805 673 4845 nemo
730 4793 895 4861 putet
947 4804 1020 4843 ex
1057 4802 1128 4843 eo
1170 4788 1372 4843 omnia
1420 4786 1538 4842 sibi
1567 4786 1762 4853 licere,

88 4881 256 4953 quia
286 4879 456 4935 videt
474 4878 846 4937 districtioris
868 4877 997 4933 vita:
1021 4880 1291 4948 tempora
1304 4875 1769 4953 praeterisse.Soe

86 4970 178 5026 let
205 4969 381 5025 enim
412 4983 657 5024 omnem
682 4968 951 5023 honestae
972 4967 1106 5022 vita;
1134 4969 1357 5021 statum
1389 4963 1660 5019 remissio
1680 4963 1769 5019 in-

88 5063 290 5115 cauta
332 5058 628 5128 decipere.
681 5059 812 5115 Non
841 5055 1091 5112 aestimet
1116 5053 1213 5111 ille
1242 5052 1508 5109 ebrietati
1538 5051 1769 5123 aliquid

85 5146 292 5203 fuisse
326 5144 820 5217 permissum,qui
838 5143 997 5199 videt
1021 5141 1342 5199 constituto
1360 5146 1627 5211 tempore
1648 5156 1771 5195 ces»

82 5253 234 5293 sare
248 5236 711 5308 jejunium.Non
733 5234 938 5290 credat
956 5237 1183 5287 mentes
1199 5229 1511 5286 hominum
1534 5245 1769 5286 somno-

80 5325 305 5382 lentiee
337 5325 676 5395 deputatas,
709 5322 811 5395 qui
841 5321 1004 5378 videt
1028 5320 1203 5391 juges
1229 5319 1460 5388 vigilias
1493 5333 1768 5389 superve-

162 5482 191 5511 ε
216 5470 439 5524 Totam
453 5468 599 5522 hanc
614 5463 955 5521 sententiam
983 5460 1199 5517 faciunt
1222 5461 1623 5532 perobscuram
1647 5461 1767 5511 tum

80 5541 345 5595 omissa?
362 5538 1001 5610 interpunctiones,turn
1016 5551 1124 5589 vox
1146 5549 1261 5610 una
1282 5534 1568 5610 corrupta,
1593 5544 1771 5610 quam

80 5614 143 5667 i-n
173 5614 350 5669 hunc
367 5602 605 5667 modum
622 5626 772 5665 nunc
793 5608 1190 5663 emendamus:
1216 5602 1525 5660 Accusanda
1546 5602 1773 5672 vigilia.-

1879 4604 2135 4661 cessario
2184 4604 2338 4675 turpi
2383 4604 2661 4676 squalore
2688 4606 3051 4675 convivium,
3079 4611 3234 4682 perit
3264 4612 3530 4683 profecto

1872 4692 2174 4767 quidquid
2203 4692 2419 4765 hydria
2439 4693 2617 4767 plena
2640 4697 2983 4769 susceperit.

1948 4785 2000 4838 4.
2024 4781 2227 4838 Videat
2244 4798 2383 4854 ergo
2402 4783 2548 4855 quid
2566 4783 2820 4840 futurum
2840 4786 2911 4842 sit
2935 4786 3027 4842 cui
3046 4787 3301 4845 ebrietas
3320 4790 3529 4861 placet,

1878 4876 2053 4944 atque
2071 4871 2150 4927 ad
2165 4870 2293 4927 haec
2314 4888 2448 4943 quae
2476 4872 2680 4927 dicturi
2705 4889 2914 4930 sumus
2940 4876 3211 4932 animum
3234 4879 3532 4948 sapienter

1878 4961 2502 5026 accommodet,etnon
2517 4961 2754 5027 difﬁcile
2768 4978 3015 5019 causam
3030 4980 3153 5020 sua:
3172 4965 3533 5021 infelicitatis

1878 5056 2179 5121 agnoscet.
2208 5049 2259 5107 Si
2288 5050 2419 5106 oleo
2441 5051 2627 5105 nimio
2653 5066 2760 5106 vas
2790 5051 3200 5123 compleveris,
3228 5055 3307 5108 ad
3333 5069 3401 5117 os
3429 5069 3534 5123 pae-

1880 5138 2069 5194 tulum
2087 5139 2331 5193 recurrit
2349 5138 2582 5194 fervens
2600 5138 2763 5197 unda
2776 5139 3188 5205 vendemite,et
3206 5157 3345 5197 cum
3366 5140 3532 5199 findi-

1882 5230 1996 5280 tate
2011 5225 2565 5297 revometquidquid
2581 5241 2652 5280 ex
2666 5226 2975 5282 nimietate
2989 5228 3332 5298 susceperit.
3356 5229 3534 5285 Vide-

1880 5329 2006 5368 mus
2020 5314 2191 5368 etiam
2204 5313 2543 5385 frequenter
2555 5315 2890 5370 exundante
2904 5316 3043 5371 vino
3059 5317 3282 5388 caprini
3299 5321 3532 5389 generis

1881 5472 2013 5536 rum.
2033 5456 2224 5536 studia
2256 5472 2270 5508 :
2310 5455 2659 5536 continentia;
2688 5457 2845 5536 bona,
2876 5474 3051 5536 parca
3075 5461 3347 5536 convivia,
3379 5468 3432 5520 et
3453 5468 3537 5536 je-

1873 5528 2045 5597 jum‘a
2084 5528 2312 5597 capz‘osa,
2373 5531 2503 5592 etc.,
2537 5532 2759 5583 mutata
2816 5546 2949 5584 voce
2986 5532 3196 5587 Pascha
3254 5534 3311 5590 in
3358 5528 3532 5593 istam

1878 5616 2066 5670 parca,
2095 5615 2228 5655 suus
2253 5598 2497 5655 orationi
2525 5599 2678 5656 nitor
2699 5600 3039 5659 restituitur.
3080 5609 3246 5662 BAUN.
