3986 6178
456 224 566 282 759

1290 217 1408 278 ΤΗ.
1454 218 1829 280 BAYNAUDI
1876 210 2240 275 APOLOGIA
2283 213 2420 277 PRO
2462 218 2521 276 S.
2571 214 3011 276 VALERIANO.

3700 224 3783 283 760

447 354 607 407 nant.
641 350 726 403 Ad
746 348 851 404 hoc
872 364 1042 420 porro
1067 348 1322 404 ofﬁcium
1340 355 1549 419 praeter
1572 365 1938 405 communem
1969 347 2099 421 hac:
2129 348 2177 407 A
2208 347 2409 421 Leonis
2424 348 2638 421 magni,
2654 347 3043 421 episcOpatum
3060 345 3785 421 Cemeliensemconjunctum

448 429 613 502 ienus
643 419 1016 502 propositam,
1034 439 1099 502 ea
1128 421 1469 502 me_imp_ulit
1487 423 1705 502 privata
1732 437 1923 501 causa,
1946 419 2097 502 quod

446 490 658 550 harum
680 490 769 563 (ut
794 494 861 546 de
918 493 1173 547 Eucherii
1224 490 1709 546 lucubrationibus
1765 492 1897 545 scite
1956 490 2097 543 dixit

448 566 694 622 Hilarius
727 564 1092 625 Arelatensis)
1126 564 1581 630 ﬂorulentarum,
1619 564 1887 632 omnique
1921 576 2098 615 amm-

450 638 627 691 nitate
654 633 1014 705 vernantium
1033 634 1399 705 homiliarum
1416 634 1731 705 fragrantia
1750 632 1970 687 vicinim
1998 648 2097 705 no-

448 713 581 762 stra;
608 704 691 759 cui
720 703 1057 775 Valerianus
1096 704 1391 775 episcopus
1424 703 1670 775 praefuit,
1732 712 1898 775 atque
1952 704 2095 757 adeo

448 778 620 833 etiam
648 774 761 828 oris
794 774 987 835 nostri,
1025 774 1551 843 quamvis’alte’rius
1583 781 1639 832 et
1690 774 1996 831 dioeceseos
2041 777 2097 827 et

447 845 772 917 provinciae,
800 849 997 917 tamen
1016 846 1299 917 nonadeo
1352 847 1584 911 dissitis,
1620 847 1819 901 afﬂatu
1856 846 1927 900 sit
1973 849 2093 899 tam

447 916 643 971 inultis
675 923 805 970 ante
836 916 1075 981 saeculis,
1098 916 1448 987 dignumque
1481 919 1739 974 videatur
1768 933 2000 971 omnem
2026 916 2094 969 ab

446 988 526 1042 eis
552 988 849 1056 pudorem,
884 990 945 1059 ut
974 989 1220 1041 suaviter
1246 988 1447 1043 afflare
1481 993 1739 1059 pergant,
1764 987 2086 1059 dispellere.

446 1060 608 1123 Quod
638 1058 940 1130 commode
974 1060 1333 1130 praestiturus
1360 1057 1656 1123 vide’orfsi
1692 1058 1999 1130 praemissis
2031 1057 2096 1110 iis

446 1146 569 1200 quae
597 1130 669 1182 ad
704 1128 982 1182 Valeriani
1015 1146 1317 1198 personam
1350 1136 1611 1200 spectant
1668 1128 1840 1200 (quod
1877 1130 1956 1183 ita
2002 1144 2097 1182 ne-

446 1200 757 1255 cessarium
790 1200 1048 1253 videatur
1077 1202 1148 1253 ad
1180 1202 1550 1255 avertendam
1583 1202 1858 1255 doctrinae
1885 1201 2094 1263 labem,

448 1276 510 1326 ut
534 1289 600 1326 ex
623 1271 879 1343 dicendis
906 1270 1187 1343 liquebit).
1224 1272 1324 1343 has
1356 1273 1477 1343 ejus
1520 1273 1807 1335 homilias,
1841 1288 1983 1341 quas
2005 1286 2097 1343 ne-

446 1347 582 1413 gata
621 1341 865 1413 benigna
903 1341 1395 1413 interpretatione,
1426 1360 1592 1397 maca
1639 1358 1956 1397 CHARITATIS
1994 1341 2099 1395 cri-

448 1412 981 1484 minatiorimpetit.
1042 1413 1263 1468 naviter
1327 1414 1737 1484 diligenterque
1791 1413 2095 1477 excutiam,

450 1483 685 1566 pro-latis
713 1482 778 1536 iis
809 1483 1093 1566 omnibus,
1127 1482 1457 1566 undeilabes
1506 1482 1988 1566 aliquassincerae
2046 1488 2103 1538 et

447 1556 843 1628 undecumque
870 1554 1163 1628 catholicae
1190 1556 1488 1628 scriptoris
1514 1554 1685 1628 hujus
1717 1556 1988 1610 doctrinae
2018 1571 2103 1628 as-

448 1625 606 1706 pergi
641 1626 890 1705 videtur:
914 1624 1031 1678 Illis
1075 1630 1267 1706 autem
1298 1624 1682 1706 expos.itis,'et
1702 1629 1774 1682 ad
1808 1643 1957 1680 sanae
2008 1626 2104 1678 do-

2208 419 2378 474 fuisse
2413 419 2758 488 episcopatui
2781 418 2950 472 castri
2980 418 3079 489 (ita
3109 419 3262 489 enim
3293 419 3553 489 appellat)
3580 418 3786 477 Nicaeen-

2209 492 2304 554 sis,
2337 490 2490 543 haud
2517 490 2684 545 dubie
2707 492 2776 543 ob
2809 494 3031 544 tantam
3059 488 3344 559 utriusque
3372 488 3482 543 loci
3510 491 3787 549 viciniamet

2206 562 2891 641 dimce‘s‘eon'angustiam.
2925 562 3099 640 Abeo
3130 560 3318 641 itaque
3375 566 3631 641 tempore,
3676 564 3787 618 idem

2205 631 2589 696 Cemeliensis,
2621 630 2715 702 qui
2738 630 3045 686 Nicaeensis
3083 631 3373 700 episcopus
3425 630 3543 685 fuit.
3590 634 3688 688 Nec
3727 638 3792 689 tle

2206 703 2493 758 meliensis
2521 690 2767 766 tantum,
2802 702 2886 757 vel
2915 690 3139 756 tantum
3172 690 3507 767 Nicaeensis;
3564 704 3652 757 sed
3698 722 3793 759 con-
3876 690 3877 761 l

2200 774 2400 846 juncta
2428 774 2717 846 utriusque
2735 772 2980 846 civitatis
3012 773 3469 846 nomenclatione
3494 781 3793 846 nuncupatus

2205 843 2311 909 est,
2344 852 2396 897 ut
2436 844 2613 914 liquet
2636 843 2709 899 ex
2740 862 2770 897 v
2798 845 3025 914 Synodo
3062 843 3474 905 Aurelianensi,
3512 844 3597 897 cui
3651 843 3795 901 Actius

2245 917 2499 986 resbyter
2525 915 2875 985 subscripsit,
2900 914 3133 968 nomine
3164 915 3353 982 Magni
3385 914 3622 985 episcOpi
3649 917 3797 972 Cerne
3880 952 3881 967 η

2205 932 2499 1040 presnyter
2525 932 2875 985 sunscripsit,
2900 932 3133 968 nomine
3164 932 3353 982 magni
3385 932 3622 985 episcopi
3649 932 3796 972 ueme

2227 986 2398 1040 iensis
2424 994 2478 1041 et
2502 986 2826 1041 Nicaeensis.
2881 986 3240 1057 Quamquam
3275 986 3331 1039 in
3386 986 3596 1057 excusis
3643 990 3796 1057 synodi

2205 1057 2356 1111 illius
2388 1057 2825 1127 exemplaribus,
2857 1056 3060 1110 mutila
3086 1061 3167 1110 est
3193 1073 3259 1110 ea
3290 1056 3632 1126 subscriptio.
3656 1056 3708 1111 ut
3728 1075 3798 1113 no-

2206 1128 2345 1182 tavit
2366 1130 2429 1182 R.
2463 1129 2519 1180 Ρ.
2548 1126 2789 1182 Iacobus
2817 1126 3175 1191 Sirmondus,
3202 1127 3295 1197 qui
3330 1126 3677 1182 Valerianum
3701 1130 3800 1183 edu-

2204 1199 2304 1253 xit.
2362 1199 2654 1253 Subint‘ert
2716 1204 2908 1253 autem
2970 1215 3038 1252 ex
3109 1197 3399 1268 pr0posita
3444 1200 3799 1264 observatione,

2208 1270 2675 1340 quandoquidem
2706 1269 3037 1324 Valerianus
3067 1268 3323 1323 absolute
3355 1269 3697 1324 Cemeliensis
3720 1271 3803 1340 epi-

2209 1358 2410 1411 scopus
2442 1345 2800 1411 nuncupatus
2831 1340 3056 1410 legitur,
3089 1340 3407 1410 Oportuisse
3433 1357 3558 1395 eum
3586 1349 3699 1395 ante
3722 1341 3801 1395 fac-

2210 1416 2331 1466 tam
2362 1429 2395 1466 a
2416 1417 2612 1467 sancto
2644 1412 2829 1467 Leone
2862 1412 3154 1481 utriusque
3197 1411 3348 1466 sedis
3375 1411 3801 1481 conjunctionem,

2210 1482 2545 1537 Cemeliensi
2574 1482 2833 1537 Ecclesiae
2862 1481 3173 1552 praefuisse,
3210 1487 3381 1553 atque
3422 1481 3559 1536 adeo
3590 1483 3804 1553 posterio-

2211 1571 2331 1609 rem
2360 1571 2473 1608 non
2504 1570 2625 1609 esse
2648 1559 2844 1625 sancto
2876 1554 3061 1608 Leone
3094 1554 3319 1625 Magno.
3353 1556 3465 1608 Hoc
3491 1570 3597 1607 non
3624 1558 3805 1623 gravate

2213 1626 2603 1680 concesserim.
2641 1624 2811 1678 Addit
2840 1628 3112 1695 praeterea
3138 1624 3806 1679 Valerianumsub'annum

449 1695 645 1751 ctrinae
679 1695 957 1767 amussim
999 1697 1272 1766 exquisite
1303 1695 1535 1767 aptatis,
1595 1699 1839 1752 alterum
1880 1713 2105 1767 quoque
2138 1703 2181 1760 Β
2215 1696 2420 1752 Christi
2452 1696 2576 1759 450,
2605 1695 2712 1749 hoc
2734 1700 2819 1750 est
2856 1699 3053 1749 sancto
3087 1695 3252 1749 Leoni
3297 1696 3575 1765 aequalem
3612 1700 3808 1767 statuen-

449 1766 1359 1839 criminationumcaputattingat
1388 1769 1710 1839 disquirens
1738 1766 1963 1823 rectene
1998 1770 2103 1822 Va-

449 1837 904 1911 lerianusisancti
944 1838 1171 1911 titulum
1231 1856 1341 1908 quo
1376 1837 1536 1894 illum
1594 1858 1729 1895 mss.
1782 1838 2106 1911 perantiqui

448 1910 670 1964 codices
701 1909 940 1975 donant,
966 1910 1212 1965 retinere
1242 1911 1298 1964 in
1328 1917 1620 1980 posterum
1648 1909 1868 1967 debeat.

1125 2036 1349 2090 CAPUT
1389 2037 1433 2089 Ι.

460 2140 753 2196 Valeriani
780 2139 950 2194 sedes.
985 2170 1048 2179 —
1091 2141 1166 2195 De
1222 2140 1452 2207 ejusdem
1493 2144 1674 2204 aetate,
1716 2144 1954 2204 natione,
2013 2156 2109 2211 ge-

772 2224 925 2273 nere,
954 2213 1105 2263 statu
1131 2211 1375 2275 privato,
1419 2214 1789 2279 conjectanea.

522 2333 547 2384 l
564 2372 576 2385 .
610 2331 931 2401 Eleganter,
952 2334 1013 2384 ut
1030 2330 1247 2393 omnia,
1262 2332 1649 2387 Theodoretus
1662 2338 1809 2390 orat.
1828 2336 1861 2388 9
1890 2336 1959 2389 de
1974 2338 2103 2389 Pro-

451 2401 588 2473 vid,
620 2400 877 2473 imitatus
906 2400 1175 2473 Chrysost
1230 2402 1387 2458 hom.
1419 2404 1451 2456 7
1478 2403 1533 2457 in
1558 2404 1656 2473 Ep.
1693 2404 1763 2457 ad
1796 2405 2005 2459 Coloss.
2035 2407 2108 2460 ad

452 2471 616 2533 illud,
656 2471 780 2545 Vita
808 2478 984 2545 vestra
1028 2471 1351 2545 abscondita
1400 2480 1493 2541 est,
1553 2471 1847 2545 plerosque
1888 2484 2109 2532 sancto-

455 2560 603 2618 rum,
637 2541 861 2596 etiamsi
893 2543 1042 2611 apud
1073 2544 1250 2618 Deum
1280 2541 1804 2618 illustres-jamque
1824 2546 2005 2618 gloria
2021 2566 2111 2602 cu-

454 2613 721 2685 mulatos,
752 2618 944 2667 tamen
976 2613 1248 2685 quamdiu
1285 2616 1473 2669 saeculi
1497 2613 1759 2671 ﬂuctibus
1782 2613 2101 2685 volvuntur,

455 2683 1039 2768 margariio‘c‘onferri
1076 2701 1238 2768 posse
1295 2686 1589 2768 observat;
1640 2690 2001 2768 quod-velut
2050 2683 2109 2744 in

455 2762 639 2810 ostreo
672 2754 943 2822 abditi,et
969 2757 1122 2825 quod
1162 2756 1425 2810 homines
1450 2754 1678 2827 inglorii
1724 2759 2061 2816 delitescant
2096 2778 2106 2815 :

455 2834 516 2881 ut
540 2829 840 2896 propterea
866 2826 1186 2897 concludat,
1248 2826 1660 2897 providendum
1718 2848 1751 2884 a
1790 2831 1902 2886 Deo
1940 2831 2111 2887 fuisse

456 2897 687 2973 alterius
710 2896 901 2973 θέωσι]ιὶ
924 2901 1159 2961 statum,
1190 2915 1301 2967 quo
1333 2899 1502 2953 decus
1560 2901 2002 2973 uniuscujusque
2046 2919 2112 2957 ac

456 2968 704 3043 pretium
728 2967 785 3020 in
825 2973 1021 3043 aperto
1044 2972 1768 3043 statuatur,_a_ppareatque
1795 2967 1951 3043 'qui'd
1986 2974 2109 3028 fue-

2215 1769 2375 1833 dum,
2399 1771 2738 1837 argumento
2770 1768 2901 1820 inde
2928 1768 3114 1831 ducto,
3148 1768 3300 1836 quod
3328 1768 3587 1837 exstetad
3620 1765 3811 1819 Valeria-

2218 1855 2353 1892 num
2393 1836 2781 1909 etlngenuum
2832 1838 3323 1909 Ebredunensem,
3359 1836 3627 1909 Valeriani
3654 1839 3809 1909 Metro-
3894 1868 3895 1875 η

2217 1907 2555 1979 ροιίὶδηυωζ
2582 1914 2927 1979 caeterosque
2951 1907 3262 1979 vicinarum
3293 1908 3498 1962 Galliae
3555 1907 3811 1979 provincia-

2215 1978 2343 2060 i'nm
2376 1980 2687 2060 episcopos,
2721 1978 2980 2060 ejusdem
3004 1978 3193 2060 sancti
3248 1979 3456 2060 Leonis
3511 1978 3725 2060 epistola
3753 1979 3811 2060 ‘de

2217 2048 2483 2105 Vasensis
2513 2048 2763 2120 episcopi
2794 2049 3174 2112 ordinatione,
3204 2066 3269 2104 ex
3309 2050 3441 2104 cod.
3504 2066 3602 2103 ms.
3660 2048 3812 2120 Areis:

2218 2122 2361 2176 tensi
2395 2138 2429 2175 a
2459 2118 2615 2175 card.
2647 2118 2888 2175 Baronio
2915 2120 3215 2190 evulgata;
3250 2124 3306 2175 et
3342 2120 3475 2184 alia,
3500 2120 3637 2174 inter
3673 2118 3813 2173 sancti

2220 2191 2421 2272 Leonis
2436 2191 2707 2272 epistolas
2727 2208 2884 2245 num.
2904 2191 3350 2272 quadragesima
3376 2191 3705 2272 secunda,ad
3724 2206 3812 2242 om-

2222 2279 2320 2317 nes
2348 2261 2544 2333 Galliae
2575 2262 2889 2332 episcOpos,
2935 2280 3046 2332 qua
3080 2261 3427 2317 Valerianus
3479 2270 3531 2317 et
3564 2262 3808 2333 lngenuus.

2219 2333 2368 2387 inter
2396 2332 2598 2387 Galliae
2624 2335 2935 2403 episc0pos,
2966 2350 3205 2403 quorum
3239 2335 3309 2387 ad
3334 2338 3591 2388 sanctum
3621 2332 3811 2403 Leonem

2218 2403 2460 2474 epistola
2486 2404 2739 2473 proxime
2762 2402 3141 2473 praecesserat,
3174 2403 3527 2459 referuntur.
3554 2409 3674 2459 Item
3701 2402 3813 2473 quod

2219 2475 2457 2529 concilio
2484 2491 2582 2544 per
2603 2476 2804 2529 eadem
2826 2479 3088 2544 tempora
3122 2474 3315 2544 Rhegii
3354 2479 3408 2529 in
3433 2474 3607 2530 Gallia
3622 2474 3815 2529 celebra-

2220 2550 2297 2609 to,
2325 2546 2724 2615 subscripsisse
2754 2548 2975 2615 legatur
3005 2545 3368 2610 Valerianus,
3412 2563 3535 2601 cum
3565 2546 3675 2600 aliis
3701 2544 3812 2615 illius

2222 2621 2435 2671 tractus
2457 2613 2751 2686 episcopis.
2784 2613 3036 2670 Tandem
3068 2618 3219 2686 quod
3260 2617 3537 2673 habeatur
3584 2613 3811 2670 Valeriani

2221 2687 2466 2769 episcopi
2495 2704 2630 2769 cum.
2656 2686 2843 2769 laude;
2851 2687 3087 2768 mentio,
3122 2688 3179 2741 in
3210 2704 3412 2769 recens
3437 2692 3644 2769 reperto
3671 2686 3814 2769 conci-

2221 2756 2295 2813 lio
2320 2756 2633 2814 Arelatensi
2664 2760 2765 2813 sub
2807 2758 3099 2813 Ravennio
3125 2760 3310 2813 sancti
3346 2756 3540 2815 Leonis
3577 2756 3751 2827 aequali
3773 2756 3814 2808 in

2220 2830 2342 2885 haec
2371 2830 2588 2884 verba:
2628 2831 2861 2885 Causam
2912 2846 3033 2899 quae
3082 2831 3227 2883 inter
3272 2834 3516 2886 sanctum
3560 2830 3813 2901 episcopum

2222 2901 2565 2964 Theodorum,
2601 2905 2652 2955 et
2668 2896 3311 2970 sanctum'Valerianum,
3342 2903 3423 2957 vel
3434 2896 3664 2955 sanctum
3681 2896 3813 2953 Maxi-

2220 2990 2382 3035 mum,
2418 2973 2551 3027 item
2584 2972 2882 3039 episcopos,
2898 2972 3353 3041 atqueAbraham
3377 2974 3814 3037 Faustum,mcnon

455 3038 898 3121 rintetiam'cum
914 3038 1538 3121 obscuriincogniti’q’ue
1553 3038 1965 3121 premerentur.
1998 3048 2111 3121 Hoc
2142 3054 2185 3113 ο
2221 3052 2271 3121 et
2294 3043 2529 3121 reliquos
2551 3038 3304 3121 fratresinsula—Lirinensis
3357 3044 3634 3108 acciderat,
3664 3041 3817 3121 absque

459 3108 662 3161 cumin
694 3107 820 3160 aliis
848 3108 1225 3162 sanctissimis
1248 3107 1380 3163 viris
1406 3107 1742 3177 innumeris,
1778 3118 1897 3168 tum
1930 3116 2112 3169 nomi-

461 3178 645 3255 natim
686 3177 1527 3255 inValierianoideprehendere
1550 3182 1688 3255 licet
1718 3201 1729 3239 :
1764 3202 1933 3255 quem
1968 3190 2112 3240 tam-

461 3248 566 3304 etsi
595 3247 912 3325 sanctitatis
938 3247 1486 3325 no‘mine'superstes
1511 3253 1703 3325 aliqua
1757 3247 2113 3325 antiquitatis

466 3318 667 3401 aurula
695 3318 974 3409 iilustre‘m
1000 3318 1167 3409 ferat,
1191 3318 1625 3404 magnatameri
1645 3318 2116 3409 hactenusinple-

465 3390 657 3462 risque
682 3390 1018 3462 obscuritas.
1051 3395 1108 3446 et
1137 3390 1478 3460 communis,
1514 3398 1574 3447 ut
1600 3394 1677 3449 ita
1704 3396 1914 3461 dicam,
1975 3390 2117 3453 livor

465 3461 572 3517 aevi
602 3461 835 3535 pressit;
866 3461 946 3515 ita
977 3465 1088 3535 ut_e
1117 3462 1395 3535 capitibus
1416 3464 1715 3535 propositis
1729 3469 1797 3521 de
1836 3468 1959 3522 sola
1984 3471 2117 3525 sede

467 3537 719 3605 constet;
750 3532 803 3586 in
860 3532 1109 3605 caeteris,
1154 3532 1485 3605 conjectura
1518 3532 1649 3591 —fere
1697 3540 1970 3592 utendum
2023 3541 2114 3594 sit.

470 3603 820 3679 Conabimur
848 3602 1223 3679 nihilominus
1260 3602 1296 3658 a
1352 3607 1483 3660 sede
1532 3623 1659 3677 quae
1694 3609 1988 3679 explorata
2037 3616 2121 3666 est

470 3678 695 3744 reptare
724 3674 793 3727 ad
825 3674 1063 3744 reliqua.

543 3744 680 3815 34.
713 3744 970 3815 2.7Sedes
995 3745 1187 3814 itaque
1218 3744 1790 3815 ValerianoCemelii,
1822 3752 1938 3807 sive
1952 3752 2123 3809 Cella:

472 3814 575 3869 aut
601 3814 1174 3869 Cemelini.'l‘otidem
1201 3815 1353 3870 enim
1409 3818 1735 3875 nominibus
1781 3814 2001 3877 dictam
2044 3824 2124 3877 in-

472 3885 637 3965 venio
667 3885 978 3965 civitaiem,
1005 3887 1169 3965 cujus
1192 3903 1341 3965 nunc
1362 3888 1450 3965 vix
1481 3889 1671 3965 aliqua
1704 3895 1910 3965 rudera
1932 3912 2125 3965 super-

473 3961 605 4029 sunt
630 3973 804 4029 prope
833 3957 1085 4029 Nicaeam
1114 3958 1368 4029 Salyum,
1398 3960 1454 4013 in
1486 3957 1627 4016 colle
1659 3963 1745 4017 cui
1803 3957 2121 4020 etiamnum

472 4027 703 4082 Cemelii
753 4027 1080 4098 appellatio,
1128 4033 1185 4083 et
1213 4027 1483 4085 ﬂorentis
1540 4035 1831 4098 quondam
1880 4037 2123 4092 civitatis

474 4098 633 4153 fama
658 4114 1071 4175 rei-umivacua,
1102 4100 1288 4175 durat.
1315 4102 1461 4175 Nam
1488 4098 1805 4175 siDeiparm
1828 4109 2008 4162 eadem
2039 4126 2125 4163 sa-

472 4186 653 4249 cram,
686 4172 815 4224 etS.
845 4171 1035 4249 _Pontii
1066 4170 1599 4249 abbatiainﬁdemas,
1651 4170 1859 4249 caetera
1910 4180 2119 4249 campi-

477 4244 703 4294 tantum
730 4245 882 4303 sunt,
903 4246 959 4296 et
980 4241 1189 4306 vineta,
1220 4242 1312 4295 ubi
1336 4243 1650 4298 Cemelium
1688 4246 1807 4301 fuit.
1838 4241 2121 4304 Nimirum

476 4311 830 4387 utestapud
857 4312 1154 4387 Senecam,
1188 4313 1351 4387 epist.
1381 4312 1442 4387 91
1491 4315 1703 4387 :Nihil
1718 4320 1999 4387 privatim,
2034 4322 2125 4376 ni-

478 4381 557 4435 hil
577 4382 797 4449 publice
824 4382 1019 4437 stabile
1046 4389 1146 4436 est.
1211 4383 1352 4437 Tam
1384 4384 1664 4440 hominum

475 4452 1006 4530 fatapolvuuturEt
1044 4453 1195 4530 quod
1225 4452 1374 4530 idem
1434 4455 1570 4511 scite
1620 4452 1759 4530 dixit
1808 4461 1970 4530 epist.
2016 4463 2119 4517 7i:

478 4522 652 4599 Certis
680 4527 1028 4599 euutcuncla
1048 4524 1389 4593 temporibus,
1424 4529 1574 4581 nasci
1608 4528 1813 4598 debent,
1844 4522 2125 4599 'crescere,

478 4592 773 4661 exstingui.
802 4591 965 4646 Nulli
988 4610 1096 4646 non
1123 4591 1364 4649 senectus
1388 4612 1486 4651 sua.
1514 4604 1607 4652 est.
1642 4591 1810 4656 Omne
1828 4591 2127 4659 humanum

478 4662 903 4736 genusquodque
933 4669 1031 4727 est,
1060 4665 1308 4736 quodque
1338 4668 1462 4725 erit.
1486 4671 2001 4728 mortedamnatum
2033 4682 2125 4728 est.

484 4732 683 4815 anes
714 4732 839 4815 quae
865 4732 1099 4815 usquam
1132 4732 1323 4791 rerum
1352 4739 1658 4815 potiuntur
1686 4743 1857 4815 urbes,
1911 4760 2132 4815 quaeque

477 4803 787 4883 aiienorum
818 4803 1178 4883 imperiorum
1206 4803 1399 4883 magna
1416 4819 1547 4883 sunt
1566 4811 1772 4877 decora,
1804 4814 1896 4865 ubi
1916 4803 2130 4883 fuerint

478 4876 778 4949 aliquando
807 4884 1105 4947 quzeretur.
1145 4876 1441 4949 Sapienter
1476 4881 1648 4934 etiam
1683 4876 1765 4937 de
1808 4876 1990 4939 morte
2016 4892 2132 4939 An-

478 4946 786 5003 toniuslib.
813 4946 869 5002 iv
896 4949 964 5003 de
998 4948 1105 5002 vita
1140 4946 1240 5004 sua
1267 4966 1425 5003 num.
1460 4951 1528 5003 38
1559 4967 1574 5005 :
1611 4953 1746 5017 Quot
1804 4955 1962 5009 urbes
1990 4974 2131 5010 mor-

479 5025 614 5092 tuae,
645 5024 704 5073 ut
738 5020 815 5074 ita
827 5020 1013 5075 dicam
1027 5022 1195 5074 sunt?
1207 5020 1410 5092 Helice,
1440 5021 1709 5092 Pompeii,
1727 5024 2127 5089 Hcrculanum,

478 5096 526 5142 et
556 5090 680 5145 alia
726 5094 1051 5145 innumerae.
1109 5092 1222 5145 Nec
1279 5090 1633 5147 dissimiliter
1688 5096 1745 5148 S.
1796 5098 2129 5153 Ambrosius

479 5159 643 5231 epist.
676 5163 729 5226 8,
764 5180 889 5233 quae
921 5166 1007 5216 est
1033 5162 1105 5216 ad
1134 5162 1489 5225 Faustinum,
1525 5170 1811 5220 memorat
1837 5171 2132 5225 semiruta-

480 5246 608 5285 rum
628 5234 862 5288 urbium
893 5233 1179 5306 cadavera,
1234 5239 1627 5306 terrarumque
1663 5238 1759 5291 sub
1784 5239 1959 5294 eodem
2012 5258 2131 5295 con-

480 5304 1284 5382 spectueg:posilafunwa._Ad
1345 5304 1447 5382 has
1497 5304 1806 5382 Cemelium
1858 5312 2129 5382 adjungo,

478 5386 651 5446 quam
684 5373 1245 5446 visisseialiquando,
1280 5392 1382 5430 nec
1405 5376 1724 5446 ingloriam,
1761 5373 1960 5436 rudera
1991 5373 2133 5435 invdi-

480 5444 633 5505 cant,
660 5446 717 5517 et
742 5443 905 5497 Plinii
937 5443 1281 5500 ac’veterum
1315 5443 1772 5517 geographorurn
1806 5454 2135 5507 testimonia

481 5526 596 5582 non
620 5512 854 5567 obscure
883 5517 1147 5582 produnt.

549 5580 599 5633 3.
634 5582 709 5633 Ex
739 5580 1048 5638 constituta
1082 5585 1367 5639 Valeriani
1396 5588 1527 5641 sede
1577 5606 1687 5644 non
1734 5592 2014 5647 invalidat
2064 5596 2134 5649 de

478 5668 596 5735 seio
628 5653 959 5735 conjectura
978 5656 1220 5735 ducitur.
1244 5657 1391 5709 Nam
1413 5674 1480 5735 ex
1496 5659 1735 5735 epistola
1753 5662 1949 5716 Hilarii
1972 5680 2133 5735 papae

476 5723 552 5777 ad
579 5722 867 5795 quosdam
898 5724 1094 5780 Galliae
1120 5725 1414 5795 episcOpos
1426 5722 1687 5797 habetur,
1702 5734 1926 5789 decreto
1948 5722 2129 5790 sancti

2221 3112 2613 3179 dubio,omnrs
2643 3130 2734 3167 nos
2760 3118 2852 3183 qui
2879 3114 2938 3167 in
2971 3113 3191 3168 Christo
3220 3129 3397 3168 unum
3428 3131 3615 3177 sumus,
3644 3112 3817 3183 diferre

2222 3203 2327 3239 non
2355 3200 2655 3251 possumus,
2680 3180 2790 3237 nisi
2820 3184 2877 3237 id
2906 3201 3132 3251 agamus
3156 3185 3399 3253 qualiter
3430 3189 3645 3240 curetur
3668 3190 3710 3237 et
3731 3180 3817 3253 abs-

2224 3263 2503 3323 tergatur.
2560 3254 2689 3308 Erat
2724 3256 3063 3326 Theodorus
3104 3252 3405 3326 episcopus
3455 3252 3818 3326 Forojuliensis,

2225 3326 2499 3383 Maximus
2517 3341 2648 3379 vero
2671 3325 3025 3395 Rbegiensis,
3059 3326 3147 3380 cui
3172 3332 3373 3395 postea
3403 3325 3629 3381 FaustUs
3647 3338 3819 3379 succes-

2226 3414 2339 3461 sor,
2370 3397 2449 3450 bis
2476 3412 2761 3460 successor,
2788 3404 2846 3450 ut
2875 3398 2945 3451 ad
2974 3412 3103 3451 eum
3135 3397 3286 3451 canit
3354 3398 3627 3453 Sidonius.
3674 3398 3819 3461 Itaque

2228 3469 2461 3523 suborta
2486 3466 2635 3521 inter
2659 3467 2874 3523 Theod.
2914 3468 3115 3521 Lerino
3138 3468 3389 3523 vicinum
3414 3475 3469 3524 et
3498 3470 3736 3523 Faustum
3753 3466 3822 3517 Le-

2230 3539 2337 3593 rini
2371 3538 2637 3593 abbatem
2665 3538 3067 3599 controversia,
3095 3538 3370 3594 Maximus
3399 3539 3576 3595 Lerini
3621 3537 3735 3591 olim
3754 3533 3822 3587 ab-

2232 3612 2352 3673 bas,
2387 3614 2519 3662 tunc
2546 3608 2879 3678 Rhegiensis
2900 3610 3212 3679 episcopus,
3248 3626 3351 3680 pro
3393 3613 3592 3665 Fausto
3633 3614 3681 3663 et
3720 3605 3822 3680 Lirij

2234 3680 2499 3735 nensibus
2531 3679 2701 3733 stetit.
2730 3681 2791 3733 Et
2820 3678 3103 3750 tempora’
3124 3697 3189 3734 ac
3216 3678 3344 3735 loca
3388 3682 3759 3750 consentiunt,__
3782 3678 3825 3726 ut

2233 3750 2686 3821 Valerianusille
2719 3748 3033 3821 episcopus,
3060 3751 3153 3821 qui
3184 3751 3323 3805 item
3358 3770 3388 3806 a
3420 3752 3601 3807 Fausti
3625 3748 3825 3821 partibus

2233 3824 2403 3885 stetit,
2439 3820 2607 3893 fuerit
2636 3820 2725 3874 hic
2748 3820 2939 3875 noster
2964 3820 3336 3893 Gemeliensis
3367 3824 3668 3893 episcopus.
3696 3830 3826 3893 quem

2234 3894 2371 3948 olim
2400 3892 2457 3946 in
2486 3892 2779 3964 Lerinensi
2803 3892 3075 3947 asceterio
3099 3892 3449 3948 monachum
3469 3894 3654 3964 egisse,
3676 3892 3827 3964 postea

2234 3964 2532 4035 attingam.
2569 3963 2679 4035 Has
2696 3964 3072 4035 conjecturas,
3098 3968 3158 4017 ut
3180 3980 3292 4018 non
3348 3957 3591 4019 difﬁtéor
3617 3957 3723 4017 esse
3757 3957 3827 4011 ad-

2234 4034 2470 4090 modum
2495 4034 2830 4108 probabiles,
2866 4034 3027 4089 video
3057 4039 3254 4108 tamen
3276 4037 3630 4108 conjecturas
3648 4036 3828 4108 tanturn

2233 4123 2353 4162 esse
2380 4111 2435 4161 et
2450 4102 2585 4186 quae
2618 4105 3252 4186 indocilem-animum.
3290 4102 3443 4177 aegre
3493 4102 3830 4186 permoveant,

2236 4169 2549 4249 praesertim
2581 4176 2711 4245 quia
2742 4175 2797 4229 in
2822 4176 3003 4249 citatis
3033 4176 3285 4246 epistolis
3300 4169 3375 4249 et
3424 4169 3664 4249 conciliis
3712 4169 3834 4249 i’ale-

2237 4243 2433 4303 i'ianus
2464 4243 2746 4316 nusquam
2780 4243 3098 4316 appellatur
3124 4248 3508 4303 Cemeliensis.
3560 4248 3676 4317 Nec
3715 4243 3836 4317 lnge-

2236 4336 2403 4383 nuus,
2431 4318 2525 4388 qui
2552 4315 3076 4388 pOstValerianum
3113 4318 3410 4374 ascribitur
3430 4320 3485 4373 in
3537 4315 3707 4388 citatis
3750 4315 3834 4388 epi-

1716 4382 2122 4469 quamurbium
2162 4402 2206 4459 1)
2236 4389 2415 4453 stolis,
2446 4382 2651 4469 dicitur
2679 4387 2850 4469 fuisse
2880 4389 3247 4469 metropolita
3280 4386 3742 4469 _Ebredunensisﬂ:

2238 4477 2425 4532 quecx
2458 4460 2578 4529 ipsa
2592 4458 2895 4532 posteriori
2926 4459 3050 4513 loco
3066 4454 3251 4530 posita
3280 4454 3837 4532 lngenuiascriptioae2

2240 4521 2518 4603 infirmari
2552 4521 2791 4592 videtur,
2825 4535 2881 4603 ut
2914 4546 3027 4603 non
3062 4521 3296 4601 urgeam
3329 4521 3481 4603 quod
3506 4602 3511 4603 γ
3534 4531 3603 4603 ad
3656 4521 3840 4603 con_cilii

2239 4600 2653 4673 plenitudinem
2683 4605 2781 4654 aut
2810 4594 3442 4673 titulipostéaappositi
3467 4602 3654 4655 vitium
3678 4594 3841 4673 referri

2241 4620 2653 4673 plenituuinem
2683 4620 2781 4654 aut
2810 4620 2957 4654 utuu
2990 4620 3231 4671 posreaa
3278 4620 3442 4673 pOSltl
3467 4620 3654 4655 viuum
3678 4620 3840 4672 νεωμ-

2241 4690 2402 4744 posse
2431 4671 2612 4735 video,
2654 4688 2858 4744 nempe
2896 4672 3188 4742 episcopos
3220 4620 3346 4727 illos
3401 4674 3473 4727 ad
3522 4665 3840 4744 metrppollm

2241 4739 2658 4805 Arelatensem,
2686 4746 2739 4795 et
2767 4739 3048 4797 diversam
3073 4739 3143 4797 ab
3176 4742 3559 4798 Ebredunensi
3588 4740 3669 4795 cui
3688 4739 3844 4791 Ceme-

2241 4814 2380 4886 lium
2405 4815 2616 4886 subest,
2649 4815 2804 4886 etab
2834 4814 3078 4886 Aquensi
3118 4814 3223 4886 cui
3278 4816 3534 4886 subjacet
3586 4811 3840 4883 Rhegium).

2241 4885 2543 4966 pertinere.
2586 4884 2836 4966 Denique
2865 4884 3052 4965 plures
3083 4884 3477 4966 simul-eodem
3518 4889 3753 4964 tempore
3776 4889 3841 4966 Jln

2242 4946 2337 5009 illo
2361 4955 2558 5009 Gallia:
2593 4946 2775 5009 tractu
2803 4946 3061 5009 ﬂoruisse
3094 4955 3421 5010 Valerianos
3447 4946 3845 5025 episcopos,_d0-

2241 5031 2330 5081 cet
2353 5026 2648 5080 Gallorum
2672 5026 3063 5095 episcOporum
3096 5026 3333 5095 epistola
3366 5028 3434 5079 ad
3466 5018 3713 5079 sanctum
3739 5018 3843 5095 Leo:

2242 5114 2394 5161 nem,
2438 5102 2494 5152 et
2518 5083 2772 5168 ejusdem
2802 5083 3084 5168 pontificis
3118 5083 3186 5150 ad
3215 5114 3309 5152 eos
3333 5096 3675 5168 rescriptum,
3724 5083 3844 5159 Quod

2243 5173 2327 5225 est
2356 5169 2505 5223 inter
2524 5164 2899 5237 e'pistolas’5'2,
2934 5172 2995 5221 ut
3025 5168 3482 5237 planeincertum
3510 5164 3629 5219 lieri
3657 5169 3845 5215 necesse

2243 5239 2316 5293 sit
2344 5240 2467 5311 quis
2499 5255 2697 5311 eorum
2721 5238 2826 5311 hoc
2849 5242 3045 5292 nostro
3077 5243 3349 5293 recurrat.
3371 5241 3715 5311 Quamquam
3741 5240 3844 5311 cufll

2245 5327 2345 5380 pro
2361 5302 2667 5383 Valeriano
2702 5309 2888 5383 plures
2914 5313 3241 5383 suppeiant,
3287 5314 3339 5363 et.
3376 5302 3588 5377 reliqua
3613 5302 3845 5383 adjuncta

2244 5373 2620 5437 consentiant.
2655 5373 2763 5434 non
2789 5373 2999 5449 injuria
3024 5373 3381 5434 existimatur
3411 5373 3601 5432 eorum
3634 5373 3845 5449 aliquem

2245 5467 2364 5525 esse
2394 5452 2541 5505 hunc
2574 5452 2755 5525 ipsum
2781 5446 2949 5525 quem
2969 5451 3279 5525 quaerimus
3309 5449 3666 5525 Valerianum
3688 5446 3845 5525 Cetrii“

2245 5523 2500 5577 liensem.
2531 5508 2694 5575 Et‘ita
2721 5508 2953 5575 oninino
2988 5508 3178 5576 lliabco
3218 5536 3566 5592 persuasum.
3604 5520 3671 5570 De
3720 5508 3842 5563 Vale-

2245 5594 2391 5647 riani
2424 5609 2545 5647 aevo
2580 5592 2736 5645 satis.
3815 5644 3823 5654 _

2316 5664 2366 5717 4.
2392 5664 2558 5735 Natio
2582 5662 2781 5735 minus
2794 5663 3040 5735 _obscura
3080 5667 3183 5717 est.
3210 5664 3285 5717 Ex
3308 5661 3468 5735 dictis
3499 5658 3843 5735 enimpef'sl’f

2244 5750 2415 5789 cuum
2440 5734 2661 5788 videtur
2684 5732 2911 5789 Gallum
2930 5734 3125 5798 fuisse,
3144 5738 3201 5789 et
3225 5734 3384 5790 sedes
3414 5726 3695 5786 consentit.
3726 5724 3840 5777 Nam
