  <div class='ocr_page' id='page_1' title='image "/cluster/home/n/w/nwhite01/storage/ocr_20150623/52/hvd.32044054758628/386.png"; bbox 0 0 3986 6178; ppageno 0'>
   <div class='ocr_carea' id='block_1_1' title="bbox 234 301 345 360">
    <p class='ocr_par' dir='ltr' id='par_1_1' title="bbox 234 301 345 360">
     <span class='ocr_line' id='line_1_1' title="bbox 234 301 345 360; baseline 0 -1"><span class='ocrx_word' id='word_1_1' title='bbox 234 301 345 360; x_wconf 80' lang='grc'><strong>761</strong></span> 
     </span>
    </p>
   </div>
   <div class='ocr_carea' id='block_1_2' title="bbox 1093 298 2803 362">
    <p class='ocr_par' dir='ltr' id='par_1_2' title="bbox 1093 298 2803 362">
     <span class='ocr_line' id='line_1_2' title="bbox 1093 298 2803 362; baseline 0 -3"><span class='ocrx_word' id='word_1_2' title='bbox 1093 302 1210 360; x_wconf 84' lang='grc' dir='ltr'><strong>ΤΗ.</strong></span> <span class='ocrx_word' id='word_1_3' title='bbox 1258 301 1633 362; x_wconf 85' lang='lat' dir='ltr'><strong>RAYNAUDI</strong></span> <span class='ocrx_word' id='word_1_4' title='bbox 1680 298 2034 361; x_wconf 83' lang='lat' dir='ltr'><strong>APOLOGIA</strong></span> <span class='ocrx_word' id='word_1_5' title='bbox 2081 298 2218 359; x_wconf 80' lang='lat' dir='ltr'><strong>PRO</strong></span> <span class='ocrx_word' id='word_1_6' title='bbox 2259 299 2318 359; x_wconf 91' lang='lat' dir='ltr'><strong>S.</strong></span> <span class='ocrx_word' id='word_1_7' title='bbox 2369 299 2803 361; x_wconf 86' lang='lat' dir='ltr'><strong>VALERIANO.</strong></span> 
     </span>
    </p>
   </div>
   <div class='ocr_carea' id='block_1_3' title="bbox 3538 309 3649 366">
    <p class='ocr_par' dir='ltr' id='par_1_3' title="bbox 3538 309 3649 366">
     <span class='ocr_line' id='line_1_3' title="bbox 3538 309 3649 366; baseline 0.018 -2"><span class='ocrx_word' id='word_1_8' title='bbox 3538 309 3649 366; x_wconf 70' lang='grc'><strong>762</strong></span> 
     </span>
    </p>
   </div>
   <div class='ocr_carea' id='block_1_4' title="bbox 233 430 3649 505">
    <p class='ocr_par' dir='ltr' id='par_1_4' title="bbox 233 430 3649 505">
     <span class='ocr_line' id='line_1_4' title="bbox 233 430 3649 505; baseline 0.002 -21"><span class='ocrx_word' id='word_1_9' title='bbox 233 430 495 505; x_wconf 81' lang='lat' dir='ltr'><strong>quamvis</strong></span> <span class='ocrx_word' id='word_1_10' title='bbox 524 431 839 505; x_wconf 79' lang='lat' dir='ltr'><strong>Cemelium</strong></span> <span class='ocrx_word' id='word_1_11' title='bbox 890 448 925 486; x_wconf 89' lang='lat' dir='ltr'><strong>a</strong></span> <span class='ocrx_word' id='word_1_12' title='bbox 977 431 1181 505; x_wconf 85' lang='lat' dir='ltr'><strong>Plinio,</strong></span> <span class='ocrx_word' id='word_1_13' title='bbox 1234 433 1572 505; x_wconf 74' lang='lat' dir='ltr'><strong>Ptolomaeo,</strong></span> <span class='ocrx_word' id='word_1_14' title='bbox 1604 433 1885 497; x_wconf 89' lang='lat' dir='ltr'><strong>Leandro,</strong></span> <span class='ocrx_word' id='word_1_15' title='bbox 1918 434 1967 494; x_wconf 82' lang='grc' dir='ltr'>Α</span> <span class='ocrx_word' id='word_1_16' title='bbox 1999 433 2286 505; x_wconf 81' lang='lat' dir='ltr'><strong>annuente</strong></span> <span class='ocrx_word' id='word_1_17' title='bbox 2316 431 2577 503; x_wconf 82' lang='lat' dir='ltr'><strong>conjuge,</strong></span> <span class='ocrx_word' id='word_1_18' title='bbox 2604 435 2703 505; x_wconf 84' lang='lat' dir='ltr'><strong>aut</strong></span> <span class='ocrx_word' id='word_1_19' title='bbox 2728 448 2845 505; x_wconf 89' lang='lat' dir='ltr'><strong>non</strong></span> <span class='ocrx_word' id='word_1_20' title='bbox 2877 431 3025 486; x_wconf 89' lang='lat' dir='ltr'><strong>ultra</strong></span> <span class='ocrx_word' id='word_1_21' title='bbox 3057 432 3379 502; x_wconf 73' lang='lat' dir='ltr'><strong>superstite,</strong></span> <span class='ocrx_word' id='word_1_22' title='bbox 3412 433 3649 491; x_wconf 87' lang='lat' dir='ltr'><strong>liberum</strong></span> 
     </span>
    </p>
   </div>
   <div class='ocr_carea' id='block_1_5' title="bbox 230 502 1883 585">
    <p class='ocr_par' dir='ltr' id='par_1_5' title="bbox 230 502 1883 585">
     <span class='ocr_line' id='line_1_5' title="bbox 230 502 1883 585; baseline 0.001 -29"><span class='ocrx_word' id='word_1_23' title='bbox 230 503 469 585; x_wconf 80' lang='lat' dir='ltr'><strong>aliisque</strong></span> <span class='ocrx_word' id='word_1_24' title='bbox 518 502 807 585; x_wconf 73' lang='lat' dir='ltr'><strong>nonnullis</strong></span> <span class='ocrx_word' id='word_1_25' title='bbox 840 504 1217 585; x_wconf 78' lang='lat' dir='ltr'><strong>_geogr_aphis</strong></span> <span class='ocrx_word' id='word_1_26' title='bbox 1255 505 1312 585; x_wconf 73' lang='lat' dir='ltr'><strong>in</strong></span> <span class='ocrx_word' id='word_1_27' title='bbox 1347 505 1518 585; x_wconf 73' lang='lat' dir='ltr'><strong>italia</strong></span> <span class='ocrx_word' id='word_1_28' title='bbox 1556 502 1883 585; x_wconf 67' lang='lat' dir='ltr'><strong>collocetur,</strong></span> 
     </span>
    </p>
   </div>
   <div class='ocr_carea' id='block_1_6' title="bbox 230 573 1883 647">
    <p class='ocr_par' dir='ltr' id='par_1_6' title="bbox 230 573 1883 647">
     <span class='ocr_line' id='line_1_6' title="bbox 230 573 1883 647; baseline 0.001 -20"><span class='ocrx_word' id='word_1_29' title='bbox 230 578 426 647; x_wconf 78' lang='lat' dir='ltr'><strong>tamen</strong></span> <span class='ocrx_word' id='word_1_30' title='bbox 452 578 693 644; x_wconf 76' lang='lat' dir='ltr'><strong>apparet</strong></span> <span class='ocrx_word' id='word_1_31' title='bbox 718 573 873 647; x_wconf 18' lang='lat' dir='ltr'><strong>idrab</strong></span> <span class='ocrx_word' id='word_1_32' title='bbox 900 573 1225 647; x_wconf 43' lang='lat' dir='ltr'><strong>eis—idcirco,</strong></span> <span class='ocrx_word' id='word_1_33' title='bbox 1250 576 1485 641; x_wconf 83' lang='lat' dir='ltr'><strong>factum,</strong></span> <span class='ocrx_word' id='word_1_34' title='bbox 1522 578 1674 647; x_wconf 90' lang='lat' dir='ltr'><strong>quod</strong></span> <span class='ocrx_word' id='word_1_35' title='bbox 1706 574 1883 647; x_wconf 67' lang='lat' dir='ltr'><strong>Italia:</strong></span> 
     </span>
    </p>
   </div>
   <div class='ocr_carea' id='block_1_7' title="bbox 226 644 1884 712">
    <p class='ocr_par' dir='ltr' id='par_1_7' title="bbox 226 644 1884 712">
     <span class='ocr_line' id='line_1_7' title="bbox 226 644 1884 712; baseline 0.002 -14"><span class='ocrx_word' id='word_1_36' title='bbox 226 644 473 699; x_wconf 82' lang='lat' dir='ltr'>limitem</span> <span class='ocrx_word' id='word_1_37' title='bbox 500 649 758 699; x_wconf 79' lang='lat' dir='ltr'><strong>statuant</strong></span> <span class='ocrx_word' id='word_1_38' title='bbox 788 645 1001 699; x_wconf 88' lang='lat' dir='ltr'><strong>Varum</strong></span> <span class='ocrx_word' id='word_1_39' title='bbox 1042 646 1299 712; x_wconf 86' lang='lat' dir='ltr'><strong>ﬂuvium,</strong></span> <span class='ocrx_word' id='word_1_40' title='bbox 1339 665 1468 703; x_wconf 85' lang='lat' dir='ltr'><strong>cum</strong></span> <span class='ocrx_word' id='word_1_41' title='bbox 1500 644 1695 703; x_wconf 75' lang='lat' dir='ltr'><strong>tamen</strong></span> <span class='ocrx_word' id='word_1_42' title='bbox 1746 646 1884 701; x_wconf 90' lang='lat' dir='ltr'><strong>olim</strong></span> 
     </span>
    </p>
   </div>
   <div class='ocr_carea' id='block_1_8' title="bbox 228 715 1883 790">
    <p class='ocr_par' dir='ltr' id='par_1_8' title="bbox 228 715 1883 790">
     <span class='ocr_line' id='line_1_8' title="bbox 228 715 1883 790; baseline 0.002 -22"><span class='ocrx_word' id='word_1_43' title='bbox 228 715 547 790; x_wconf 80' lang='lat' dir='ltr'><strong>Galliarum</strong></span> <span class='ocrx_word' id='word_1_44' title='bbox 580 715 882 790; x_wconf 63' lang='lat' dir='ltr'><strong>finibusad</strong></span> <span class='ocrx_word' id='word_1_45' title='bbox 913 717 1113 790; x_wconf 83' lang='lat' dir='ltr'><strong>Alpem</strong></span> <span class='ocrx_word' id='word_1_46' title='bbox 1147 735 1435 790; x_wconf 85' lang='lat' dir='ltr'><strong>summam</strong></span> <span class='ocrx_word' id='word_1_47' title='bbox 1462 718 1751 790; x_wconf 78' lang='lat' dir='ltr'><strong>porrectis.</strong></span> <span class='ocrx_word' id='word_1_48' title='bbox 1787 720 1883 773; x_wconf 89' lang='lat' dir='ltr'><strong>Ce-</strong></span> 
     </span>
    </p>
   </div>
   <div class='ocr_carea' id='block_1_9' title="bbox 228 785 1885 857">
    <p class='ocr_par' dir='ltr' id='par_1_9' title="bbox 228 785 1885 857">
     <span class='ocr_line' id='line_1_9' title="bbox 228 785 1885 857; baseline 0.001 -17"><span class='ocrx_word' id='word_1_49' title='bbox 228 787 469 841; x_wconf 89' lang='lat' dir='ltr'><strong>melium</strong></span> <span class='ocrx_word' id='word_1_50' title='bbox 496 785 689 841; x_wconf 63' lang='lat' dir='ltr'><strong>Galliae</strong></span> <span class='ocrx_word' id='word_1_51' title='bbox 710 787 915 842; x_wconf 78' lang='lat' dir='ltr'><strong>finibus</strong></span> <span class='ocrx_word' id='word_1_52' title='bbox 942 785 1273 843; x_wconf 84' lang='lat' dir='ltr'><strong>conclusum</strong></span> <span class='ocrx_word' id='word_1_53' title='bbox 1302 785 1491 857; x_wconf 79' lang='lat' dir='ltr'><strong>fuerit,</strong></span> <span class='ocrx_word' id='word_1_54' title='bbox 1520 796 1577 845; x_wconf 91' lang='lat' dir='ltr'><strong>et</strong></span> <span class='ocrx_word' id='word_1_55' title='bbox 1596 790 1675 844; x_wconf 86' lang='lat' dir='ltr'><strong>ita</strong></span> <span class='ocrx_word' id='word_1_56' title='bbox 1698 789 1885 846; x_wconf 87' lang='lat' dir='ltr'><strong>ferant</strong></span> 
     </span>
    </p>
   </div>
   <div class='ocr_carea' id='block_1_10' title="bbox 226 856 1885 930">
    <p class='ocr_par' dir='ltr' id='par_1_10' title="bbox 226 856 1885 930">
     <span class='ocr_line' id='line_1_10' title="bbox 226 856 1885 930; baseline 0.002 -20"><span class='ocrx_word' id='word_1_57' title='bbox 226 857 466 930; x_wconf 85' lang='lat' dir='ltr'><strong>antiqua</strong></span> <span class='ocrx_word' id='word_1_58' title='bbox 493 856 815 930; x_wconf 77' lang='lat' dir='ltr'><strong>itineraria,</strong></span> <span class='ocrx_word' id='word_1_59' title='bbox 841 875 906 913; x_wconf 90' lang='lat' dir='ltr'><strong>ac</strong></span> <span class='ocrx_word' id='word_1_60' title='bbox 936 859 1139 913; x_wconf 77' lang='lat' dir='ltr'><strong>notitia</strong></span> <span class='ocrx_word' id='word_1_61' title='bbox 1182 860 1474 915; x_wconf 76' lang='lat' dir='ltr'><strong>civitatum</strong></span> <span class='ocrx_word' id='word_1_62' title='bbox 1509 860 1726 924; x_wconf 61' lang='lat' dir='ltr'><strong>Gallias,</strong></span> <span class='ocrx_word' id='word_1_63' title='bbox 1760 874 1885 930; x_wconf 69' lang='lat' dir='ltr'><strong>quae</strong></span> 
     </span>
    </p>
   </div>
   <div class='ocr_carea' id='block_1_11' title="bbox 231 928 1890 999">
    <p class='ocr_par' dir='ltr' id='par_1_11' title="bbox 231 928 1890 999">
     <span class='ocr_line' id='line_1_11' title="bbox 231 928 1890 999; baseline 0 -15"><span class='ocrx_word' id='word_1_64' title='bbox 231 928 549 999; x_wconf 90' lang='lat' dir='ltr'><strong>Cemelium</strong></span> <span class='ocrx_word' id='word_1_65' title='bbox 580 928 729 983; x_wconf 90' lang='lat' dir='ltr'><strong>inter</strong></span> <span class='ocrx_word' id='word_1_66' title='bbox 756 928 981 999; x_wconf 82' lang='lat' dir='ltr'><strong>Alpium</strong></span> <span class='ocrx_word' id='word_1_67' title='bbox 1009 931 1426 986; x_wconf 90' lang='lat' dir='ltr'><strong>maritimarum</strong></span> <span class='ocrx_word' id='word_1_68' title='bbox 1446 932 1703 987; x_wconf 82' lang='lat' dir='ltr'><strong>civitates</strong></span> <span class='ocrx_word' id='word_1_69' title='bbox 1724 928 1890 985; x_wconf 80' lang='lat' dir='ltr'><strong>Ehre-</strong></span> 
     </span>
    </p>
   </div>
   <div class='ocr_carea' id='block_1_12' title="bbox 229 998 1890 1071">
    <p class='ocr_par' dir='ltr' id='par_1_12' title="bbox 229 998 1890 1071">
     <span class='ocr_line' id='line_1_12' title="bbox 229 998 1890 1071; baseline 0.001 -18"><span class='ocrx_word' id='word_1_70' title='bbox 229 998 474 1054; x_wconf 91' lang='lat' dir='ltr'><strong>dunensi</strong></span> <span class='ocrx_word' id='word_1_71' title='bbox 506 999 805 1071; x_wconf 83' lang='lat' dir='ltr'><strong>metropoli</strong></span> <span class='ocrx_word' id='word_1_72' title='bbox 826 998 1121 1071; x_wconf 75' lang='lat' dir='ltr'><strong>subjectus</strong></span> <span class='ocrx_word' id='word_1_73' title='bbox 1143 1007 1429 1057; x_wconf 82' lang='lat' dir='ltr'><strong>numerat.</strong></span> <span class='ocrx_word' id='word_1_74' title='bbox 1464 1005 1573 1058; x_wconf 90' lang='lat' dir='ltr'><strong>Sed</strong></span> <span class='ocrx_word' id='word_1_75' title='bbox 1604 1007 1660 1058; x_wconf 90' lang='lat' dir='ltr'><strong>et</strong></span> <span class='ocrx_word' id='word_1_76' title='bbox 1697 1003 1754 1055; x_wconf 91' lang='lat' dir='ltr'><strong>in</strong></span> <span class='ocrx_word' id='word_1_77' title='bbox 1786 1002 1890 1055; x_wconf 84' lang='lat' dir='ltr'><strong>Ro-</strong></span> 
     </span>
    </p>
   </div>
   <div class='ocr_carea' id='block_1_13' title="bbox 229 1070 1891 1142">
    <p class='ocr_par' dir='ltr' id='par_1_13' title="bbox 229 1070 1891 1142">
     <span class='ocr_line' id='line_1_13' title="bbox 229 1070 1891 1142; baseline 0.001 -19"><span class='ocrx_word' id='word_1_78' title='bbox 229 1086 406 1142; x_wconf 90' lang='lat' dir='ltr'><strong>mano</strong></span> <span class='ocrx_word' id='word_1_79' title='bbox 438 1070 869 1142; x_wconf 79' lang='lat' dir='ltr'><strong>martyrologio,</strong></span> <span class='ocrx_word' id='word_1_80' title='bbox 923 1070 1101 1142; x_wconf 86' lang='lat' dir='ltr'><strong>pridie</strong></span> <span class='ocrx_word' id='word_1_81' title='bbox 1134 1072 1259 1127; x_wconf 88' lang='lat' dir='ltr'><strong>idus</strong></span> <span class='ocrx_word' id='word_1_82' title='bbox 1288 1074 1440 1140; x_wconf 89' lang='lat' dir='ltr'><strong>Maii,</strong></span> <span class='ocrx_word' id='word_1_83' title='bbox 1474 1078 1706 1129; x_wconf 90' lang='lat' dir='ltr'><strong>sanctus</strong></span> <span class='ocrx_word' id='word_1_84' title='bbox 1739 1074 1891 1127; x_wconf 87' lang='lat' dir='ltr'><strong>Pon-</strong></span> 
     </span>
    </p>
   </div>
   <div class='ocr_carea' id='block_1_14' title="bbox 228 1141 1890 1212">
    <p class='ocr_par' dir='ltr' id='par_1_14' title="bbox 228 1141 1890 1212">
     <span class='ocr_line' id='line_1_14' title="bbox 228 1141 1890 1212; baseline 0.001 -17"><span class='ocrx_word' id='word_1_85' title='bbox 228 1141 343 1195; x_wconf 89' lang='lat' dir='ltr'><strong>tius</strong></span> <span class='ocrx_word' id='word_1_86' title='bbox 374 1141 468 1211; x_wconf 89' lang='lat' dir='ltr'><strong>qui</strong></span> <span class='ocrx_word' id='word_1_87' title='bbox 500 1142 642 1195; x_wconf 92' lang='lat' dir='ltr'><strong>duos</strong></span> <span class='ocrx_word' id='word_1_88' title='bbox 704 1141 995 1212; x_wconf 84' lang='lat' dir='ltr'><strong>Philippos</strong></span> <span class='ocrx_word' id='word_1_89' title='bbox 1045 1146 1290 1199; x_wconf 63' lang='lat' dir='ltr'><strong>Caesares</strong></span> <span class='ocrx_word' id='word_1_90' title='bbox 1346 1146 1418 1199; x_wconf 91' lang='lat' dir='ltr'><strong>ad</strong></span> <span class='ocrx_word' id='word_1_91' title='bbox 1475 1146 1760 1199; x_wconf 81' lang='lat' dir='ltr'><strong>Christum</strong></span> <span class='ocrx_word' id='word_1_92' title='bbox 1791 1144 1890 1197; x_wconf 87' lang='lat' dir='ltr'><strong>ad-</strong></span> 
     </span>
    </p>
   </div>
   <div class='ocr_carea' id='block_1_15' title="bbox 228 1212 1891 1285">
    <p class='ocr_par' dir='ltr' id='par_1_15' title="bbox 228 1212 1891 1285">
     <span class='ocr_line' id='line_1_15' title="bbox 228 1212 1891 1285; baseline 0.001 -19"><span class='ocrx_word' id='word_1_93' title='bbox 228 1213 490 1285; x_wconf 75' lang='lat' dir='ltr'><strong>duxerat,</strong></span> <span class='ocrx_word' id='word_1_94' title='bbox 522 1212 580 1266; x_wconf 91' lang='lat' dir='ltr'><strong>in</strong></span> <span class='ocrx_word' id='word_1_95' title='bbox 613 1212 796 1267; x_wconf 88' lang='lat' dir='ltr'><strong>Gallia</strong></span> <span class='ocrx_word' id='word_1_96' title='bbox 831 1212 933 1267; x_wconf 90' lang='lat' dir='ltr'><strong>sub</strong></span> <span class='ocrx_word' id='word_1_97' title='bbox 962 1214 1261 1270; x_wconf 86' lang='lat' dir='ltr'><strong>Valeriano</strong></span> <span class='ocrx_word' id='word_1_98' title='bbox 1293 1219 1350 1270; x_wconf 92' lang='lat' dir='ltr'><strong>et</strong></span> <span class='ocrx_word' id='word_1_99' title='bbox 1386 1216 1652 1274; x_wconf 85' lang='lat' dir='ltr'><strong>Gallieno</strong></span> <span class='ocrx_word' id='word_1_100' title='bbox 1694 1230 1891 1285; x_wconf 90' lang='lat' dir='ltr'><strong>passus</strong></span> 
     </span>
    </p>
   </div>
   <div class='ocr_carea' id='block_1_16' title="bbox 229 1284 1891 1355">
    <p class='ocr_par' dir='ltr' id='par_1_16' title="bbox 229 1284 1891 1355">
     <span class='ocr_line' id='line_1_16' title="bbox 229 1284 1891 1355; baseline 0.001 -18"><span class='ocrx_word' id='word_1_101' title='bbox 229 1284 511 1355; x_wconf 90' lang='lat' dir='ltr'><strong>proditur.</strong></span> <span class='ocrx_word' id='word_1_102' title='bbox 570 1286 642 1355; x_wconf 70' lang='lat' dir='ltr'><strong>At</strong></span> <span class='ocrx_word' id='word_1_103' title='bbox 696 1300 926 1352; x_wconf 90' lang='lat' dir='ltr'><strong>passum</strong></span> <span class='ocrx_word' id='word_1_104' title='bbox 985 1286 1231 1355; x_wconf 89' lang='lat' dir='ltr'><strong>Cemelii,</strong></span> <span class='ocrx_word' id='word_1_105' title='bbox 1262 1291 1524 1351; x_wconf 87' lang='lat' dir='ltr'><strong>constat;</strong></span> <span class='ocrx_word' id='word_1_106' title='bbox 1574 1290 1629 1341; x_wconf 91' lang='lat' dir='ltr'><strong>et</strong></span> <span class='ocrx_word' id='word_1_107' title='bbox 1684 1284 1891 1340; x_wconf 89' lang='lat' dir='ltr'><strong>diserte</strong></span> 
     </span>
    </p>
   </div>
   <div class='ocr_carea' id='block_1_17' title="bbox 230 1352 1887 1426">
    <p class='ocr_par' dir='ltr' id='par_1_17' title="bbox 230 1352 1887 1426">
     <span class='ocr_line' id='line_1_17' title="bbox 230 1352 1887 1426; baseline 0.001 -18"><span class='ocrx_word' id='word_1_108' title='bbox 230 1352 557 1426; x_wconf 81' lang='lat' dir='ltr'><strong>utrumque,</strong></span> <span class='ocrx_word' id='word_1_109' title='bbox 594 1352 650 1407; x_wconf 91' lang='lat' dir='ltr'><strong>id</strong></span> <span class='ocrx_word' id='word_1_110' title='bbox 681 1358 788 1417; x_wconf 91' lang='lat' dir='ltr'><strong>est,</strong></span> <span class='ocrx_word' id='word_1_111' title='bbox 839 1359 896 1409; x_wconf 91' lang='lat' dir='ltr'><strong>et</strong></span> <span class='ocrx_word' id='word_1_112' title='bbox 924 1357 1176 1419; x_wconf 89' lang='lat' dir='ltr'><strong>Cemelii,</strong></span> <span class='ocrx_word' id='word_1_113' title='bbox 1211 1352 1267 1412; x_wconf 85' lang='lat' dir='ltr'><strong>et</strong></span> <span class='ocrx_word' id='word_1_114' title='bbox 1308 1358 1364 1412; x_wconf 92' lang='lat' dir='ltr'><strong>in</strong></span> <span class='ocrx_word' id='word_1_115' title='bbox 1397 1358 1577 1412; x_wconf 87' lang='lat' dir='ltr'><strong>Gallia</strong></span> <span class='ocrx_word' id='word_1_116' title='bbox 1636 1373 1887 1426; x_wconf 90' lang='lat' dir='ltr'><strong>passum,</strong></span> 
     </span>
    </p>
   </div>
   <div class='ocr_carea' id='block_1_18' title="bbox 227 1425 1892 1498">
    <p class='ocr_par' dir='ltr' id='par_1_18' title="bbox 227 1425 1892 1498">
     <span class='ocr_line' id='line_1_18' title="bbox 227 1425 1892 1498; baseline 0 -19"><span class='ocrx_word' id='word_1_117' title='bbox 227 1425 529 1498; x_wconf 85' lang='lat' dir='ltr'><strong>afﬁrmant</strong></span> <span class='ocrx_word' id='word_1_118' title='bbox 556 1426 846 1498; x_wconf 14' lang='lat' dir='ltr'><strong>Usuardﬂus</strong></span> <span class='ocrx_word' id='word_1_119' title='bbox 893 1428 966 1498; x_wconf 87' lang='lat' dir='ltr'><strong>ad</strong></span> <span class='ocrx_word' id='word_1_120' title='bbox 996 1444 1125 1481; x_wconf 91' lang='lat' dir='ltr'><strong>eam</strong></span> <span class='ocrx_word' id='word_1_121' title='bbox 1150 1429 1325 1493; x_wconf 90' lang='lat' dir='ltr'><strong>diem,</strong></span> <span class='ocrx_word' id='word_1_122' title='bbox 1355 1434 1410 1484; x_wconf 92' lang='lat' dir='ltr'><strong>et</strong></span> <span class='ocrx_word' id='word_1_123' title='bbox 1436 1425 1892 1498; x_wconf 25' lang='lat' dir='ltr'><strong>Petrus’Exquili-</strong></span> 
     </span>
    </p>
   </div>
   <div class='ocr_carea' id='block_1_19' title="bbox 226 1495 1892 1569">
    <p class='ocr_par' dir='ltr' id='par_1_19' title="bbox 226 1495 1892 1569">
     <span class='ocr_line' id='line_1_19' title="bbox 226 1495 1892 1569; baseline 0 -19"><span class='ocrx_word' id='word_1_124' title='bbox 226 1513 332 1550; x_wconf 89' lang='lat' dir='ltr'><strong>nus</strong></span> <span class='ocrx_word' id='word_1_125' title='bbox 354 1495 728 1569; x_wconf 83' lang='lat' dir='ltr'><strong>episcOpnsin</strong></span> <span class='ocrx_word' id='word_1_126' title='bbox 761 1497 1032 1568; x_wconf 83' lang='lat' dir='ltr'><strong>Catalogo</strong></span> <span class='ocrx_word' id='word_1_127' title='bbox 1068 1500 1189 1569; x_wconf 88' lang='lat' dir='ltr'><strong>(qui</strong></span> <span class='ocrx_word' id='word_1_128' title='bbox 1225 1516 1355 1554; x_wconf 91' lang='lat' dir='ltr'><strong>eum</strong></span> <span class='ocrx_word' id='word_1_129' title='bbox 1400 1500 1573 1555; x_wconf 91' lang='lat' dir='ltr'><strong>etiam</strong></span> <span class='ocrx_word' id='word_1_130' title='bbox 1609 1495 1892 1567; x_wconf 49' lang='lat' dir='ltr'><strong>facit&#39;epi-</strong></span> 
     </span>
    </p>
   </div>
   <div class='ocr_carea' id='block_1_20' title="bbox 225 1567 1889 1650">
    <p class='ocr_par' dir='ltr' id='par_1_20' title="bbox 225 1567 1889 1650">
     <span class='ocr_line' id='line_1_20' title="bbox 225 1567 1889 1650; baseline 0 -29"><span class='ocrx_word' id='word_1_131' title='bbox 225 1583 466 1650; x_wconf 73' lang='lat' dir='ltr'><strong>scopum</strong></span> <span class='ocrx_word' id='word_1_132' title='bbox 495 1567 1316 1650; x_wconf 39' lang='lat' dir='ltr'><strong>Gem-eliepsemLannuuntque</strong></span> <span class='ocrx_word' id='word_1_133' title='bbox 1333 1572 1571 1650; x_wconf 76' lang='lat' dir='ltr'><strong>antiqua</strong></span> <span class='ocrx_word' id='word_1_134' title='bbox 1604 1574 1742 1650; x_wconf 62' lang='lat' dir='ltr'><strong>Acta</strong></span> <span class='ocrx_word' id='word_1_135' title='bbox 1764 1586 1889 1650; x_wconf 80' lang='lat' dir='ltr'><strong>quae</strong></span> 
     </span>
    </p>
   </div>
   <div class='ocr_carea' id='block_1_21' title="bbox 228 1636 1889 1711">
    <p class='ocr_par' dir='ltr' id='par_1_21' title="bbox 228 1636 1889 1711">
     <span class='ocr_line' id='line_1_21' title="bbox 228 1636 1889 1711; baseline 0.001 -20"><span class='ocrx_word' id='word_1_136' title='bbox 228 1636 430 1711; x_wconf 73' lang='lat' dir='ltr'><strong>sarius</strong></span> <span class='ocrx_word' id='word_1_137' title='bbox 462 1638 659 1691; x_wconf 88' lang='lat' dir='ltr'><strong>edidit.</strong></span> <span class='ocrx_word' id='word_1_138' title='bbox 719 1638 878 1711; x_wconf 69' lang='lat' dir='ltr'><strong>Hunc</strong></span> <span class='ocrx_word' id='word_1_139' title='bbox 924 1640 1185 1695; x_wconf 90' lang='lat' dir='ltr'><strong>Pontium</strong></span> <span class='ocrx_word' id='word_1_140' title='bbox 1226 1636 1490 1696; x_wconf 52' lang='lat' dir='ltr'><strong>&#39;Cemelii&#39;</strong></span> <span class='ocrx_word' id='word_1_141' title='bbox 1524 1658 1625 1711; x_wconf 92' lang='lat' dir='ltr'><strong>pro</strong></span> <span class='ocrx_word' id='word_1_142' title='bbox 1667 1636 1889 1711; x_wconf 82' lang='lat' dir='ltr'><strong>Christo</strong></span> 
     </span>
    </p>
   </div>
   <div class='ocr_carea' id='block_1_22' title="bbox 228 1709 1893 1783">
    <p class='ocr_par' dir='ltr' id='par_1_22' title="bbox 228 1709 1893 1783">
     <span class='ocr_line' id='line_1_22' title="bbox 228 1709 1893 1783; baseline 0.002 -22"><span class='ocrx_word' id='word_1_143' title='bbox 228 1709 635 1783; x_wconf 70' lang='lat' dir='ltr'><strong>obtruncatum</strong></span> <span class='ocrx_word' id='word_1_144' title='bbox 676 1709 882 1783; x_wconf 78' lang='lat' dir='ltr'><strong>triplici</strong></span> <span class='ocrx_word' id='word_1_145' title='bbox 911 1711 1150 1766; x_wconf 91' lang='lat' dir='ltr'><strong>homilia</strong></span> <span class='ocrx_word' id='word_1_146' title='bbox 1183 1714 1251 1767; x_wconf 92' lang='lat' dir='ltr'><strong>de</strong></span> <span class='ocrx_word' id='word_1_147' title='bbox 1281 1713 1477 1767; x_wconf 87' lang='lat' dir='ltr'><strong>Laude</strong></span> <span class='ocrx_word' id='word_1_148' title='bbox 1523 1709 1775 1783; x_wconf 82' lang='lat' dir='ltr'><strong>Martyrii</strong></span> <span class='ocrx_word' id='word_1_149' title='bbox 1806 1726 1893 1783; x_wconf 75' lang='lat' dir='ltr'><strong>ce-</strong></span> 
     </span>
    </p>
   </div>
   <div class='ocr_carea' id='block_1_23' title="bbox 1999 501 3653 573">
    <p class='ocr_par' dir='ltr' id='par_1_23' title="bbox 1999 501 3653 573">
     <span class='ocr_line' id='line_1_23' title="bbox 1999 501 3653 573; baseline 0.004 -18"><span class='ocrx_word' id='word_1_150' title='bbox 1999 501 2172 556; x_wconf 85' lang='lat' dir='ltr'><strong>fuisse</strong></span> <span class='ocrx_word' id='word_1_151' title='bbox 2204 505 2276 557; x_wconf 83' lang='lat' dir='ltr'><strong>ad</strong></span> <span class='ocrx_word' id='word_1_152' title='bbox 2317 501 2578 557; x_wconf 79' lang='lat' dir='ltr'><strong>sanctum</strong></span> <span class='ocrx_word' id='word_1_153' title='bbox 2605 504 2930 558; x_wconf 88' lang='lat' dir='ltr'><strong>institutum</strong></span> <span class='ocrx_word' id='word_1_154' title='bbox 2972 501 3408 573; x_wconf 87' lang='lat' dir='ltr'><strong>capessendum,</strong></span> <span class='ocrx_word' id='word_1_155' title='bbox 3440 511 3495 560; x_wconf 87' lang='lat' dir='ltr'><strong>et</strong></span> <span class='ocrx_word' id='word_1_156' title='bbox 3525 524 3653 561; x_wconf 84' lang='lat' dir='ltr'><strong>con-</strong></span> 
     </span>
    </p>
   </div>
   <div class='ocr_carea' id='block_1_24' title="bbox 1998 574 3652 645">
    <p class='ocr_par' dir='ltr' id='par_1_24' title="bbox 1998 574 3652 645">
     <span class='ocr_line' id='line_1_24' title="bbox 1998 574 3652 645; baseline 0.003 -18"><span class='ocrx_word' id='word_1_157' title='bbox 1998 578 2253 645; x_wconf 84' lang='lat' dir='ltr'><strong>secutam</strong></span> <span class='ocrx_word' id='word_1_158' title='bbox 2284 574 2702 643; x_wconf 85' lang='lat' dir='ltr'><strong>promotionem</strong></span> <span class='ocrx_word' id='word_1_159' title='bbox 2756 574 2813 629; x_wconf 90' lang='lat' dir='ltr'><strong>in</strong></span> <span class='ocrx_word' id='word_1_160' title='bbox 2845 574 3244 645; x_wconf 69' lang='lat' dir='ltr'><strong>praefecturam</strong></span> <span class='ocrx_word' id='word_1_161' title='bbox 3274 578 3652 632; x_wconf 81' lang='lat' dir='ltr'><strong>monasticam</strong></span> 
     </span>
    </p>
   </div>
   <div class='ocr_carea' id='block_1_25' title="bbox 1999 644 2505 725">
    <p class='ocr_par' dir='ltr' id='par_1_25' title="bbox 1999 644 2505 725">
     <span class='ocr_line' id='line_1_25' title="bbox 1999 644 2505 725; baseline 0.006 -27"><span class='ocrx_word' id='word_1_162' title='bbox 1999 661 2063 698; x_wconf 91' lang='lat' dir='ltr'><strong>ac</strong></span> <span class='ocrx_word' id='word_1_163' title='bbox 2073 644 2505 725; x_wconf 39' lang='lat' dir='ltr'><strong>Aepi‘scppatuin.</strong></span> 
     </span>
    </p>
   </div>
   <div class='ocr_carea' id='block_1_26' title="bbox 2067 714 3651 788">
    <p class='ocr_par' dir='ltr' id='par_1_26' title="bbox 2067 714 3651 788">
     <span class='ocr_line' id='line_1_26' title="bbox 2067 714 3651 788; baseline 0.003 -21"><span class='ocrx_word' id='word_1_164' title='bbox 2067 716 2121 788; x_wconf 63' lang='grc'><strong>6.</strong></span> <span class='ocrx_word' id='word_1_165' title='bbox 2146 715 2211 788; x_wconf 83' lang='lat' dir='ltr'><strong>Et</strong></span> <span class='ocrx_word' id='word_1_166' title='bbox 2241 714 2373 788; x_wconf 82' lang='lat' dir='ltr'><strong>hinc</strong></span> <span class='ocrx_word' id='word_1_167' title='bbox 2397 715 2489 769; x_wconf 85' lang='lat' dir='ltr'><strong>via</strong></span> <span class='ocrx_word' id='word_1_168' title='bbox 2520 720 2824 788; x_wconf 85' lang='lat' dir='ltr'><strong>utcumque</strong></span> <span class='ocrx_word' id='word_1_169' title='bbox 2853 717 3106 788; x_wconf 88' lang='lat' dir='ltr'><strong>aperitur</strong></span> <span class='ocrx_word' id='word_1_170' title='bbox 3135 717 3207 771; x_wconf 89' lang='lat' dir='ltr'><strong>ad</strong></span> <span class='ocrx_word' id='word_1_171' title='bbox 3234 719 3651 787; x_wconf 83' lang='lat' dir='ltr'><strong>agnoscendum</strong></span> 
     </span>
    </p>
   </div>
   <div class='ocr_carea' id='block_1_27' title="bbox 1999 784 3654 859">
    <p class='ocr_par' dir='ltr' id='par_1_27' title="bbox 1999 784 3654 859">
     <span class='ocr_line' id='line_1_27' title="bbox 1999 784 3654 859; baseline 0.004 -21"><span class='ocrx_word' id='word_1_172' title='bbox 1999 784 2287 840; x_wconf 89' lang='lat' dir='ltr'><strong>Valeriani</strong></span> <span class='ocrx_word' id='word_1_173' title='bbox 2318 791 2579 859; x_wconf 88' lang='lat' dir='ltr'><strong>sanctum</strong></span> <span class='ocrx_word' id='word_1_174' title='bbox 2612 784 2828 842; x_wconf 81' lang='lat' dir='ltr'><strong>obitum</strong></span> <span class='ocrx_word' id='word_1_175' title='bbox 2858 784 2914 843; x_wconf 77' lang='lat' dir='ltr'><strong>et</strong></span> <span class='ocrx_word' id='word_1_176' title='bbox 2944 784 3295 843; x_wconf 51' lang='lat' dir='ltr'><strong>beatitatem:</strong></span> <span class='ocrx_word' id='word_1_177' title='bbox 3314 789 3459 842; x_wconf 86' lang='lat' dir='ltr'><strong>Nam</strong></span> <span class='ocrx_word' id='word_1_178' title='bbox 3502 791 3654 859; x_wconf 89' lang='lat' dir='ltr'><strong>quod</strong></span> 
     </span>
    </p>
   </div>
   <div class='ocr_carea' id='block_1_28' title="bbox 1999 858 3655 929">
    <p class='ocr_par' dir='ltr' id='par_1_28' title="bbox 1999 858 3655 929">
     <span class='ocr_line' id='line_1_28' title="bbox 1999 858 3655 929; baseline 0.002 -18"><span class='ocrx_word' id='word_1_179' title='bbox 1999 872 2100 929; x_wconf 89' lang='lat' dir='ltr'><strong>per</strong></span> <span class='ocrx_word' id='word_1_180' title='bbox 2120 872 2186 911; x_wconf 88' lang='lat' dir='ltr'><strong>ea</strong></span> <span class='ocrx_word' id='word_1_181' title='bbox 2204 861 2466 927; x_wconf 90' lang='lat' dir='ltr'><strong>tempora</strong></span> <span class='ocrx_word' id='word_1_182' title='bbox 2507 858 2685 913; x_wconf 71' lang='lat' dir='ltr'><strong>altrix</strong></span> <span class='ocrx_word' id='word_1_183' title='bbox 2711 875 3033 929; x_wconf 82' lang='lat' dir='ltr'><strong>magnorum</strong></span> <span class='ocrx_word' id='word_1_184' title='bbox 3051 861 3327 915; x_wconf 80' lang='lat' dir='ltr'><strong>montium</strong></span> <span class='ocrx_word' id='word_1_185' title='bbox 3354 858 3533 929; x_wconf 73' lang='lat' dir='ltr'><strong>plane</strong></span> <span class='ocrx_word' id='word_1_186' title='bbox 3558 861 3655 914; x_wconf 79' lang='lat' dir='ltr'><strong>Ls-</strong></span> 
     </span>
    </p>
   </div>
   <div class='ocr_carea' id='block_1_29' title="bbox 1999 928 3654 994">
    <p class='ocr_par' dir='ltr' id='par_1_29' title="bbox 1999 928 3654 994">
     <span class='ocr_line' id='line_1_29' title="bbox 1999 928 3654 994; baseline 0.001 -11"><span class='ocrx_word' id='word_1_187' title='bbox 1999 928 2179 991; x_wconf 84' lang='lat' dir='ltr'><strong>rinus,</strong></span> <span class='ocrx_word' id='word_1_188' title='bbox 2212 932 2271 982; x_wconf 89' lang='lat' dir='ltr'><strong>ut</strong></span> <span class='ocrx_word' id='word_1_189' title='bbox 2299 944 2426 983; x_wconf 90' lang='lat' dir='ltr'><strong>eam</strong></span> <span class='ocrx_word' id='word_1_190' title='bbox 2460 930 2749 985; x_wconf 92' lang='lat' dir='ltr'><strong>Ennodius</strong></span> <span class='ocrx_word' id='word_1_191' title='bbox 2786 928 3068 994; x_wconf 87' lang='lat' dir='ltr'><strong>nominat,</strong></span> <span class='ocrx_word' id='word_1_192' title='bbox 3103 928 3481 985; x_wconf 84' lang='lat' dir='ltr'><strong>illustriorum</strong></span> <span class='ocrx_word' id='word_1_193' title='bbox 3508 931 3654 985; x_wconf 86' lang='lat' dir='ltr'><strong>viro-</strong></span> 
     </span>
    </p>
   </div>
   <div class='ocr_carea' id='block_1_30' title="bbox 2001 998 3653 1071">
    <p class='ocr_par' dir='ltr' id='par_1_30' title="bbox 2001 998 3653 1071">
     <span class='ocr_line' id='line_1_30' title="bbox 2001 998 3653 1071; baseline 0.001 -18"><span class='ocrx_word' id='word_1_194' title='bbox 2001 1015 2119 1071; x_wconf 82' lang='lat' dir='ltr'><strong>rum</strong></span> <span class='ocrx_word' id='word_1_195' title='bbox 2146 1016 2176 1053; x_wconf 91' lang='lat' dir='ltr'><strong>a</strong></span> <span class='ocrx_word' id='word_1_196' title='bbox 2194 999 2383 1054; x_wconf 58' lang='lat' dir='ltr'><strong>saeculi</strong></span> <span class='ocrx_word' id='word_1_197' title='bbox 2407 998 2670 1054; x_wconf 86' lang='lat' dir='ltr'><strong>ﬂuctibus</strong></span> <span class='ocrx_word' id='word_1_198' title='bbox 2694 1001 2751 1055; x_wconf 93' lang='lat' dir='ltr'><strong>in</strong></span> <span class='ocrx_word' id='word_1_199' title='bbox 2780 1001 2963 1058; x_wconf 86' lang='lat' dir='ltr'><strong>Gallia</strong></span> <span class='ocrx_word' id='word_1_200' title='bbox 2985 1001 3368 1057; x_wconf 86' lang='lat' dir='ltr'><strong>secedentium</strong></span> <span class='ocrx_word' id='word_1_201' title='bbox 3396 1002 3653 1071; x_wconf 80' lang='lat' dir='ltr'><strong>irequen-</strong></span> 
     </span>
    </p>
   </div>
   <div class='ocr_carea' id='block_1_31' title="bbox 2000 1068 3653 1140">
    <p class='ocr_par' dir='ltr' id='par_1_31' title="bbox 2000 1068 3653 1140">
     <span class='ocr_line' id='line_1_31' title="bbox 2000 1068 3653 1140; baseline 0.001 -17"><span class='ocrx_word' id='word_1_202' title='bbox 2000 1068 2253 1124; x_wconf 87' lang='lat' dir='ltr'><strong>tissimus</strong></span> <span class='ocrx_word' id='word_1_203' title='bbox 2284 1073 2479 1140; x_wconf 90' lang='lat' dir='ltr'><strong>portus</strong></span> <span class='ocrx_word' id='word_1_204' title='bbox 2509 1076 2676 1136; x_wconf 89' lang='lat' dir='ltr'><strong>esset,</strong></span> <span class='ocrx_word' id='word_1_205' title='bbox 2718 1073 3021 1127; x_wconf 89' lang='lat' dir='ltr'><strong>admodum</strong></span> <span class='ocrx_word' id='word_1_206' title='bbox 3057 1072 3362 1128; x_wconf 85' lang='lat' dir='ltr'><strong>verisimile</strong></span> <span class='ocrx_word' id='word_1_207' title='bbox 3392 1068 3562 1128; x_wconf 81' lang='lat' dir='ltr'><strong>estin</strong></span> <span class='ocrx_word' id='word_1_208' title='bbox 3585 1089 3653 1127; x_wconf 89' lang='lat' dir='ltr'><strong>ea</strong></span> 
     </span>
    </p>
   </div>
   <div class='ocr_carea' id='block_1_32' title="bbox 2000 1140 3654 1214">
    <p class='ocr_par' dir='ltr' id='par_1_32' title="bbox 2000 1140 3654 1214">
     <span class='ocr_line' id='line_1_32' title="bbox 2000 1140 3654 1214; baseline 0.002 -20"><span class='ocrx_word' id='word_1_209' title='bbox 2000 1140 2566 1214; x_wconf 77' lang='lat' dir='ltr'><strong>insulamonachum</strong></span> <span class='ocrx_word' id='word_1_210' title='bbox 2581 1142 2758 1214; x_wconf 85' lang='lat' dir='ltr'><strong>egisse</strong></span> <span class='ocrx_word' id='word_1_211' title='bbox 2782 1144 3164 1209; x_wconf 88' lang='lat' dir='ltr'><strong>Valerianum;</strong></span> <span class='ocrx_word' id='word_1_212' title='bbox 3185 1144 3427 1214; x_wconf 89' lang='lat' dir='ltr'><strong>indeque</strong></span> <span class='ocrx_word' id='word_1_213' title='bbox 3444 1143 3654 1213; x_wconf 82' lang='lat' dir='ltr'><strong>primo-</strong></span> 
     </span>
    </p>
   </div>
   <div class='ocr_carea' id='block_1_33' title="bbox 2001 1211 3654 1285">
    <p class='ocr_par' dir='ltr' id='par_1_33' title="bbox 2001 1211 3654 1285">
     <span class='ocr_line' id='line_1_33' title="bbox 2001 1211 3654 1285; baseline 0.002 -20"><span class='ocrx_word' id='word_1_214' title='bbox 2001 1211 2207 1285; x_wconf 82' lang='lat' dir='ltr'><strong>alicubi</strong></span> <span class='ocrx_word' id='word_1_215' title='bbox 2232 1229 2265 1267; x_wconf 92' lang='lat' dir='ltr'><strong>a</strong></span> <span class='ocrx_word' id='word_1_216' title='bbox 2289 1212 2581 1285; x_wconf 86' lang='lat' dir='ltr'><strong>monachis</strong></span> <span class='ocrx_word' id='word_1_217' title='bbox 2603 1211 2897 1269; x_wconf 87' lang='lat' dir='ltr'><strong>absentem</strong></span> <span class='ocrx_word' id='word_1_218' title='bbox 2925 1214 2983 1268; x_wconf 91' lang='lat' dir='ltr'><strong>in</strong></span> <span class='ocrx_word' id='word_1_219' title='bbox 3011 1211 3350 1285; x_wconf 62' lang='lat' dir='ltr'><strong>praefectum</strong></span> <span class='ocrx_word' id='word_1_220' title='bbox 3368 1211 3541 1270; x_wconf 79' lang='lat' dir='ltr'><strong>fuisse</strong></span> <span class='ocrx_word' id='word_1_221' title='bbox 3563 1229 3654 1269; x_wconf 89' lang='lat' dir='ltr'><strong>ex-</strong></span> 
     </span>
    </p>
   </div>
   <div class='ocr_carea' id='block_1_34' title="bbox 2000 1283 3655 1367">
    <p class='ocr_par' dir='ltr' id='par_1_34' title="bbox 2000 1283 3655 1367">
     <span class='ocr_line' id='line_1_34' title="bbox 2000 1283 3655 1367; baseline 0.001 -30"><span class='ocrx_word' id='word_1_222' title='bbox 2000 1283 2273 1367; x_wconf 47' lang='grc' dir='ltr'><strong>ρθῐὶῑμιιλξ</strong></span> <span class='ocrx_word' id='word_1_223' title='bbox 2289 1287 2409 1367; x_wconf 85' lang='lat' dir='ltr'><strong>tum</strong></span> <span class='ocrx_word' id='word_1_224' title='bbox 2430 1283 2882 1367; x_wconf 38' lang='lat' dir='ltr'><strong>vitaa‘sanetitat‘e</strong></span> <span class='ocrx_word' id='word_1_225' title='bbox 2898 1283 3193 1367; x_wconf 74' lang='lat' dir='ltr'><strong>sanguinis</strong></span> <span class='ocrx_word' id='word_1_226' title='bbox 3206 1286 3490 1366; x_wconf 84' lang='lat' dir='ltr'><strong>splendori</strong></span> <span class='ocrx_word' id='word_1_227' title='bbox 3523 1302 3655 1339; x_wconf 90' lang='lat' dir='ltr'><strong>con-</strong></span> 
     </span>
    </p>
   </div>
   <div class='ocr_carea' id='block_1_35' title="bbox 1993 1353 3652 1426">
    <p class='ocr_par' dir='ltr' id='par_1_35' title="bbox 1993 1353 3652 1426">
     <span class='ocr_line' id='line_1_35' title="bbox 1993 1353 3652 1426; baseline 0.002 -19"><span class='ocrx_word' id='word_1_228' title='bbox 1993 1353 2196 1426; x_wconf 84' lang='lat' dir='ltr'><strong>juncta</strong></span> <span class='ocrx_word' id='word_1_229' title='bbox 2216 1353 2491 1426; x_wconf 85' lang='lat' dir='ltr'><strong>illustrem</strong></span> <span class='ocrx_word' id='word_1_230' title='bbox 2515 1356 2588 1409; x_wconf 89' lang='lat' dir='ltr'><strong>ad</strong></span> <span class='ocrx_word' id='word_1_231' title='bbox 2602 1356 2793 1411; x_wconf 90' lang='lat' dir='ltr'><strong>sedem</strong></span> <span class='ocrx_word' id='word_1_232' title='bbox 2823 1353 3311 1413; x_wconf 72' lang='lat' dir='ltr'><strong>Cemeliensemin</strong></span> <span class='ocrx_word' id='word_1_233' title='bbox 3338 1373 3407 1411; x_wconf 90' lang='lat' dir='ltr'><strong>ea</strong></span> <span class='ocrx_word' id='word_1_234' title='bbox 3434 1373 3535 1411; x_wconf 91' lang='lat' dir='ltr'><strong>ora</strong></span> <span class='ocrx_word' id='word_1_235' title='bbox 3553 1372 3652 1426; x_wconf 91' lang='lat' dir='ltr'><strong>po-</strong></span> 
     </span>
    </p>
   </div>
   <div class='ocr_carea' id='block_1_36' title="bbox 1999 1424 3653 1497">
    <p class='ocr_par' dir='ltr' id='par_1_36' title="bbox 1999 1424 3653 1497">
     <span class='ocr_line' id='line_1_36' title="bbox 1999 1424 3653 1497; baseline 0.001 -19"><span class='ocrx_word' id='word_1_236' title='bbox 1999 1424 2171 1497; x_wconf 70' lang='lat' dir='ltr'><strong>sitam</strong></span> <span class='ocrx_word' id='word_1_237' title='bbox 2224 1424 2395 1479; x_wconf 82' lang='lat' dir='ltr'><strong>fuisse</strong></span> <span class='ocrx_word' id='word_1_238' title='bbox 2426 1426 2789 1493; x_wconf 88' lang='lat' dir='ltr'><strong>translatum,</strong></span> <span class='ocrx_word' id='word_1_239' title='bbox 2843 1427 2932 1482; x_wconf 92' lang='lat' dir='ltr'><strong>ubi</strong></span> <span class='ocrx_word' id='word_1_240' title='bbox 2963 1432 3160 1483; x_wconf 90' lang='lat' dir='ltr'><strong>sancto</strong></span> <span class='ocrx_word' id='word_1_241' title='bbox 3209 1427 3318 1482; x_wconf 85' lang='lat' dir='ltr'><strong>line</strong></span> <span class='ocrx_word' id='word_1_242' title='bbox 3358 1424 3653 1497; x_wconf 79' lang='lat' dir='ltr'><strong>quieverit,</strong></span> 
     </span>
    </p>
   </div>
   <div class='ocr_carea' id='block_1_37' title="bbox 1994 1495 3655 1567">
    <p class='ocr_par' dir='ltr' id='par_1_37' title="bbox 1994 1495 3655 1567">
     <span class='ocr_line' id='line_1_37' title="bbox 1994 1495 3655 1567; baseline 0.001 -18"><span class='ocrx_word' id='word_1_243' title='bbox 1994 1495 2159 1567; x_wconf 87' lang='lat' dir='ltr'><strong>juxta</strong></span> <span class='ocrx_word' id='word_1_244' title='bbox 2186 1512 2255 1567; x_wconf 87' lang='lat' dir='ltr'><strong>ea</strong></span> <span class='ocrx_word' id='word_1_245' title='bbox 2283 1513 2406 1566; x_wconf 70' lang='lat' dir='ltr'><strong>qum</strong></span> <span class='ocrx_word' id='word_1_246' title='bbox 2435 1498 2504 1551; x_wconf 91' lang='lat' dir='ltr'><strong>de</strong></span> <span class='ocrx_word' id='word_1_247' title='bbox 2546 1498 2601 1551; x_wconf 93' lang='lat' dir='ltr'><strong>S.</strong></span> <span class='ocrx_word' id='word_1_248' title='bbox 2636 1498 2841 1554; x_wconf 89' lang='lat' dir='ltr'><strong>Valerii</strong></span> <span class='ocrx_word' id='word_1_249' title='bbox 2876 1498 3183 1553; x_wconf 85' lang='lat' dir='ltr'><strong>Lirinensis</strong></span> <span class='ocrx_word' id='word_1_250' title='bbox 3218 1499 3355 1553; x_wconf 93' lang='lat' dir='ltr'><strong>olim</strong></span> <span class='ocrx_word' id='word_1_251' title='bbox 3376 1495 3655 1553; x_wconf 75' lang='lat' dir='ltr'><strong>monachi</strong></span> 
     </span>
    </p>
   </div>
   <div class='ocr_carea' id='block_1_38' title="bbox 1999 1566 3656 1641">
    <p class='ocr_par' dir='ltr' id='par_1_38' title="bbox 1999 1566 3656 1641">
     <span class='ocr_line' id='line_1_38' title="bbox 1999 1566 3656 1641; baseline 0.004 -22"><span class='ocrx_word' id='word_1_252' title='bbox 1999 1566 2372 1641; x_wconf 74' lang='lat' dir='ltr'><strong>depositione,</strong></span> <span class='ocrx_word' id='word_1_253' title='bbox 2428 1568 2753 1641; x_wconf 61' lang='lat' dir='ltr'><strong>Arnauldus</strong></span> <span class='ocrx_word' id='word_1_254' title='bbox 2792 1570 2849 1624; x_wconf 92' lang='lat' dir='ltr'><strong>in</strong></span> <span class='ocrx_word' id='word_1_255' title='bbox 2890 1570 3290 1641; x_wconf 81' lang='lat' dir='ltr'><strong>Martyrologio</strong></span> <span class='ocrx_word' id='word_1_256' title='bbox 3339 1569 3656 1641; x_wconf 86' lang='lat' dir='ltr'><strong>monastico</strong></span> 
     </span>
    </p>
   </div>
   <div class='ocr_carea' id='block_1_39' title="bbox 2001 1636 3657 1710">
    <p class='ocr_par' dir='ltr' id='par_1_39' title="bbox 2001 1636 3657 1710">
     <span class='ocr_line' id='line_1_39' title="bbox 2001 1636 3657 1710; baseline 0.002 -20"><span class='ocrx_word' id='word_1_257' title='bbox 2001 1636 2087 1710; x_wconf 85' lang='lat' dir='ltr'><strong>his</strong></span> <span class='ocrx_word' id='word_1_258' title='bbox 2120 1638 2312 1710; x_wconf 84' lang='lat' dir='ltr'><strong>verbis</strong></span> <span class='ocrx_word' id='word_1_259' title='bbox 2332 1638 2534 1692; x_wconf 87' lang='lat' dir='ltr'><strong>tradit:</strong></span> <span class='ocrx_word' id='word_1_260' title='bbox 2556 1640 2701 1693; x_wconf 83' lang='lat' dir='ltr'><strong>Nono</strong></span> <span class='ocrx_word' id='word_1_261' title='bbox 2721 1640 2835 1698; x_wconf 84' lang='lat' dir='ltr'><strong>kal.</strong></span> <span class='ocrx_word' id='word_1_262' title='bbox 2860 1636 3131 1710; x_wconf 76' lang='lat' dir='ltr'><strong>Augusti,</strong></span> <span class='ocrx_word' id='word_1_263' title='bbox 3154 1636 3334 1697; x_wconf 61' lang='lat' dir='ltr'><strong>Nicias</strong></span> <span class='ocrx_word' id='word_1_264' title='bbox 3355 1642 3411 1695; x_wconf 84' lang='lat' dir='ltr'><strong>in</strong></span> <span class='ocrx_word' id='word_1_265' title='bbox 3428 1640 3657 1695; x_wconf 79' lang='lat' dir='ltr'><strong>Provin-</strong></span> 
     </span>
    </p>
   </div>
   <div class='ocr_carea' id='block_1_40' title="bbox 2000 1708 3659 1791">
    <p class='ocr_par' dir='ltr' id='par_1_40' title="bbox 2000 1708 3659 1791">
     <span class='ocr_line' id='line_1_40' title="bbox 2000 1708 3659 1791; baseline 0.001 -29"><span class='ocrx_word' id='word_1_266' title='bbox 2000 1708 2108 1773; x_wconf 72' lang='grc' dir='ltr'><strong>οἱα,</strong></span> <span class='ocrx_word' id='word_1_267' title='bbox 2135 1708 2408 1791; x_wconf 61' lang='lat' dir='ltr'><strong>depositio</strong></span> <span class='ocrx_word' id='word_1_268' title='bbox 2421 1712 2601 1791; x_wconf 71' lang='lat' dir='ltr'><strong>sancti</strong></span> <span class='ocrx_word' id='word_1_269' title='bbox 2629 1711 2847 1791; x_wconf 63' lang='lat' dir='ltr'><strong>Valerii</strong></span> <span class='ocrx_word' id='word_1_270' title='bbox 2864 1708 3111 1791; x_wconf 61' lang='lat' dir='ltr'><strong>gpiicapi,</strong></span> <span class='ocrx_word' id='word_1_271' title='bbox 3135 1712 3659 1791; x_wconf 67' lang='lat' dir='ltr'><strong>etconfessoris._qui</strong></span> 
     </span>
    </p>
   </div>
   <div class='ocr_carea' id='block_1_41' title="bbox 226 1778 3657 1865">
    <p class='ocr_par' dir='ltr' id='par_1_41' title="bbox 226 1778 3657 1865">
     <span class='ocr_line' id='line_1_41' title="bbox 226 1778 3657 1865; baseline 0 -32"><span class='ocrx_word' id='word_1_272' title='bbox 226 1778 471 1865; x_wconf 61' lang='lat' dir='ltr'><strong>lebrarit</strong></span> <span class='ocrx_word' id='word_1_273' title='bbox 532 1778 899 1865; x_wconf 41' lang='lat' dir='ltr'><strong>Valerianus,‘</strong></span> <span class='ocrx_word' id='word_1_274' title='bbox 939 1786 1235 1865; x_wconf 64' lang='lat' dir='ltr'><strong>tamquam</strong></span> <span class='ocrx_word' id='word_1_275' title='bbox 1305 1778 1891 1865; x_wconf 39' lang='lat' dir='ltr'><strong>peculiare-Ecclesiae</strong></span> <span class='ocrx_word' id='word_1_276' title='bbox 1920 1794 1965 1851; x_wconf 80' lang='grc' dir='ltr'>Β</span> <span class='ocrx_word' id='word_1_277' title='bbox 1998 1796 2064 1832; x_wconf 76' lang='lat' dir='ltr'><strong>ea:</strong></span> <span class='ocrx_word' id='word_1_278' title='bbox 2087 1778 2350 1865; x_wconf 50' lang='lat' dir='ltr'><strong>monachi}</strong></span> <span class='ocrx_word' id='word_1_279' title='bbox 2376 1780 2661 1865; x_wconf 61' lang='lat' dir='ltr'><strong>Lirinensr&#39;</strong></span> <span class='ocrx_word' id='word_1_280' title='bbox 2688 1782 2762 1836; x_wconf 88' lang='lat' dir='ltr'><strong>ad</strong></span> <span class='ocrx_word' id='word_1_281' title='bbox 2787 1778 3157 1865; x_wconf 63' lang='lat' dir='ltr'><strong>episcopatam</strong></span> <span class='ocrx_word' id='word_1_282' title='bbox 3194 1778 3501 1865; x_wconf 41' lang='lat' dir='ltr'><strong>assamptrt‘s</strong></span> 
     </span>
    </p>
   </div>
   <div class='ocr_carea' id='block_1_42' title="bbox 233 1851 1889 1913">
    <p class='ocr_par' dir='ltr' id='par_1_42' title="bbox 233 1851 1889 1913">
     <span class='ocr_line' id='line_1_42' title="bbox 233 1851 1889 1913; baseline 0.002 -10"><span class='ocrx_word' id='word_1_283' title='bbox 233 1866 350 1904; x_wconf 64' lang='lat' dir='ltr'><strong>suae</strong></span> <span class='ocrx_word' id='word_1_284' title='bbox 394 1851 581 1913; x_wconf 89' lang='lat' dir='ltr'><strong>decus,</strong></span> <span class='ocrx_word' id='word_1_285' title='bbox 616 1854 677 1905; x_wconf 91' lang='lat' dir='ltr'><strong>ut</strong></span> <span class='ocrx_word' id='word_1_286' title='bbox 701 1852 909 1905; x_wconf 89' lang='lat' dir='ltr'><strong>docent</strong></span> <span class='ocrx_word' id='word_1_287' title='bbox 937 1852 1037 1907; x_wconf 91' lang='lat' dir='ltr'><strong>illa</strong></span> <span class='ocrx_word' id='word_1_288' title='bbox 1065 1851 1131 1907; x_wconf 80' lang='lat' dir='ltr'><strong>ex</strong></span> <span class='ocrx_word' id='word_1_289' title='bbox 1162 1851 1361 1908; x_wconf 90' lang='lat' dir='ltr'><strong>homil.</strong></span> <span class='ocrx_word' id='word_1_290' title='bbox 1420 1857 1483 1908; x_wconf 83' lang='grc'>17</span> <span class='ocrx_word' id='word_1_291' title='bbox 1537 1854 1673 1907; x_wconf 88' lang='lat' dir='ltr'><strong>trita</strong></span> <span class='ocrx_word' id='word_1_292' title='bbox 1703 1855 1771 1907; x_wconf 92' lang='lat' dir='ltr'><strong>de</strong></span> <span class='ocrx_word' id='word_1_293' title='bbox 1823 1868 1889 1907; x_wconf 92' lang='lat' dir='ltr'><strong>eo</strong></span> 
     </span>
    </p>
   </div>
   <div class='ocr_carea' id='block_1_43' title="bbox 232 1922 1891 1995">
    <p class='ocr_par' dir='ltr' id='par_1_43' title="bbox 232 1922 1891 1995">
     <span class='ocr_line' id='line_1_43' title="bbox 232 1922 1891 1995; baseline 0.002 -21"><span class='ocrx_word' id='word_1_294' title='bbox 232 1926 575 1995; x_wconf 86' lang='lat' dir='ltr'><strong>argumento</strong></span> <span class='ocrx_word' id='word_1_295' title='bbox 610 1938 623 1975; x_wconf 90' lang='lat'>:</span> <span class='ocrx_word' id='word_1_296' title='bbox 656 1922 819 1995; x_wconf 62' lang='lat' dir='ltr'><strong>Illius</strong></span> <span class='ocrx_word' id='word_1_297' title='bbox 844 1926 1104 1994; x_wconf 75' lang='lat' dir='ltr'><strong>martyris</strong></span> <span class='ocrx_word' id='word_1_298' title='bbox 1146 1926 1244 1995; x_wconf 83' lang='lat' dir='ltr'><strong>qui</strong></span> <span class='ocrx_word' id='word_1_299' title='bbox 1270 1927 1327 1979; x_wconf 84' lang='lat' dir='ltr'><strong>in</strong></span> <span class='ocrx_word' id='word_1_300' title='bbox 1370 1926 1465 1979; x_wconf 84' lang='lat' dir='ltr'><strong>hoc</strong></span> <span class='ocrx_word' id='word_1_301' title='bbox 1495 1926 1606 1980; x_wconf 87' lang='lat' dir='ltr'><strong>loco</strong></span> <span class='ocrx_word' id='word_1_302' title='bbox 1650 1940 1891 1995; x_wconf 79' lang='lat' dir='ltr'><strong>pugnam</strong></span> 
     </span>
    </p>
   </div>
   <div class='ocr_carea' id='block_1_44' title="bbox 226 1992 1888 2066">
    <p class='ocr_par' dir='ltr' id='par_1_44' title="bbox 226 1992 1888 2066">
     <span class='ocr_line' id='line_1_44' title="bbox 226 1992 1888 2066; baseline 0.001 -21"><span class='ocrx_word' id='word_1_303' title='bbox 226 1992 447 2062; x_wconf 70' lang='lat' dir='ltr'><strong>inclytae</strong></span> <span class='ocrx_word' id='word_1_304' title='bbox 468 1992 693 2066; x_wconf 66' lang='lat' dir='ltr'><strong>virtutis</strong></span> <span class='ocrx_word' id='word_1_305' title='bbox 713 1993 764 2063; x_wconf 81' lang='lat'><strong><em>3</em></strong></span> <span class='ocrx_word' id='word_1_306' title='bbox 778 1994 827 2064; x_wconf 82' lang='lat'><strong>5</strong></span> <span class='ocrx_word' id='word_1_307' title='bbox 844 1992 1060 2066; x_wconf 66' lang='lat' dir='ltr'><strong>primas</strong></span> <span class='ocrx_word' id='word_1_308' title='bbox 1090 1992 1350 2050; x_wconf 63' lang='lat' dir='ltr'><strong>exercuit.</strong></span> <span class='ocrx_word' id='word_1_309' title='bbox 1370 1998 1517 2050; x_wconf 92' lang='lat' dir='ltr'><strong>Nam</strong></span> <span class='ocrx_word' id='word_1_310' title='bbox 1543 1992 1805 2066; x_wconf 76' lang='lat' dir='ltr'><strong>quamvis</strong></span> <span class='ocrx_word' id='word_1_311' title='bbox 1830 1994 1888 2047; x_wconf 92' lang='lat' dir='ltr'><strong>in</strong></span> 
     </span>
    </p>
   </div>
   <div class='ocr_carea' id='block_1_45' title="bbox 226 2063 1889 2136">
    <p class='ocr_par' dir='ltr' id='par_1_45' title="bbox 226 2063 1889 2136">
     <span class='ocr_line' id='line_1_45' title="bbox 226 2063 1889 2136; baseline 0.001 -19"><span class='ocrx_word' id='word_1_312' title='bbox 226 2078 293 2117; x_wconf 91' lang='lat' dir='ltr'><strong>eo</strong></span> <span class='ocrx_word' id='word_1_313' title='bbox 338 2067 548 2136; x_wconf 84' lang='lat' dir='ltr'><strong>tractu,</strong></span> <span class='ocrx_word' id='word_1_314' title='bbox 598 2063 981 2119; x_wconf 31' lang='lat' dir='ltr'><strong>immo’Niciae</strong></span> <span class='ocrx_word' id='word_1_315' title='bbox 1012 2082 1137 2136; x_wconf 66' lang='lat' dir='ltr'><strong>quae</strong></span> <span class='ocrx_word' id='word_1_316' title='bbox 1195 2067 1443 2122; x_wconf 90' lang='lat' dir='ltr'><strong>Cemelio</strong></span> <span class='ocrx_word' id='word_1_317' title='bbox 1484 2063 1659 2121; x_wconf 77' lang='lat' dir='ltr'><strong>stanti</strong></span> <span class='ocrx_word' id='word_1_318' title='bbox 1718 2080 1889 2136; x_wconf 88' lang='lat' dir='ltr'><strong>prope</strong></span> 
     </span>
    </p>
   </div>
   <div class='ocr_carea' id='block_1_46' title="bbox 225 2133 1889 2207">
    <p class='ocr_par' dir='ltr' id='par_1_46' title="bbox 225 2133 1889 2207">
     <span class='ocr_line' id='line_1_46' title="bbox 225 2133 1889 2207; baseline 0.001 -20"><span class='ocrx_word' id='word_1_319' title='bbox 225 2133 533 2207; x_wconf 79' lang='lat' dir='ltr'><strong>continens</strong></span> <span class='ocrx_word' id='word_1_320' title='bbox 556 2139 856 2207; x_wconf 18' lang='lat' dir='ltr'><strong>erat,rante</strong></span> <span class='ocrx_word' id='word_1_321' title='bbox 873 2133 1136 2191; x_wconf 78' lang='lat' dir='ltr'><strong>sanctum</strong></span> <span class='ocrx_word' id='word_1_322' title='bbox 1159 2138 1421 2192; x_wconf 83' lang='lat' dir='ltr'><strong>Pontium</strong></span> <span class='ocrx_word' id='word_1_323' title='bbox 1441 2137 1537 2192; x_wconf 86' lang='lat' dir='ltr'><strong>alii</strong></span> <span class='ocrx_word' id='word_1_324' title='bbox 1552 2133 1889 2207; x_wconf 81' lang='lat' dir='ltr'><strong>sanguinem</strong></span> 
     </span>
    </p>
   </div>
   <div class='ocr_carea' id='block_1_47' title="bbox 227 2204 1891 2275">
    <p class='ocr_par' dir='ltr' id='par_1_47' title="bbox 227 2204 1891 2275">
     <span class='ocr_line' id='line_1_47' title="bbox 227 2204 1891 2275; baseline 0.001 -17"><span class='ocrx_word' id='word_1_325' title='bbox 227 2220 330 2275; x_wconf 88' lang='lat' dir='ltr'><strong>pro</strong></span> <span class='ocrx_word' id='word_1_326' title='bbox 362 2204 589 2259; x_wconf 89' lang='lat' dir='ltr'><strong>Christo</strong></span> <span class='ocrx_word' id='word_1_327' title='bbox 618 2204 915 2269; x_wconf 86' lang='lat' dir='ltr'><strong>fudissent,</strong></span> <span class='ocrx_word' id='word_1_328' title='bbox 950 2211 1011 2261; x_wconf 89' lang='lat' dir='ltr'><strong>ut</strong></span> <span class='ocrx_word' id='word_1_329' title='bbox 1040 2209 1094 2261; x_wconf 92' lang='lat' dir='ltr'><strong>S.</strong></span> <span class='ocrx_word' id='word_1_330' title='bbox 1130 2210 1335 2263; x_wconf 89' lang='lat' dir='ltr'><strong>Bassus</strong></span> <span class='ocrx_word' id='word_1_331' title='bbox 1385 2210 1486 2263; x_wconf 92' lang='lat' dir='ltr'><strong>sub</strong></span> <span class='ocrx_word' id='word_1_332' title='bbox 1516 2204 1683 2263; x_wconf 78' lang='lat' dir='ltr'><strong>Decio</strong></span> <span class='ocrx_word' id='word_1_333' title='bbox 1726 2208 1759 2260; x_wconf 83' lang='lat'><strong>5</strong></span> <span class='ocrx_word' id='word_1_334' title='bbox 1787 2208 1891 2261; x_wconf 80' lang='lat' dir='ltr'><strong>De-</strong></span> 
     </span>
    </p>
   </div>
   <div class='ocr_carea' id='block_1_48' title="bbox 226 2275 1889 2350">
    <p class='ocr_par' dir='ltr' id='par_1_48' title="bbox 226 2275 1889 2350">
     <span class='ocr_line' id='line_1_48' title="bbox 226 2275 1889 2350; baseline 0.001 -20"><span class='ocrx_word' id='word_1_335' title='bbox 226 2275 497 2338; x_wconf 90' lang='lat' dir='ltr'><strong>cembris,</strong></span> <span class='ocrx_word' id='word_1_336' title='bbox 550 2278 747 2350; x_wconf 77' lang='lat' dir='ltr'><strong>tamen</strong></span> <span class='ocrx_word' id='word_1_337' title='bbox 790 2278 1022 2350; x_wconf 86' lang='lat' dir='ltr'><strong>Cemelii</strong></span> <span class='ocrx_word' id='word_1_338' title='bbox 1074 2279 1292 2348; x_wconf 91' lang='lat' dir='ltr'><strong>primus</strong></span> <span class='ocrx_word' id='word_1_339' title='bbox 1336 2279 1595 2350; x_wconf 84' lang='lat' dir='ltr'><strong>martyrii</strong></span> <span class='ocrx_word' id='word_1_340' title='bbox 1643 2293 1889 2350; x_wconf 80' lang='lat' dir='ltr'><strong>agonem</strong></span> 
     </span>
    </p>
   </div>
   <div class='ocr_carea' id='block_1_49' title="bbox 226 2346 1891 2419">
    <p class='ocr_par' dir='ltr' id='par_1_49' title="bbox 226 2346 1891 2419">
     <span class='ocr_line' id='line_1_49' title="bbox 226 2346 1891 2419; baseline 0.002 -19"><span class='ocrx_word' id='word_1_341' title='bbox 226 2346 654 2419; x_wconf 88' lang='lat' dir='ltr'><strong>consummavit</strong></span> <span class='ocrx_word' id='word_1_342' title='bbox 686 2348 938 2419; x_wconf 75' lang='lat' dir='ltr'><strong>Pontius.</strong></span> <span class='ocrx_word' id='word_1_343' title='bbox 982 2346 1158 2419; x_wconf 79' lang='lat' dir='ltr'><strong>igitur</strong></span> <span class='ocrx_word' id='word_1_344' title='bbox 1200 2350 1392 2405; x_wconf 65' lang='lat' dir='ltr'><strong>Galliae</strong></span> <span class='ocrx_word' id='word_1_345' title='bbox 1424 2346 1628 2405; x_wconf 83' lang='lat' dir='ltr'><strong>ﬁnibus</strong></span> <span class='ocrx_word' id='word_1_346' title='bbox 1667 2346 1891 2404; x_wconf 71' lang='lat' dir='ltr'><strong>conclu-</strong></span> 
     </span>
    </p>
   </div>
   <div class='ocr_carea' id='block_1_50' title="bbox 226 2417 1889 2499">
    <p class='ocr_par' dir='ltr' id='par_1_50' title="bbox 226 2417 1889 2499">
     <span class='ocr_line' id='line_1_50' title="bbox 226 2417 1889 2499; baseline 0.002 -28"><span class='ocrx_word' id='word_1_347' title='bbox 226 2434 354 2499; x_wconf 75' lang='lat' dir='ltr'><strong>sum</strong></span> <span class='ocrx_word' id='word_1_348' title='bbox 406 2422 493 2498; x_wconf 74' lang='lat' dir='ltr'><strong>est</strong></span> <span class='ocrx_word' id='word_1_349' title='bbox 524 2417 835 2499; x_wconf 62' lang='lat' dir='ltr'><strong>Gemelium</strong></span> <span class='ocrx_word' id='word_1_350' title='bbox 864 2436 889 2499; x_wconf 81' lang='lat'><strong>;_</strong></span> <span class='ocrx_word' id='word_1_351' title='bbox 916 2417 1159 2499; x_wconf 67' lang='lat' dir='ltr'><strong>quando</strong></span> <span class='ocrx_word' id='word_1_352' title='bbox 1187 2421 1417 2499; x_wconf 81' lang='lat' dir='ltr'><strong>Gemelii</strong></span> <span class='ocrx_word' id='word_1_353' title='bbox 1464 2438 1699 2499; x_wconf 79' lang='lat' dir='ltr'><strong>passum</strong></span> <span class='ocrx_word' id='word_1_354' title='bbox 1744 2421 1889 2499; x_wconf 74' lang='lat' dir='ltr'><strong>Pon-</strong></span> 
     </span>
    </p>
   </div>
   <div class='ocr_carea' id='block_1_51' title="bbox 229 2487 1887 2563">
    <p class='ocr_par' dir='ltr' id='par_1_51' title="bbox 229 2487 1887 2563">
     <span class='ocr_line' id='line_1_51' title="bbox 229 2487 1887 2563; baseline 0.002 -21"><span class='ocrx_word' id='word_1_355' title='bbox 229 2489 398 2563; x_wconf 77' lang='lat' dir='ltr'><strong>tium,</strong></span> <span class='ocrx_word' id='word_1_356' title='bbox 429 2488 485 2542; x_wconf 91' lang='lat' dir='ltr'><strong>in</strong></span> <span class='ocrx_word' id='word_1_357' title='bbox 519 2487 721 2563; x_wconf 82' lang='lat' dir='ltr'><strong>Gallia,</strong></span> <span class='ocrx_word' id='word_1_358' title='bbox 755 2494 815 2543; x_wconf 91' lang='lat' dir='ltr'><strong>ut</strong></span> <span class='ocrx_word' id='word_1_359' title='bbox 840 2487 1046 2563; x_wconf 81' lang='lat' dir='ltr'><strong>vidisti,</strong></span> <span class='ocrx_word' id='word_1_360' title='bbox 1080 2492 1293 2561; x_wconf 89' lang='lat' dir='ltr'><strong>passim</strong></span> <span class='ocrx_word' id='word_1_361' title='bbox 1341 2487 1589 2563; x_wconf 92' lang='lat' dir='ltr'><strong>produnt</strong></span> <span class='ocrx_word' id='word_1_362' title='bbox 1618 2493 1887 2562; x_wconf 86' lang='lat' dir='ltr'><strong>Martyro-</strong></span> 
     </span>
    </p>
   </div>
   <div class='ocr_carea' id='block_1_52' title="bbox 226 2559 1888 2640">
    <p class='ocr_par' dir='ltr' id='par_1_52' title="bbox 226 2559 1888 2640">
     <span class='ocr_line' id='line_1_52' title="bbox 226 2559 1888 2640; baseline 0.002 -27"><span class='ocrx_word' id='word_1_363' title='bbox 226 2559 382 2640; x_wconf 78' lang='lat' dir='ltr'><strong>logia</strong></span> <span class='ocrx_word' id='word_1_364' title='bbox 413 2564 470 2613; x_wconf 92' lang='lat' dir='ltr'><strong>et</strong></span> <span class='ocrx_word' id='word_1_365' title='bbox 499 2564 651 2640; x_wconf 60' lang='lat' dir='ltr'><strong>acta,</strong></span> <span class='ocrx_word' id='word_1_366' title='bbox 677 2559 735 2614; x_wconf 90' lang='lat' dir='ltr'><strong>in</strong></span> <span class='ocrx_word' id='word_1_367' title='bbox 768 2560 974 2640; x_wconf 69' lang='lat' dir='ltr'><strong>quibus</strong></span> <span class='ocrx_word' id='word_1_368' title='bbox 998 2578 1066 2640; x_wconf 82' lang='lat' dir='ltr'><strong>ex</strong></span> <span class='ocrx_word' id='word_1_369' title='bbox 1081 2559 1558 2640; x_wconf 37' lang='lat' dir='ltr'><strong>‘1talia_eg&#39;ressus_</strong></span> <span class='ocrx_word' id='word_1_370' title='bbox 1576 2559 1888 2640; x_wconf 51' lang='lat' dir='ltr'><strong>Cemel&#39;ium</strong></span> 
     </span>
    </p>
   </div>
   <div class='ocr_carea' id='block_1_53' title="bbox 228 2629 1889 2704">
    <p class='ocr_par' dir='ltr' id='par_1_53' title="bbox 228 2629 1889 2704">
     <span class='ocr_line' id='line_1_53' title="bbox 228 2629 1889 2704; baseline 0.002 -21"><span class='ocrx_word' id='word_1_371' title='bbox 228 2629 443 2704; x_wconf 75' lang='lat' dir='ltr'><strong>adiisse</strong></span> <span class='ocrx_word' id='word_1_372' title='bbox 456 2629 749 2704; x_wconf 70' lang='lat' dir='ltr'><strong>scribitur.</strong></span> <span class='ocrx_word' id='word_1_373' title='bbox 771 2629 886 2704; x_wconf 79' lang='lat' dir='ltr'><strong>Nec</strong></span> <span class='ocrx_word' id='word_1_374' title='bbox 902 2632 1056 2704; x_wconf 87' lang='lat' dir='ltr'><strong>aliud</strong></span> <span class='ocrx_word' id='word_1_375' title='bbox 1079 2650 1216 2689; x_wconf 89' lang='lat' dir='ltr'><strong>sane</strong></span> <span class='ocrx_word' id='word_1_376' title='bbox 1247 2629 1597 2689; x_wconf 51' lang='lat' dir='ltr'><strong>de&#39;Cemelio</strong></span> <span class='ocrx_word' id='word_1_377' title='bbox 1618 2651 1792 2704; x_wconf 90' lang='lat' dir='ltr'><strong>quam</strong></span> <span class='ocrx_word' id='word_1_378' title='bbox 1819 2634 1889 2687; x_wconf 92' lang='lat' dir='ltr'><strong>de</strong></span> 
     </span>
    </p>
   </div>
   <div class='ocr_carea' id='block_1_54' title="bbox 228 2700 1887 2775">
    <p class='ocr_par' dir='ltr' id='par_1_54' title="bbox 228 2700 1887 2775">
     <span class='ocr_line' id='line_1_54' title="bbox 228 2700 1887 2775; baseline 0.001 -19"><span class='ocrx_word' id='word_1_379' title='bbox 228 2700 413 2767; x_wconf 78' lang='lat' dir='ltr'><strong>Nicia,</strong></span> <span class='ocrx_word' id='word_1_380' title='bbox 445 2700 717 2775; x_wconf 78' lang='lat' dir='ltr'><strong>Cemelio,</strong></span> <span class='ocrx_word' id='word_1_381' title='bbox 748 2706 810 2775; x_wconf 79' lang='lat' dir='ltr'><strong>ut</strong></span> <span class='ocrx_word' id='word_1_382' title='bbox 835 2703 949 2775; x_wconf 79' lang='lat' dir='ltr'><strong>dixi</strong></span> <span class='ocrx_word' id='word_1_383' title='bbox 978 2721 1150 2775; x_wconf 90' lang='lat' dir='ltr'><strong>prope</strong></span> <span class='ocrx_word' id='word_1_384' title='bbox 1194 2706 1541 2769; x_wconf 90' lang='lat' dir='ltr'><strong>continente,</strong></span> <span class='ocrx_word' id='word_1_385' title='bbox 1587 2700 1759 2759; x_wconf 76' lang='lat' dir='ltr'><strong>statui</strong></span> <span class='ocrx_word' id='word_1_386' title='bbox 1792 2720 1887 2774; x_wconf 88' lang='lat' dir='ltr'><strong>po-</strong></span> 
     </span>
    </p>
   </div>
   <div class='ocr_carea' id='block_1_55' title="bbox 230 2772 1889 2841">
    <p class='ocr_par' dir='ltr' id='par_1_55' title="bbox 230 2772 1889 2841">
     <span class='ocr_line' id='line_1_55' title="bbox 230 2772 1889 2841; baseline 0.002 -16"><span class='ocrx_word' id='word_1_387' title='bbox 230 2777 361 2827; x_wconf 87' lang='lat' dir='ltr'><strong>test.</strong></span> <span class='ocrx_word' id='word_1_388' title='bbox 398 2775 475 2826; x_wconf 84' lang='lat' dir='ltr'><strong>Ac</strong></span> <span class='ocrx_word' id='word_1_389' title='bbox 508 2772 729 2827; x_wconf 88' lang='lat' dir='ltr'><strong>Niciam</strong></span> <span class='ocrx_word' id='word_1_390' title='bbox 780 2772 991 2829; x_wconf 60' lang='lat' dir='ltr'><strong>Gallia!</strong></span> <span class='ocrx_word' id='word_1_391' title='bbox 1019 2772 1224 2830; x_wconf 80' lang='lat' dir='ltr'><strong>ﬁnibus</strong></span> <span class='ocrx_word' id='word_1_392' title='bbox 1278 2776 1643 2841; x_wconf 90' lang='lat' dir='ltr'><strong>concludunt,</strong></span> <span class='ocrx_word' id='word_1_393' title='bbox 1676 2772 1889 2829; x_wconf 80' lang='lat' dir='ltr'><strong>Roma-</strong></span> 
     </span>
    </p>
   </div>
   <div class='ocr_carea' id='block_1_56' title="bbox 230 2842 1891 2915">
    <p class='ocr_par' dir='ltr' id='par_1_56' title="bbox 230 2842 1891 2915">
     <span class='ocr_line' id='line_1_56' title="bbox 230 2842 1891 2915; baseline 0.002 -19"><span class='ocrx_word' id='word_1_394' title='bbox 230 2859 370 2915; x_wconf 89' lang='lat' dir='ltr'><strong>num</strong></span> <span class='ocrx_word' id='word_1_395' title='bbox 398 2842 869 2915; x_wconf 82' lang='lat' dir='ltr'><strong>Martyrologium</strong></span> <span class='ocrx_word' id='word_1_396' title='bbox 900 2861 975 2900; x_wconf 84' lang='lat' dir='ltr'><strong>xu</strong></span> <span class='ocrx_word' id='word_1_397' title='bbox 1002 2847 1117 2901; x_wconf 84' lang='lat' dir='ltr'><strong>kal.</strong></span> <span class='ocrx_word' id='word_1_398' title='bbox 1146 2846 1320 2911; x_wconf 90' lang='lat' dir='ltr'><strong>Junii,</strong></span> <span class='ocrx_word' id='word_1_399' title='bbox 1354 2864 1482 2901; x_wconf 91' lang='lat' dir='ltr'><strong>cum</strong></span> <span class='ocrx_word' id='word_1_400' title='bbox 1515 2848 1585 2902; x_wconf 89' lang='lat' dir='ltr'><strong>de</strong></span> <span class='ocrx_word' id='word_1_401' title='bbox 1609 2846 1665 2900; x_wconf 92' lang='lat' dir='ltr'><strong>S.</strong></span> <span class='ocrx_word' id='word_1_402' title='bbox 1695 2845 1891 2915; x_wconf 82' lang='lat' dir='ltr'><strong>Hospi-</strong></span> 
     </span>
    </p>
   </div>
   <div class='ocr_carea' id='block_1_57' title="bbox 233 2914 1889 2987">
    <p class='ocr_par' dir='ltr' id='par_1_57' title="bbox 233 2914 1889 2987">
     <span class='ocr_line' id='line_1_57' title="bbox 233 2914 1889 2987; baseline 0.002 -20"><span class='ocrx_word' id='word_1_403' title='bbox 233 2914 313 2968; x_wconf 86' lang='lat' dir='ltr'><strong>tio</strong></span> <span class='ocrx_word' id='word_1_404' title='bbox 338 2914 668 2987; x_wconf 74' lang='lat' dir='ltr'><strong>conl’essore</strong></span> <span class='ocrx_word' id='word_1_405' title='bbox 703 2931 715 2980; x_wconf 92' lang='lat'><strong>;</strong></span> <span class='ocrx_word' id='word_1_406' title='bbox 744 2916 1084 2987; x_wconf 13' lang='lat' dir='ltr'><strong>etgejusdem</strong></span> <span class='ocrx_word' id='word_1_407' title='bbox 1115 2918 1411 2973; x_wconf 91' lang='lat' dir='ltr'><strong>occasione</strong></span> <span class='ocrx_word' id='word_1_408' title='bbox 1454 2916 1757 2986; x_wconf 87' lang='lat' dir='ltr'><strong>Gregorius</strong></span> <span class='ocrx_word' id='word_1_409' title='bbox 1781 2914 1889 2970; x_wconf 29' lang='lat' dir='ltr'><strong>T’u-</strong></span> 
     </span>
    </p>
   </div>
   <div class='ocr_carea' id='block_1_58' title="bbox 232 2985 1890 3060">
    <p class='ocr_par' dir='ltr' id='par_1_58' title="bbox 232 2985 1890 3060">
     <span class='ocr_line' id='line_1_58' title="bbox 232 2985 1890 3060; baseline 0.001 -20"><span class='ocrx_word' id='word_1_410' title='bbox 232 2985 627 3060; x_wconf 65' lang='lat' dir='ltr'><strong>ronensislib.</strong></span> <span class='ocrx_word' id='word_1_411' title='bbox 668 2985 901 3060; x_wconf 71' lang='lat' dir='ltr'><strong>vr__Hist.</strong></span> <span class='ocrx_word' id='word_1_412' title='bbox 941 2989 1139 3060; x_wconf 85' lang='lat' dir='ltr'><strong>Franc.</strong></span> <span class='ocrx_word' id='word_1_413' title='bbox 1173 3006 1221 3043; x_wconf 93' lang='lat' dir='ltr'><strong>c.</strong></span> <span class='ocrx_word' id='word_1_414' title='bbox 1264 2988 1316 3053; x_wconf 93' lang='lat'><strong>6,</strong></span> <span class='ocrx_word' id='word_1_415' title='bbox 1367 2985 1689 3060; x_wconf 79' lang='lat' dir='ltr'><strong>Sigebertus</strong></span> <span class='ocrx_word' id='word_1_416' title='bbox 1738 3004 1890 3060; x_wconf 89' lang='lat' dir='ltr'><strong>anno</strong></span> 
     </span>
    </p>
   </div>
   <div class='ocr_carea' id='block_1_59' title="bbox 233 3055 1889 3130">
    <p class='ocr_par' dir='ltr' id='par_1_59' title="bbox 233 3055 1889 3130">
     <span class='ocr_line' id='line_1_59' title="bbox 233 3055 1889 3130; baseline 0.002 -21"><span class='ocrx_word' id='word_1_417' title='bbox 233 3056 465 3130; x_wconf 62' lang='lat' dir='ltr'><strong>Domini</strong></span> <span class='ocrx_word' id='word_1_418' title='bbox 492 3055 614 3130; x_wconf 71' lang='grc'>581,</span> <span class='ocrx_word' id='word_1_419' title='bbox 670 3056 879 3127; x_wconf 88' lang='lat' dir='ltr'><strong>aliique</strong></span> <span class='ocrx_word' id='word_1_420' title='bbox 928 3058 1160 3128; x_wconf 88' lang='lat' dir='ltr'><strong>passim.</strong></span> <span class='ocrx_word' id='word_1_421' title='bbox 1216 3055 1802 3130; x_wconf 44' lang='lat' dir='ltr'><strong>Itaque&#39;Valerianus</strong></span> <span class='ocrx_word' id='word_1_422' title='bbox 1832 3059 1889 3113; x_wconf 91' lang='lat' dir='ltr'><strong>in</strong></span> 
     </span>
    </p>
   </div>
   <div class='ocr_carea' id='block_1_60' title="bbox 232 3126 2187 3202">
    <p class='ocr_par' dir='ltr' id='par_1_60' title="bbox 232 3126 2187 3202">
     <span class='ocr_line' id='line_1_60' title="bbox 232 3126 2187 3202; baseline -0.012 0"><span class='ocrx_word' id='word_1_423' title='bbox 232 3126 421 3202; x_wconf 51' lang='lat' dir='ltr'><strong>Gﬁllia</strong></span> <span class='ocrx_word' id='word_1_424' title='bbox 463 3126 1061 3202; x_wconf 54' lang='grc' dir='ltr'><strong>θρίεοορυείῃρξιάὺε</strong></span> <span class='ocrx_word' id='word_1_425' title='bbox 1086 3147 1156 3202; x_wconf 13' lang='lat' dir='ltr'><strong>ire</strong></span> <span class='ocrx_word' id='word_1_426' title='bbox 1185 3126 1383 3188; x_wconf 76' lang='lat' dir='ltr'><strong>Gallus</strong></span> <span class='ocrx_word' id='word_1_427' title='bbox 1410 3130 1727 3202; x_wconf 84' lang='lat' dir='ltr'><strong>conjicitur,</strong></span> <span class='ocrx_word' id='word_1_428' title='bbox 1760 3146 1889 3202; x_wconf 88' lang='lat' dir='ltr'><strong>cum</strong></span> <span class='ocrx_word' id='word_1_429' title='bbox 1927 3137 1971 3197; x_wconf 77' lang='grc' dir='ltr'><strong>ς,</strong></span> <span class='ocrx_word' id='word_1_430' title='bbox 2001 3130 2187 3202; x_wconf 74' lang='lat' dir='ltr'><strong>movet</strong></span> 
     </span>
    </p>
   </div>
   <div class='ocr_carea' id='block_1_61' title="bbox 233 3198 1889 3269">
    <p class='ocr_par' dir='ltr' id='par_1_61' title="bbox 233 3198 1889 3269">
     <span class='ocr_line' id='line_1_61' title="bbox 233 3198 1889 3269; baseline 0.002 -18"><span class='ocrx_word' id='word_1_431' title='bbox 233 3198 378 3252; x_wconf 91' lang='lat' dir='ltr'><strong>nihil</strong></span> <span class='ocrx_word' id='word_1_432' title='bbox 405 3203 668 3269; x_wconf 83' lang='lat' dir='ltr'><strong>suppetat</strong></span> <span class='ocrx_word' id='word_1_433' title='bbox 687 3200 839 3269; x_wconf 91' lang='lat' dir='ltr'><strong>quod</strong></span> <span class='ocrx_word' id='word_1_434' title='bbox 860 3199 1023 3254; x_wconf 91' lang='lat' dir='ltr'><strong>illum</strong></span> <span class='ocrx_word' id='word_1_435' title='bbox 1045 3201 1275 3257; x_wconf 89' lang='lat' dir='ltr'><strong>aliunde</strong></span> <span class='ocrx_word' id='word_1_436' title='bbox 1301 3218 1367 3257; x_wconf 93' lang='lat' dir='ltr'><strong>eo</strong></span> <span class='ocrx_word' id='word_1_437' title='bbox 1398 3198 1673 3266; x_wconf 77' lang='lat' dir='ltr'><strong>delatum,</strong></span> <span class='ocrx_word' id='word_1_438' title='bbox 1697 3201 1889 3256; x_wconf 88' lang='lat' dir='ltr'><strong>sedem</strong></span> 
     </span>
    </p>
   </div>
   <div class='ocr_carea' id='block_1_62' title="bbox 234 3268 1891 3354">
    <p class='ocr_par' dir='ltr' id='par_1_62' title="bbox 234 3268 1891 3354">
     <span class='ocr_line' id='line_1_62' title="bbox 234 3268 1891 3354; baseline 0.003 -32"><span class='ocrx_word' id='word_1_439' title='bbox 234 3268 734 3354; x_wconf 42' lang='lat' dir='ltr'><strong>Cemelii-nactum</strong></span> <span class='ocrx_word' id='word_1_440' title='bbox 775 3271 1012 3354; x_wconf 76' lang='lat' dir='ltr'><strong>suadeat</strong></span> <span class='ocrx_word' id='word_1_441' title='bbox 1038 3276 1159 3354; x_wconf 22' lang='lat' dir='ltr'><strong>aut</strong></span> <span class='ocrx_word' id='word_1_442' title='bbox 1192 3289 1258 3327; x_wconf 89' lang='lat' dir='ltr'><strong>ex</strong></span> <span class='ocrx_word' id='word_1_443' title='bbox 1302 3273 1408 3354; x_wconf 75' lang='lat' dir='ltr'><strong>hoc</strong></span> <span class='ocrx_word' id='word_1_444' title='bbox 1437 3272 1891 3354; x_wconf 41' lang='lat' dir='ltr'><strong>.proinde_n‘oyo</strong></span> 
     </span>
    </p>
   </div>
   <div class='ocr_carea' id='block_1_63' title="bbox 236 3339 1891 3413">
    <p class='ocr_par' dir='ltr' id='par_1_63' title="bbox 236 3339 1891 3413">
     <span class='ocr_line' id='line_1_63' title="bbox 236 3339 1891 3413; baseline 0.002 -19"><span class='ocrx_word' id='word_1_445' title='bbox 236 3339 444 3413; x_wconf 83' lang='lat' dir='ltr'><strong>sidere,</strong></span> <span class='ocrx_word' id='word_1_446' title='bbox 477 3344 563 3413; x_wconf 85' lang='lat' dir='ltr'><strong>tot</strong></span> <span class='ocrx_word' id='word_1_447' title='bbox 592 3340 1015 3413; x_wconf 86' lang='lat' dir='ltr'><strong>micantissimis</strong></span> <span class='ocrx_word' id='word_1_448' title='bbox 1057 3342 1208 3398; x_wconf 90' lang='lat' dir='ltr'><strong>illius</strong></span> <span class='ocrx_word' id='word_1_449' title='bbox 1237 3345 1389 3413; x_wconf 91' lang='lat' dir='ltr'><strong>quod</strong></span> <span class='ocrx_word' id='word_1_450' title='bbox 1419 3339 1531 3398; x_wconf 83' lang='lat' dir='ltr'><strong>dixi</strong></span> <span class='ocrx_word' id='word_1_451' title='bbox 1557 3343 1663 3399; x_wconf 71' lang='lat' dir='ltr'><strong>aavi</strong></span> <span class='ocrx_word' id='word_1_452' title='bbox 1696 3342 1891 3398; x_wconf 76' lang='lat' dir='ltr'><strong>Galliae</strong></span> 
     </span>
    </p>
   </div>
   <div class='ocr_carea' id='block_1_64' title="bbox 236 3410 1895 3485">
    <p class='ocr_par' dir='ltr' id='par_1_64' title="bbox 236 3410 1895 3485">
     <span class='ocr_line' id='line_1_64' title="bbox 236 3410 1895 3485; baseline 0.003 -21"><span class='ocrx_word' id='word_1_453' title='bbox 236 3410 405 3485; x_wconf 74' lang='lat' dir='ltr'><strong>astris</strong></span> <span class='ocrx_word' id='word_1_454' title='bbox 431 3412 724 3485; x_wconf 83' lang='lat' dir='ltr'><strong>adjuncto.</strong></span> <span class='ocrx_word' id='word_1_455' title='bbox 759 3412 1033 3485; x_wconf 85' lang='lat' dir='ltr'><strong>Eucherio</strong></span> <span class='ocrx_word' id='word_1_456' title='bbox 1080 3410 1461 3485; x_wconf 79' lang='lat' dir='ltr'><strong>Lugdunensi,</strong></span> <span class='ocrx_word' id='word_1_457' title='bbox 1497 3414 1712 3469; x_wconf 89' lang='lat' dir='ltr'><strong>Hilario</strong></span> <span class='ocrx_word' id='word_1_458' title='bbox 1760 3415 1895 3469; x_wconf 82' lang='lat' dir='ltr'><strong>Are-</strong></span> 
     </span>
    </p>
   </div>
   <div class='ocr_carea' id='block_1_65' title="bbox 236 3481 1890 3556">
    <p class='ocr_par' dir='ltr' id='par_1_65' title="bbox 236 3481 1890 3556">
     <span class='ocr_line' id='line_1_65' title="bbox 236 3481 1890 3556; baseline 0.002 -21"><span class='ocrx_word' id='word_1_459' title='bbox 236 3481 465 3556; x_wconf 76' lang='lat' dir='ltr'><strong>latensi,</strong></span> <span class='ocrx_word' id='word_1_460' title='bbox 506 3481 1049 3556; x_wconf 40' lang='lat' dir='ltr'><strong>SplonioLVerano,</strong></span> <span class='ocrx_word' id='word_1_461' title='bbox 1093 3481 1426 3551; x_wconf 77' lang='lat' dir='ltr'><strong>Claudiano,</strong></span> <span class='ocrx_word' id='word_1_462' title='bbox 1483 3486 1721 3556; x_wconf 89' lang='lat' dir='ltr'><strong>aliisque</strong></span> <span class='ocrx_word' id='word_1_463' title='bbox 1750 3501 1890 3555; x_wconf 69' lang='lat' dir='ltr'><strong>prie-</strong></span> 
     </span>
    </p>
   </div>
   <div class='ocr_carea' id='block_1_66' title="bbox 236 3552 1894 3627">
    <p class='ocr_par' dir='ltr' id='par_1_66' title="bbox 236 3552 1894 3627">
     <span class='ocr_line' id='line_1_66' title="bbox 236 3552 1894 3627; baseline 0.001 -20"><span class='ocrx_word' id='word_1_464' title='bbox 236 3552 496 3619; x_wconf 91' lang='lat' dir='ltr'><strong>sulibus;</strong></span> <span class='ocrx_word' id='word_1_465' title='bbox 532 3554 825 3627; x_wconf 84' lang='lat' dir='ltr'><strong>Gennadio</strong></span> <span class='ocrx_word' id='word_1_466' title='bbox 856 3556 1009 3627; x_wconf 89' lang='lat' dir='ltr'><strong>item,</strong></span> <span class='ocrx_word' id='word_1_467' title='bbox 1058 3556 1376 3627; x_wconf 89' lang='lat' dir='ltr'><strong>Vincentio,</strong></span> <span class='ocrx_word' id='word_1_468' title='bbox 1425 3552 1711 3622; x_wconf 81' lang='lat' dir='ltr'><strong>Salviano,</strong></span> <span class='ocrx_word' id='word_1_469' title='bbox 1751 3552 1894 3610; x_wconf 52' lang='lat' dir='ltr'><strong>&#39;Pro-</strong></span> 
     </span>
    </p>
   </div>
   <div class='ocr_carea' id='block_1_67' title="bbox 236 3625 1891 3769">
    <p class='ocr_par' dir='ltr' id='par_1_67' title="bbox 236 3625 1891 3769">
     <span class='ocr_line' id='line_1_67' title="bbox 236 3625 1891 3707; baseline 0.002 -30"><span class='ocrx_word' id='word_1_470' title='bbox 236 3641 261 3705; x_wconf 80' lang='lat' dir='ltr'><strong>s</strong></span> <span class='ocrx_word' id='word_1_471' title='bbox 302 3640 425 3706; x_wconf 76' lang='lat' dir='ltr'><strong>ero,</strong></span> <span class='ocrx_word' id='word_1_472' title='bbox 460 3625 625 3705; x_wconf 78' lang='lat' dir='ltr'><strong>presb</strong></span> <span class='ocrx_word' id='word_1_473' title='bbox 669 3625 822 3692; x_wconf 91' lang='lat' dir='ltr'><strong>teris,</strong></span> <span class='ocrx_word' id='word_1_474' title='bbox 869 3626 1151 3697; x_wconf 88' lang='lat' dir='ltr'><strong>insignem</strong></span> <span class='ocrx_word' id='word_1_475' title='bbox 1184 3625 1364 3707; x_wconf 37' lang='lat' dir='ltr'><strong>.plane</strong></span> <span class='ocrx_word' id='word_1_476' title='bbox 1416 3627 1731 3685; x_wconf 90' lang='lat' dir='ltr'><strong>Galliarum</strong></span> <span class='ocrx_word' id='word_1_477' title='bbox 1765 3628 1891 3699; x_wconf 89' lang='lat' dir='ltr'><strong>jam</strong></span> 
     </span>
     <span class='ocr_line' id='line_1_68' title="bbox 237 3641 1799 3769; baseline 0.003 -20"><span class='ocrx_word' id='word_1_478' title='bbox 237 3641 349 3769; x_wconf 57' lang='grc' dir='ltr'><strong>ιδῃ»</strong></span> <span class='ocrx_word' id='word_1_479' title='bbox 379 3641 736 3769; x_wconf 59' lang='lat' dir='ltr'><strong>temporibus</strong></span> <span class='ocrx_word' id='word_1_480' title='bbox 766 3696 1127 3769; x_wconf 88' lang='lat' dir='ltr'><strong>splendorem</strong></span> <span class='ocrx_word' id='word_1_481' title='bbox 1159 3698 1326 3753; x_wconf 82' lang='lat' dir='ltr'><strong>liceat</strong></span> <span class='ocrx_word' id='word_1_482' title='bbox 1351 3715 1681 3769; x_wconf 90' lang='lat' dir='ltr'><strong>agnoscere.</strong></span> <span class='ocrx_word' id='word_1_483' title='bbox 1792 3768 1799 3769; x_wconf 17' lang='grc' dir='ltr'><em>γ</em></span> 
     </span>
    </p>
   </div>
   <div class='ocr_carea' id='block_1_68' title="bbox 306 3766 1894 3836">
    <p class='ocr_par' dir='ltr' id='par_1_68' title="bbox 306 3766 1894 3836">
     <span class='ocr_line' id='line_1_69' title="bbox 306 3766 1894 3836; baseline 0.002 -17"><span class='ocrx_word' id='word_1_484' title='bbox 306 3767 361 3820; x_wconf 81' lang='grc'>5.</span> <span class='ocrx_word' id='word_1_485' title='bbox 414 3766 481 3820; x_wconf 86' lang='lat' dir='ltr'><strong>Et</strong></span> <span class='ocrx_word' id='word_1_486' title='bbox 516 3768 746 3836; x_wconf 86' lang='lat' dir='ltr'><strong>quando</strong></span> <span class='ocrx_word' id='word_1_487' title='bbox 778 3768 1034 3823; x_wconf 89' lang='lat' dir='ltr'><strong>Eucherii</strong></span> <span class='ocrx_word' id='word_1_488' title='bbox 1076 3768 1228 3823; x_wconf 84' lang='lat' dir='ltr'><strong>facta</strong></span> <span class='ocrx_word' id='word_1_489' title='bbox 1262 3766 1500 3833; x_wconf 77' lang='lat' dir='ltr'><strong>mentio,</strong></span> <span class='ocrx_word' id='word_1_490' title='bbox 1555 3786 1669 3824; x_wconf 92' lang='lat' dir='ltr'><strong>non</strong></span> <span class='ocrx_word' id='word_1_491' title='bbox 1718 3768 1894 3822; x_wconf 90' lang='lat' dir='ltr'><strong>debeo</strong></span> 
     </span>
    </p>
   </div>
   <div class='ocr_carea' id='block_1_69' title="bbox 239 3836 1896 3927">
    <p class='ocr_par' dir='ltr' id='par_1_69' title="bbox 239 3836 1896 3927">
     <span class='ocr_line' id='line_1_70' title="bbox 239 3836 1896 3927; baseline 0.001 -36"><span class='ocrx_word' id='word_1_492' title='bbox 239 3837 389 3891; x_wconf 89' lang='lat' dir='ltr'><strong>inter</strong></span> <span class='ocrx_word' id='word_1_493' title='bbox 420 3836 563 3891; x_wconf 89' lang='lat' dir='ltr'><strong>alias</strong></span> <span class='ocrx_word' id='word_1_494' title='bbox 594 3838 1009 3927; x_wconf 42' lang='lat' dir='ltr'><strong>deuValerliano</strong></span> <span class='ocrx_word' id='word_1_495' title='bbox 1046 3842 1403 3927; x_wconf 46' lang='lat' dir='ltr'><strong>co‘njecturas</strong></span> <span class='ocrx_word' id='word_1_496' title='bbox 1432 3840 1667 3921; x_wconf 81' lang='lat' dir='ltr'><strong>missam</strong></span> <span class='ocrx_word' id='word_1_497' title='bbox 1710 3838 1896 3927; x_wconf 58' lang='lat' dir='ltr'><strong>facere</strong></span> 
     </span>
    </p>
   </div>
   <div class='ocr_carea' id='block_1_70' title="bbox 236 3909 1897 4051">
    <p class='ocr_par' dir='ltr' id='par_1_70' title="bbox 236 3909 1897 4051">
     <span class='ocr_line' id='line_1_71' title="bbox 237 3909 1897 3979; baseline 0.001 -17"><span class='ocrx_word' id='word_1_498' title='bbox 237 3924 414 3978; x_wconf 87' lang='lat' dir='ltr'><strong>quam</strong></span> <span class='ocrx_word' id='word_1_499' title='bbox 451 3909 705 3979; x_wconf 90' lang='lat' dir='ltr'><strong>suggerit</strong></span> <span class='ocrx_word' id='word_1_500' title='bbox 727 3909 1055 3964; x_wconf 85' lang='lat' dir='ltr'><strong>Heribertus</strong></span> <span class='ocrx_word' id='word_1_501' title='bbox 1088 3909 1399 3967; x_wconf 75' lang='lat' dir='ltr'><strong>Resueidus</strong></span> <span class='ocrx_word' id='word_1_502' title='bbox 1430 3912 1487 3966; x_wconf 91' lang='lat' dir='ltr'><strong>in</strong></span> <span class='ocrx_word' id='word_1_503' title='bbox 1519 3911 1668 3965; x_wconf 91' lang='lat' dir='ltr'><strong>notis</strong></span> <span class='ocrx_word' id='word_1_504' title='bbox 1686 3912 1758 3965; x_wconf 91' lang='lat' dir='ltr'><strong>ad</strong></span> <span class='ocrx_word' id='word_1_505' title='bbox 1794 3911 1897 3964; x_wconf 88' lang='lat' dir='ltr'><strong>Eu-</strong></span> 
     </span>
     <span class='ocr_line' id='line_1_72' title="bbox 236 3978 1897 4051; baseline 0.002 -19"><span class='ocrx_word' id='word_1_506' title='bbox 236 3978 413 4033; x_wconf 90' lang='lat' dir='ltr'><strong>cherii</strong></span> <span class='ocrx_word' id='word_1_507' title='bbox 448 3979 831 4051; x_wconf 75' lang='lat' dir='ltr'><strong>Paraenesim:</strong></span> <span class='ocrx_word' id='word_1_508' title='bbox 872 3997 1002 4035; x_wconf 91' lang='lat' dir='ltr'><strong>eum</strong></span> <span class='ocrx_word' id='word_1_509' title='bbox 1027 3981 1283 4051; x_wconf 86' lang='lat' dir='ltr'><strong>videlicet</strong></span> <span class='ocrx_word' id='word_1_510' title='bbox 1326 3982 1690 4037; x_wconf 82' lang='lat' dir='ltr'><strong>Valerianum</strong></span> <span class='ocrx_word' id='word_1_511' title='bbox 1721 3980 1897 4051; x_wconf 87' lang='lat' dir='ltr'><strong>ipsius</strong></span> 
     </span>
    </p>
   </div>
   <div class='ocr_carea' id='block_1_71' title="bbox 238 4050 1895 4122">
    <p class='ocr_par' dir='ltr' id='par_1_71' title="bbox 238 4050 1895 4122">
     <span class='ocr_line' id='line_1_73' title="bbox 238 4050 1895 4122; baseline 0.001 -19"><span class='ocrx_word' id='word_1_512' title='bbox 238 4054 551 4122; x_wconf 87' lang='lat' dir='ltr'><strong>cognatum</strong></span> <span class='ocrx_word' id='word_1_513' title='bbox 571 4066 741 4122; x_wconf 88' lang='lat' dir='ltr'><strong>quem</strong></span> <span class='ocrx_word' id='word_1_514' title='bbox 763 4050 1134 4122; x_wconf 69' lang='lat' dir='ltr'><strong>philosophim</strong></span> <span class='ocrx_word' id='word_1_515' title='bbox 1153 4052 1411 4107; x_wconf 68' lang='lat' dir='ltr'><strong>smculari</strong></span> <span class='ocrx_word' id='word_1_516' title='bbox 1430 4057 1563 4107; x_wconf 91' lang='lat' dir='ltr'><strong>tunc</strong></span> <span class='ocrx_word' id='word_1_517' title='bbox 1583 4050 1895 4114; x_wconf 86' lang='lat' dir='ltr'><strong>addictum,</strong></span> 
     </span>
    </p>
   </div>
   <div class='ocr_carea' id='block_1_72' title="bbox 241 4120 1899 4193">
    <p class='ocr_par' dir='ltr' id='par_1_72' title="bbox 241 4120 1899 4193">
     <span class='ocr_line' id='line_1_74' title="bbox 241 4120 1899 4193; baseline 0.001 -18"><span class='ocrx_word' id='word_1_518' title='bbox 241 4120 549 4193; x_wconf 85' lang='lat' dir='ltr'><strong>Eucherius</strong></span> <span class='ocrx_word' id='word_1_519' title='bbox 580 4121 739 4193; x_wconf 84' lang='lat' dir='ltr'><strong>omni</strong></span> <span class='ocrx_word' id='word_1_520' title='bbox 764 4120 1144 4177; x_wconf 77' lang='lat' dir='ltr'><strong>ﬂoridissimm</strong></span> <span class='ocrx_word' id='word_1_521' title='bbox 1193 4123 1514 4193; x_wconf 89' lang='lat' dir='ltr'><strong>scriptionis</strong></span> <span class='ocrx_word' id='word_1_522' title='bbox 1542 4139 1673 4177; x_wconf 89' lang='lat' dir='ltr'><strong>vere</strong></span> <span class='ocrx_word' id='word_1_523' title='bbox 1714 4126 1899 4177; x_wconf 89' lang='lat' dir='ltr'><strong>osten-</strong></span> 
     </span>
    </p>
   </div>
   <div class='ocr_carea' id='block_1_73' title="bbox 239 4191 1898 4275">
    <p class='ocr_par' dir='ltr' id='par_1_73' title="bbox 239 4191 1898 4275">
     <span class='ocr_line' id='line_1_75' title="bbox 239 4191 1898 4275; baseline 0.001 -30"><span class='ocrx_word' id='word_1_524' title='bbox 239 4197 361 4275; x_wconf 59' lang='lat' dir='ltr'><strong>rato</strong></span> <span class='ocrx_word' id='word_1_525' title='bbox 393 4192 468 4270; x_wconf 77' lang='lat' dir='ltr'><strong>ad</strong></span> <span class='ocrx_word' id='word_1_526' title='bbox 501 4191 701 4275; x_wconf 77' lang='lat' dir='ltr'><strong>mundi</strong></span> <span class='ocrx_word' id='word_1_527' title='bbox 723 4191 1363 4275; x_wconf 39' lang='lat' dir='ltr'><strong>contemptumhinvitat,</strong></span> <span class='ocrx_word' id='word_1_528' title='bbox 1398 4194 1548 4275; x_wconf 79' lang='lat' dir='ltr'><strong>hunc</strong></span> <span class='ocrx_word' id='word_1_529' title='bbox 1570 4194 1755 4275; x_wconf 91' lang='lat' dir='ltr'><strong>ipsum</strong></span> <span class='ocrx_word' id='word_1_530' title='bbox 1778 4209 1898 4275; x_wconf 75' lang='lat' dir='ltr'><strong>esse</strong></span> 
     </span>
    </p>
   </div>
   <div class='ocr_carea' id='block_1_74' title="bbox 242 4262 1899 4333">
    <p class='ocr_par' dir='ltr' id='par_1_74' title="bbox 242 4262 1899 4333">
     <span class='ocr_line' id='line_1_76' title="bbox 242 4262 1899 4333; baseline 0 -17"><span class='ocrx_word' id='word_1_531' title='bbox 242 4262 615 4317; x_wconf 88' lang='lat' dir='ltr'><strong>Valerianum</strong></span> <span class='ocrx_word' id='word_1_532' title='bbox 659 4262 1089 4319; x_wconf 75' lang='lat' dir='ltr'><strong>CemelienSem.</strong></span> <span class='ocrx_word' id='word_1_533' title='bbox 1119 4266 1281 4329; x_wconf 87' lang='lat' dir='ltr'><strong>Quod</strong></span> <span class='ocrx_word' id='word_1_534' title='bbox 1312 4265 1355 4319; x_wconf 91' lang='lat' dir='ltr'><strong>si</strong></span> <span class='ocrx_word' id='word_1_535' title='bbox 1380 4262 1756 4333; x_wconf 88' lang='lat' dir='ltr'><strong>admittimus,</strong></span> <span class='ocrx_word' id='word_1_536' title='bbox 1806 4264 1899 4317; x_wconf 91' lang='lat' dir='ltr'><strong>lux</strong></span> 
     </span>
    </p>
   </div>
   <div class='ocr_carea' id='block_1_75' title="bbox 238 4333 1901 4404">
    <p class='ocr_par' dir='ltr' id='par_1_75' title="bbox 238 4333 1901 4404">
     <span class='ocr_line' id='line_1_77' title="bbox 238 4333 1901 4404; baseline 0.001 -17"><span class='ocrx_word' id='word_1_537' title='bbox 238 4333 560 4388; x_wconf 76' lang='lat' dir='ltr'><strong>effunditur</strong></span> <span class='ocrx_word' id='word_1_538' title='bbox 591 4333 877 4389; x_wconf 89' lang='lat' dir='ltr'><strong>Valeriani</strong></span> <span class='ocrx_word' id='word_1_539' title='bbox 909 4335 1103 4404; x_wconf 91' lang='lat' dir='ltr'><strong>generi</strong></span> <span class='ocrx_word' id='word_1_540' title='bbox 1134 4352 1199 4389; x_wconf 91' lang='lat' dir='ltr'><strong>ac</strong></span> <span class='ocrx_word' id='word_1_541' title='bbox 1229 4336 1529 4390; x_wconf 89' lang='lat' dir='ltr'><strong>nobilitati.</strong></span> <span class='ocrx_word' id='word_1_542' title='bbox 1554 4336 1701 4390; x_wconf 90' lang='lat' dir='ltr'><strong>Nam</strong></span> <span class='ocrx_word' id='word_1_543' title='bbox 1748 4335 1901 4389; x_wconf 73' lang='lat' dir='ltr'><strong>Vale-</strong></span> 
     </span>
    </p>
   </div>
   <div class='ocr_carea' id='block_1_76' title="bbox 238 4404 1947 4475">
    <p class='ocr_par' dir='ltr' id='par_1_76' title="bbox 238 4404 1947 4475">
     <span class='ocr_line' id='line_1_78' title="bbox 238 4404 1947 4475; baseline -0.001 -16"><span class='ocrx_word' id='word_1_544' title='bbox 238 4405 472 4459; x_wconf 88' lang='lat' dir='ltr'><strong>rianum</strong></span> <span class='ocrx_word' id='word_1_545' title='bbox 505 4404 669 4459; x_wconf 91' lang='lat' dir='ltr'><strong>illum</strong></span> <span class='ocrx_word' id='word_1_546' title='bbox 714 4406 786 4459; x_wconf 89' lang='lat' dir='ltr'><strong>ad</strong></span> <span class='ocrx_word' id='word_1_547' title='bbox 816 4422 985 4475; x_wconf 92' lang='lat' dir='ltr'><strong>quem</strong></span> <span class='ocrx_word' id='word_1_548' title='bbox 1016 4406 1321 4461; x_wconf 89' lang='lat' dir='ltr'><strong>Eucherius</strong></span> <span class='ocrx_word' id='word_1_549' title='bbox 1343 4407 1555 4474; x_wconf 90' lang='lat' dir='ltr'><strong>scribit,</strong></span> <span class='ocrx_word' id='word_1_550' title='bbox 1586 4406 1756 4461; x_wconf 81' lang='lat' dir='ltr'><strong>fuisse</strong></span> <span class='ocrx_word' id='word_1_551' title='bbox 1796 4405 1900 4475; x_wconf 91' lang='lat' dir='ltr'><strong>ipsi</strong></span> <span class='ocrx_word' id='word_1_552' title='bbox 1923 4417 1947 4434; x_wconf 85' lang='grc'>⁶</span> 
     </span>
    </p>
   </div>
   <div class='ocr_carea' id='block_1_77' title="bbox 1994 1849 3656 1922">
    <p class='ocr_par' dir='ltr' id='par_1_77' title="bbox 1994 1849 3656 1922">
     <span class='ocr_line' id='line_1_79' title="bbox 1994 1849 3656 1922; baseline -0.001 -19"><span class='ocrx_word' id='word_1_553' title='bbox 1994 1856 2236 1922; x_wconf 76' lang='lat' dir='ltr'><strong>pastoris</strong></span> <span class='ocrx_word' id='word_1_554' title='bbox 2254 1849 2489 1922; x_wconf 81' lang='lat' dir='ltr'><strong>o[ﬁcium</strong></span> <span class='ocrx_word' id='word_1_555' title='bbox 2516 1852 2739 1922; x_wconf 76' lang='lat' dir='ltr'><strong>implere</strong></span> <span class='ocrx_word' id='word_1_556' title='bbox 2755 1849 2993 1917; x_wconf 70' lang='lat' dir='ltr'><strong>slitduii,</strong></span> <span class='ocrx_word' id='word_1_557' title='bbox 3008 1861 3054 1907; x_wconf 83' lang='lat' dir='ltr'><strong>et</strong></span> <span class='ocrx_word' id='word_1_558' title='bbox 3073 1854 3131 1906; x_wconf 80' lang='lat' dir='ltr'><strong>in</strong></span> <span class='ocrx_word' id='word_1_559' title='bbox 3149 1849 3403 1922; x_wconf 77' lang='lat' dir='ltr'><strong>gaudium</strong></span> <span class='ocrx_word' id='word_1_560' title='bbox 3426 1851 3656 1904; x_wconf 76' lang='lat' dir='ltr'><strong>Domini</strong></span> 
     </span>
    </p>
   </div>
   <div class='ocr_carea' id='block_1_78' title="bbox 1996 1920 3651 1993">
    <p class='ocr_par' dir='ltr' id='par_1_78' title="bbox 1996 1920 3651 1993">
     <span class='ocr_line' id='line_1_80' title="bbox 1996 1920 3651 1993; baseline -0.001 -19"><span class='ocrx_word' id='word_1_561' title='bbox 1996 1922 2089 1993; x_wconf 72' lang='lat' dir='ltr'><strong>sui</strong></span> <span class='ocrx_word' id='word_1_562' title='bbox 2122 1920 2465 1993; x_wconf 58' lang='lat' dir='ltr'><strong>introductus</strong></span> <span class='ocrx_word' id='word_1_563' title='bbox 2491 1920 2687 1993; x_wconf 74' lang='lat' dir='ltr'><strong>audire</strong></span> <span class='ocrx_word' id='word_1_564' title='bbox 2720 1927 2943 1985; x_wconf 83' lang='lat' dir='ltr'><strong>meruit,</strong></span> <span class='ocrx_word' id='word_1_565' title='bbox 2990 1920 3161 1993; x_wconf 25' lang='lat' dir='ltr'><strong>Euge‘</strong></span> <span class='ocrx_word' id='word_1_566' title='bbox 3183 1939 3327 1976; x_wconf 77' lang='lat' dir='ltr'><strong>serve</strong></span> <span class='ocrx_word' id='word_1_567' title='bbox 3358 1922 3651 1993; x_wconf 51' lang='lat' dir='ltr'><strong>boneLetc.</strong></span> 
     </span>
    </p>
   </div>
   <div class='ocr_carea' id='block_1_79' title="bbox 1998 1991 3656 2061">
    <p class='ocr_par' dir='ltr' id='par_1_79' title="bbox 1998 1991 3656 2061">
     <span class='ocr_line' id='line_1_81' title="bbox 1998 1991 3656 2061; baseline 0 -16"><span class='ocrx_word' id='word_1_568' title='bbox 1998 1992 2155 2045; x_wconf 88' lang='lat' dir='ltr'><strong>Idem</strong></span> <span class='ocrx_word' id='word_1_569' title='bbox 2181 1991 2551 2061; x_wconf 86' lang='lat' dir='ltr'><strong>consignatur</strong></span> <span class='ocrx_word' id='word_1_570' title='bbox 2566 1992 2623 2045; x_wconf 91' lang='lat' dir='ltr'><strong>in</strong></span> <span class='ocrx_word' id='word_1_571' title='bbox 2650 1993 2860 2047; x_wconf 90' lang='lat' dir='ltr'><strong>tabulis</strong></span> <span class='ocrx_word' id='word_1_572' title='bbox 2885 1991 3270 2048; x_wconf 81' lang='lat' dir='ltr'><strong>Lirinensibus</strong></span> <span class='ocrx_word' id='word_1_573' title='bbox 3293 2008 3361 2047; x_wconf 90' lang='lat' dir='ltr'><strong>ea</strong></span> <span class='ocrx_word' id='word_1_574' title='bbox 3374 1991 3656 2046; x_wconf 88' lang='lat' dir='ltr'><strong>die.Hunc</strong></span> 
     </span>
    </p>
   </div>
   <div class='ocr_carea' id='block_1_80' title="bbox 2037 2060 3656 2119">
    <p class='ocr_par' dir='ltr' id='par_1_80' title="bbox 2037 2060 3656 2119">
     <span class='ocr_line' id='line_1_82' title="bbox 2037 2060 3656 2119; baseline -0.001 -3"><span class='ocrx_word' id='word_1_575' title='bbox 2037 2078 2167 2116; x_wconf 92' lang='lat' dir='ltr'><strong>orro</strong></span> <span class='ocrx_word' id='word_1_576' title='bbox 2195 2077 2317 2117; x_wconf 82' lang='lat' dir='ltr'><strong>esse</strong></span> <span class='ocrx_word' id='word_1_577' title='bbox 2348 2060 2610 2116; x_wconf 86' lang='lat' dir='ltr'><strong>nostrum</strong></span> <span class='ocrx_word' id='word_1_578' title='bbox 2641 2062 3007 2119; x_wconf 88' lang='lat' dir='ltr'><strong>Valerianum</strong></span> <span class='ocrx_word' id='word_1_579' title='bbox 3037 2064 3369 2119; x_wconf 90' lang='lat' dir='ltr'><strong>existimant</strong></span> <span class='ocrx_word' id='word_1_580' title='bbox 3393 2060 3656 2116; x_wconf 89' lang='lat' dir='ltr'><strong>nonnulli</strong></span> 
     </span>
    </p>
   </div>
   <div class='ocr_carea' id='block_1_81' title="bbox 2051 2132 3656 2206">
    <p class='ocr_par' dir='ltr' id='par_1_81' title="bbox 2051 2132 3656 2206">
     <span class='ocr_line' id='line_1_83' title="bbox 2051 2132 3656 2206; baseline -0.001 -20"><span class='ocrx_word' id='word_1_581' title='bbox 2051 2132 2316 2206; x_wconf 84' lang='lat' dir='ltr'><strong>icienses._</strong></span> <span class='ocrx_word' id='word_1_582' title='bbox 2337 2134 2487 2196; x_wconf 89' lang='lat' dir='ltr'><strong>Quos</strong></span> <span class='ocrx_word' id='word_1_583' title='bbox 2509 2133 2660 2189; x_wconf 89' lang='lat' dir='ltr'><strong>inter</strong></span> <span class='ocrx_word' id='word_1_584' title='bbox 2676 2151 2729 2190; x_wconf 89' lang='lat' dir='ltr'><strong>v.</strong></span> <span class='ocrx_word' id='word_1_585' title='bbox 2753 2153 2803 2206; x_wconf 86' lang='lat' dir='ltr'><strong>c.</strong></span> <span class='ocrx_word' id='word_1_586' title='bbox 2822 2151 2925 2190; x_wconf 92' lang='lat' dir='ltr'><strong>nec</strong></span> <span class='ocrx_word' id='word_1_587' title='bbox 2943 2135 3091 2206; x_wconf 88' lang='lat' dir='ltr'><strong>juris</strong></span> <span class='ocrx_word' id='word_1_588' title='bbox 3124 2138 3349 2206; x_wconf 81' lang='lat' dir='ltr'><strong>tantum</strong></span> <span class='ocrx_word' id='word_1_589' title='bbox 3363 2132 3656 2206; x_wconf 87' lang='lat' dir='ltr'><strong>utriusque</strong></span> 
     </span>
    </p>
   </div>
   <div class='ocr_carea' id='block_1_82' title="bbox 1997 2203 3658 2276">
    <p class='ocr_par' dir='ltr' id='par_1_82' title="bbox 1997 2203 3658 2276">
     <span class='ocr_line' id='line_1_84' title="bbox 1997 2203 3658 2276; baseline -0.002 -17"><span class='ocrx_word' id='word_1_590' title='bbox 1997 2203 2598 2276; x_wconf 76' lang='lat' dir='ltr'><strong>consul_tissimus,_sed</strong></span> <span class='ocrx_word' id='word_1_591' title='bbox 2613 2205 2771 2276; x_wconf 89' lang='lat' dir='ltr'><strong>omni</strong></span> <span class='ocrx_word' id='word_1_592' title='bbox 2798 2203 3022 2276; x_wconf 42' lang='lat' dir='ltr'><strong>quoq—ue</strong></span> <span class='ocrx_word' id='word_1_593' title='bbox 3054 2205 3314 2276; x_wconf 89' lang='lat' dir='ltr'><strong>politiore</strong></span> <span class='ocrx_word' id='word_1_594' title='bbox 3336 2203 3658 2276; x_wconf 81' lang='lat' dir='ltr'><strong>litteratura</strong></span> 
     </span>
    </p>
   </div>
   <div class='ocr_carea' id='block_1_83' title="bbox 1998 2273 3655 2340">
    <p class='ocr_par' dir='ltr' id='par_1_83' title="bbox 1998 2273 3655 2340">
     <span class='ocr_line' id='line_1_85' title="bbox 1998 2273 3655 2340; baseline -0.002 -10"><span class='ocrx_word' id='word_1_595' title='bbox 1998 2273 2434 2338; x_wconf 89' lang='lat' dir='ltr'><strong>excultissimus,</strong></span> <span class='ocrx_word' id='word_1_596' title='bbox 2468 2274 2532 2328; x_wconf 92' lang='lat' dir='ltr'><strong>D.</strong></span> <span class='ocrx_word' id='word_1_597' title='bbox 2582 2273 2910 2331; x_wconf 79' lang='lat' dir='ltr'><strong>Honoratus</strong></span> <span class='ocrx_word' id='word_1_598' title='bbox 2930 2273 3270 2340; x_wconf 74' lang='lat' dir='ltr'><strong>Leotardus,</strong></span> <span class='ocrx_word' id='word_1_599' title='bbox 3313 2274 3460 2329; x_wconf 90' lang='lat' dir='ltr'><strong>datis</strong></span> <span class='ocrx_word' id='word_1_600' title='bbox 3491 2274 3560 2327; x_wconf 92' lang='lat' dir='ltr'><strong>de</strong></span> <span class='ocrx_word' id='word_1_601' title='bbox 3589 2289 3655 2327; x_wconf 92' lang='lat' dir='ltr'><strong>eo</strong></span> 
     </span>
    </p>
   </div>
   <div class='ocr_carea' id='block_1_84' title="bbox 1999 2344 3656 2425">
    <p class='ocr_par' dir='ltr' id='par_1_84' title="bbox 1999 2344 3656 2425">
     <span class='ocr_line' id='line_1_86' title="bbox 1999 2344 3656 2425; baseline -0.002 -25"><span class='ocrx_word' id='word_1_602' title='bbox 1999 2350 2337 2425; x_wconf 69' lang='lat' dir='ltr'><strong>argumento</strong></span> <span class='ocrx_word' id='word_1_603' title='bbox 2364 2345 2763 2425; x_wconf 73' lang='lat' dir='ltr'><strong>litteris,_hunc</strong></span> <span class='ocrx_word' id='word_1_604' title='bbox 2786 2363 2909 2425; x_wconf 81' lang='lat' dir='ltr'><strong>esse</strong></span> <span class='ocrx_word' id='word_1_605' title='bbox 2929 2362 3354 2425; x_wconf 73' lang='lat' dir='ltr'><strong>sensumsuum</strong></span> <span class='ocrx_word' id='word_1_606' title='bbox 3378 2344 3656 2425; x_wconf 60' lang='lat' dir='ltr'><strong>signiﬁca:</strong></span> 
     </span>
    </p>
   </div>
   <div class='ocr_carea' id='block_1_85' title="bbox 1998 2413 3657 2473">
    <p class='ocr_par' dir='ltr' id='par_1_85' title="bbox 1998 2413 3657 2473">
     <span class='ocr_line' id='line_1_87' title="bbox 1998 2413 3657 2473; baseline -0.002 -2"><span class='ocrx_word' id='word_1_607' title='bbox 1998 2413 2096 2471; x_wconf 52' lang='lat' dir='ltr'><strong>vit&#39;.</strong></span> <span class='ocrx_word' id='word_1_608' title='bbox 2126 2418 2239 2471; x_wconf 88' lang='lat' dir='ltr'><strong>Nec</strong></span> <span class='ocrx_word' id='word_1_609' title='bbox 2270 2433 2401 2470; x_wconf 85' lang='lat' dir='ltr'><strong>vero</strong></span> <span class='ocrx_word' id='word_1_610' title='bbox 2430 2416 2611 2470; x_wconf 77' lang='lat' dir='ltr'><strong>refert</strong></span> <span class='ocrx_word' id='word_1_611' title='bbox 2653 2419 2803 2473; x_wconf 81' lang='lat' dir='ltr'><strong>quod</strong></span> <span class='ocrx_word' id='word_1_612' title='bbox 2858 2424 3089 2473; x_wconf 90' lang='lat' dir='ltr'><strong>sanctus</strong></span> <span class='ocrx_word' id='word_1_613' title='bbox 3123 2417 3218 2473; x_wconf 92' lang='lat' dir='ltr'><strong>ille</strong></span> <span class='ocrx_word' id='word_1_614' title='bbox 3271 2433 3336 2471; x_wconf 92' lang='lat' dir='ltr'><strong>ex</strong></span> <span class='ocrx_word' id='word_1_615' title='bbox 3379 2413 3657 2469; x_wconf 82' lang='lat' dir='ltr'><strong>Lirinensi</strong></span> 
     </span>
    </p>
   </div>
   <div class='ocr_carea' id='block_1_86' title="bbox 1999 2485 3657 2558">
    <p class='ocr_par' dir='ltr' id='par_1_86' title="bbox 1999 2485 3657 2558">
     <span class='ocr_line' id='line_1_88' title="bbox 1999 2485 3657 2558; baseline -0.002 -17"><span class='ocrx_word' id='word_1_616' title='bbox 1999 2488 2283 2542; x_wconf 90' lang='lat' dir='ltr'><strong>monacho</strong></span> <span class='ocrx_word' id='word_1_617' title='bbox 2310 2487 2623 2558; x_wconf 90' lang='lat' dir='ltr'><strong>episcopus,</strong></span> <span class='ocrx_word' id='word_1_618' title='bbox 2669 2485 2926 2545; x_wconf 86' lang='lat' dir='ltr'><strong>Valerius</strong></span> <span class='ocrx_word' id='word_1_619' title='bbox 2972 2490 3207 2553; x_wconf 89' lang='lat' dir='ltr'><strong>dicatur,</strong></span> <span class='ocrx_word' id='word_1_620' title='bbox 3256 2504 3370 2542; x_wconf 90' lang='lat' dir='ltr'><strong>non</strong></span> <span class='ocrx_word' id='word_1_621' title='bbox 3404 2485 3657 2558; x_wconf 55' lang='lat' dir='ltr'><strong>Valeria;</strong></span> 
     </span>
    </p>
   </div>
   <div class='ocr_carea' id='block_1_87' title="bbox 2000 2556 3655 2629">
    <p class='ocr_par' dir='ltr' id='par_1_87' title="bbox 2000 2556 3655 2629">
     <span class='ocr_line' id='line_1_89' title="bbox 2000 2556 3655 2629; baseline -0.002 -15"><span class='ocrx_word' id='word_1_622' title='bbox 2000 2576 2125 2614; x_wconf 91' lang='lat' dir='ltr'><strong>nus.</strong></span> <span class='ocrx_word' id='word_1_623' title='bbox 2158 2560 2304 2613; x_wconf 87' lang='lat' dir='ltr'><strong>Nam</strong></span> <span class='ocrx_word' id='word_1_624' title='bbox 2334 2556 2514 2628; x_wconf 85' lang='lat' dir='ltr'><strong>potuit</strong></span> <span class='ocrx_word' id='word_1_625' title='bbox 2542 2556 2617 2611; x_wconf 43' lang='lat' dir='ltr'><strong>in&#39;</strong></span> <span class='ocrx_word' id='word_1_626' title='bbox 2640 2559 3058 2629; x_wconf 88' lang='lat' dir='ltr'><strong>antiquioribus</strong></span> <span class='ocrx_word' id='word_1_627' title='bbox 3088 2559 3317 2622; x_wconf 88' lang='lat' dir='ltr'><strong>tabulis,</strong></span> <span class='ocrx_word' id='word_1_628' title='bbox 3343 2559 3492 2612; x_wconf 92' lang='lat' dir='ltr'><strong>unde</strong></span> <span class='ocrx_word' id='word_1_629' title='bbox 3514 2556 3655 2611; x_wconf 90' lang='lat' dir='ltr'><strong>illud</strong></span> 
     </span>
    </p>
   </div>
   <div class='ocr_carea' id='block_1_88' title="bbox 1999 2629 3656 2700">
    <p class='ocr_par' dir='ltr' id='par_1_88' title="bbox 1999 2629 3656 2700">
     <span class='ocr_line' id='line_1_90' title="bbox 1999 2629 3656 2700; baseline -0.001 -18"><span class='ocrx_word' id='word_1_630' title='bbox 1999 2629 2464 2699; x_wconf 80' lang='lat' dir='ltr'><strong>Martyrologium</strong></span> <span class='ocrx_word' id='word_1_631' title='bbox 2489 2629 2811 2684; x_wconf 85' lang='lat' dir='ltr'><strong>confectum</strong></span> <span class='ocrx_word' id='word_1_632' title='bbox 2827 2635 2929 2695; x_wconf 89' lang='lat' dir='ltr'><strong>est,</strong></span> <span class='ocrx_word' id='word_1_633' title='bbox 2938 2647 3039 2700; x_wconf 90' lang='lat' dir='ltr'><strong>per</strong></span> <span class='ocrx_word' id='word_1_634' title='bbox 3052 2629 3482 2700; x_wconf 83' lang='lat' dir='ltr'><strong>festinationem</strong></span> <span class='ocrx_word' id='word_1_635' title='bbox 3498 2643 3656 2681; x_wconf 91' lang='lat' dir='ltr'><strong>ama-</strong></span> 
     </span>
    </p>
   </div>
   <div class='ocr_carea' id='block_1_89' title="bbox 1999 2699 3653 2770">
    <p class='ocr_par' dir='ltr' id='par_1_89' title="bbox 1999 2699 3653 2770">
     <span class='ocr_line' id='line_1_91' title="bbox 1999 2699 3653 2770; baseline -0.002 -15"><span class='ocrx_word' id='word_1_636' title='bbox 1999 2700 2323 2765; x_wconf 88' lang='lat' dir='ltr'><strong>nuensium,</strong></span> <span class='ocrx_word' id='word_1_637' title='bbox 2367 2704 2636 2770; x_wconf 88' lang='lat' dir='ltr'><strong>notarum</strong></span> <span class='ocrx_word' id='word_1_638' title='bbox 2691 2699 3034 2770; x_wconf 87' lang='lat' dir='ltr'><strong>compendia</strong></span> <span class='ocrx_word' id='word_1_639' title='bbox 3072 2702 3157 2769; x_wconf 93' lang='lat' dir='ltr'><strong>(ut</strong></span> <span class='ocrx_word' id='word_1_640' title='bbox 3198 2699 3432 2769; x_wconf 90' lang='lat' dir='ltr'><strong>assolet)</strong></span> <span class='ocrx_word' id='word_1_641' title='bbox 3462 2713 3653 2770; x_wconf 81' lang='lat' dir='ltr'><strong>conse-</strong></span> 
     </span>
    </p>
   </div>
   <div class='ocr_carea' id='block_1_90' title="bbox 1998 2767 3655 2839">
    <p class='ocr_par' dir='ltr' id='par_1_90' title="bbox 1998 2767 3655 2839">
     <span class='ocr_line' id='line_1_92' title="bbox 1998 2767 3655 2839; baseline -0.002 -14"><span class='ocrx_word' id='word_1_642' title='bbox 1998 2770 2298 2835; x_wconf 90' lang='lat' dir='ltr'><strong>ctantium,</strong></span> <span class='ocrx_word' id='word_1_643' title='bbox 2330 2769 2496 2825; x_wconf 91' lang='lat' dir='ltr'><strong>scribi</strong></span> <span class='ocrx_word' id='word_1_644' title='bbox 2546 2786 2647 2839; x_wconf 92' lang='lat' dir='ltr'><strong>pro</strong></span> <span class='ocrx_word' id='word_1_645' title='bbox 2686 2767 3011 2836; x_wconf 75' lang='lat' dir='ltr'><strong>Valeriano,</strong></span> <span class='ocrx_word' id='word_1_646' title='bbox 3060 2767 3333 2834; x_wconf 81' lang='lat' dir='ltr'><strong>Valerius.</strong></span> <span class='ocrx_word' id='word_1_647' title='bbox 3395 2767 3655 2839; x_wconf 85' lang='lat' dir='ltr'><strong>adhibita</strong></span> 
     </span>
    </p>
   </div>
   <div class='ocr_carea' id='block_1_91' title="bbox 2000 2838 3656 2911">
    <p class='ocr_par' dir='ltr' id='par_1_91' title="bbox 2000 2838 3656 2911">
     <span class='ocr_line' id='line_1_93' title="bbox 2000 2838 3656 2911; baseline -0.003 -14"><span class='ocrx_word' id='word_1_648' title='bbox 2000 2847 2275 2911; x_wconf 89' lang='lat' dir='ltr'><strong>nota,qua</strong></span> <span class='ocrx_word' id='word_1_649' title='bbox 2298 2842 2354 2895; x_wconf 92' lang='lat' dir='ltr'><strong>in</strong></span> <span class='ocrx_word' id='word_1_650' title='bbox 2388 2840 2498 2895; x_wconf 87' lang='lat' dir='ltr'><strong>alia</strong></span> <span class='ocrx_word' id='word_1_651' title='bbox 2528 2838 2903 2910; x_wconf 89' lang='lat' dir='ltr'><strong>exscriptione</strong></span> <span class='ocrx_word' id='word_1_652' title='bbox 2934 2858 3047 2896; x_wconf 92' lang='lat' dir='ltr'><strong>non</strong></span> <span class='ocrx_word' id='word_1_653' title='bbox 3070 2841 3348 2905; x_wconf 83' lang='lat' dir='ltr'><strong>adhibita,</strong></span> <span class='ocrx_word' id='word_1_654' title='bbox 3374 2838 3656 2911; x_wconf 84' lang='lat' dir='ltr'><strong>manserit</strong></span> 
     </span>
    </p>
   </div>
   <div class='ocr_carea' id='block_1_92' title="bbox 1999 2909 3653 2968">
    <p class='ocr_par' dir='ltr' id='par_1_92' title="bbox 1999 2909 3653 2968">
     <span class='ocr_line' id='line_1_94' title="bbox 1999 2909 3653 2968; baseline -0.002 -2"><span class='ocrx_word' id='word_1_655' title='bbox 1999 2909 2275 2968; x_wconf 46' lang='lat' dir='ltr'><strong>Valeri—us.</strong></span> <span class='ocrx_word' id='word_1_656' title='bbox 2315 2913 2427 2966; x_wconf 83' lang='lat' dir='ltr'><strong>llac</strong></span> <span class='ocrx_word' id='word_1_657' title='bbox 2456 2927 2594 2965; x_wconf 88' lang='lat' dir='ltr'><strong>sane</strong></span> <span class='ocrx_word' id='word_1_658' title='bbox 2626 2909 2725 2966; x_wconf 14' lang='lat' dir='ltr'><strong>vel,</strong></span> <span class='ocrx_word' id='word_1_659' title='bbox 2741 2912 2912 2967; x_wconf 89' lang='lat' dir='ltr'><strong>simili</strong></span> <span class='ocrx_word' id='word_1_660' title='bbox 2944 2912 3059 2967; x_wconf 90' lang='lat' dir='ltr'><strong>alia</strong></span> <span class='ocrx_word' id='word_1_661' title='bbox 3087 2929 3155 2967; x_wconf 92' lang='lat' dir='ltr'><strong>ex</strong></span> <span class='ocrx_word' id='word_1_662' title='bbox 3180 2928 3353 2966; x_wconf 89' lang='lat' dir='ltr'><strong>causa</strong></span> <span class='ocrx_word' id='word_1_663' title='bbox 3379 2910 3435 2964; x_wconf 92' lang='lat' dir='ltr'><strong>in</strong></span> <span class='ocrx_word' id='word_1_664' title='bbox 3468 2909 3653 2964; x_wconf 89' lang='lat' dir='ltr'><strong>conci-</strong></span> 
     </span>
    </p>
   </div>
   <div class='ocr_carea' id='block_1_93' title="bbox 1998 2980 3656 3047">
    <p class='ocr_par' dir='ltr' id='par_1_93' title="bbox 1998 2980 3656 3047">
     <span class='ocr_line' id='line_1_95' title="bbox 1998 2980 3656 3047; baseline -0.002 -9"><span class='ocrx_word' id='word_1_665' title='bbox 1998 2982 2060 3039; x_wconf 88' lang='lat' dir='ltr'><strong>lii</strong></span> <span class='ocrx_word' id='word_1_666' title='bbox 2103 2983 2439 3037; x_wconf 86' lang='lat' dir='ltr'><strong>Arausicani</strong></span> <span class='ocrx_word' id='word_1_667' title='bbox 2469 2983 2997 3047; x_wconf 87' lang='lat' dir='ltr'><strong>subscriptionibus,</strong></span> <span class='ocrx_word' id='word_1_668' title='bbox 3032 2982 3289 3038; x_wconf 90' lang='lat' dir='ltr'><strong>Valerius</strong></span> <span class='ocrx_word' id='word_1_669' title='bbox 3336 2997 3466 3036; x_wconf 92' lang='lat' dir='ltr'><strong>cum</strong></span> <span class='ocrx_word' id='word_1_670' title='bbox 3493 2980 3656 3035; x_wconf 88' lang='lat' dir='ltr'><strong>Vale-</strong></span> 
     </span>
    </p>
   </div>
   <div class='ocr_carea' id='block_1_94' title="bbox 1998 3052 3654 3125">
    <p class='ocr_par' dir='ltr' id='par_1_94' title="bbox 1998 3052 3654 3125">
     <span class='ocr_line' id='line_1_96' title="bbox 1998 3052 3654 3125; baseline -0.003 -16"><span class='ocrx_word' id='word_1_671' title='bbox 1998 3055 2162 3109; x_wconf 91' lang='lat' dir='ltr'><strong>riano</strong></span> <span class='ocrx_word' id='word_1_672' title='bbox 2187 3053 2558 3109; x_wconf 88' lang='lat' dir='ltr'><strong>confunditur</strong></span> <span class='ocrx_word' id='word_1_673' title='bbox 2574 3053 2630 3107; x_wconf 89' lang='lat' dir='ltr'><strong>in</strong></span> <span class='ocrx_word' id='word_1_674' title='bbox 2644 3052 2927 3125; x_wconf 85' lang='lat' dir='ltr'><strong>plerisque</strong></span> <span class='ocrx_word' id='word_1_675' title='bbox 2952 3053 3257 3109; x_wconf 90' lang='lat' dir='ltr'><strong>codicibus.</strong></span> <span class='ocrx_word' id='word_1_676' title='bbox 3286 3052 3654 3125; x_wconf 77' lang='lat' dir='ltr'><strong>Minusetiam</strong></span> 
     </span>
    </p>
   </div>
   <div class='ocr_carea' id='block_1_95' title="bbox 2234 3122 3653 3195">
    <p class='ocr_par' dir='ltr' id='par_1_95' title="bbox 2234 3122 3653 3195">
     <span class='ocr_line' id='line_1_97' title="bbox 2234 3122 3653 3195; baseline -0.003 -15"><span class='ocrx_word' id='word_1_677' title='bbox 2234 3126 2385 3195; x_wconf 92' lang='lat' dir='ltr'><strong>quod</strong></span> <span class='ocrx_word' id='word_1_678' title='bbox 2416 3124 2572 3180; x_wconf 91' lang='lat' dir='ltr'><strong>locus</strong></span> <span class='ocrx_word' id='word_1_679' title='bbox 2622 3122 3015 3194; x_wconf 76' lang='lat' dir='ltr'><strong>depositionis,</strong></span> <span class='ocrx_word' id='word_1_680' title='bbox 3046 3141 3162 3179; x_wconf 92' lang='lat' dir='ltr'><strong>non</strong></span> <span class='ocrx_word' id='word_1_681' title='bbox 3191 3122 3653 3195; x_wconf 39' lang='lat' dir='ltr'><strong>CemeliumLsed</strong></span> 
     </span>
    </p>
   </div>
   <div class='ocr_carea' id='block_1_96' title="bbox 2001 3194 3652 3266">
    <p class='ocr_par' dir='ltr' id='par_1_96' title="bbox 2001 3194 3652 3266">
     <span class='ocr_line' id='line_1_98' title="bbox 2001 3194 3652 3266; baseline -0.002 -16"><span class='ocrx_word' id='word_1_682' title='bbox 2001 3198 2157 3252; x_wconf 91' lang='lat' dir='ltr'><strong>Nicia</strong></span> <span class='ocrx_word' id='word_1_683' title='bbox 2182 3194 2413 3251; x_wconf 78' lang='lat' dir='ltr'><strong>notetur</strong></span> <span class='ocrx_word' id='word_1_684' title='bbox 2443 3196 2499 3249; x_wconf 90' lang='lat' dir='ltr'><strong>in</strong></span> <span class='ocrx_word' id='word_1_685' title='bbox 2526 3195 2726 3250; x_wconf 90' lang='lat' dir='ltr'><strong>iisdem</strong></span> <span class='ocrx_word' id='word_1_686' title='bbox 2759 3196 2968 3251; x_wconf 86' lang='lat' dir='ltr'><strong>tabulis</strong></span> <span class='ocrx_word' id='word_1_687' title='bbox 2998 3200 3055 3251; x_wconf 93' lang='lat' dir='ltr'><strong>et</strong></span> <span class='ocrx_word' id='word_1_688' title='bbox 3079 3194 3652 3266; x_wconf 86' lang='lat' dir='ltr'><strong>Martyrologio.Nam</strong></span> 
     </span>
    </p>
   </div>
   <div class='ocr_carea' id='block_1_97' title="bbox 2007 3267 3658 3337">
    <p class='ocr_par' dir='ltr' id='par_1_97' title="bbox 2007 3267 3658 3337">
     <span class='ocr_line' id='line_1_99' title="bbox 2007 3267 3658 3337; baseline -0.002 -15"><span class='ocrx_word' id='word_1_689' title='bbox 2007 3269 2197 3337; x_wconf 85' lang='lat' dir='ltr'><strong>iuncto</strong></span> <span class='ocrx_word' id='word_1_690' title='bbox 2223 3284 2321 3337; x_wconf 91' lang='lat' dir='ltr'><strong>per</strong></span> <span class='ocrx_word' id='word_1_691' title='bbox 2344 3267 2482 3321; x_wconf 90' lang='lat' dir='ltr'><strong>illud</strong></span> <span class='ocrx_word' id='word_1_692' title='bbox 2506 3271 2732 3337; x_wconf 92' lang='lat' dir='ltr'><strong>tempus</strong></span> <span class='ocrx_word' id='word_1_693' title='bbox 2757 3284 2791 3321; x_wconf 89' lang='lat' dir='ltr'><strong>a</strong></span> <span class='ocrx_word' id='word_1_694' title='bbox 2814 3270 2867 3324; x_wconf 91' lang='lat' dir='ltr'><strong>S.</strong></span> <span class='ocrx_word' id='word_1_695' title='bbox 2896 3269 3084 3323; x_wconf 88' lang='lat' dir='ltr'><strong>Leone</strong></span> <span class='ocrx_word' id='word_1_696' title='bbox 3106 3267 3440 3337; x_wconf 90' lang='lat' dir='ltr'><strong>episcopatu</strong></span> <span class='ocrx_word' id='word_1_697' title='bbox 3463 3268 3658 3337; x_wconf 83' lang='lat' dir='ltr'><strong>Ceme-</strong></span> 
     </span>
    </p>
   </div>
   <div class='ocr_carea' id='block_1_98' title="bbox 2025 3335 3658 3419">
    <p class='ocr_par' dir='ltr' id='par_1_98' title="bbox 2025 3335 3658 3419">
     <span class='ocr_line' id='line_1_100' title="bbox 2025 3335 3658 3419; baseline -0.004 -24"><span class='ocrx_word' id='word_1_698' title='bbox 2025 3339 2164 3419; x_wconf 77' lang='lat' dir='ltr'><strong>iensi</strong></span> <span class='ocrx_word' id='word_1_699' title='bbox 2190 3335 2247 3393; x_wconf 81' lang='lat' dir='ltr'><strong>et</strong></span> <span class='ocrx_word' id='word_1_700' title='bbox 2269 3337 2569 3419; x_wconf 29' lang='lat' dir='ltr'><strong>‘Nicaiensi,</strong></span> <span class='ocrx_word' id='word_1_701' title='bbox 2601 3335 2931 3419; x_wconf 59' lang='lat' dir='ltr'><strong>contingere</strong></span> <span class='ocrx_word' id='word_1_702' title='bbox 2969 3335 3156 3419; x_wconf 45' lang='lat' dir='ltr'><strong>facile:</strong></span> <span class='ocrx_word' id='word_1_703' title='bbox 3177 3335 3370 3419; x_wconf 74' lang='lat' dir='ltr'><strong>potuit</strong></span> <span class='ocrx_word' id='word_1_704' title='bbox 3385 3343 3451 3417; x_wconf 36' lang='grc' dir='ltr'><strong>,ιιι</strong></span> <span class='ocrx_word' id='word_1_705' title='bbox 3492 3335 3658 3389; x_wconf 87' lang='lat' dir='ltr'><strong>Vale-</strong></span> 
     </span>
    </p>
   </div>
   <div class='ocr_carea' id='block_1_99' title="bbox 2002 3407 3654 3480">
    <p class='ocr_par' dir='ltr' id='par_1_99' title="bbox 2002 3407 3654 3480">
     <span class='ocr_line' id='line_1_101' title="bbox 2002 3407 3654 3480; baseline -0.002 -16"><span class='ocrx_word' id='word_1_706' title='bbox 2002 3411 2199 3465; x_wconf 89' lang='lat' dir='ltr'><strong>rianus</strong></span> <span class='ocrx_word' id='word_1_707' title='bbox 2225 3409 2518 3478; x_wconf 91' lang='lat' dir='ltr'><strong>utriusque</strong></span> <span class='ocrx_word' id='word_1_708' title='bbox 2546 3408 2696 3463; x_wconf 89' lang='lat' dir='ltr'><strong>sedis</strong></span> <span class='ocrx_word' id='word_1_709' title='bbox 2727 3407 3042 3480; x_wconf 86' lang='lat' dir='ltr'><strong>episcopus,</strong></span> <span class='ocrx_word' id='word_1_710' title='bbox 3074 3407 3249 3480; x_wconf 66' lang='lat' dir='ltr'><strong>Nicia:</strong></span> <span class='ocrx_word' id='word_1_711' title='bbox 3283 3407 3654 3480; x_wconf 80' lang='lat' dir='ltr'><strong>potiusquam</strong></span> 
     </span>
    </p>
   </div>
   <div class='ocr_carea' id='block_1_100' title="bbox 2004 3476 3655 3561">
    <p class='ocr_par' dir='ltr' id='par_1_100' title="bbox 2004 3476 3655 3561">
     <span class='ocr_line' id='line_1_102' title="bbox 2004 3476 3655 3561; baseline -0.004 -25"><span class='ocrx_word' id='word_1_712' title='bbox 2004 3480 2239 3561; x_wconf 47' lang='lat' dir='ltr'><strong>(Eemelii</strong></span> <span class='ocrx_word' id='word_1_713' title='bbox 2269 3476 2521 3561; x_wconf 69' lang='lat' dir='ltr'><strong>corporis</strong></span> <span class='ocrx_word' id='word_1_714' title='bbox 2552 3476 2783 3561; x_wconf 72' lang='lat' dir='ltr'><strong>exuvias</strong></span> <span class='ocrx_word' id='word_1_715' title='bbox 2808 3476 3046 3561; x_wconf 75' lang='lat' dir='ltr'><strong>poneret</strong></span> <span class='ocrx_word' id='word_1_716' title='bbox 3078 3498 3089 3534; x_wconf 90' lang='lat'><strong>:</strong></span> <span class='ocrx_word' id='word_1_717' title='bbox 3120 3484 3176 3535; x_wconf 94' lang='lat' dir='ltr'><strong>et</strong></span> <span class='ocrx_word' id='word_1_718' title='bbox 3202 3479 3259 3561; x_wconf 85' lang='lat' dir='ltr'><strong>in</strong></span> <span class='ocrx_word' id='word_1_719' title='bbox 3284 3476 3456 3561; x_wconf 75' lang='lat' dir='ltr'><strong>tanta</strong></span> <span class='ocrx_word' id='word_1_720' title='bbox 3486 3476 3655 3561; x_wconf 60' lang='lat' dir='ltr'><strong>Nicias</strong></span> 
     </span>
    </p>
   </div>
   <div class='ocr_carea' id='block_1_101' title="bbox 2004 3548 3656 3621">
    <p class='ocr_par' dir='ltr' id='par_1_101' title="bbox 2004 3548 3656 3621">
     <span class='ocr_line' id='line_1_103' title="bbox 2004 3548 3656 3621; baseline -0.004 -13"><span class='ocrx_word' id='word_1_721' title='bbox 2004 3552 2235 3608; x_wconf 89' lang='lat' dir='ltr'><strong>Cemelii</strong></span> <span class='ocrx_word' id='word_1_722' title='bbox 2268 3548 2708 3621; x_wconf 84' lang='lat' dir='ltr'><strong>propinquitate,</strong></span> <span class='ocrx_word' id='word_1_723' title='bbox 2742 3548 2955 3606; x_wconf 84' lang='lat' dir='ltr'><strong>mirum</strong></span> <span class='ocrx_word' id='word_1_724' title='bbox 2974 3567 3085 3606; x_wconf 93' lang='lat' dir='ltr'><strong>non</strong></span> <span class='ocrx_word' id='word_1_725' title='bbox 3106 3555 3254 3606; x_wconf 90' lang='lat' dir='ltr'><strong>esset</strong></span> <span class='ocrx_word' id='word_1_726' title='bbox 3269 3548 3439 3603; x_wconf 87' lang='lat' dir='ltr'><strong>etiam</strong></span> <span class='ocrx_word' id='word_1_727' title='bbox 3467 3552 3656 3602; x_wconf 87' lang='lat' dir='ltr'><strong>stante</strong></span> 
     </span>
    </p>
   </div>
   <div class='ocr_carea' id='block_1_102' title="bbox 2003 3620 3656 3683">
    <p class='ocr_par' dir='ltr' id='par_1_102' title="bbox 2003 3620 3656 3683">
     <span class='ocr_line' id='line_1_104' title="bbox 2003 3620 3656 3683; baseline -0.004 -5"><span class='ocrx_word' id='word_1_728' title='bbox 2003 3620 2827 3679; x_wconf 26' lang='lat' dir='ltr'><strong>Cemelio’NiCimexcessisse</strong></span> <span class='ocrx_word' id='word_1_729' title='bbox 2879 3640 2909 3677; x_wconf 94' lang='lat' dir='ltr'><strong>e</strong></span> <span class='ocrx_word' id='word_1_730' title='bbox 2940 3622 3077 3677; x_wconf 81' lang='lat' dir='ltr'><strong>vivis</strong></span> <span class='ocrx_word' id='word_1_731' title='bbox 3131 3620 3519 3683; x_wconf 90' lang='lat' dir='ltr'><strong>Valerianum,</strong></span> <span class='ocrx_word' id='word_1_732' title='bbox 3574 3622 3656 3672; x_wconf 89' lang='lat' dir='ltr'><strong>ta-</strong></span> 
     </span>
    </p>
   </div>
   <div class='ocr_carea' id='block_1_103' title="bbox 2003 3692 3654 3762">
    <p class='ocr_par' dir='ltr' id='par_1_103' title="bbox 2003 3692 3654 3762">
     <span class='ocr_line' id='line_1_105' title="bbox 2003 3692 3654 3762; baseline -0.004 -15"><span class='ocrx_word' id='word_1_733' title='bbox 2003 3694 2171 3747; x_wconf 90' lang='lat' dir='ltr'><strong>metsi</strong></span> <span class='ocrx_word' id='word_1_734' title='bbox 2210 3694 2269 3747; x_wconf 88' lang='lat' dir='ltr'><strong>in</strong></span> <span class='ocrx_word' id='word_1_735' title='bbox 2300 3692 2486 3762; x_wconf 87' lang='lat' dir='ltr'><strong>gregis</strong></span> <span class='ocrx_word' id='word_1_736' title='bbox 2533 3692 2619 3746; x_wconf 91' lang='lat' dir='ltr'><strong>sui</strong></span> <span class='ocrx_word' id='word_1_737' title='bbox 2649 3693 2896 3747; x_wconf 85' lang='lat' dir='ltr'><strong>excubiis</strong></span> <span class='ocrx_word' id='word_1_738' title='bbox 2926 3693 3239 3748; x_wconf 91' lang='lat' dir='ltr'><strong>assiduum.</strong></span> <span class='ocrx_word' id='word_1_739' title='bbox 3268 3692 3654 3762; x_wconf 69' lang='lat' dir='ltr'><strong>Prmterquam</strong></span> 
     </span>
    </p>
   </div>
   <div class='ocr_carea' id='block_1_104' title="bbox 2003 3760 3657 3834">
    <p class='ocr_par' dir='ltr' id='par_1_104' title="bbox 2003 3760 3657 3834">
     <span class='ocr_line' id='line_1_106' title="bbox 2003 3760 3657 3834; baseline -0.003 -16"><span class='ocrx_word' id='word_1_740' title='bbox 2003 3765 2154 3834; x_wconf 91' lang='lat' dir='ltr'><strong>quod</strong></span> <span class='ocrx_word' id='word_1_741' title='bbox 2186 3760 2477 3817; x_wconf 30' lang='lat' dir='ltr'><strong>non’ultra</strong></span> <span class='ocrx_word' id='word_1_742' title='bbox 2506 3766 2691 3817; x_wconf 90' lang='lat' dir='ltr'><strong>stante</strong></span> <span class='ocrx_word' id='word_1_743' title='bbox 2718 3764 2963 3818; x_wconf 83' lang='lat' dir='ltr'><strong>Cemelio</strong></span> <span class='ocrx_word' id='word_1_744' title='bbox 2994 3781 3122 3819; x_wconf 92' lang='lat' dir='ltr'><strong>cum</strong></span> <span class='ocrx_word' id='word_1_745' title='bbox 3152 3764 3292 3817; x_wconf 90' lang='lat' dir='ltr'><strong>illud</strong></span> <span class='ocrx_word' id='word_1_746' title='bbox 3324 3760 3657 3832; x_wconf 83' lang='lat' dir='ltr'><strong>Martyrolo-</strong></span> 
     </span>
    </p>
   </div>
   <div class='ocr_carea' id='block_1_105' title="bbox 2003 3833 3659 3906">
    <p class='ocr_par' dir='ltr' id='par_1_105' title="bbox 2003 3833 3659 3906">
     <span class='ocr_line' id='line_1_107' title="bbox 2003 3833 3659 3906; baseline -0.002 -19"><span class='ocrx_word' id='word_1_747' title='bbox 2003 3833 2159 3906; x_wconf 80' lang='lat' dir='ltr'><strong>gium</strong></span> <span class='ocrx_word' id='word_1_748' title='bbox 2188 3834 2514 3906; x_wconf 87' lang='lat' dir='ltr'><strong>confectum</strong></span> <span class='ocrx_word' id='word_1_749' title='bbox 2541 3838 2646 3897; x_wconf 90' lang='lat' dir='ltr'><strong>est,</strong></span> <span class='ocrx_word' id='word_1_750' title='bbox 2672 3834 2757 3888; x_wconf 91' lang='lat' dir='ltr'><strong>vel</strong></span> <span class='ocrx_word' id='word_1_751' title='bbox 2779 3835 3075 3906; x_wconf 61' lang='lat' dir='ltr'><strong>exscripta;</strong></span> <span class='ocrx_word' id='word_1_752' title='bbox 3098 3834 3307 3889; x_wconf 70' lang='lat' dir='ltr'><strong>tabula)</strong></span> <span class='ocrx_word' id='word_1_753' title='bbox 3331 3833 3602 3906; x_wconf 68' lang='lat' dir='ltr'><strong>antiquaa,</strong></span> <span class='ocrx_word' id='word_1_754' title='bbox 3629 3847 3659 3884; x_wconf 85' lang='lat' dir='ltr'><strong>e</strong></span> 
     </span>
    </p>
   </div>
   <div class='ocr_carea' id='block_1_106' title="bbox 2004 3902 3661 3976">
    <p class='ocr_par' dir='ltr' id='par_1_106' title="bbox 2004 3902 3661 3976">
     <span class='ocr_line' id='line_1_108' title="bbox 2004 3902 3661 3976; baseline -0.004 -16"><span class='ocrx_word' id='word_1_755' title='bbox 2004 3902 2209 3976; x_wconf 78' lang='lat' dir='ltr'><strong>quibus</strong></span> <span class='ocrx_word' id='word_1_756' title='bbox 2234 3904 2340 3976; x_wconf 86' lang='lat' dir='ltr'><strong>fuit</strong></span> <span class='ocrx_word' id='word_1_757' title='bbox 2378 3905 2802 3976; x_wconf 84' lang='lat' dir='ltr'><strong>depromptum,</strong></span> <span class='ocrx_word' id='word_1_758' title='bbox 2849 3902 3019 3976; x_wconf 82' lang='lat' dir='ltr'><strong>facile</strong></span> <span class='ocrx_word' id='word_1_759' title='bbox 3071 3905 3255 3975; x_wconf 91' lang='lat' dir='ltr'><strong>potuit</strong></span> <span class='ocrx_word' id='word_1_760' title='bbox 3284 3902 3661 3976; x_wconf 74' lang='lat' dir='ltr'><strong>qui_Valer_ia-</strong></span> 
     </span>
    </p>
   </div>
   <div class='ocr_carea' id='block_1_107' title="bbox 2006 3972 3663 4043">
    <p class='ocr_par' dir='ltr' id='par_1_107' title="bbox 2006 3972 3663 4043">
     <span class='ocr_line' id='line_1_109' title="bbox 2006 3972 3663 4043; baseline -0.004 -12"><span class='ocrx_word' id='word_1_761' title='bbox 2006 3972 2145 4031; x_wconf 77' lang='lat' dir='ltr'><strong>num</strong></span> <span class='ocrx_word' id='word_1_762' title='bbox 2176 3975 2243 4029; x_wconf 90' lang='lat' dir='ltr'><strong>iis</strong></span> <span class='ocrx_word' id='word_1_763' title='bbox 2274 3974 2529 4036; x_wconf 89' lang='lat' dir='ltr'><strong>inseruit,</strong></span> <span class='ocrx_word' id='word_1_764' title='bbox 2564 3972 3541 4043; x_wconf 18' lang='lat' dir='ltr'><strong>utiobscuritatemvitaret,&#39;abjecta</strong></span> <span class='ocrx_word' id='word_1_765' title='bbox 3561 3972 3663 4043; x_wconf 82' lang='lat' dir='ltr'><strong>Ge-</strong></span> 
     </span>
    </p>
   </div>
   <div class='ocr_carea' id='block_1_108' title="bbox 2006 4040 3662 4107">
    <p class='ocr_par' dir='ltr' id='par_1_108' title="bbox 2006 4040 3662 4107">
     <span class='ocr_line' id='line_1_110' title="bbox 2006 4040 3662 4107; baseline -0.004 -5"><span class='ocrx_word' id='word_1_766' title='bbox 2006 4046 2163 4102; x_wconf 90' lang='lat' dir='ltr'><strong>melii</strong></span> <span class='ocrx_word' id='word_1_767' title='bbox 2202 4044 2373 4100; x_wconf 89' lang='lat' dir='ltr'><strong>diruti</strong></span> <span class='ocrx_word' id='word_1_768' title='bbox 2433 4044 2745 4107; x_wconf 88' lang='lat' dir='ltr'><strong>mentione,</strong></span> <span class='ocrx_word' id='word_1_769' title='bbox 2788 4045 3077 4099; x_wconf 86' lang='lat' dir='ltr'><strong>civitatem</strong></span> <span class='ocrx_word' id='word_1_770' title='bbox 3136 4040 3548 4099; x_wconf 79' lang='lat' dir='ltr'><strong>continentem.</strong></span> <span class='ocrx_word' id='word_1_771' title='bbox 3606 4040 3662 4095; x_wconf 88' lang='lat' dir='ltr'><strong>in</strong></span> 
     </span>
    </p>
   </div>
   <div class='ocr_carea' id='block_1_109' title="bbox 2006 4111 3666 4191">
    <p class='ocr_par' dir='ltr' id='par_1_109' title="bbox 2006 4111 3666 4191">
     <span class='ocr_line' id='line_1_111' title="bbox 2006 4111 3666 4191; baseline -0.005 -18"><span class='ocrx_word' id='word_1_772' title='bbox 2006 4114 2546 4191; x_wconf 82' lang='lat' dir='ltr'><strong>quam_Cemelium,</strong></span> <span class='ocrx_word' id='word_1_773' title='bbox 2579 4115 2813 4185; x_wconf 85' lang='lat' dir='ltr'><strong>ejusque</strong></span> <span class='ocrx_word' id='word_1_774' title='bbox 2832 4115 3105 4191; x_wconf 89' lang='lat' dir='ltr'><strong>populus,_</strong></span> <span class='ocrx_word' id='word_1_775' title='bbox 3121 4119 3179 4169; x_wconf 89' lang='lat' dir='ltr'><strong>et</strong></span> <span class='ocrx_word' id='word_1_776' title='bbox 3197 4116 3359 4168; x_wconf 86' lang='lat' dir='ltr'><strong>sedes</strong></span> <span class='ocrx_word' id='word_1_777' title='bbox 3380 4111 3666 4191; x_wconf 77' lang='lat' dir='ltr'><strong>episcopa-</strong></span> 
     </span>
    </p>
   </div>
   <div class='ocr_carea' id='block_1_110' title="bbox 2008 4182 3664 4257">
    <p class='ocr_par' dir='ltr' id='par_1_110' title="bbox 2008 4182 3664 4257">
     <span class='ocr_line' id='line_1_112' title="bbox 2008 4182 3664 4257; baseline -0.007 -12"><span class='ocrx_word' id='word_1_778' title='bbox 2008 4182 2093 4257; x_wconf 82' lang='lat' dir='ltr'><strong>lis,</strong></span> <span class='ocrx_word' id='word_1_779' title='bbox 2130 4188 2354 4257; x_wconf 89' lang='lat' dir='ltr'><strong>aliaque</strong></span> <span class='ocrx_word' id='word_1_780' title='bbox 2378 4186 2513 4257; x_wconf 90' lang='lat' dir='ltr'><strong>jura</strong></span> <span class='ocrx_word' id='word_1_781' title='bbox 2552 4182 2968 4257; x_wconf 76' lang='lat' dir='ltr'><strong>concesserant,</strong></span> <span class='ocrx_word' id='word_1_782' title='bbox 2996 4184 3288 4257; x_wconf 79' lang='lat' dir='ltr'><strong>assignare</strong></span> <span class='ocrx_word' id='word_1_783' title='bbox 3315 4182 3427 4253; x_wconf 85' lang='lat' dir='ltr'><strong>pro</strong></span> <span class='ocrx_word' id='word_1_784' title='bbox 3456 4182 3588 4257; x_wconf 74' lang='lat' dir='ltr'><strong>loco</strong></span> <span class='ocrx_word' id='word_1_785' title='bbox 3607 4182 3664 4257; x_wconf 79' lang='lat' dir='ltr'><strong>in</strong></span> 
     </span>
    </p>
   </div>
   <div class='ocr_carea' id='block_1_111' title="bbox 2008 4251 3665 4337">
    <p class='ocr_par' dir='ltr' id='par_1_111' title="bbox 2008 4251 3665 4337">
     <span class='ocr_line' id='line_1_113' title="bbox 2008 4251 3665 4337; baseline -0.005 -22"><span class='ocrx_word' id='word_1_786' title='bbox 2008 4251 2119 4332; x_wconf 78' lang='lat' dir='ltr'><strong>quo</strong></span> <span class='ocrx_word' id='word_1_787' title='bbox 2150 4276 2180 4314; x_wconf 95' lang='lat' dir='ltr'><strong>e</strong></span> <span class='ocrx_word' id='word_1_788' title='bbox 2206 4251 2344 4337; x_wconf 55' lang='lat' dir='ltr'><strong>viris</strong></span> <span class='ocrx_word' id='word_1_789' title='bbox 2369 4251 2672 4337; x_wconf 76' lang='lat' dir='ltr'><strong>excesserit</strong></span> <span class='ocrx_word' id='word_1_790' title='bbox 2699 4261 2927 4337; x_wconf 71' lang='lat' dir='ltr'><strong>sanctus</strong></span> <span class='ocrx_word' id='word_1_791' title='bbox 2954 4251 3069 4337; x_wconf 66' lang='lat' dir='ltr'><strong>ille</strong></span> <span class='ocrx_word' id='word_1_792' title='bbox 3099 4251 3412 4337; x_wconf 61' lang='lat' dir='ltr'><strong>Episcopus.</strong></span> <span class='ocrx_word' id='word_1_793' title='bbox 3448 4252 3594 4318; x_wconf 88' lang='lat' dir='ltr'><strong>Quid</strong></span> <span class='ocrx_word' id='word_1_794' title='bbox 3620 4251 3665 4306; x_wconf 90' lang='lat' dir='ltr'><strong>si</strong></span> 
     </span>
    </p>
   </div>
   <div class='ocr_carea' id='block_1_112' title="bbox 2010 4326 3665 4398">
    <p class='ocr_par' dir='ltr' id='par_1_112' title="bbox 2010 4326 3665 4398">
     <span class='ocr_line' id='line_1_114' title="bbox 2010 4326 3665 4398; baseline -0.004 -15"><span class='ocrx_word' id='word_1_795' title='bbox 2010 4326 2140 4386; x_wconf 73' lang='lat' dir='ltr'><strong>vero</strong></span> <span class='ocrx_word' id='word_1_796' title='bbox 2168 4346 2238 4384; x_wconf 90' lang='lat' dir='ltr'><strong>ne</strong></span> <span class='ocrx_word' id='word_1_797' title='bbox 2268 4329 2456 4383; x_wconf 88' lang='lat' dir='ltr'><strong>locum</strong></span> <span class='ocrx_word' id='word_1_798' title='bbox 2479 4326 2708 4397; x_wconf 88' lang='lat' dir='ltr'><strong>quidem</strong></span> <span class='ocrx_word' id='word_1_799' title='bbox 2724 4327 2911 4382; x_wconf 87' lang='lat' dir='ltr'><strong>obitus</strong></span> <span class='ocrx_word' id='word_1_800' title='bbox 2936 4326 3200 4398; x_wconf 84' lang='lat' dir='ltr'><strong>signavit,</strong></span> <span class='ocrx_word' id='word_1_801' title='bbox 3225 4327 3323 4381; x_wconf 90' lang='lat' dir='ltr'><strong>sed</strong></span> <span class='ocrx_word' id='word_1_802' title='bbox 3342 4326 3530 4398; x_wconf 87' lang='lat' dir='ltr'><strong>locum</strong></span> <span class='ocrx_word' id='word_1_803' title='bbox 3553 4338 3665 4398; x_wconf 84' lang='lat' dir='ltr'><strong>quo</strong></span> 
     </span>
    </p>
   </div>
   <div class='ocr_carea' id='block_1_113' title="bbox 2010 4394 3665 4472">
    <p class='ocr_par' dir='ltr' id='par_1_113' title="bbox 2010 4394 3665 4472">
     <span class='ocr_line' id='line_1_115' title="bbox 2010 4394 3665 4472; baseline -0.005 -15"><span class='ocrx_word' id='word_1_804' title='bbox 2010 4403 2131 4472; x_wconf 87' lang='lat' dir='ltr'><strong>ejus</strong></span> <span class='ocrx_word' id='word_1_805' title='bbox 2152 4401 2250 4455; x_wconf 91' lang='lat' dir='ltr'><strong>illa</strong></span> <span class='ocrx_word' id='word_1_806' title='bbox 2269 4400 2359 4454; x_wconf 93' lang='lat' dir='ltr'><strong>die</strong></span> <span class='ocrx_word' id='word_1_807' title='bbox 2381 4416 2410 4454; x_wconf 90' lang='lat' dir='ltr'><strong>e</strong></span> <span class='ocrx_word' id='word_1_808' title='bbox 2432 4394 2552 4472; x_wconf 76' lang='lat' dir='ltr'><strong>vita</strong></span> <span class='ocrx_word' id='word_1_809' title='bbox 2568 4398 2889 4472; x_wconf 77' lang='lat' dir='ltr'><strong>excedentis</strong></span> <span class='ocrx_word' id='word_1_810' title='bbox 2913 4394 3191 4472; x_wconf 79' lang='lat' dir='ltr'><strong>depositio</strong></span> <span class='ocrx_word' id='word_1_811' title='bbox 3217 4394 3665 4466; x_wconf 91' lang='lat' dir='ltr'><strong>recolitur,quod</strong></span> 
     </span>
    </p>
   </div>
   <div class='ocr_carea' id='block_1_114' title="bbox 236 4468 3194 4546">
    <p class='ocr_par' dir='ltr' id='par_1_114' title="bbox 236 4468 3194 4546">
     <span class='ocr_line' id='line_1_116' title="bbox 236 4468 3194 4546; baseline -0.003 -16"><span class='ocrx_word' id='word_1_812' title='bbox 236 4475 523 4546; x_wconf 88' lang='lat' dir='ltr'><strong>sanguine</strong></span> <span class='ocrx_word' id='word_1_813' title='bbox 559 4468 851 4546; x_wconf 58' lang='lat' dir='ltr'><strong>junctum:</strong></span> <span class='ocrx_word' id='word_1_814' title='bbox 881 4476 1038 4530; x_wconf 84' lang='lat' dir='ltr'><strong>frons</strong></span> <span class='ocrx_word' id='word_1_815' title='bbox 1087 4479 1210 4546; x_wconf 87' lang='lat' dir='ltr'><strong>ipsa</strong></span> <span class='ocrx_word' id='word_1_816' title='bbox 1243 4468 1600 4533; x_wconf 82' lang='lat' dir='ltr'><strong>Parseneseos</strong></span> <span class='ocrx_word' id='word_1_817' title='bbox 1642 4468 1900 4531; x_wconf 79' lang='lat' dir='ltr'><strong>Eucherii</strong></span> <span class='ocrx_word' id='word_1_818' title='bbox 1933 4477 1976 4534; x_wconf 90' lang='lat' dir='ltr'>D</span> <span class='ocrx_word' id='word_1_819' title='bbox 2012 4468 2261 4546; x_wconf 76' lang='lat' dir='ltr'><strong>Cemelio</strong></span> <span class='ocrx_word' id='word_1_820' title='bbox 2292 4486 2508 4546; x_wconf 72' lang='lat' dir='ltr'><strong>everso,</strong></span> <span class='ocrx_word' id='word_1_821' title='bbox 2541 4468 2711 4523; x_wconf 81' lang='lat' dir='ltr'><strong>Nicias</strong></span> <span class='ocrx_word' id='word_1_822' title='bbox 2741 4469 2861 4546; x_wconf 78' lang='lat' dir='ltr'><strong>fieri</strong></span> <span class='ocrx_word' id='word_1_823' title='bbox 2893 4468 3194 4546; x_wconf 10' lang='lat' dir='ltr'><strong>oportuitr‘ll</strong></span> 
     </span>
    </p>
   </div>
   <div class='ocr_carea' id='block_1_115' title="bbox 238 4546 1898 4619">
    <p class='ocr_par' dir='ltr' id='par_1_115' title="bbox 238 4546 1898 4619">
     <span class='ocr_line' id='line_1_117' title="bbox 238 4546 1898 4619; baseline -0.001 -18"><span class='ocrx_word' id='word_1_824' title='bbox 238 4546 495 4619; x_wconf 66' lang='lat' dir='ltr'><strong>praefert.</strong></span> <span class='ocrx_word' id='word_1_825' title='bbox 529 4546 594 4619; x_wconf 88' lang='lat' dir='ltr'><strong>Et</strong></span> <span class='ocrx_word' id='word_1_826' title='bbox 623 4564 753 4619; x_wconf 87' lang='lat' dir='ltr'><strong>cum</strong></span> <span class='ocrx_word' id='word_1_827' title='bbox 786 4546 1121 4619; x_wconf 82' lang='lat' dir='ltr'><strong>Eucherium</strong></span> <span class='ocrx_word' id='word_1_828' title='bbox 1158 4552 1379 4603; x_wconf 88' lang='lat' dir='ltr'><strong>constet</strong></span> <span class='ocrx_word' id='word_1_829' title='bbox 1420 4547 1898 4619; x_wconf 89' lang='lat' dir='ltr'><strong>splendidissimis</strong></span> 
     </span>
    </p>
   </div>
   <div class='ocr_carea' id='block_1_116' title="bbox 240 4617 1896 4687">
    <p class='ocr_par' dir='ltr' id='par_1_116' title="bbox 240 4617 1896 4687">
     <span class='ocr_line' id='line_1_118' title="bbox 240 4617 1896 4687; baseline 0.001 -16"><span class='ocrx_word' id='word_1_830' title='bbox 240 4617 533 4672; x_wconf 86' lang='lat' dir='ltr'><strong>natalibus</strong></span> <span class='ocrx_word' id='word_1_831' title='bbox 564 4617 845 4687; x_wconf 91' lang='lat' dir='ltr'><strong>insignem</strong></span> <span class='ocrx_word' id='word_1_832' title='bbox 865 4617 1056 4679; x_wconf 80' lang='lat' dir='ltr'><strong>fuisse,</strong></span> <span class='ocrx_word' id='word_1_833' title='bbox 1073 4618 1224 4672; x_wconf 91' lang='lat' dir='ltr'><strong>idem</strong></span> <span class='ocrx_word' id='word_1_834' title='bbox 1248 4620 1418 4674; x_wconf 91' lang='lat' dir='ltr'><strong>decus</strong></span> <span class='ocrx_word' id='word_1_835' title='bbox 1440 4617 1511 4674; x_wconf 81' lang='lat' dir='ltr'><strong>ad</strong></span> <span class='ocrx_word' id='word_1_836' title='bbox 1535 4619 1896 4674; x_wconf 89' lang='lat' dir='ltr'><strong>Valerianum</strong></span> 
     </span>
    </p>
   </div>
   <div class='ocr_carea' id='block_1_117' title="bbox 238 4687 1899 4758">
    <p class='ocr_par' dir='ltr' id='par_1_117' title="bbox 238 4687 1899 4758">
     <span class='ocr_line' id='line_1_119' title="bbox 238 4687 1899 4758; baseline 0.001 -16"><span class='ocrx_word' id='word_1_837' title='bbox 238 4687 698 4753; x_wconf 85' lang='lat' dir='ltr'><strong>transfunditur;</strong></span> <span class='ocrx_word' id='word_1_838' title='bbox 728 4688 956 4758; x_wconf 91' lang='lat' dir='ltr'><strong>ipseque</strong></span> <span class='ocrx_word' id='word_1_839' title='bbox 978 4689 1280 4744; x_wconf 91' lang='lat' dir='ltr'><strong>Eucherius</strong></span> <span class='ocrx_word' id='word_1_840' title='bbox 1305 4690 1467 4745; x_wconf 90' lang='lat' dir='ltr'><strong>illum</strong></span> <span class='ocrx_word' id='word_1_841' title='bbox 1496 4692 1575 4745; x_wconf 89' lang='lat' dir='ltr'><strong>ita</strong></span> <span class='ocrx_word' id='word_1_842' title='bbox 1605 4691 1814 4745; x_wconf 87' lang='lat' dir='ltr'><strong>affatur</strong></span> <span class='ocrx_word' id='word_1_843' title='bbox 1833 4706 1899 4744; x_wconf 92' lang='lat' dir='ltr'><strong>eo</strong></span> 
     </span>
    </p>
   </div>
   <div class='ocr_carea' id='block_1_118' title="bbox 238 4758 1901 4831">
    <p class='ocr_par' dir='ltr' id='par_1_118' title="bbox 238 4758 1901 4831">
     <span class='ocr_line' id='line_1_120' title="bbox 238 4758 1901 4831; baseline -0.001 -17"><span class='ocrx_word' id='word_1_844' title='bbox 238 4776 417 4830; x_wconf 91' lang='lat' dir='ltr'><strong>quem</strong></span> <span class='ocrx_word' id='word_1_845' title='bbox 441 4758 659 4828; x_wconf 87' lang='lat' dir='ltr'><strong>signavi</strong></span> <span class='ocrx_word' id='word_1_846' title='bbox 686 4759 810 4813; x_wconf 93' lang='lat' dir='ltr'><strong>loco</strong></span> <span class='ocrx_word' id='word_1_847' title='bbox 836 4775 846 4813; x_wconf 90' lang='lat'>:</span> <span class='ocrx_word' id='word_1_848' title='bbox 883 4759 1147 4831; x_wconf 61' lang='lat' dir='ltr'><strong>Quamvis</strong></span> <span class='ocrx_word' id='word_1_849' title='bbox 1172 4761 1229 4815; x_wconf 82' lang='lat' dir='ltr'><strong>in</strong></span> <span class='ocrx_word' id='word_1_850' title='bbox 1270 4763 1538 4817; x_wconf 69' lang='lat' dir='ltr'><strong>maximos</strong></span> <span class='ocrx_word' id='word_1_851' title='bbox 1569 4762 1750 4817; x_wconf 73' lang='lat' dir='ltr'><strong>smculi</strong></span> <span class='ocrx_word' id='word_1_852' title='bbox 1778 4762 1901 4831; x_wconf 83' lang='lat' dir='ltr'><strong>api-</strong></span> 
     </span>
    </p>
   </div>
   <div class='ocr_carea' id='block_1_119' title="bbox 237 4830 1903 4902">
    <p class='ocr_par' dir='ltr' id='par_1_119' title="bbox 237 4830 1903 4902">
     <span class='ocr_line' id='line_1_121' title="bbox 237 4830 1903 4902; baseline 0.002 -18"><span class='ocrx_word' id='word_1_853' title='bbox 237 4836 558 4902; x_wconf 29' lang='lat' dir='ltr'><strong>ces,‘patre.</strong></span> <span class='ocrx_word' id='word_1_854' title='bbox 585 4846 876 4900; x_wconf 80' lang='lat' dir='ltr'><strong>soceroque</strong></span> <span class='ocrx_word' id='word_1_855' title='bbox 910 4830 1163 4894; x_wconf 82' lang='lat' dir='ltr'><strong>elevatus,</strong></span> <span class='ocrx_word' id='word_1_856' title='bbox 1216 4831 1521 4886; x_wconf 79' lang='lat' dir='ltr'><strong>illustribus</strong></span> <span class='ocrx_word' id='word_1_857' title='bbox 1568 4850 1633 4887; x_wconf 69' lang='lat' dir='ltr'><strong>ea:</strong></span> <span class='ocrx_word' id='word_1_858' title='bbox 1678 4830 1903 4902; x_wconf 80' lang='lat' dir='ltr'><strong>utroque</strong></span> 
     </span>
    </p>
   </div>
   <div class='ocr_carea' id='block_1_120' title="bbox 238 4899 1906 4973">
    <p class='ocr_par' dir='ltr' id='par_1_120' title="bbox 238 4899 1906 4973">
     <span class='ocr_line' id='line_1_122' title="bbox 238 4899 1906 4973; baseline 0.001 -18"><span class='ocrx_word' id='word_1_859' title='bbox 238 4899 426 4973; x_wconf 75' lang='lat' dir='ltr'><strong>titulis</strong></span> <span class='ocrx_word' id='word_1_860' title='bbox 463 4901 748 4973; x_wconf 69' lang='lat' dir='ltr'><strong>ambiat-is,</strong></span> <span class='ocrx_word' id='word_1_861' title='bbox 782 4899 870 4971; x_wconf 75' lang='lat' dir='ltr'><strong>ego</strong></span> <span class='ocrx_word' id='word_1_862' title='bbox 893 4906 1068 4956; x_wconf 84' lang='lat' dir='ltr'><strong>tamen</strong></span> <span class='ocrx_word' id='word_1_863' title='bbox 1090 4903 1241 4972; x_wconf 84' lang='lat' dir='ltr'><strong>longe</strong></span> <span class='ocrx_word' id='word_1_864' title='bbox 1259 4904 1563 4973; x_wconf 77' lang='lat' dir='ltr'><strong>superioris</strong></span> <span class='ocrx_word' id='word_1_865' title='bbox 1579 4904 1641 4958; x_wconf 76' lang='lat' dir='ltr'><strong>in</strong></span> <span class='ocrx_word' id='word_1_866' title='bbox 1679 4910 1724 4957; x_wconf 87' lang='lat' dir='ltr'><strong>te</strong></span> <span class='ocrx_word' id='word_1_867' title='bbox 1742 4899 1906 4958; x_wconf 68' lang='lat' dir='ltr'><strong>hono-</strong></span> 
     </span>
    </p>
   </div>
   <div class='ocr_carea' id='block_1_121' title="bbox 242 4972 1903 5045">
    <p class='ocr_par' dir='ltr' id='par_1_121' title="bbox 242 4972 1903 5045">
     <span class='ocr_line' id='line_1_123' title="bbox 242 4972 1903 5045; baseline 0.001 -20"><span class='ocrx_word' id='word_1_868' title='bbox 242 4972 599 5045; x_wconf 18' lang='lat' dir='ltr'><strong>risrfastigia</strong></span> <span class='ocrx_word' id='word_1_869' title='bbox 648 4973 971 5043; x_wconf 75' lang='lat' dir='ltr'><strong>concupisco.</strong></span> <span class='ocrx_word' id='word_1_870' title='bbox 1010 4973 1176 5045; x_wconf 88' lang='lat' dir='ltr'><strong>Vides</strong></span> <span class='ocrx_word' id='word_1_871' title='bbox 1227 4972 1403 5045; x_wconf 88' lang='lat' dir='ltr'><strong>genus</strong></span> <span class='ocrx_word' id='word_1_872' title='bbox 1453 4973 1903 5045; x_wconf 90' lang='lat' dir='ltr'><strong>illustrissinum.</strong></span> 
     </span>
    </p>
   </div>
   <div class='ocr_carea' id='block_1_122' title="bbox 242 5041 1905 5114">
    <p class='ocr_par' dir='ltr' id='par_1_122' title="bbox 242 5041 1905 5114">
     <span class='ocr_line' id='line_1_124' title="bbox 242 5041 1905 5114; baseline -0.001 -17"><span class='ocrx_word' id='word_1_873' title='bbox 242 5043 361 5097; x_wconf 90' lang='lat' dir='ltr'><strong>Sed</strong></span> <span class='ocrx_word' id='word_1_874' title='bbox 388 5046 446 5097; x_wconf 93' lang='lat' dir='ltr'><strong>et</strong></span> <span class='ocrx_word' id='word_1_875' title='bbox 471 5041 655 5096; x_wconf 91' lang='lat' dir='ltr'><strong>obiter</strong></span> <span class='ocrx_word' id='word_1_876' title='bbox 668 5041 843 5097; x_wconf 72' lang='lat' dir='ltr'><strong>soceri</strong></span> <span class='ocrx_word' id='word_1_877' title='bbox 870 5060 1063 5099; x_wconf 91' lang='lat' dir='ltr'><strong>vocem</strong></span> <span class='ocrx_word' id='word_1_878' title='bbox 1097 5041 1347 5107; x_wconf 72' lang='lat' dir='ltr'><strong>adverte,</strong></span> <span class='ocrx_word' id='word_1_879' title='bbox 1375 5061 1499 5114; x_wconf 75' lang='lat' dir='ltr'><strong>qum</strong></span> <span class='ocrx_word' id='word_1_880' title='bbox 1542 5044 1905 5099; x_wconf 89' lang='lat' dir='ltr'><strong>Valerianum</strong></span> 
     </span>
    </p>
   </div>
   <div class='ocr_carea' id='block_1_123' title="bbox 238 5114 1910 5187">
    <p class='ocr_par' dir='ltr' id='par_1_123' title="bbox 238 5114 1910 5187">
     <span class='ocr_line' id='line_1_125' title="bbox 238 5114 1910 5187; baseline 0.001 -21"><span class='ocrx_word' id='word_1_881' title='bbox 238 5114 410 5167; x_wconf 88' lang='lat' dir='ltr'><strong>illum</strong></span> <span class='ocrx_word' id='word_1_882' title='bbox 434 5114 698 5187; x_wconf 86' lang='lat' dir='ltr'><strong>conjugio</strong></span> <span class='ocrx_word' id='word_1_883' title='bbox 725 5114 1007 5187; x_wconf 87' lang='lat' dir='ltr'><strong>illigatum</strong></span> <span class='ocrx_word' id='word_1_884' title='bbox 1039 5115 1245 5187; x_wconf 88' lang='lat' dir='ltr'><strong>prodit.</strong></span> <span class='ocrx_word' id='word_1_885' title='bbox 1271 5115 1340 5187; x_wconf 67' lang='lat' dir='ltr'><strong>id</strong></span> <span class='ocrx_word' id='word_1_886' title='bbox 1366 5131 1494 5170; x_wconf 89' lang='lat' dir='ltr'><strong>vero</strong></span> <span class='ocrx_word' id='word_1_887' title='bbox 1517 5115 1693 5169; x_wconf 84' lang='lat' dir='ltr'><strong>videri</strong></span> <span class='ocrx_word' id='word_1_888' title='bbox 1720 5118 1910 5187; x_wconf 79' lang='lat' dir='ltr'><strong>posset</strong></span> 
     </span>
    </p>
   </div>
   <div class='ocr_carea' id='block_1_124' title="bbox 236 5184 1909 5257">
    <p class='ocr_par' dir='ltr' id='par_1_124' title="bbox 236 5184 1909 5257">
     <span class='ocr_line' id='line_1_126' title="bbox 236 5184 1909 5257; baseline 0 -18"><span class='ocrx_word' id='word_1_889' title='bbox 236 5200 482 5239; x_wconf 89' lang='lat' dir='ltr'><strong>omnem</strong></span> <span class='ocrx_word' id='word_1_890' title='bbox 514 5184 854 5257; x_wconf 64' lang='lat' dir='ltr'><strong>conjectura)</strong></span> <span class='ocrx_word' id='word_1_891' title='bbox 882 5184 1051 5257; x_wconf 88' lang='lat' dir='ltr'><strong>hujus</strong></span> <span class='ocrx_word' id='word_1_892' title='bbox 1082 5185 1194 5239; x_wconf 84' lang='lat' dir='ltr'><strong>vim</strong></span> <span class='ocrx_word' id='word_1_893' title='bbox 1220 5185 1469 5257; x_wconf 81' lang='lat' dir='ltr'><strong>elidere,</strong></span> <span class='ocrx_word' id='word_1_894' title='bbox 1501 5203 1630 5241; x_wconf 90' lang='lat' dir='ltr'><strong>cum</strong></span> <span class='ocrx_word' id='word_1_895' title='bbox 1666 5184 1909 5257; x_wconf 85' lang='lat' dir='ltr'><strong>Valeria-</strong></span> 
     </span>
    </p>
   </div>
   <div class='ocr_carea' id='block_1_125' title="bbox 240 5256 1909 5327">
    <p class='ocr_par' dir='ltr' id='par_1_125' title="bbox 240 5256 1909 5327">
     <span class='ocr_line' id='line_1_127' title="bbox 240 5256 1909 5327; baseline 0.001 -18"><span class='ocrx_word' id='word_1_896' title='bbox 240 5272 355 5309; x_wconf 88' lang='lat' dir='ltr'><strong>nus</strong></span> <span class='ocrx_word' id='word_1_897' title='bbox 379 5256 750 5310; x_wconf 89' lang='lat' dir='ltr'><strong>Cemeliensis</strong></span> <span class='ocrx_word' id='word_1_898' title='bbox 788 5260 843 5310; x_wconf 89' lang='lat' dir='ltr'><strong>et</strong></span> <span class='ocrx_word' id='word_1_899' title='bbox 872 5256 1166 5327; x_wconf 75' lang='lat' dir='ltr'><strong>epiScopus</strong></span> <span class='ocrx_word' id='word_1_900' title='bbox 1209 5256 1397 5319; x_wconf 82' lang='lat' dir='ltr'><strong>fuerit,</strong></span> <span class='ocrx_word' id='word_1_901' title='bbox 1450 5262 1505 5312; x_wconf 94' lang='lat' dir='ltr'><strong>et</strong></span> <span class='ocrx_word' id='word_1_902' title='bbox 1535 5262 1668 5311; x_wconf 90' lang='lat' dir='ltr'><strong>ante</strong></span> <span class='ocrx_word' id='word_1_903' title='bbox 1700 5256 1909 5327; x_wconf 91' lang='lat' dir='ltr'><strong>episco-</strong></span> 
     </span>
    </p>
   </div>
   <div class='ocr_carea' id='block_1_126' title="bbox 222 5327 1908 5397">
    <p class='ocr_par' dir='ltr' id='par_1_126' title="bbox 222 5327 1908 5397">
     <span class='ocr_line' id='line_1_128' title="bbox 222 5327 1908 5397; baseline 0.001 -17"><span class='ocrx_word' id='word_1_904' title='bbox 222 5330 449 5397; x_wconf 68' lang='lat' dir='ltr'><strong>patum</strong></span> <span class='ocrx_word' id='word_1_905' title='bbox 481 5327 799 5381; x_wconf 84' lang='lat' dir='ltr'><strong>monachus</strong></span> <span class='ocrx_word' id='word_1_906' title='bbox 826 5327 1043 5390; x_wconf 84' lang='lat' dir='ltr'><strong>vixerit,</strong></span> <span class='ocrx_word' id='word_1_907' title='bbox 1073 5331 1133 5381; x_wconf 92' lang='lat' dir='ltr'><strong>ut</strong></span> <span class='ocrx_word' id='word_1_908' title='bbox 1160 5332 1353 5397; x_wconf 87' lang='lat' dir='ltr'><strong>aperte</strong></span> <span class='ocrx_word' id='word_1_909' title='bbox 1378 5327 1620 5383; x_wconf 89' lang='lat' dir='ltr'><strong>habetur</strong></span> <span class='ocrx_word' id='word_1_910' title='bbox 1650 5344 1716 5382; x_wconf 90' lang='lat' dir='ltr'><strong>ex</strong></span> <span class='ocrx_word' id='word_1_911' title='bbox 1748 5327 1908 5381; x_wconf 91' lang='lat' dir='ltr'><strong>initio</strong></span> 
     </span>
    </p>
   </div>
   <div class='ocr_carea' id='block_1_127' title="bbox 214 5397 1906 5468">
    <p class='ocr_par' dir='ltr' id='par_1_127' title="bbox 214 5397 1906 5468">
     <span class='ocr_line' id='line_1_129' title="bbox 214 5397 1906 5468; baseline -0.001 -16"><span class='ocrx_word' id='word_1_912' title='bbox 214 5397 503 5468; x_wconf 54' lang='lat' dir='ltr'><strong>epistola)</strong></span> <span class='ocrx_word' id='word_1_913' title='bbox 536 5398 609 5451; x_wconf 92' lang='lat' dir='ltr'><strong>ad</strong></span> <span class='ocrx_word' id='word_1_914' title='bbox 651 5398 963 5453; x_wconf 87' lang='lat' dir='ltr'><strong>monachos</strong></span> <span class='ocrx_word' id='word_1_915' title='bbox 1001 5398 1095 5468; x_wconf 91' lang='lat' dir='ltr'><strong>qui</strong></span> <span class='ocrx_word' id='word_1_916' title='bbox 1124 5397 1285 5452; x_wconf 92' lang='lat' dir='ltr'><strong>illum</strong></span> <span class='ocrx_word' id='word_1_917' title='bbox 1312 5398 1417 5452; x_wconf 91' lang='lat' dir='ltr'><strong>sibi</strong></span> <span class='ocrx_word' id='word_1_918' title='bbox 1444 5398 1670 5453; x_wconf 80' lang='lat' dir='ltr'><strong>tametsi</strong></span> <span class='ocrx_word' id='word_1_919' title='bbox 1708 5400 1906 5453; x_wconf 90' lang='lat' dir='ltr'><strong>absen-</strong></span> 
     </span>
    </p>
   </div>
   <div class='ocr_carea' id='block_1_128' title="bbox 210 5468 1909 5550">
    <p class='ocr_par' dir='ltr' id='par_1_128' title="bbox 210 5468 1909 5550">
     <span class='ocr_line' id='line_1_130' title="bbox 210 5468 1909 5550; baseline -0.001 -26"><span class='ocrx_word' id='word_1_920' title='bbox 210 5474 365 5524; x_wconf 70' lang='lat' dir='ltr'><strong>‘lem</strong></span> <span class='ocrx_word' id='word_1_921' title='bbox 398 5468 810 5550; x_wconf 62' lang='lat' dir='ltr'><strong>inprmfectum</strong></span> <span class='ocrx_word' id='word_1_922' title='bbox 841 5470 1150 5550; x_wconf 80' lang='lat' dir='ltr'><strong>elegerant.</strong></span> <span class='ocrx_word' id='word_1_923' title='bbox 1177 5469 1324 5550; x_wconf 74' lang='lat' dir='ltr'><strong>Nihil</strong></span> <span class='ocrx_word' id='word_1_924' title='bbox 1344 5474 1536 5550; x_wconf 84' lang='lat' dir='ltr'><strong>tamen</strong></span> <span class='ocrx_word' id='word_1_925' title='bbox 1568 5470 1909 5550; x_wconf 71' lang='lat' dir='ltr'><strong>conjecturae</strong></span> 
     </span>
    </p>
   </div>
   <div class='ocr_carea' id='block_1_129' title="bbox 192 5539 1910 5611">
    <p class='ocr_par' dir='ltr' id='par_1_129' title="bbox 192 5539 1910 5611">
     <span class='ocr_line' id='line_1_131' title="bbox 192 5539 1910 5611; baseline 0 -18"><span class='ocrx_word' id='word_1_926' title='bbox 192 5539 554 5611; x_wconf 59' lang='lat' dir='ltr'><strong>mropositm</strong></span> <span class='ocrx_word' id='word_1_927' title='bbox 576 5540 708 5594; x_wconf 88' lang='lat' dir='ltr'><strong>inde</strong></span> <span class='ocrx_word' id='word_1_928' title='bbox 748 5542 1018 5595; x_wconf 90' lang='lat' dir='ltr'><strong>decedere</strong></span> <span class='ocrx_word' id='word_1_929' title='bbox 1050 5540 1407 5611; x_wconf 88' lang='lat' dir='ltr'><strong>perspicuum</strong></span> <span class='ocrx_word' id='word_1_930' title='bbox 1434 5546 1518 5595; x_wconf 89' lang='lat' dir='ltr'><strong>est</strong></span> <span class='ocrx_word' id='word_1_931' title='bbox 1556 5558 1621 5595; x_wconf 84' lang='lat' dir='ltr'><strong>ex</strong></span> <span class='ocrx_word' id='word_1_932' title='bbox 1664 5539 1784 5611; x_wconf 86' lang='lat' dir='ltr'><strong>ipsa</strong></span> <span class='ocrx_word' id='word_1_933' title='bbox 1808 5542 1910 5593; x_wconf 86' lang='lat' dir='ltr'><strong>Eu-</strong></span> 
     </span>
    </p>
   </div>
   <div class='ocr_carea' id='block_1_130' title="bbox 182 5610 1913 5681">
    <p class='ocr_par' dir='ltr' id='par_1_130' title="bbox 182 5610 1913 5681">
     <span class='ocr_line' id='line_1_132' title="bbox 182 5610 1913 5681; baseline -0.001 -16"><span class='ocrx_word' id='word_1_934' title='bbox 182 5610 423 5681; x_wconf 50' lang='lat' dir='ltr'><strong>mherii</strong></span> <span class='ocrx_word' id='word_1_935' title='bbox 449 5612 521 5681; x_wconf 85' lang='lat' dir='ltr'><strong>ad</strong></span> <span class='ocrx_word' id='word_1_936' title='bbox 542 5615 803 5665; x_wconf 88' lang='lat' dir='ltr'><strong>sanctum</strong></span> <span class='ocrx_word' id='word_1_937' title='bbox 837 5612 1157 5666; x_wconf 88' lang='lat' dir='ltr'><strong>institutum</strong></span> <span class='ocrx_word' id='word_1_938' title='bbox 1195 5610 1530 5667; x_wconf 89' lang='lat' dir='ltr'><strong>invitatione</strong></span> <span class='ocrx_word' id='word_1_939' title='bbox 1553 5631 1568 5673; x_wconf 76' lang='grc' dir='ltr'>ς</span> <span class='ocrx_word' id='word_1_940' title='bbox 1592 5610 1717 5681; x_wconf 64' lang='lat' dir='ltr'><strong>qua:</strong></span> <span class='ocrx_word' id='word_1_941' title='bbox 1750 5612 1913 5665; x_wconf 87' lang='lat' dir='ltr'><strong>docet</strong></span> 
     </span>
    </p>
   </div>
   <div class='ocr_carea' id='block_1_131' title="bbox 207 5680 1906 5757">
    <p class='ocr_par' dir='ltr' id='par_1_131' title="bbox 207 5680 1906 5757">
     <span class='ocr_line' id='line_1_133' title="bbox 207 5680 1906 5757; baseline 0.002 -24"><span class='ocrx_word' id='word_1_942' title='bbox 207 5680 340 5757; x_wconf 64' lang='lat' dir='ltr'><strong>jel</strong></span> <span class='ocrx_word' id='word_1_943' title='bbox 368 5680 1154 5757; x_wconf 75' lang='lat' dir='ltr'><strong>\’ale.&#39;_ian_i__conjugium_non</strong></span> <span class='ocrx_word' id='word_1_944' title='bbox 1186 5680 1357 5757; x_wconf 81' lang='lat' dir='ltr'><strong>fuisse</strong></span> <span class='ocrx_word' id='word_1_945' title='bbox 1381 5683 1485 5757; x_wconf 80' lang='lat' dir='ltr'><strong>nisi</strong></span> <span class='ocrx_word' id='word_1_946' title='bbox 1524 5680 1906 5753; x_wconf 53' lang='lat' dir='ltr'><strong>designatum.</strong></span> 
     </span>
    </p>
   </div>
   <div class='ocr_carea' id='block_1_132' title="bbox 234 5749 1909 5824">
    <p class='ocr_par' dir='ltr' id='par_1_132' title="bbox 234 5749 1909 5824">
     <span class='ocr_line' id='line_1_134' title="bbox 234 5749 1909 5824; baseline 0.001 -21"><span class='ocrx_word' id='word_1_947' title='bbox 234 5749 496 5824; x_wconf 66' lang='lat' dir='ltr'><strong>ideoque</strong></span> <span class='ocrx_word' id='word_1_948' title='bbox 519 5750 605 5824; x_wconf 77' lang='lat' dir='ltr'><strong>fas</strong></span> <span class='ocrx_word' id='word_1_949' title='bbox 636 5752 716 5806; x_wconf 90' lang='lat' dir='ltr'><strong>illi</strong></span> <span class='ocrx_word' id='word_1_950' title='bbox 743 5749 929 5809; x_wconf 82' lang='lat' dir='ltr'><strong>adhuc</strong></span> <span class='ocrx_word' id='word_1_951' title='bbox 956 5753 1128 5824; x_wconf 83' lang='lat' dir='ltr'><strong>fuisse</strong></span> <span class='ocrx_word' id='word_1_952' title='bbox 1152 5754 1225 5806; x_wconf 89' lang='lat' dir='ltr'><strong>ad</strong></span> <span class='ocrx_word' id='word_1_953' title='bbox 1255 5754 1408 5808; x_wconf 88' lang='lat' dir='ltr'><strong>aliud</strong></span> <span class='ocrx_word' id='word_1_954' title='bbox 1438 5755 1564 5811; x_wconf 64' lang='lat' dir='ltr'><strong>vita:</strong></span> <span class='ocrx_word' id='word_1_955' title='bbox 1584 5749 1762 5824; x_wconf 81' lang='lat' dir='ltr'><strong>genus</strong></span> <span class='ocrx_word' id='word_1_956' title='bbox 1781 5770 1909 5806; x_wconf 86' lang='lat' dir='ltr'><strong>con-</strong></span> 
     </span>
    </p>
   </div>
   <div class='ocr_carea' id='block_1_133' title="bbox 264 5819 1910 5896">
    <p class='ocr_par' dir='ltr' id='par_1_133' title="bbox 264 5819 1910 5896">
     <span class='ocr_line' id='line_1_135' title="bbox 264 5819 1910 5896; baseline 0.005 -25"><span class='ocrx_word' id='word_1_957' title='bbox 264 5819 446 5879; x_wconf 73' lang='lat' dir='ltr'><strong>volare</strong></span> <span class='ocrx_word' id='word_1_958' title='bbox 470 5841 481 5872; x_wconf 89' lang='lat'><strong>:</strong></span> <span class='ocrx_word' id='word_1_959' title='bbox 503 5822 593 5878; x_wconf 86' lang='lat' dir='ltr'><strong>vel</strong></span> <span class='ocrx_word' id='word_1_960' title='bbox 614 5825 767 5894; x_wconf 86' lang='lat' dir='ltr'><strong>quod</strong></span> <span class='ocrx_word' id='word_1_961' title='bbox 787 5824 912 5881; x_wconf 88' lang='lat' dir='ltr'><strong>aliis</strong></span> <span class='ocrx_word' id='word_1_962' title='bbox 943 5822 1225 5896; x_wconf 88' lang='lat' dir='ltr'><strong>plerisque</strong></span> <span class='ocrx_word' id='word_1_963' title='bbox 1254 5825 1480 5891; x_wconf 89' lang='lat' dir='ltr'><strong>accidit,</strong></span> <span class='ocrx_word' id='word_1_964' title='bbox 1515 5819 1910 5891; x_wconf 70' lang='lat' dir='ltr'><strong>Valerianum,</strong></span> 
     </span>
    </p>
   </div>
   <div class='ocr_carea' id='block_1_134' title="bbox 2081 4538 3663 4612">
    <p class='ocr_par' dir='ltr' id='par_1_134' title="bbox 2081 4538 3663 4612">
     <span class='ocr_line' id='line_1_136' title="bbox 2081 4538 3663 4612; baseline -0.004 -14"><span class='ocrx_word' id='word_1_965' title='bbox 2081 4546 2132 4599; x_wconf 87' lang='lat'><strong>7.</strong></span> <span class='ocrx_word' id='word_1_966' title='bbox 2150 4543 2259 4597; x_wconf 93' lang='lat' dir='ltr'><strong>Sed</strong></span> <span class='ocrx_word' id='word_1_967' title='bbox 2275 4559 2364 4595; x_wconf 91' lang='lat' dir='ltr'><strong>me</strong></span> <span class='ocrx_word' id='word_1_968' title='bbox 2377 4542 2607 4612; x_wconf 88' lang='lat' dir='ltr'><strong>quidem</strong></span> <span class='ocrx_word' id='word_1_969' title='bbox 2635 4556 2737 4595; x_wconf 91' lang='lat' dir='ltr'><strong>con</strong></span> <span class='ocrx_word' id='word_1_970' title='bbox 2739 4538 3019 4612; x_wconf 87' lang='lat' dir='ltr'><strong>jectorem</strong></span> <span class='ocrx_word' id='word_1_971' title='bbox 3036 4540 3249 4595; x_wconf 91' lang='lat' dir='ltr'><strong>diutius</strong></span> <span class='ocrx_word' id='word_1_972' title='bbox 3281 4554 3447 4612; x_wconf 86' lang='lat' dir='ltr'><strong>agere</strong></span> <span class='ocrx_word' id='word_1_973' title='bbox 3469 4538 3526 4592; x_wconf 92' lang='lat' dir='ltr'><strong>in</strong></span> <span class='ocrx_word' id='word_1_974' title='bbox 3543 4539 3663 4612; x_wconf 79' lang='lat' dir='ltr'><strong>tam</strong></span> 
     </span>
    </p>
   </div>
   <div class='ocr_carea' id='block_1_135' title="bbox 2011 4607 3665 4682">
    <p class='ocr_par' dir='ltr' id='par_1_135' title="bbox 2011 4607 3665 4682">
     <span class='ocr_line' id='line_1_137' title="bbox 2011 4607 3665 4682; baseline -0.005 -12"><span class='ocrx_word' id='word_1_975' title='bbox 2011 4613 2265 4670; x_wconf 91' lang='lat' dir='ltr'><strong>obscuris</strong></span> <span class='ocrx_word' id='word_1_976' title='bbox 2288 4607 2581 4669; x_wconf 77' lang='lat' dir='ltr'><strong>Valeriani</strong></span> <span class='ocrx_word' id='word_1_977' title='bbox 2599 4607 2766 4666; x_wconf 76' lang='lat' dir='ltr'><strong>rebus</strong></span> <span class='ocrx_word' id='word_1_978' title='bbox 2780 4611 2947 4682; x_wconf 90' lang='lat' dir='ltr'><strong>piget.</strong></span> <span class='ocrx_word' id='word_1_979' title='bbox 2973 4612 3260 4682; x_wconf 84' lang='lat' dir='ltr'><strong>Multoque</strong></span> <span class='ocrx_word' id='word_1_980' title='bbox 3281 4607 3457 4666; x_wconf 81' lang='lat' dir='ltr'><strong>etiam</strong></span> <span class='ocrx_word' id='word_1_981' title='bbox 3479 4607 3665 4682; x_wconf 82' lang='lat' dir='ltr'><strong>magis</strong></span> 
     </span>
    </p>
   </div>
   <div class='ocr_carea' id='block_1_136' title="bbox 2012 4680 3663 4758">
    <p class='ocr_par' dir='ltr' id='par_1_136' title="bbox 2012 4680 3663 4758">
     <span class='ocr_line' id='line_1_138' title="bbox 2012 4680 3663 4758; baseline -0.005 -18"><span class='ocrx_word' id='word_1_982' title='bbox 2012 4687 2249 4758; x_wconf 77' lang='lat' dir='ltr'><strong>pigeret,</strong></span> <span class='ocrx_word' id='word_1_983' title='bbox 2261 4756 2269 4758; x_wconf 79' lang='lat'><strong><em>_</em></strong></span> <span class='ocrx_word' id='word_1_984' title='bbox 2306 4682 2416 4758; x_wconf 85' lang='lat' dir='ltr'><strong>nisi</strong></span> <span class='ocrx_word' id='word_1_985' title='bbox 2453 4680 2975 4758; x_wconf 75' lang='lat' dir='ltr'><strong>animadverterem</strong></span> <span class='ocrx_word' id='word_1_986' title='bbox 3005 4680 3455 4758; x_wconf 73' lang='lat' dir='ltr'><strong>criminatorem,</strong></span> <span class='ocrx_word' id='word_1_987' title='bbox 3496 4680 3663 4758; x_wconf 78' lang='lat' dir='ltr'><strong>longe</strong></span> 
     </span>
    </p>
   </div>
   <div class='ocr_carea' id='block_1_137' title="bbox 2013 4749 3662 4823">
    <p class='ocr_par' dir='ltr' id='par_1_137' title="bbox 2013 4749 3662 4823">
     <span class='ocr_line' id='line_1_139' title="bbox 2013 4749 3662 4823; baseline -0.006 -12"><span class='ocrx_word' id='word_1_988' title='bbox 2013 4749 2361 4812; x_wconf 67' lang='lat' dir='ltr'><strong>tenuioribus</strong></span> <span class='ocrx_word' id='word_1_989' title='bbox 2404 4754 2646 4817; x_wconf 89' lang='lat' dir='ltr'><strong>indiciis,</strong></span> <span class='ocrx_word' id='word_1_990' title='bbox 2702 4753 2816 4807; x_wconf 90' lang='lat' dir='ltr'><strong>imo</strong></span> <span class='ocrx_word' id='word_1_991' title='bbox 2857 4753 3067 4823; x_wconf 90' lang='lat' dir='ltr'><strong>apertis</strong></span> <span class='ocrx_word' id='word_1_992' title='bbox 3123 4749 3662 4807; x_wconf 88' lang='lat' dir='ltr'><strong>hallucinationibus</strong></span> 
     </span>
    </p>
   </div>
   <div class='ocr_carea' id='block_1_138' title="bbox 2014 4823 3661 4890">
    <p class='ocr_par' dir='ltr' id='par_1_138' title="bbox 2014 4823 3661 4890">
     <span class='ocr_line' id='line_1_140' title="bbox 2014 4823 3661 4890; baseline -0.007 -8"><span class='ocrx_word' id='word_1_993' title='bbox 2014 4829 2230 4890; x_wconf 88' lang='lat' dir='ltr'><strong>nixum,</strong></span> <span class='ocrx_word' id='word_1_994' title='bbox 2248 4842 2441 4882; x_wconf 87' lang='lat' dir='ltr'><strong>secure</strong></span> <span class='ocrx_word' id='word_1_995' title='bbox 2457 4824 2826 4879; x_wconf 90' lang='lat' dir='ltr'><strong>Valerianum</strong></span> <span class='ocrx_word' id='word_1_996' title='bbox 2848 4824 3053 4879; x_wconf 87' lang='lat' dir='ltr'><strong>harum</strong></span> <span class='ocrx_word' id='word_1_997' title='bbox 3082 4823 3451 4878; x_wconf 90' lang='lat' dir='ltr'><strong>homiliarum</strong></span> <span class='ocrx_word' id='word_1_998' title='bbox 3466 4834 3661 4889; x_wconf 82' lang='lat' dir='ltr'><strong>paren-</strong></span> 
     </span>
    </p>
   </div>
   <div class='ocr_carea' id='block_1_139' title="bbox 2015 4895 3663 4969">
    <p class='ocr_par' dir='ltr' id='par_1_139' title="bbox 2015 4895 3663 4969">
     <span class='ocr_line' id='line_1_141' title="bbox 2015 4895 3663 4969; baseline -0.007 -16"><span class='ocrx_word' id='word_1_999' title='bbox 2015 4904 2129 4954; x_wconf 86' lang='lat' dir='ltr'><strong>tem</strong></span> <span class='ocrx_word' id='word_1_1000' title='bbox 2154 4898 2319 4968; x_wconf 84' lang='lat' dir='ltr'><strong>longe</strong></span> <span class='ocrx_word' id='word_1_1001' title='bbox 2337 4896 2462 4952; x_wconf 91' lang='lat' dir='ltr'><strong>aliis</strong></span> <span class='ocrx_word' id='word_1_1002' title='bbox 2482 4895 2765 4969; x_wconf 85' lang='lat' dir='ltr'><strong>coloribus</strong></span> <span class='ocrx_word' id='word_1_1003' title='bbox 2786 4895 3087 4969; x_wconf 81' lang='lat' dir='ltr'><strong>expingere</strong></span> <span class='ocrx_word' id='word_1_1004' title='bbox 3111 4911 3283 4969; x_wconf 76' lang='lat' dir='ltr'><strong>quam</strong></span> <span class='ocrx_word' id='word_1_1005' title='bbox 3305 4895 3472 4963; x_wconf 91' lang='lat' dir='ltr'><strong>prout</strong></span> <span class='ocrx_word' id='word_1_1006' title='bbox 3492 4906 3525 4943; x_wconf 88' lang='lat' dir='ltr'><strong>a</strong></span> <span class='ocrx_word' id='word_1_1007' title='bbox 3540 4903 3663 4969; x_wconf 57' lang='lat' dir='ltr'><strong>rne-</strong></span> 
     </span>
    </p>
   </div>
   <div class='ocr_carea' id='block_1_140' title="bbox 2016 4957 3664 5040">
    <p class='ocr_par' dir='ltr' id='par_1_140' title="bbox 2016 4957 3664 5040">
     <span class='ocr_line' id='line_1_142' title="bbox 2016 4957 3664 5040; baseline -0.009 -15"><span class='ocrx_word' id='word_1_1008' title='bbox 2016 4957 2311 5040; x_wconf 70' lang='lat' dir='ltr'><strong>expressus</strong></span> <span class='ocrx_word' id='word_1_1009' title='bbox 2343 4973 2448 5023; x_wconf 90' lang='lat' dir='ltr'><strong>est.</strong></span> <span class='ocrx_word' id='word_1_1010' title='bbox 2480 4965 2717 5040; x_wconf 76' lang='lat' dir='ltr'><strong>Statuit_</strong></span> <span class='ocrx_word' id='word_1_1011' title='bbox 2740 4957 2893 5040; x_wconf 74' lang='lat' dir='ltr'><strong>enim</strong></span> <span class='ocrx_word' id='word_1_1012' title='bbox 2925 4957 3035 5040; x_wconf 35' lang='lat' dir='ltr'><strong>per.</strong></span> <span class='ocrx_word' id='word_1_1013' title='bbox 3068 4957 3408 5040; x_wconf 47' lang='lat' dir='ltr'><strong>Sir-evidens,</strong></span> <span class='ocrx_word' id='word_1_1014' title='bbox 3444 4975 3508 5012; x_wconf 88' lang='lat' dir='ltr'><strong>ac</strong></span> <span class='ocrx_word' id='word_1_1015' title='bbox 3538 4957 3664 5011; x_wconf 90' lang='lat' dir='ltr'><strong>illu-</strong></span> 
     </span>
    </p>
   </div>
   <div class='ocr_carea' id='block_1_141' title="bbox 2015 5031 3664 5110">
    <p class='ocr_par' dir='ltr' id='par_1_141' title="bbox 2015 5031 3664 5110">
     <span class='ocr_line' id='line_1_143' title="bbox 2015 5031 3664 5110; baseline -0.009 -14"><span class='ocrx_word' id='word_1_1016' title='bbox 2015 5031 2279 5096; x_wconf 77' lang='lat' dir='ltr'><strong>strissimi</strong></span> <span class='ocrx_word' id='word_1_1017' title='bbox 2306 5039 2461 5093; x_wconf 92' lang='lat' dir='ltr'><strong>card.</strong></span> <span class='ocrx_word' id='word_1_1018' title='bbox 2496 5035 2719 5110; x_wconf 82' lang='lat' dir='ltr'><strong>Baronii</strong></span> <span class='ocrx_word' id='word_1_1019' title='bbox 2748 5031 3089 5110; x_wconf 67' lang='lat' dir='ltr'><strong>testimonio</strong></span> <span class='ocrx_word' id='word_1_1020' title='bbox 3109 5035 3320 5110; x_wconf 78' lang='lat' dir='ltr'><strong>ﬁrmat,</strong></span> <span class='ocrx_word' id='word_1_1021' title='bbox 3352 5031 3502 5110; x_wconf 74' lang='lat' dir='ltr'><strong>hunc</strong></span> <span class='ocrx_word' id='word_1_1022' title='bbox 3543 5044 3664 5110; x_wconf 77' lang='lat' dir='ltr'><strong>esse</strong></span> 
     </span>
    </p>
   </div>
   <div class='ocr_carea' id='block_1_142' title="bbox 2015 5103 3664 5174">
    <p class='ocr_par' dir='ltr' id='par_1_142' title="bbox 2015 5103 3664 5174">
     <span class='ocr_line' id='line_1_144' title="bbox 2015 5103 3664 5174; baseline -0.01 -7"><span class='ocrx_word' id='word_1_1023' title='bbox 2015 5109 2494 5167; x_wconf 79' lang='lat' dir='ltr'><strong>nefandissimum</strong></span> <span class='ocrx_word' id='word_1_1024' title='bbox 2525 5106 2853 5162; x_wconf 75' lang='lat' dir='ltr'><strong>hmreticum</strong></span> <span class='ocrx_word' id='word_1_1025' title='bbox 2882 5104 3092 5174; x_wconf 87' lang='lat' dir='ltr'><strong>Pelagii</strong></span> <span class='ocrx_word' id='word_1_1026' title='bbox 3114 5110 3171 5159; x_wconf 92' lang='lat' dir='ltr'><strong>et</strong></span> <span class='ocrx_word' id='word_1_1027' title='bbox 3192 5103 3437 5159; x_wconf 75' lang='lat' dir='ltr'><strong>leestii</strong></span> <span class='ocrx_word' id='word_1_1028' title='bbox 3458 5103 3664 5174; x_wconf 80' lang='lat' dir='ltr'><strong>partia-</strong></span> 
     </span>
    </p>
   </div>
   <div class='ocr_carea' id='block_1_143' title="bbox 2016 5169 3667 5247">
    <p class='ocr_par' dir='ltr' id='par_1_143' title="bbox 2016 5169 3667 5247">
     <span class='ocr_line' id='line_1_145' title="bbox 2016 5169 3667 5247; baseline -0.008 -10"><span class='ocrx_word' id='word_1_1029' title='bbox 2016 5185 2163 5237; x_wconf 88' lang='lat' dir='ltr'><strong>rium</strong></span> <span class='ocrx_word' id='word_1_1030' title='bbox 2194 5199 2259 5234; x_wconf 86' lang='lat' dir='ltr'><strong>ex</strong></span> <span class='ocrx_word' id='word_1_1031' title='bbox 2292 5178 2593 5233; x_wconf 89' lang='lat' dir='ltr'><strong>Occidente</strong></span> <span class='ocrx_word' id='word_1_1032' title='bbox 2615 5176 2935 5247; x_wconf 85' lang='lat' dir='ltr'><strong>profectum</strong></span> <span class='ocrx_word' id='word_1_1033' title='bbox 2961 5169 3385 5247; x_wconf 57' lang='lat' dir='ltr'><strong>Alexandriam,</strong></span> <span class='ocrx_word' id='word_1_1034' title='bbox 3405 5169 3473 5247; x_wconf 71' lang='lat' dir='ltr'><strong>ut</strong></span> <span class='ocrx_word' id='word_1_1035' title='bbox 3498 5169 3667 5247; x_wconf 73' lang='lat' dir='ltr'><strong>habe-</strong></span> 
     </span>
    </p>
   </div>
   <div class='ocr_carea' id='block_1_144' title="bbox 2018 5241 3665 5323">
    <p class='ocr_par' dir='ltr' id='par_1_144' title="bbox 2018 5241 3665 5323">
     <span class='ocr_line' id='line_1_146' title="bbox 2018 5241 3665 5323; baseline -0.009 -16"><span class='ocrx_word' id='word_1_1036' title='bbox 2018 5259 2111 5307; x_wconf 89' lang='lat' dir='ltr'><strong>tur</strong></span> <span class='ocrx_word' id='word_1_1037' title='bbox 2140 5269 2206 5305; x_wconf 79' lang='lat' dir='ltr'><strong>ex</strong></span> <span class='ocrx_word' id='word_1_1038' title='bbox 2250 5250 2490 5323; x_wconf 80' lang='lat' dir='ltr'><strong>epistola</strong></span> <span class='ocrx_word' id='word_1_1039' title='bbox 2544 5241 2761 5302; x_wconf 73' lang='lat' dir='ltr'><strong>Eusebii</strong></span> <span class='ocrx_word' id='word_1_1040' title='bbox 2794 5247 3096 5323; x_wconf 67' lang='lat' dir='ltr'><strong>cujusdam</strong></span> <span class='ocrx_word' id='word_1_1041' title='bbox 3153 5245 3226 5299; x_wconf 90' lang='lat' dir='ltr'><strong>ad</strong></span> <span class='ocrx_word' id='word_1_1042' title='bbox 3278 5241 3665 5323; x_wconf 37' lang='lat' dir='ltr'><strong>S.“_Cyrillui_n</strong></span> 
     </span>
    </p>
   </div>
   <div class='ocr_carea' id='block_1_145' title="bbox 2018 5312 3666 5388">
    <p class='ocr_par' dir='ltr' id='par_1_145' title="bbox 2018 5312 3666 5388">
     <span class='ocr_line' id='line_1_147' title="bbox 2018 5312 3666 5388; baseline -0.008 -10"><span class='ocrx_word' id='word_1_1043' title='bbox 2018 5312 2489 5383; x_wconf 77' lang='lat' dir='ltr'><strong>Alexandrinum,</strong></span> <span class='ocrx_word' id='word_1_1044' title='bbox 2510 5335 2680 5388; x_wconf 89' lang='lat' dir='ltr'><strong>quam</strong></span> <span class='ocrx_word' id='word_1_1045' title='bbox 2700 5312 3296 5388; x_wconf 68' lang='lat' dir='ltr'><strong>profertBaronanno</strong></span> <span class='ocrx_word' id='word_1_1046' title='bbox 3317 5312 3523 5388; x_wconf 78' lang='lat' dir='ltr'><strong>Christi</strong></span> <span class='ocrx_word' id='word_1_1047' title='bbox 3541 5314 3666 5377; x_wconf 79' lang='grc'><strong>417,</strong></span> 
     </span>
    </p>
   </div>
   <div class='ocr_carea' id='block_1_146' title="bbox 2024 5383 3671 5459">
    <p class='ocr_par' dir='ltr' id='par_1_146' title="bbox 2024 5383 3671 5459">
     <span class='ocr_line' id='line_1_148' title="bbox 2024 5383 3671 5459; baseline -0.007 -10"><span class='ocrx_word' id='word_1_1048' title='bbox 2024 5397 2105 5459; x_wconf 85' lang='lat' dir='ltr'><strong>ll,</strong></span> <span class='ocrx_word' id='word_1_1049' title='bbox 2136 5394 2224 5446; x_wconf 78' lang='lat' dir='ltr'><strong>l5.</strong></span> <span class='ocrx_word' id='word_1_1050' title='bbox 2258 5393 2334 5445; x_wconf 87' lang='lat' dir='ltr'><strong>Ea</strong></span> <span class='ocrx_word' id='word_1_1051' title='bbox 2366 5383 2614 5459; x_wconf 82' lang='lat' dir='ltr'><strong>Epistola</strong></span> <span class='ocrx_word' id='word_1_1052' title='bbox 2652 5383 2899 5459; x_wconf 28' lang='lat' dir='ltr'><strong>isiqucm</strong></span> <span class='ocrx_word' id='word_1_1053' title='bbox 2931 5386 3049 5459; x_wconf 83' lang='lat' dir='ltr'><strong>dixi</strong></span> <span class='ocrx_word' id='word_1_1054' title='bbox 3074 5385 3340 5441; x_wconf 88' lang='lat' dir='ltr'><strong>Eusebius</strong></span> <span class='ocrx_word' id='word_1_1055' title='bbox 3370 5383 3551 5459; x_wconf 77' lang='lat' dir='ltr'><strong>amice</strong></span> <span class='ocrx_word' id='word_1_1056' title='bbox 3579 5399 3671 5459; x_wconf 79' lang='lat' dir='ltr'><strong>ex-</strong></span> 
     </span>
    </p>
   </div>
   <div class='ocr_carea' id='block_1_147' title="bbox 2023 5454 3668 5536">
    <p class='ocr_par' dir='ltr' id='par_1_147' title="bbox 2023 5454 3668 5536">
     <span class='ocr_line' id='line_1_149' title="bbox 2023 5454 3668 5536; baseline -0.006 -18"><span class='ocrx_word' id='word_1_1057' title='bbox 2023 5454 2291 5536; x_wconf 83' lang='lat' dir='ltr'><strong>postulat,</strong></span> <span class='ocrx_word' id='word_1_1058' title='bbox 2323 5454 2449 5536; x_wconf 66' lang='lat' dir='ltr'><strong>curii</strong></span> <span class='ocrx_word' id='word_1_1059' title='bbox 2486 5464 2539 5513; x_wconf 61' lang='grc' dir='ltr'><strong>ὃ.</strong></span> <span class='ocrx_word' id='word_1_1060' title='bbox 2568 5454 2801 5536; x_wconf 68' lang='lat' dir='ltr'><strong>Gyrillo,</strong></span> <span class='ocrx_word' id='word_1_1061' title='bbox 2834 5459 2986 5536; x_wconf 58' lang='lat' dir='ltr'><strong>quod</strong></span> <span class='ocrx_word' id='word_1_1062' title='bbox 3182 5455 3427 5511; x_wconf 90' lang='lat' dir='ltr'><strong>truncati</strong></span> <span class='ocrx_word' id='word_1_1063' title='bbox 3476 5454 3668 5535; x_wconf 80' lang='lat' dir='ltr'><strong>gladio</strong></span> 
     </span>
    </p>
   </div>
   <div class='ocr_carea' id='block_1_148' title="bbox 2020 5525 3669 5604">
    <p class='ocr_par' dir='ltr' id='par_1_148' title="bbox 2020 5525 3669 5604">
     <span class='ocr_line' id='line_1_150' title="bbox 2020 5525 3669 5604; baseline -0.008 -12"><span class='ocrx_word' id='word_1_1064' title='bbox 2020 5525 2169 5592; x_wconf 75' lang='lat' dir='ltr'><strong>sedis</strong></span> <span class='ocrx_word' id='word_1_1065' title='bbox 2196 5525 2828 5604; x_wconf 64' lang='lat' dir='ltr'><strong>apostolicm,_l)elagius</strong></span> <span class='ocrx_word' id='word_1_1066' title='bbox 2849 5525 2905 5582; x_wconf 79' lang='lat' dir='ltr'><strong>et</strong></span> <span class='ocrx_word' id='word_1_1067' title='bbox 2926 5525 3238 5604; x_wconf 64' lang='lat' dir='ltr'><strong>Caelestius,</strong></span> <span class='ocrx_word' id='word_1_1068' title='bbox 3265 5525 3669 5583; x_wconf 89' lang='lat' dir='ltr'><strong>communione</strong></span> 
     </span>
    </p>
   </div>
   <div class='ocr_carea' id='block_1_149' title="bbox 2020 5600 3671 5670">
    <p class='ocr_par' dir='ltr' id='par_1_149' title="bbox 2020 5600 3671 5670">
     <span class='ocr_line' id='line_1_151' title="bbox 2020 5600 3671 5670; baseline -0.008 -7"><span class='ocrx_word' id='word_1_1069' title='bbox 2020 5607 2190 5664; x_wconf 79' lang='lat' dir='ltr'><strong>Alexa</strong></span> <span class='ocrx_word' id='word_1_1070' title='bbox 2202 5600 2420 5659; x_wconf 67' lang='lat' dir='ltr'><strong>ndrinaa</strong></span> <span class='ocrx_word' id='word_1_1071' title='bbox 2436 5600 2692 5656; x_wconf 75' lang='lat' dir='ltr'><strong>Ecclesiae</strong></span> <span class='ocrx_word' id='word_1_1072' title='bbox 2708 5600 3377 5670; x_wconf 82' lang='lat' dir='ltr'><strong>potirentur,interventu</strong></span> <span class='ocrx_word' id='word_1_1073' title='bbox 3390 5615 3455 5653; x_wconf 90' lang='lat' dir='ltr'><strong>ac</strong></span> <span class='ocrx_word' id='word_1_1074' title='bbox 3473 5613 3671 5670; x_wconf 86' lang='lat' dir='ltr'><strong>opera-</strong></span> 
     </span>
    </p>
   </div>
   <div class='ocr_carea' id='block_1_150' title="bbox 2024 5668 3665 5749">
    <p class='ocr_par' dir='ltr' id='par_1_150' title="bbox 2024 5668 3665 5749">
     <span class='ocr_line' id='line_1_152' title="bbox 2024 5668 3665 5749; baseline -0.006 -18"><span class='ocrx_word' id='word_1_1075' title='bbox 2024 5676 2271 5749; x_wconf 79' lang='lat' dir='ltr'><strong>hominis</strong></span> <span class='ocrx_word' id='word_1_1076' title='bbox 2286 5672 2553 5749; x_wconf 77' lang='lat' dir='ltr'><strong>pestiferi,</strong></span> <span class='ocrx_word' id='word_1_1077' title='bbox 2582 5668 2915 5749; x_wconf 77' lang='lat' dir='ltr'><strong>earumdem</strong></span> <span class='ocrx_word' id='word_1_1078' title='bbox 2931 5670 3214 5749; x_wconf 71' lang='lat' dir='ltr'><strong>haereseos</strong></span> <span class='ocrx_word' id='word_1_1079' title='bbox 3227 5670 3479 5741; x_wconf 88' lang='lat' dir='ltr'><strong>capitum</strong></span> <span class='ocrx_word' id='word_1_1080' title='bbox 3498 5668 3665 5749; x_wconf 66' lang='lat' dir='ltr'><strong>{mde-</strong></span> 
     </span>
    </p>
   </div>
   <div class='ocr_carea' id='block_1_151' title="bbox 2022 5742 3665 5822">
    <p class='ocr_par' dir='ltr' id='par_1_151' title="bbox 2022 5742 3665 5822">
     <span class='ocr_line' id='line_1_153' title="bbox 2022 5742 3665 5822; baseline -0.009 -17"><span class='ocrx_word' id='word_1_1081' title='bbox 2022 5748 2131 5805; x_wconf 86' lang='lat' dir='ltr'><strong>rati</strong></span> <span class='ocrx_word' id='word_1_1082' title='bbox 2157 5742 2830 5822; x_wconf 71' lang='lat' dir='ltr'><strong>Valerian_i_ventriloqui,</strong></span> <span class='ocrx_word' id='word_1_1083' title='bbox 2858 5742 3004 5822; x_wconf 77' lang='lat' dir='ltr'><strong>gulae</strong></span> <span class='ocrx_word' id='word_1_1084' title='bbox 3029 5742 3665 5822; x_wconf 70' lang='lat' dir='ltr'><strong>ventrisquemancipii,</strong></span> 
     </span>
    </p>
   </div>
   <div class='ocr_carea' id='block_1_152' title="bbox 2020 5811 3668 5893">
    <p class='ocr_par' dir='ltr' id='par_1_152' title="bbox 2020 5811 3668 5893">
     <span class='ocr_line' id='line_1_154' title="bbox 2020 5811 3668 5893; baseline -0.011 -14"><span class='ocrx_word' id='word_1_1085' title='bbox 2020 5834 2228 5893; x_wconf 84' lang='lat' dir='ltr'><strong>genere</strong></span> <span class='ocrx_word' id='word_1_1086' title='bbox 2252 5815 2478 5884; x_wconf 86' lang='lat' dir='ltr'><strong>humili,</strong></span> <span class='ocrx_word' id='word_1_1087' title='bbox 2510 5819 2567 5871; x_wconf 84' lang='lat' dir='ltr'><strong>et</strong></span> <span class='ocrx_word' id='word_1_1088' title='bbox 2594 5811 2919 5873; x_wconf 75' lang='lat' dir='ltr'><strong>conditione</strong></span> <span class='ocrx_word' id='word_1_1089' title='bbox 2946 5814 3073 5887; x_wconf 89' lang='lat' dir='ltr'><strong>ipsa</strong></span> <span class='ocrx_word' id='word_1_1090' title='bbox 3092 5811 3668 5880; x_wconf 24' lang='lat' dir='ltr'><strong>servi,iAriminensis</strong></span> 
     </span>
    </p>
   </div>
  </div>
