3986 6178
214 318 325 384 773

1050 314 1169 383 τη.
1216 316 1591 383 RAYNAUDI
1637 316 1994 383 APOLOGIA
2042 289 2179 385 rso
2220 325 2284 386 s.
2331 318 2769 387 VALERIANO.

3504 324 3614 391 774

210 454 430 535 ratione
449 452 788 535 Cassianum
807 456 1029 535 purgat.
1051 453 1278 534 Quodsi
1299 470 1509 509 nomen
1536 454 1857 535 dispositio—
1890 458 1936 517 A
1970 454 2267 535 factandis,
2292 462 2402 535 aut
2424 457 2611 535 potius
2635 455 2789 535 male
2812 455 3145 535 tentandis?
3180 457 3254 535 Eo
3280 473 3416 535 sane
3455 461 3618 517 deveo

209 527 296 580 nis
319 528 555 580 remotae
578 525 928 596 acciperetur
953 525 1277 594 improprie,
1301 544 1413 596 quo
1437 530 1601 596 pacto
1624 542 1858 596 usurpa-

206 601 298 651 tur
325 614 357 650 a
384 596 664 667 plerisque
685 596 1054 660 scholasticis,
1075 596 1509 653 admittentibus
1528 598 1850 653 naturalem

205 668 639 737 dispositionem
657 672 963 731 remotam,
980 668 1035 720 id
1054 671 1138 721 est
1161 683 1377 721 meram
1398 669 1572 723 obicis
1590 670 1857 723 remotio-

203 754 340 793 nem
380 740 591 809 absque
619 738 945 810 inductione
987 737 1156 810 ullius
1190 740 1594 809 proportionis,
1629 744 1685 794 et
1715 757 1855 810 qua-

202 826 448 880 cumque
469 809 767 864 moraliter
788 810 1013 869 idonea.
1033 809 1154 863 sive
1178 810 1277 863 Dei
1304 811 1623 875 attractiva,
1642 815 1697 866 et
1717 809 1855 881 qua-

201 880 580 953 lites-cumque
611 881 923 953 meritoria,
949 884 1045 935 aut
1062 880 1236 935 etiam
1260 882 1677 952 impetratoria,
1703 880 1860 953 apta-

198 952 359 1007 tione
389 952 626 1023 subjecti
659 952 730 1006 ad
762 952 1012 1007 formam
1047 954 1537 1021 supernaturalem
1570 971 1582 1018 ;
1610 954 1687 1007 sic
1720 953 1856 1008 vitio

198 1026 433 1077 vacaret
450 1039 517 1077 ea
543 1023 789 1077 Ciaconii
810 1024 1087 1087 doctrina,
1112 1024 1210 1077 sed
1231 1025 1301 1078 ad
1327 1041 1449 1078 rem
1474 1041 1587 1078 non
1605 1024 1850 1078 faceret:

199 1094 656 1166 quiaiCassianus
673 1094 963 1164 perspicue
982 1094 1097 1164 agit
1112 1095 1443 1166 denaturali
1463 1095 1831 1166 dispositione

198 1135 357 1219 tienui
376 1165 626 1235 quidem,
656 1135 751 1238 ἐξά
768 1135 985 1220 tamam
1004 1135 1229 1238 groprie
1257 1171 1505 1238 accepta,
1540 1135 1595 1221 et
1623 1135 1853 1236 aliquali

195 1234 407 1308 gratiae
428 1237 634 1308 merito
657 1234 809 1308 Afeta.
857 1234 1043 1308 Quare
1076 1234 1370 1291 fatendum
1393 1234 1483 1293 est
1519 1234 1850 1291 Cassianum

195 1306 419 1362 errasse
430 1307 576 1361 circa
590 1306 819 1361 initium
840 1307 1059 1362 salutis.
1084 1309 1335 1378 Eumque
1348 1324 1620 1372 errorem,
1642 1308 1708 1363 iis
1727 1324 1851 1378 quae

194 1383 432 1434 exstant
454 1378 578 1449 ejus
601 1379 864 1449 operibus
877 1378 1156 1433 contineri
1179 1381 1379 1433 docent
1399 1395 1522 1448 quae
1549 1379 1600 1433 in
1632 1379 1851 1434 Cassia-

195 1466 269 1502 no
290 1450 662 1521 reprehendit
680 1449 937 1521 Prosper,
958 1449 1348 1520 habcnturque
1366 1449 1683 1504 etiamnum
1701 1451 1851 1520 apud

194 1520 558 1591 Cassianum.
586 1521 656 1575 Ut
685 1520 984 1591 propterea
1019 1520 1479 1591 displiceatquod
1508 1523 1660 1575 card.
1686 1524 1853 1577 Baro-

194 1539 558 1575 ωεειεωιιω.
588 1539 656 1575 Ut
685 1539 785 1591 pro
828 1539 984 1576 terea
1019 1539 1311 1590 Olspllceﬂt
1330 1539 1479 1591 quoa
1508 1539 1660 1575 earn.
1686 1539 1849 1577 raro-

191 1590 320 1645 nius
355 1608 507 1645 anno
541 1590 744 1663 Christi
778 1539 879 1645 £33
902 1590 1182 1663 affirmat,
1208 1608 1413 1662 nempe
1443 1608 1592 1646 nunc
1619 1592 1849 1663 quidem

188 1678 548 1735 sanu‘messe
579 1662 954 1735 Cassianum“;
989 1662 1124 1735 olim
1148 1664 1716 1735 iamen,_priusquam
1751 1664 1851 1735 Eu-

188 1732 372 1805 cherii
396 1731 787 1803 Lugdunensis
807 1737 862 1787 et
883 1733 1125 1805 Victoris
1146 1731 1525 1805 Martyritani,
1545 1731 1609 1789 ac
1632 1734 1851 1805 Cassio-

191 1806 316 1886 dori
339 1804 910 1886 laborepurgaretur.
938 1804 1007 1886 iis
1038 1804 1417 1886 resectisquaa
1445 1822 1573 1886 cum
1590 1804 1848 1886 Ecclesia:
1882 1819 1925 1876 Β

195 1875 491 1930 catholica
511 1875 771 1931 doctrina
788 1892 900 1929 non
924 1875 1659 1941 cohaerebant,‘morbosum
1679 1876 1848 1931 exsti-

192 1946 347 2019 tisse.
379 1949 489 2019 iioc
542 1947 757 2019 rejicio,
795 1964 922 2001 cum
976 1951 1221 2011 exstent,
1272 1951 1333 2001 ut
1364 1948 1477 2001 dixi
1530 1948 1845 2019 etiamnum

188 2018 338 2089 apud
388 2018 742 2081 Cassianum,
777 2035 897 2089 quae
929 2021 1168 2087 Prosper
1196 2034 1262 2073 ex
1293 2036 1355 2073 eo
1386 2018 1665 2073 verbatim
1698 2023 1848 2074 retu-

184 2089 252 2143 lit
282 2094 454 2147 atuue
485 2089 737 2147 conﬁxit.

256 2161 314 2216 6.
346 2158 619 2215 Faustum
642 2177 866 2232 quoque
885 2160 1191 2232 laborasse
1217 2175 1411 2215 errore
1440 2158 1847 2231 Semipelagia-

184 2247 394 2285 norum
433 2233 620 2303 quoad
651 2231 849 2287 Salutis
880 2231 1129 2303 initium,
1164 2231 1369 2303 diserte
1394 2232 1599 2303 asserit
1649 2232 1847 2286 Petrus

183 2303 473 2357 Diaconus
512 2303 607 2361 lib.
639 2303 706 2357 de
739 2305 961 2358 lncarn.
990 2308 1043 2357 et
1076 2302 1231 2357 Grat.
1267 2302 1478 2357 Christi
1506 2319 1628 2367 cap.
1658 2303 1849 2367 ult.,et

184 2320 473 2357 Uiaconus
513 2320 607 2361 nn.
639 2320 706 2357 ae
739 2320 961 2358 incarn.
990 2320 1043 2357 et
1076 2320 1231 2357 urat.
1267 2320 1478 2357 unrisu
1506 2320 1568 2357 ca
1619 2346 1628 2355 .
1658 2320 1847 2367 uit.,et

184 2389 308 2428 non
346 2390 512 2445 posse
543 2390 673 2428 eum
705 2378 844 2428 nota
870 2374 963 2428 illa
993 2374 1184 2440 eximi,
1214 2376 1472 2444 quamvis
1500 2320 1847 2429 squbscure

182 2445 536 2518 plerumque
563 2462 811 2518 errorem
846 2447 1049 2515 prodat
1075 2462 1088 2511 ;
1123 2450 1177 2500 at
1197 2445 1275 2500 ita
1304 2450 1367 2518 ut
1387 2460 1533 2518 aegre
1563 2448 1844 2518 teneatur,

182 2515 330 2571 mihi
356 2515 577 2570 videtur
595 2517 1003 2580 indubitatum,
1021 2533 1085 2571 ex
1103 2520 1222 2571 tam
1242 2515 1549 2571 multorum
1572 2516 1723 2571 illius
1745 2515 1845 2570 aevi

178 2587 604 2642 catholicorum
658 2589 952 2641 doctorum
1009 2588 1389 2643 concitatione
1449 2587 1507 2641 in
1548 2588 1842 2643 Faustum.

178 2659 331 2730 Nam
366 2658 433 2730 S._
469 2658 664 2730 Avitus
696 2657 1032 2730 Viennensis
1060 2658 1373 2730 episcopus,
1401 2659 1459 2711 in
1486 2673 1585 2730 quo
1609 2658 1711 2720 (ait
1737 2660 1845 2713 En-

180 2729 394 2783 nodius
420 2728 479 2782 in
509 2729 633 2783 Vita
654 2728 979 2798 Epiphanii)
1002 2744 1058 2784 se
1080 2728 1282 2798 peritia
1304 2731 1446 2784 velut
1470 2728 1527 2783 iii
1545 2729 1847 2783 dit'ﬂ'SrW‘iO

183 2800 389 2855 lucida
417 2801 614 2855 domus
647 2801 872 2854 inclusit
902 2818 912 2855 :
949 2802 1002 2853 S.
1035 2800 1382 2870 Fulgentius,
1407 2802 1464 2855 S.
1486 2800 1768 2854 Caesarius
1792 2805 1847 2854 et

183 2872 242 2925 in
272 2870 506 2925 Oriente
537 2872 786 2928 Joannes
819 2872 1113 2942 presbyter
1142 2871 1548 2931 Antiochenus.
1574 2872 1847 2942 adversus

183 2943 483 3003 Faustum,
519 2942 726 3013 partim
760 2942 943 2996 adhuc
969 2941 1355 3012 superstitem,
1389 2942 1598 3012 partim
1620 2957 1734 2994 non
1767 2941 1847 2995 ita

184 3013 369 3067 multo
396 3018 527 3068 ante
554 3014 908 3077 defunctum,
931 3013 1381 3077 insurrexerunt,
1408 3017 1468 3067 ut
1491 3014 1763 3067 docemur
1779 3030 1846 3067 ex

186 3083 563 3155 Isidoro,rlib.
594 3086 661 3139 de
697 3084 841 3137 Viris
868 3084 1077 3155 Illustr.
1111 3100 1234 3153 cap.
1262 3085 1331 3155 l4,
1353 3100 1365 3149 ;
1391 3083 1844 3155 Gennadio,cap.

1966 528 2088 600 nire
2114 528 2377 600 videntur
2404 530 2495 598 qui
2523 528 2873 600 Cassianum
2900 530 3166 597 purgant,
3188 531 3249 600 ut
3279 529 3619 600 Prosperum

1970 598 2260 653 leestini
2282 606 2337 655 et
2367 598 2789 668 tlelasiielogiis
2818 598 3117 661 illustrem,
3143 599 3229 652 vel
3247 598 3620 658 calumniam

1968 670 2359 754 detorquenda
2391 670 2645 754 Cassiani
2678 674 2893 754 mente,
2922 670 3007 723 vel
3035 668 3273 754 inscitia;
3297 669 3352 724 in
3386 688 3453 726 ea
3472 689 3623 754 pers-

1967 740 2587 814 piciendainsimulent
2608 756 2628 814 εγ
2648 741 3003 814 quodquam
3035 740 3106 814 sit
3133 741 3380 814 intutum
3396 746 3453 797 et
3469 740 3620 814 inju-

1966 815 2138 883 stum,
2172 811 2310 865 nihil
2342 814 2547 867 attinet
2578 813 2782 866 dicere.
2812 812 3043 881 ipseque
3074 813 3393 875 Cassianus,
3421 811 3621 883 quam-

1964 881 2048 935 vis
2070 883 2326 955 Prosperi
2356 884 2851 955 impugnationem
2875 883 3112 937 moleste
3130 884 3341 951 tulerit,
3372 881 3619 940 ut‘Pros-

1967 968 2065 1023 per
2088 955 2191 1007 sub
2223 954 2448 1008 initium
2481 955 2737 1024 epistolas
2768 956 2838 1007 ad
2869 955 3135 1008 Ruﬁnum
3167 955 3364 1017 refert,
3419 960 3615 1011 tamen

1963 1039 2075 1095 non
2108 1028 2191 1078 est
2216 1026 2566 1079 calumniam
2596 1030 2881 1088 causatus,
2910 1026 3059 1095 quob
3084 1024 3280 1081 fuisset
3305 1029 3614 1081 avertendo

1962 1094 2234 1165 Prospero
2261 1094 2945 1151 accommodatissimum.
2972 1096 3163 1150 Fausti
3183 1113 3333 1160 vero,
3353 1099 3615 1167 quamvis

1963 1178 2075 1219 non
2114 1167 2256 1239 adeo
2305 1169 2599 1237 explorata
2645 1168 2823 1222 videri
2880 1171 3069 1239 posset
3108 1168 3515 1239 hallucinatio;
3558 1174 3615 1224 et

1963 1236 2222 1309 nonnihil
2255 1236 2462 1309 anceps
2492 1255 2682 1303 causa,
2700 1240 2850 1309 quod
2872 1236 3193 1308 complures
3212 1256 3311 1308 pro
3330 1256 3395 1295 eo
3420 1236 3612 1295 catho-

1964 1307 2052 1381 iici
2083 1308 2385 1379 scriptores
2400 1307 2669 1365 steterint
2696 1307 2857 1381 (sane
2897 1307 3162 1364 Sidenius
3194 1307 3465 1364 Faustum
3515 1312 3615 1366 ha-

1961 1378 2082 1451 buit
2107 1378 2208 1449 pro
2235 1382 2352 1435 viro
2376 1382 2639 1436 doctrinae
2668 1378 2945 1435 salutaris
2974 1397 3042 1436 ac
3093 1383 3426 1451 singularis;
3458 1384 3613 1437 Ruri-

1960 1450 2078 1522 cius
2100 1451 2321 1505 vocavit
2348 1453 2610 1507 doctorem
2667 1454 2929 1507 eximium
2970 1450 3239 1522 pastorem
3293 1450 3611 1522 egregium,

1962 1521 2207 1576 Hilarius
2236 1523 2602 1589 Arelatensis,
2638 1524 2824 1577 adhuc
2863 1521 3129 1578 abbatem
3161 1523 3240 1577 ita
3288 1521 3611 1590 honoravit,

1960 1596 2022 1646 ut
2059 1594 2314 1648 medium
2342 1594 2555 1649 locaret
2580 1594 2729 1649 inter
2755 1610 2812 1649 se
2844 1610 2907 1648 ac
2934 1596 3288 1649 Theodorum
3332 1600 3389 1649 et
3444 1596 3615 1650 Maxi-

1960 1679 2119 1737 mum
2148 1665 2473 1735 episcopos;
2506 1666 2750 1719 Hilarius
2792 1665 3047 1737 pontifex
3072 1665 3308 1735 dignum
3343 1667 3502 1721 duxit
3518 1666 3612 1737 qui

1960 1734 2017 1789 in
2048 1738 2266 1804 synodo
2302 1737 2563 1790 Romana
2605 1734 2805 1791 secum'
2826 1752 2937 1790 una
2982 1734 3365 1806 praesideret);
3418 1734 3612 1792 tamen

1959 1806 2158 1879 eadem
2194 1806 2333 1860 mihi
2363 1808 2585 1879 videtur
2613 1824 2732 1862 esse
2762 1807 2940 1871 ratio;
2975 1812 3029 1861 et
3057 1808 3213 1861 illum
3232 1824 3390 1878 teque
3418 1809 3616 1879 rejecit

1960 1875 2216 1931 Gelasius
2231 1878 2507 1948 pontifex.

2028 1949 2079 2020 8.
2114 1947 2245 2003 Non
2269 1948 2487 2020 igiture
2515 1963 2576 2003 re
2601 1953 2657 2003 et
2702 1947 3125 2004 existimatione
3169 1949 3451 2020 valeriani
3490 1964 3613 2005 esse

1958 2018 2198 2084 videtur,
2236 2018 2587 2075 Si‘Cassiano
2619 2023 2675 2074 et
2698 2020 2923 2083 Fausto,
2958 2024 3019 2073 ut
3051 2019 3280 2082 erroris,
3337 2020 3415 2074 sic
3446 2035 3616 2077 excu-

1958 2089 2196 2145 sationis
2226 2090 2599 2145 similitudine
2620 2094 3004 2145 accenseatur.
3031 2092 3096 2144 Et
3116 2092 3267 2160 quod
3290 2091 3612 2146 communis

1959 2176 2023 2233 eo
2050 2177 2379 2233 aevoeaque
2414 2162 2477 2233 in
2501 2162 2731 2232 regione
2750 2161 3433 2233 fuisseSemipelagianus
3454 2177 3613 2216 error

1958 2231 2306 2303 obtenditur,
2340 2231 2585 2303 pertinet
2614 2232 2686 2287 ad
2714 2231 3099 2303 potentiorem
3124 2232 3421 2287 labisillius
3443 2234 3610 2287 diffu-

1958 2302 2199 2369 sionem,
2235 2302 2353 2358 non
2381 2308 2573 2359 autem
2606 2304 2678 2357 ad
2702 2302 2979 2357 Valeriani
3000 2305 3069 2357 ab
3096 2319 3161 2357 ea
3184 2304 3609 2359 immunitatem

1958 2376 2099 2447 Nam
2132 2375 2707 2447 sicutbonum,juxta
2731 2376 3006 2447 Senecam
3038 2374 3199 2447 epist.
3220 2376 3307 2439 73,
3346 2376 3607 2447 Dionem,

1958 2443 2623 2528 Chrysostomum,_.or'at.
2651 2445 2738 2501 40.
2768 2449 2823 2499 et
2851 2443 3103 2528 "Tyrium,
3138 2446 3363 2528 dissertr
3393 2446 3480 2528 33,
3501 2463 3610 2528 quo

1956 2516 2318 2571 communitis
2341 2521 2397 2571 et
2426 2517 2703 2581 diffusius,
2730 2533 2796 2571 eo
2826 2516 3000 2571 etiam
3029 2516 3248 2570 auctius
3282 2522 3396 2579 est;
3445 2516 3527 2571 ita
3555 2521 3613 2572 et

1957 2588 2199 2651 malum,
2217 2589 2533 2658 quodidem
2559 2590 2662 2643 Dlo
2685 2588 3055 2657 eleganterde
3078 2603 3236 2642 more
3252 2589 3612 2658 prosequitur

1957 2663 2105 2730 erat.
2136 2661 2223 2723 32,
2259 2661 2445 2730 quoad
2476 2660 2660 2728 plures
2689 2662 3119 2730 permanatseo
3176 2663 3261 2712 est
3306 2660 3505 2712 tetrius
3554 2665 3613 2713 et

1993 2728 2198 2782 ravius.
2236 2728 2370 2796 Quae
2396 2731 2559 2799 paria
2585 2736 2711 2783 sunt
2740 2729 2955 2793 merito,
2987 2728 3068 2781 ait
3096 2729 3351 2797 Prosper,
3409 2734 3612 2783 contra

2000 2800 2155 2853 ollat.
2180 2816 2302 2870 cap.
2318 2801 2370 2863 9,
2388 2802 2456 2854 de
2479 2800 2647 2853 malis
2662 2814 2857 2868 agens,
2880 2814 2986 2853 non
3014 2800 3606 2870 mi'nuiunturicoeundo,

1956 2872 2047 2925 sed
2067 2868 2333 2925 crescunt.
2362 2870 2747 2924 Pulcherrime
2774 2870 2911 2923 item
2929 2871 2981 2923 S.
2998 2868 3263 2927 Hilarius,
3281 2869 3445 2923 initio
3467 2870 3609 2924 sexti

1958 2941 2081 2995 libri
2114 2943 2183 2996 de
2205 2941 2426 3004 Trinit.,
2460 2942 2819 2995 demonstrat
2846 2944 3064 3009 quanta
3092 2940 3164 2993 sit
3188 2940 3437 3009 gravitas
3458 2958 3611 2996 erro-

1956 3012 2052 3077 ris,
2083 3028 2151 3068 ex
2174 3029 2288 3082 quo
2320 3012 2683 3082 pervulgatus
2713 3016 2771 3065 et
2793 3011 3115 3066 communis
3140 3011 3404 3066 efﬁcitur.
3422 3013 3610 3075 Quare

1959 3084 2073 3163 alia
2104 3083 2467 3163 viaineunda
2497 3088 2583 3137 est
2612 3083 2917 3163 purgandn
2956 3082 3135 3136 solide
3180 3099 3246 3137 ac
3270 3099 3397 3137 vere
3452 3084 3610 3163 vale-

185 3154 548 3237 §6_Catal.ogi
605 3174 616 3221 ;
652 3159 892 3237 auctore
942 3154 1085 3233 Vita:
1146 3151 1539 3237 Sl'liulg'entii,
1574 3151 1845 3237 cap.'2AS;;
1888 3178 1931 3237 Ο
1958 3155 2155 3219 riano;
2187 3155 2264 3208 ita
2282 3158 2349 3237 nt
2378 3171 2499 3237 non.
2532 3151 3096 3237 commiserationem
3127 3169 3265 3222 erga
3309 3170 3443 3208 eum

188 3228 395 3281 Adone
418 3224 741 3291 Viennensi,
758 3228 814 3281 in
837 3226 1135 3289 Chronico,
1155 3227 1225 3280 ad
1249 3224 1450 3280 Christi
1469 3224 1684 3280 annum
1705 3227 1844 3293 492;

189 3298 417 3352 Joanne
446 3298 749 3365 Maxentio,
788 3298 844 3351 in
875 3296 1245 3368 responsione
1276 3298 1348 3350 ad
1390 3297 1701 3350 Hormisdaa
1738 3297 1849 3368 epi-

190 3369 406 3423 stolam
444 3384 455 3423 :
490 3377 551 3423 ut
583 3368 819 3440 proinde
851 3385 1084 3439 operam
1126 3368 1330 3421 ludant
1357 3369 1722 3440 recentiores,
1756 3368 1849 3439 qui

200 3455 309 3562 pro
332 3440 544 3493 Fausto
559 3438 839 3511 pugnant,
861 3438 913 3493 et
931 3455 1063 3495 eum
1085 3455 1490 3511 usquequaque
1505 3438 1851 3494 catholicum

224 3509 396 3562 uisse.
432 3515 594 3562 tanto
626 3515 753 3562 nost
784 3515 1039 3562 temnore
1073 3512 1412 3562 persuadere
1444 3510 1724 3562 nituntur.
1758 3511 1849 3562 de-

224 3509 396 3576 uisse,
432 3509 594 3582 tanto
626 3509 753 3582 post
784 3515 1039 3582 tempore
1073 3509 1412 3582 persuadere
1444 3510 1724 3571 nituntur,
1758 3511 1849 3582 de-

200 3582 361 3664 cepti.
379 3578 641 3664 exilitate
662 3580 852 3664 meriti
882 3578 1163 3664 naturalis
1193 3582 1342 3664 quod
1369 3585 1627 3664 respectu
1657 3581 1851 3664 gratiae

186 3651 463 3715 admittit,
512 3656 568 3706 et
598 3652 885 3707 interdum
920 3652 1012 3706 vix
1064 3651 1298 3707 nomine
1336 3651 1523 3707 meriti
1559 3654 1847 3715 dignatur,

188 3724 260 3777 ob
293 3723 633 3778 tenuitatem
670 3741 683 3789 ;
717 3723 798 3777 ita
824 3729 885 3779 ut
911 3740 1023 3777 non
1044 3725 1306 3779 obstante
1338 3723 1570 3794 aliquali
1604 3723 1701 3777 illo
1734 3741 1850 3778 me-

187 3794 322 3858 rito,
361 3795 609 3866 gratiam
644 3796 1065 3866 agnoscendam
1095 3794 1408 3863 inculcans,
1442 3796 1706 3852 eamdem
1738 3795 1847 3849 sin-

187 3881 316 3920 cere
348 3865 600 3920 asserere
625 3865 903 3920 videatur.

264 3937 319 3993 '1.
340 3934 645 3993 Cassianus
672 3954 805 4008 ergo
827 3944 880 3992 et
911 3937 1173 4008 Faustus,
1192 3935 1266 4008 pii
1296 3938 1351 4008 et
1379 3936 1556 3990 sancti
1586 3935 1711 4008 viri,
1744 3952 1849 3991 nec

189 4007 246 4062 in
280 4008 400 4061 vita
428 4006 991 4079 dumtaxat'pietatis
1019 4007 1188 4062 laude
1218 4006 1374 4071 clari,
1405 4008 1503 4061 sed
1526 4007 1697 4061 etiam
1723 4012 1849 4077 post

184 4084 459 4143 mortem,
478 4079 544 4134 iis
561 4080 617 4133 in
642 4078 778 4134 locis
796 4080 851 4133 in
867 4080 1071 4149 quibus
1088 4094 1273 4131 aevum
1299 4082 1628 4149 exegerunt,
1645 4078 1847 4131 sancti-

185 4155 304 4204 tate
324 4151 737 4215 commendati,
761 4155 816 4205 et
835 4148 1089 4205 coalitum
1119 4148 1429 4202 honoribus
1453 4148 1720 4212 illustres,
1748 4149 1847 4202 hu-

184 4237 433 4275 manum
465 4221 678 4292 aliquid
709 4221 880 4292 passi,
910 4238 969 4276 re
988 4221 1243 4292 nondum
1266 4218 1693 4292 perEAcclesiam
1726 4236 1845 4289 per-

185 4292 385 4361 spicue
433 4289 903 4355 deﬁnitafaliter
934 4293 1003 4346 de
1059 4289 1258 4346 salutis
1308 4289 1469 4344 initio
1502 4290 1850 4361 scripserunt

184 4379 365 4431 quam
390 4379 533 4416 sana
554 4363 815 4417 doctrina
843 4363 1010 4426 ferat,
1046 4379 1146 4417 nec
1169 4367 1362 4415 tamen
1383 4361 1588 4416 idcirco
1610 4361 1847 4416 omnino

184 4433 640 4503 proscribuntur.
677 4434 823 4501 Quin
861 4434 1046 4504 potius
1075 4450 1201 4503 qute
1235 4432 1448 4487 utiliter
1477 4433 1842 4503 scripserunt.

183 4520 318 4597 cuni
340 4504 528 4597 {gustu
551 4506 836 4597 leguntur,
862 4503 991 4560 eoru
1003 4503 1847 4597 mLmemoEia‘inbenedictione
1879 4539 1921 4597 υ

185 4581 299 4633 est.
356 4577 469 4631 Erit
503 4577 674 4647 igitur
706 4578 801 4646 qui
834 4593 947 4630 non
981 4576 1144 4630 aliter
1174 4577 1243 4630 de
1277 4575 1577 4629 Valeriano
1608 4580 1840 4630 statuat.

263 4648 397 4701 Mihi
418 4654 607 4702 tamen
635 4648 961 4719 hujusmodi
992 4648 1302 4710 excusatio,
1333 4663 1636 4717 perparum
1660 4647 1843 4717 reipsa

188 4719 279 4773 vel
309 4718 453 4772 nihil
486 4736 519 4773 a
560 4735 691 4774 vera
710 4718 1101 4783 accusatione,
1143 4720 1296 4788 quod
1328 4723 1602 4788 punctum
1636 4719 1704 4773 de
1735 4734 1845 4789 quo

189 4789 438 4860 agimus,
492 4792 687 4845 abesse
711 4792 949 4845 videtur.
1000 4789 1091 4845 Sic
1121 4790 1275 4844 enim
1316 4806 1431 4844 non
1466 4789 1739 4855 homilite,
1774 4790 1847 4845 de

188 4877 375 4943 quam
386 4878 451 4943 m‘
464 4861 792 4943 sinceritate
803 4866 857 4916 et
878 4860 1629 4943 sana_doctrinaquaarimus,
1648 4876 1848 4943 errore

189 4931 389 4987 liberm
420 4934 907 4999 demonstrantur,
934 4934 1031 4988 sed
1062 4931 1368 5002 probabilis
1397 4931 1723 5001 ignorantia
1752 4948 1849 4987 au-

188 5003 366 5075 ctoris
387 5003 1023 5075 ejusqueinvoluntaria
1044 5003 1341 5075 cespitatio
1360 5002 1662 5075 allegatur.
1685 5004 1846 5067 Quod

188 5073 431 5129 unicum
459 5073 546 5129 est
567 5092 665 5146 pro
703 5075 972 5131 Cassiano
989 5074 1333 5145 perfugium,
1356 5073 1693 5146 interclusis,
1714 5090 1843 5146 pro;

230 5149 320 5199 ter
344 5144 743 5201 auctoritatem
770 5144 1042 5216 Prosperi.
1068 5146 1153 5200 cui
1178 5147 1433 5199 Romana
1462 5145 1710 5216 Ecclesia
1730 5144 1846 5199 suf-

214 5219 420 5299 ragata
448 5222 554 5282 est,
576 5290 586 5299 υ
607 5219 875 5273 erunibus
908 5215 1171 5299 benignis
1220 5215 1477 5298 Cassiani
1507 5215 1563 5299 in
1613 5231 1842 5299 sensum

188 5286 541 5361 catholicum
576 5289 985 5361 interpretandi
1025 5286 1127 5342 viis
1157 5287 1459 5361 quasinire
1486 5286 1845 5361 aliqui_ante-

189 5358 301 5414 hac
326 5360 632 5414 infeliciter
656 5358 972 5425 tentarunt,
1021 5364 1079 5414 ut
1114 5358 1428 5413 monstravi
1464 5374 1476 5421 ;
1510 5374 1611 5412 nec
1640 5359 1846 5413 desunt

230 5431 285 5502 ui
309 5431 463 5485 idem
485 5432 799 5486 etiamnum
825 5431 1093 5502 cogitent,
1110 5434 1335 5492 eventu,
1352 5433 1413 5502 ut
1429 5445 1698 5502 auguror,
1726 5445 1842 5502 non

190 5448 285 5555 qui
309 5448 463 5485 idem
485 5448 799 5486 etiamnum
825 5448 1093 5502 cogitent,
1110 5448 1335 5492 eventu,
1352 5448 1413 5483 ιιι
1429 5448 1698 5498 auguror,
1726 5448 1842 5483 non

232 5501 481 5567 issimili,
519 5504 870 5574 consilioque
923 5518 1124 5573 parum
1160 5501 1455 5572 probabili.
1491 5501 1635 5574 Quid
1688 5501 1843 5574 enirn

195 5574 405 5627 attinet
432 5572 819 5629 collaudatam
852 5591 884 5628 a
916 5574 1157 5637 Gelasio,
1186 5589 1316 5627 cum
1338 5572 1557 5627 cmteris
1588 5572 1844 5642 Prosperi

195 5644 1002 5718 opusculis,impugnationem
1018 5644 1272 5699 Cassiani
1287 5648 1617 5718 retractare,
1632 5643 1845 5714 ipsum-

196 5732 302 5787 que
325 5715 505 5771 etiam
527 5714 867 5772 Cassianum
888 5718 1089 5772 eodem
1109 5718 1339 5771 decreto
1369 5716 1427 5769 in
1441 5714 1622 5785 plenis
1643 5731 1710 5769 ac
1727 5730 1841 5769 non

196 5787 481 5858 corruptis
509 5787 850 5844 editionibus
876 5788 1147 5844 sufﬁxum
1171 5788 1317 5843 velle
1344 5787 1677 5842 indemnem
1709 5802 1846 5856 pray-

196 5857 378 5927 stare,’
404 5858 477 5915 iis
504 5875 633 5932 quas
682 5862 952 5919 adversus
994 5875 1123 5917 cum
1154 5859 1461 5915 constituta
1490 5861 1642 5926 sunt,
1691 5857 1847 5918 labe-

1960 3241 2188 3281 movere
2211 3224 2373 3291 velle,
2409 3230 2509 3279 aut
2548 3224 2839 3295 deprecari
2874 3224 3093 3294 justam
3123 3241 3447 3287 censuram,
3508 3224 3609 3280 sed

1960 3297 2256 3351 innoxium
2297 3296 2616 3364 ostendere,
2675 3301 2732 3351 et
2776 3296 2935 3367 justo
2978 3295 3197 3366 judicio
3248 3295 3606 3366 interposito,

1958 3383 2243 3439 causaque
2263 3368 2517 3423 discussa
2542 3367 2820 3431 evincere,
2846 3367 3191 3438 judicemur.

2617 3464 2846 3519 CAPUT
2863 3463 2952 3518 IV.

1962 3554 2237 3625 Germana
2255 3552 2785 3625 Semipelagianismi
2809 3551 3145 3625 expositione
3169 3549 3455 3625 tradenda,
3485 3568 3611 3623 pro-

2032 3624 2246 3750 lqditur
2282 3623 2351 3679 ad
2374 3621 2652 3695 légitinam
2685 3621 2973 3681 Valeriani
3026 3622 3091 3677 ab
3137 3638 3201 3679 ea
3260 3621 3377 3679 labe
3440 3621 3612 3678 eriem-

2024 3711 2065 3765 ρ
2096 3711 2285 3751 wmm.

2028 3793 2081 3845 1.
2112 3792 2257 3855 Quia
2285 3791 2622 3845 criminator
2648 3791 2836 3846 dicam
2858 3788 3414 3861 Semipelagianismi
3447 3792 3607 3849 Vale-

1958 3861 2123 3916 riano
2148 3862 2399 3933 maxime
2424 3862 2711 3932 impingit,
2745 3862 2936 3917 minus
2989 3861 3059 3917 de
3110 3863 3331 3933 reliqua
3386 3880 3609 3920 accusa-

1956 3934 2111 4005 tione
2136 3932 2433 4005 sollicitus,
2459 3949 2646 4005 operas
2679 3932 2925 4003 pretium
2951 3937 3036 3988 est
3082 3932 3431 4003 praemittere
3482 3936 3609 4005 quis

1960 4003 2133 4058 fuerit
2152 4004 2743 4073 Semipelagianorum
2789 4020 3098 4072 germanus
3124 4020 3301 4070 error,
3335 4008 3474 4073 quot
3500 4003 3610 4058 'di-

1957 4080 2280 4144 screpantes
2302 4073 2371 4128 de
2401 4091 2467 4128 eo
2489 4073 2946 4144 sententimrsint,
2962 4078 3019 4127 et
3044 4074 3352 4127 verendum
3380 4074 3606 4128 videam

1958 4162 2027 4200 ne
2059 4143 2345 4199 Valeriani
2374 4144 2709 4216 criminator
2733 4143 2901 4216 aliter
2925 4143 3181 4216 fortassis
3202 4144 3609 4216 Semipelagia-

1956 4216 2207 4271 nismum
2241 4232 2412 4287 quam
2439 4231 2542 4287 par
2561 4214 2635 4287 sit
2657 4218 2714 4269 et
2739 4213 2947 4287 veritas
2972 4213 3147 4287 fferat
3181 4213 3605 4285 interpretetur,

1957 4291 2013 4343 et
2039 4284 2566 4342 idcircoifucus’ﬁat
2594 4284 2895 4356 imperitis.
2929 4286 3098 4355 quue
3126 4284 3387 4341 excutere
3418 4288 3473 4342 in
3523 4304 3607 4342 er-

1955 4375 2082 4414 rore
2114 4375 2227 4413 non
2253 4360 2396 4413 adeo
2436 4358 2629 4428 pervio
2670 4356 2856 4426 magis
2905 4356 3289 4428 necessarium
3337 4358 3603 4414 videtur:

1957 4430 2423 4501 quandoquidem
2441 4427 2608 4501 idem
2642 4428 2948 4501 Valeriano
2969 4427 3336 4501 mastix,qua
3349 4433 3436 4484 est
3464 4429 3608 4485 anti-

1956 4500 2189 4582 quitatis
2212 4500 2703 4582 Ecclesiasticae‘et
2727 4500 3020 4555 hmreseon
3053 4500 3348 4582 peritia‘ac
3394 4501 3608 4582 sagaci-

1957 4571 2075 4628 tate
2100 4574 2155 4627 in
2180 4573 2546 4643 pervadenda
2569 4572 2641 4643 ad
2673 4572 2795 4641 ipsa
2823 4587 3081 4625 errorum
3128 4571 3356 4636 cubilia,
3388 4571 3610 4628 Ariani-

1957 4660 2168 4708 smum,
2186 4642 2307 4714 quo
2332 4643 2423 4697 vix
2444 4642 2592 4697 ullus
2617 4642 2724 4697 fuit
2744 4642 2801 4697 in
2830 4643 3077 4697 Ecclesia
3096 4659 3255 4697 error
3280 4642 3471 4698 minus
3488 4661 3609 4700 am.

1958 4717 2177 4788 biguus,
2207 4730 2471 4788 nonesse
2498 4716 2566 4769 de
2588 4714 2782 4788 divino
2807 4715 2991 4788 Verbo
3022 4714 3079 4768 in
3120 4719 3328 4788 natura
3369 4718 3605 4788 tantum

1958 4786 2149 4841 divina
2187 4786 2546 4853 subsistente,
2581 4787 2679 4840 sed
2719 4786 2789 4840 de
2819 4786 3042 4840 Christo
3072 4802 3139 4840 ex
3196 4786 3503 4841 Divinitate
3549 4789 3608 4840 et

1956 4859 2318 4915 humanitate
2346 4856 3073 4927 compacto,accipiendum
3101 4858 3395 4913 contendit
3415 4855 3604 4927 ;quasi

1956 4930 2168 4984 idcirco
2192 4930 2468 4984 erraverit
2484 4926 2672 4991 Arius,
2696 4933 2751 4982 et
2773 4932 2856 4981 tot
2884 4929 3237 4997 synodorum
3270 4926 3607 4997 fulminibus

1956 5001 2230 5057 contritus
2259 5000 2352 5069 sit,
2375 5002 2525 5070 quod
2547 4999 2753 5053 dixerit
2771 4995 3059 5070 Christum
3095 5015 3217 5070 esse
3242 5001 3405 5070 Patre
3424 4995 3605 5050 mino-

1954 5088 2096 5128 rem.
2130 5074 2267 5136 Quae
2290 5067 2505 5141 quanta
2529 5069 2619 5132 sit,
2650 5074 2712 5123 ut
2736 5084 2912 5139 quam
2934 5069 3235 5122 mitissime
3261 5067 3470 5131 dicam,
3511 5083 3603 5121 ce-

1954 5144 2206 5213 spitatio,
2237 5142 2375 5195 nihil
2408 5141 2613 5195 attinet
2639 5155 3000 5213 exaggerare.

2024 5214 2074 5266 2.
2110 5212 2370 5283 Utigitur
2398 5228 2531 5266 vera
2563 5206 3118 5283 Semip'elagianismi
3149 5206 3353 5283 notitia
3398 5207 3607 5263 habea-

1952 5289 2063 5349 tur,
2096 5279 2342 5337 adeundi
2371 5287 2504 5337 sunt
2534 5279 2778 5352 Prosper
2802 5279 3151 5342 et‘Hilarius,
3180 5279 3275 5349 qui
3308 5280 3377 5335 de
3412 5296 3485 5352 eo
3514 5296 3605 5335 er-

1951 5370 2079 5409 rore
2107 5355 2179 5406 ad
2212 5354 2273 5407 D.
2309 5351 2690 5423 Augustinum
2734 5352 2919 5405 adhuc
2970 5354 3337 5423 superstitem
3384 5351 3606 5407 litteras

1952 5427 2251 5483 dederunt.
2280 5422 2652 5494 quaa’exstant
2682 5423 2930 5493 praefixae
2961 5422 3106 5477 libro
3126 5424 3189 5477 D.
3210 5423 3508 5494 Augustini
3535 5425 3606 5480 de

1955 5496 2459 5551 Pmdestinatione
2486 5497 2844 5566 Sanctorum.
2880 5495 2956 5548 Ex
2987 5494 3210 5564 quibus,
3246 5500 3308 5550 ut
3328 5496 3435 5551 hoc
3465 5512 3605 5566 prte-

1954 5569 2182 5646 mittam
2207 5567 2359 5646 quod
2385 5565 2835 5646 usumAaliquem
2868 5566 2923 5620 in
2948 5566 3068 5646 hoc
3124 5566 3353 5636 negotio
3392 5565 3605 5646 habere

1954 5644 2155 5711 potest,
2190 5636 2452 5711 constare
2479 5642 2615 5711 puto
2638 5636 2916 5711 Hilarium
2946 5637 3105 5691 illum
3127 5654 3241 5692 non
3273 5640 3602 5711 modo_non

1952 5708 2074 5767 esse
2101 5713 2156 5767 S.
2187 5710 2462 5765 Hilarium
2482 5708 2925 5775 ’Pictaviensem,
2981 5712 3045 5763 ut
3066 5714 3370 5765 senserunt
3421 5708 3605 5780 aliqui

1950 5784 2113 5839 relati
2155 5800 2187 5837 a
2214 5782 2460 5837 Baronio
2487 5783 2560 5837 ad
2582 5783 2746 5837 Rom.
2778 5780 3077 5853 Martyrol.
3110 5782 3143 5835 5
3163 5781 3312 5846 Maii,
3347 5780 3538 5853 littera
3558 5782 3599 5846 l,

1950 5859 2007 5911 et
2031 5855 2185 5912 idem
2204 5871 2306 5927 per
2333 5854 2543 5913 calami
2570 5853 2660 5911 vel
2686 5852 3026 5927 typographi
3050 5853 3474 5911 execrationem
3498 5852 3598 5909 ha-
