3986 6178
362 260 473 337 7'75

1211 256 1329 333 ΤΗ.
1378 254 1752 333 RAYNAUDI
1798 269 2151 330 APOLOGIA
2196 270 2336 331 PRO
2377 273 2437 331 S.
2482 264 2913 332 VALERIANO.

3632 278 3754 336 776

357 410 522 465 betur
542 407 694 476 apud
730 404 983 461 Cassiani
1012 405 1408 476 glossatorem,
1433 402 1506 476 ad
1527 402 1565 456 l.
1595 418 1670 476 sn
1693 402 1762 455 de
1782 400 1921 476 Inst:
1948 416 2004 457 c.
2042 403 2090 464 Α
2120 400 2518 472 ligentissimo,
2541 402 2703 476 quod
2720 401 3001 476 Hilarium
3032 402 3203 457 istum
3227 402 3526 476 Augustini
3548 405 3762 460 studio-

360 480 427 535 13
454 470 1373 553 (hallucinationeplanegemina
1403 473 1583 553 eique
1609 470 1846 553 impegit
1883 472 2015 526 Era-

360 542 518 606 smus
548 550 603 605 in
624 549 771 603 notis
800 549 872 602 ad
901 542 1169 601 Eucherii
1174 542 1564 614 Paraenesim),
1589 544 1689 598 sed
1702 542 1876 597 etiam
1897 558 2010 614 non

359 638 481 677 esse
513 620 789 677 Hilarium
821 618 1205 672 Arelatensem
1234 614 1591 686 episcopum,
1609 618 1673 669 ut
1698 613 1907 686 passim
1930 613 2014 668 af-

359 693 639 747 ﬁrmatur.
664 692 809 744 Nam
838 687 1084 742 Hilarius
1128 685 1443 757 episcopus
1470 685 1816 757 Arelatensis
1868 701 2013 739 unus

360 763 467 817 fuit
491 778 685 817 eorum
719 759 825 840 qui
832 760 1103 813 adversus
1124 760 1185 838 D_.
1210 756 1592 840 Augustinum
1614 756 1877 840 querelas
1894 772 2015 809 mo-

360 836 579 888 verunt.
617 827 760 885 Audi
791 832 1130 899 Prosperum
1163 829 1219 882 in
1250 829 1402 889 calce
1427 827 1679 899 epistolae
1711 828 1785 882 ad
1828 829 2014 899 Augu-

360 903 571 957 stinum
602 918 612 956 :
639 897 945 971 Speramus
969 916 1075 953 non
1103 899 1273 953 solum
1301 897 1621 971 tenuitatem
1651 902 1882 971 nostram
1914 897 2014 971 7di-

359 969 733 1043 sputationum
761 978 977 1026 tuarum
1012 971 1267 1043 prasidio
1317 970 1696 1043 roborandam,
1728 969 1816 1043 sed
1845 970 2013 1043 etiam

360 1040 504 1114 ipsos
543 1060 668 1113 quos
697 1043 911 1097 meritis
939 1048 1097 1111 atque
1127 1042 1417 1114 honoribus
1446 1042 1630 1114 claros
1654 1040 2014 1114 caligoistius

358 1112 640 1184 opinionis
667 1114 939 1179 obscurat,
970 1113 1460 1182 defwcatissimum
1488 1112 1671 1167 lumen
1693 1113 1910 1184 gratia;
1932 1127 2018 1163 re-

357 1182 619 1257 cépturos.
651 1185 792 1239 Nam
816 1201 983 1257 unum
1032 1200 1215 1238 eorum
1256 1186 1537 1254 praecipue
1578 1182 1935 1257 ductoritatis
1966 1187 2015 1235 et

357 1252 734 1327 spiritualium
750 1255 1055 1327 studiorum
1074 1252 1282 1327 virum,
1301 1252 1548 1327 sanetum
1571 1254 1851 1327 Hilarium
1877 1252 2011 1306 Are-

361 1324 613 1381 latensem
643 1328 948 1395 episcopum
976 1325 1112 1379 sciat
1164 1326 1444 1380 beatitudo
1474 1333 1569 1379 tua
1620 1324 2014 1395 admiratorem

356 1394 769 1467 sectatoremque
795 1394 855 1450 in
884 1396 1009 1467 aliis
1046 1396 1294 1467 omnibus
1325 1404 1429 1450 tua:
1465 1411 1581 1467 esse,
1632 1394 1918 1467 doctrinm,
1962 1400 2013 1448 et

356 1468 417 1522 de
446 1469 539 1524 hoc
563 1465 705 1539 quod
734 1467 791 1521 in
820 1466 1094 1538 querelam
1124 1466 1322 1529 trahit,
1335 1465 1666 1591 jampridem
1682 1465 1825 1537 apud
1852 1480 2011 1519 sanc-

357 1540 575 1591 titatem
608 1546 776 1591 tuam.
811 1554 1018 1591 sensum
1042 1555 1196 1591 suum
1222 1553 1319 1591 per
1363 1544 1555 1591 ttteras
1585 1537 1720 1591 velle
1747 1536 2007 1591 conferre.

357 1536 588 1594 titatem'
608 1546 776 1603 tuam,
811 1536 1018 1593 sensum
1042 1555 1196 1592 suum
1217 1553 1319 1608 per
1340 1536 1555 1593 litteras
1585 1537 1720 1592 velle
1747 1536 2007 1605 conferre.

354 1609 458 1665 Sed
485 1610 615 1680 quia
644 1618 833 1664 utrum
866 1610 958 1662 hoc
981 1609 1247 1678 facturus,
1272 1616 1365 1662 aut
1395 1625 1501 1680 quo
1524 1609 1628 1680 ﬁne
1646 1609 1715 1661 sit
1739 1608 2008 1677 facturus,

354 1679 627 1737 incertum
668 1688 762 1749 est,
798 1684 906 1736 etc.
938 1681 1205 1749 Expende
1231 1679 1697 1749 particulasillas,
1730 1694 1899 1732 unum
1928 1693 2013 1749 eo-

2121 489 2269 546 sum,
2309 489 2421 546 non
2451 477 2585 527 tunc
2610 472 2842 546 quidem
2870 490 3001 546 cum
3027 472 3407 546 Augustinum
3440 474 3765 546 interpella-

2122 544 2220 616 vit,
2250 544 2349 616 sed
2385 548 2600 616 postea,
2635 543 2805 616 fuisse
2849 543 3248 616 Arelatensem
3279 543 3603 616 episcopum
3646 550 3766 601 sta-

2122 615 2248 678 tuit,
2278 614 2440 668 illum
2470 614 2656 685 ipsum
2684 614 2959 670 Hilarium
2988 615 3212 685 quinon
3242 614 3769 673 minuseruditione

2122 693 2176 741 et
2200 685 2527 756 eloquentia
2551 702 2723 756 quam
2751 686 3047 741 nobilitate
3073 686 3278 741 claruit
3305 704 3373 742 ac
3424 688 3593 743 etiam
3630 705 3766 743 san-

2121 756 2316 829 ctitate
2365 774 2378 822 ;
2427 774 2557 811 cum
2600 773 2732 811 vero
2785 756 3170 829 Augustinum
3228 758 3632 829 interpellaret,
3682 760 3768 814 ait

2123 827 2299 903 [uisse
2313 829 2631 903 dumtaxat
2654 828 3189 903 presbyterum._lta
3235 827 3427 903 habet
3452 846 3612 903 anno
3642 829 3765 903 44

2120 898 2325 953 Christi
2354 899 2479 964 426,
2500 914 2663 953 num.
2694 898 2781 963 20,
2806 902 2862 953 et
2893 916 3047 953 anno
3064 900 3369 969 430,num.
3404 900 3490 965 89,
3524 904 3579 955 et
3608 898 3766 956 anno

2121 970 2249 1042 Mt,
2279 986 2438 1042 num.
2488 970 2540 1035 3,
2568 970 2851 1042 pleneque
2904 970 2961 1025 in
3008 971 3189 1042 Rom.
3223 971 3599 1042 Martyrolog.
3632 972 3704 1026 ad
3732 973 3768 1026 5

2122 988 2246 1031 Ms,
2279 988 2438 1024 num.
2488 988 2851 1093 o,lp1eneque
2904 988 2961 1025 1n
3024 988 3189 1025 nom.
3223 988 3599 1042 martyroxog.
3632 988 3704 1026 ad
3732 988 3764 1026 δ

2122 1039 2273 1101 Maii,
2332 1039 2521 1095 littera
2593 1081 2605 1093 .
2668 1040 2801 1095 Haec
2849 1057 2915 1095 ex
2962 1040 3126 1096 dictis
3178 1058 3276 1110 per
3328 1058 3386 1097 se
3437 1042 3764 1098 concidunt.

2123 1110 2612 1184 Qstensumenim
2639 1115 2743 1184 est,
2772 1128 2900 1166 cum
2949 1111 3407 1184 Augustinusab
3456 1112 3669 1168 Hilario
3708 1119 3769 1169 et

2122 1182 2403 1253 Prospero
2433 1182 2911 1253 interpellaretur,
2962 1182 3240 1238 celebrem
3278 1183 3438 1238 illum
3487 1183 3769 1239 Hilarium

2120 1252 2514 1325 Arelatensem
2540 1254 2671 1325 jam
2697 1252 2869 1325 fuisse
2902 1254 3174 1325 adeptum
3200 1270 3328 1308 eam
3359 1255 3572 1319 sedem,
3608 1260 3667 1309 et
3695 1256 3767 1309 ab

2121 1324 2201 1404 iis.
2220 1324 2357 1404 ipsis
2379 1323 2675 1404 Augustini
2706 1323 3281 1404 interpellatoribus,“
3301 1325 3651 1404 vo_catum_in
3680 1342 3768 1404 sn:

2120 1395 2454 1467 spicionem.
2494 1396 2635 1450 Item
2668 1399 3049 1467 monstratum
3081 1399 3167 1450 est
3195 1395 3666 1467 Hilariumcujus
3686 1402 3772 1451 est

2121 1465 2362 1536 epistola
2413 1467 2483 1520 ad
2515 1465 2899 1538 Augustinum
2920 1467 3201 1538 adversus
3244 1465 3770 1538 iSemipelag‘ianos,

2119 1553 2249 1591 cum
2270 1553 2397 1609 eam
2422 1536 2710 1609 scriberet,
2729 1552 2844 1591 non
2872 1537 2980 1592 nisi
2998 1536 3208 1592 laicum
3233 1536 3505 1607 fuisse,ac
3528 1536 3775 1609 proinde

2118 1580 2249 1662 ἶιῦὶῖ
2265 1580 2869 1678 ἔιῆἰῗίἷιῖὲῖἑέἑῐῆῐὲἑ.

2189 1680 2278 1761 E_x_
2296 1678 2603 1761 quopbiter
2616 1681 2895 1761 praeterea
2914 1677 3356 1761 deprehenditur
3374 1679 3593 1761 smbig'i‘
3603 1696 3777 1761 posse

355 1768 499 1816 rum,
533 1751 725 1821 utique
752 1747 1423 1821 adversus—Augustinum
1454 1749 1770 1820 agentium,
1799 1750 1869 1803 de
1890 1747 2009 1818 qui-
2038 1759 2083 1817 Β
2120 1766 2193 1805 an
2225 1747 2323 1803 hic
2341 1749 2584 1804 Hilarius
2602 1747 2860 1821 diversus
2888 1750 2960 1803 sit
2984 1747 3319 1821 statuendus
3341 1751 3409 1805 ab
3436 1747 3774 1805 illo'Hilario

359 1823 459 1876 bus
477 1839 665 1877 sermo
692 1834 849 1887 erat;
874 1826 931 1875 et
958 1822 1016 1873 in
1049 1822 1178 1874 aliis
1205 1822 1465 1885 omnibus,
1503 1838 1639 1875 nam
1671 1821 1860 1891 quoad
1915 1835 2007 1874 ne-

354 1892 597 1964 gotium,
632 1894 702 1947 de
732 1908 844 1961 quo
877 1895 1116 1964 Prosper
1158 1896 1278 1964 tota
1330 1891 1590 1962 epistola,
1652 1897 1821 1961 atque
1865 1891 2009 1964 adeo

356 1960 545 2034 quoad
567 1960 819 2034 errorem
850 1960 1392 2034 Semipelagianum',
1428 1978 1542 2016 non
1575 1967 1697 2017 erat
1730 1960 2006 2034 ’Augusti-

359 2032 543 2088 nianaa
571 2033 845 2088 doctrinae
885 2032 1223 2097 admirator,
1294 2033 1410 2087 imo
1458 2050 1588 2088 eam
1633 2033 1695 2088 in
1740 2033 2012 2097 querelam

358 2104 601 2161 habebat.
634 2106 701 2159 Et
721 2106 958 2174 Prosper
979 2103 1192 2173 liquido
1218 2108 1478 2168 testatur,
1500 2121 1559 2159 se
1589 2121 1720 2159 eum
1747 2103 2013 2158 habuisse

358 2180 704 2246 suspectum,
734 2191 863 2229 cum
896 2174 1116 2229 dubitet
1140 2192 1252 2245 quo
1283 2175 1396 2229 fine
1426 2179 1574 2230 esset
1611 2192 1741 2229 cum
1799 2178 2015 2245 Augus-

359 2245 479 2302 tino
513 2264 613 2317 per
642 2246 863 2301 litteras
890 2250 1137 2310 acturus,
1163 2247 1315 2317 quod
1334 2262 1393 2300 se
1423 2245 1815 2317 praestiturum
1862 2262 2015 2317 rece-

358 2315 530 2373 derat
544 2336 557 2382 ;
591 2325 652 2373 ut
676 2322 905 2388 propter
933 2334 1001 2371 ea
1030 2315 1197 2386 plane
1222 2315 1483 2371 videatur
1538 2316 1785 2371 Hilarius
1823 2315 2015 2388 Arela-

356 2389 533 2444 tensis
562 2389 609 2443 is
640 2387 815 2443 fuisse
835 2394 885 2442 et
914 2392 1037 2442 vita:
1077 2389 1289 2442 meritis
1328 2388 1665 2451 antecedens,
1720 2394 1768 2442 et
1822 2387 2013 2457 adepto

356 2477 535 2529 nuper
566 2475 780 2516 summo
808 2460 1104 2514 sacerdotii
1131 2459 1334 2514 honore
1369 2458 1789 2529 supereminens,
1828 2458 1906 2512 ad
1923 2474 2013 2513 cu-

343 2532 440 2602 jus
471 2533 856 2602 auctoritatem
883 2547 937 2583 se
964 2547 1150 2599 parem
1173 2529 1724 2602 nonqesse,_agno_scit
1771 2529 2013 2600 Prosper

352 2603 556 2659 eadem
591 2601 849 2672 epistola.
884 2602 1168 2655 Numerus
1222 2600 1375 2655 enim
1414 2600 1668 2671 pluralis,
1727 2616 1887 2671 quem
1943 2616 2010 2655 eo

350 2674 489 2728 item
521 2671 646 2728 loco
678 2671 927 2737 adhibet,
961 2672 1126 2727 facile
1155 2672 1355 2727 referri
1387 2676 1575 2742 potest
1626 2672 1698 2727 ad
1754 2687 2010 2726 commu-

351 2760 483 2800 nem
506 2744 773 2815 loquendi
796 2745 1035 2798 modum
1058 2744 1127 2798 de
1159 2743 1369 2813 aliquo,
1403 2760 1531 2797 cum
1556 2742 1677 2813 ejus
1704 2759 1915 2798 nomen
1941 2759 2008 2797 ex

348 2832 519 2872 causa
544 2814 839 2886 premitur.

419 2906 470 2959 ls
497 2920 629 2959 vero
655 2902 901 2958 Hilarius
926 2904 1087 2975 cujus
1110 2902 1345 2975 epistola
1369 2903 1440 2957 ad
1477 2901 1856 2975 Augustinum
1914 2916 2005 2975 ex:

350 2980 484 3041 stat,
517 2991 631 3030 non
663 2976 837 3029 modo
866 2990 979 3028 non
994 2973 1129 3028 erat
1150 2973 1465 3043 episc0pus.
1502 2989 1635 3027 cum
1666 2973 1905 3043 Prosper
1934 2973 2007 3043 ad

350 3046 827 3129 Augustinumde
858 3045 964 3129 hoc
990 3042 1220 3129 negotio
1251 3042 1431 3129 deque
1456 3042 1670 3129 Hilario
1683 3042 2004 3129 Arel‘atensi

352 3114 615 3188 epi3c0po
646 3116 931 3182 scriberet,
957 3116 1054 3188 sed
1073 3115 1260 3188 etiam
1295 3114 1468 3188 laicus
1520 3114 1691 3188 fuisse
1740 3114 2003 3188 videtur;
2042 3126 2086 3185 ο

352 3184 813 3260 quandoquidem
842 3187 1050 3260 sutead
1071 3185 1139 3260 1).Δ
1165 3184 1545 3260 Augustinum
1577 3184 1899 3260 scriptionis
1923 3201 2011 3238 ra-

352 3255 570 3315 tionem
597 3255 803 3322 reddit,
829 3257 987 3328 quod
1011 3257 1075 3310 D.
1095 3255 1420 3328 Augustini
1457 3255 1879 3328 contradictores
1935 3272 2012 3310 es-

350 3339 469 3386 sent
510 3348 577 3385 ea:
620 3334 782 3400 parte
820 3326 971 3393 tales,
1006 3326 1623 3397 quibus’consuetudine
1652 3326 2011 3400 ecclesiastica

348 3401 525 3457 laicos
563 3396 851 3455 summam
907 3396 1285 3453 reverentiam
1341 3413 1570 3452 necesse
1619 3396 1692 3450 sit
1738 3398 2006 3452 exibere:

387 3474 497 3528 uod
524 3472 606 3527 ita
637 3488 695 3526 se
724 3475 1013 3526 servatum
1038 3468 1247 3534 subdit,
1283 3472 1343 3522 ut
1365 3472 1561 3521 tamen
1588 3468 1847 3522 modeste
1904 3484 2006 3537 pro

387 3491 497 3528 uoa
524 3491 606 3527 lla
637 3491 695 3526 se
724 3491 1013 3526 servatum
1038 3491 1247 3534 SUUUIL,
1284 3491 1343 3522 υι
1367 3491 1561 3521 ιδιιιειι
1589 3491 1847 3522 ιιιυυεδιυ
1904 3491 2006 3537 pro

349 3491 666 3620 Augustino
686 3541 869 3620 egerit
893 3539 1434 3620 quseliquetcadere
1474 3538 1531 3619 in_
1588 3537 1817 3620 laicum,
1861 3538 2006 3620 Quid

349 3608 501 3694 quod
524 3608 772 3694 Hilarius
799 3608 1144 3694 Arelatensis
1165 3609 1460 3694 episeopus
1482 3608 1580 3694 vir‘
1618 3608 1723 3694 fuit
1767 3614 1825 3663 et
1877 3610 2008 3694 do‘c-

349 3679 623 3747 tissimus,
655 3687 711 3737 et
738 3683 889 3753 quod
912 3682 1035 3753 ejus
1062 3679 1857 3753 superstiteslucubrationes
1899 3679 2004 3753 ali-

349 3770 474 3824 quae
502 3750 771 3823 produnt,
830 3750 1344 3824 eloquentissimus.
1402 3751 1510 3824 Hic,
1550 3767 1699 3824 vero
1738 3750 2002 3824 Hilarius,

349 3821 796 3893 haudquaquam
816 3839 875 3877 se
897 3821 1042 3894 stylo
1069 3822 1317 3877 similem
1340 3822 1552 3894 Hilario
1574 3821 1893 3894 Arelatensi
1914 3838 2006 3877 ex-

350 3894 508 3965 hibet
528 3892 594 3948 in
617 3892 781 3965 epist.
811 3892 1004 3959 citata,
1030 3894 1085 3947 in
1116 3894 1279 3965 cujus
1317 3893 1491 3948 etiam
1519 3893 1671 3949 calce
1695 3892 1905 3948 fatetur
1944 3908 2005 3948 se

350 3964 794 4021 tenuitatis’suaa
825 3964 1467 4020 conscientia’adactum
1493 3980 1661 4034 agere
1713 3980 1835 4018 cum
1862 3966 1999 4029 viro,

352 4036 556 4108 inquit,
594 4045 706 4093 tum
734 4036 995 4104 moribus,
1028 4044 1145 4091 tum
1173 4036 1542 4108 eloquio,tum
1563 4037 2003 4099 studioclaro,ut

351 4107 552 4189 quanta
576 4112 755 4189 posset
774 4108 998 4189 collecta
1024 4108 1137 4162 suis
1156 4107 1355 4189 litteris
1380 4108 1691 4189 intimaret,
1723 4122 2004 4189 quascon-

343 4178 684 4249 junctas’his
714 4179 1211 4233 destinarecuravi.
1246 4178 1345 4232 Est
1373 4181 1513 4231 enim
1543 4178 1692 4239 talis,
1718 4178 1999 4249 quietiam

352 4258 555 4320 prater
575 4250 713 4305 hanc
738 4254 1100 4306 necessitatem
1133 4249 1332 4318 dignus
1360 4256 1476 4320 tuae
1499 4248 1839 4320 _sanctitatis
1858 4247 2001 4320 notis

354 4317 433 4375 tia
450 4322 752 4392 judieetur.
783 4323 918 4392 Quae
958 4323 1153 4392 aperte
1169 4320 1382 4372 cadunt
1409 4319 1466 4371 in
1498 4317 1878 4392 Prosperum,_
1904 4318 1997 4387 qui

347 4408 407 4469 se
428 4388 842 4469 Augustin9__de
866 4388 1013 4469 facie
1038 4389 1305 4469 ignotum.
1324 4392 1570 4469 testatur
1591 4388 1752 4469 initio
1794 4389 2001 4469 episto-

2121 1823 2485 1892 Syracusano
2516 1820 2613 1890 qui
2639 1820 2807 1892 longe
2824 1819 3153 1892 anteriusin
3182 1837 3356 1892 causa
3387 1821 3593 1892 Pelagii
3628 1827 3770 1877 tunc

2120 1891 2396 1973 in_Sicilia
2425 1892 2704 1973 versantis
2732 1891 3113 1973 Augustinum
3134 1891 3470 1973 pulsav‘it‘iis
3504 1892 3776 1973 quaestio-

2120 1961 2285 2043 nibus
2313 1979 2435 2043 qua:
2462 1963 2613 2043 apud
2645 1961 3023 2043 Aﬁinigustinum
3074 1961 3237 2043 epist.
3275 1962 3344 2017 88
3392 1961 3676 2034 leguntur,
3712 1968 3775 2019 et

2119 2036 2442 2105 enodantur
2469 2032 2633 2105 epist.
2659 2032 2750 2105 89,
2775 2032 2866 2087 ubi
2900 2032 3399 2105 Augustinuseum
3420 2032 3647 2105 semper
3672 2052 3775 2089 vo-

2119 2109 2212 2159 cat
2240 2104 2441 2159 ﬁlium.
2486 2103 2561 2160 Eo
2609 2104 2763 2159 enim
2815 2103 3463 2174 gustu'Augustinianm
3496 2103 3773 2160 doctrinm

2120 2120 2212 2159 cat
2240 2120 2441 2159 unum.
2486 2120 2561 2160 no
2609 2120 2763 2159 enim
2853 2120 2982 2159 ustu
3033 2120 3463 2174 augusunianm
3496 2120 3772 2160 doctrinm

2120 2178 2406 2246 percepto,
2437 2174 2735 2246 potuithic
2764 2120 3009 2229 Hﬁarius
3040 2176 3112 2230 ad
3133 2175 3512 2246 Augustinum
3530 2175 3587 2230 in
3616 2176 3772 2230 Afri-

2120 2244 2248 2319 cam
2280 2244 2533 2319 pergere.
2566 2244 2889 2319 salubribus
2915 2246 3049 2319 ejus
3069 2244 3334 2319 uberibus
3366 2263 3616 2317 praesens
3636 2318 3643 2319 γ
3664 2264 3773 2319 nu-

2122 2264 2248 2301 cam
2272 2264 2533 2371 lpergere.
2566 2264 2889 2300 saiunrinus
2915 2264 3039 2319 ejus
3069 2264 3334 2301 unerinus
3366 2264 3616 2317 praesens
3664 2264 3773 2302 nu-

2122 2318 2283 2399 trien.
2314 2334 2377 2371 us
2402 2333 2415 2383 ;
2448 2316 2877 2399 quo‘b‘eneﬁcio
2933 2316 3205 2399 excidisse
3234 2334 3581 2399 magnopere
3603 2318 3774 2399 dolet

2120 2389 2224 2460 sub
2249 2388 2423 2460 finem
2449 2388 2702 2460 epistola:
2733 2388 3005 2460 adversus
3022 2388 3530 2460 Semipelagianos,
3549 2389 3773 2444 addens

2120 2458 2178 2514 id
2208 2459 2317 2516 sibi
2365 2457 2619 2513 maxime
2650 2457 2921 2513 accidisse
2950 2458 3139 2514 fratris
3184 2457 3377 2528 causa,
3421 2476 3591 2530 quem
3635 2477 3768 2515 cum

2120 2535 2384 2585 matrona
2414 2546 2517 2584 sua
2536 2530 2951 2585 continentiam
2995 2530 3318 2600 professum
3353 2531 3667 2594 renuntiat,
3701 2548 3773 2587 ex

2121 2600 2317 2657 Galliae
2347 2618 2447 2655 ora
2473 2600 2789 2672 maritima,
2819 2601 2969 2655 unde
3008 2600 3117 2672 dici
3144 2604 3334 2671 posset
3371 2603 3445 2656 ad
3503 2603 3773 2672 Augusti-

2119 2689 2261 2743 num,
2288 2671 2599 2743 scripsisse,
2630 2671 2747 2727 sive
2772 2670 2829 2726 in
2851 2671 3118 2738 transitu,
3142 2670 3258 2727 sive
3278 2672 3472 2743 aliqua
3498 2689 3566 2727 ex
3594 2670 3773 2729 causa

2118 2760 2184 2799 eo
2210 2742 2516 2799 divertens.

2190 2816 2327 2868 Cum
2360 2831 2496 2870 vero
2533 2813 2641 2885 hoc
2669 2812 3033 2885 ambiguum”
3060 2812 3266 2885 videri__
3287 2813 3480 2885 possit,
3512 2814 3772 2885 explora-

2118 2889 2239 2966 tum
2267 2890 2461 2966 tamen
2485 2884 2919 2966 arbitrdrjllum
2964 2883 3139 2966 alium
3180 2883 3461 2966 Hliarium
3499 2883 3675 2966 quem
3703 2889 3766 2942 D.

2122 2957 2471 3027 Augustinus
2497 2955 2661 3027 epist.
2684 2955 2753 3027 94
2780 2955 2849 3027 de
2878 2955 3090 3027 recenti
3112 2971 3303 3027 errore
3332 2955 3544 3027 Pelagii
3570 2958 3771 3011 admo-

2120 3025 2235 3091 net,
2257 3028 2327 3082 ab
2352 3025 2565 3083 Hilario
2592 3025 3185 3096 Semipelagianorum
3209 3026 3462 3081 delatore
3478 3025 3769 3083 diversum

2117 3114 2257 3151 esse.
2292 3097 2387 3152 Ille
2417 3096 2571 3168 enim
2606 3096 2751 3151 alius
2775 3096 3019 3151 Hilarius
3049 3098 3424 3168 consacerdos
3470 3102 3528 3153 et
3571 3103 3770 3168 pastor

2118 3186 2150 3222 a
2183 3170 2247 3239 Ι).
2281 3166 2999 3239 Αυευδιίηοᾲγοο-δωῃ-εᾳ
3049 3166 3214 3239 epist.
3262 3167 3352 3236 94,
3397 3185 3528 3223 cum
3572 3166 3767 3224 tamen

2116 3237 2696 3309 Hilarius—Augustini
2728 3237 3049 3301 familiaris,
3080 3237 3258 3309 laicus
3285 3242 3370 3305 (ut
3399 3239 3540 3309 dixi)
3570 3239 3766 3305 fuerit,

2117 3314 2374 3365 extrema
2402 3308 2572 3363 aetate
2591 3309 2655 3361 D.
2681 3309 3001 3379 Augustini.
3034 3308 3271 3364 Videtur
3302 3326 3436 3379 ergo
3460 3310 3633 3365 fuisse
3683 3311 3767 3365 Hi-

2113 3380 2289 3435 larius
2314 3379 2701 3435 Narbonensis
2733 3380 2933 3450 primaa
2968 3380 3306 3451 (episcopus,
3326 3382 3419 3451 qui
3446 3386 3583 3436 tunc
3604 3381 3769 3436 ﬂore-

2114 3452 2230 3505 bat.
2264 3452 2411 3505 Nam
2442 3451 2747 3519 quominus
2777 3451 3087 3505 concedam
3115 3467 3237 3505 esse
3266 3451 3543 3507 Hilarium
3570 3452 3763 3507 Arela-

2114 3528 2333 3577 tensem
2364 3521 2691 3591 episcopum
2718 3521 2866 3576 ratio
2902 3521 3179 3592 temporis
3214 3538 3328 3576 non
3351 3522 3586 3592 patitur.
3619 3523 3765 3577 Data

2112 3593 2261 3647 enim
2289 3596 2375 3648 est
2402 3609 2471 3647 ea
2490 3592 2793 3664 Augustini
2816 3591 3191 3664 epistolasub
3217 3591 3553 3650 Innocentio
3574 3594 3761 3664 primo

2112 3680 2266 3718 anno
2297 3662 2505 3717 Christi
2534 3662 2658 3731 421,
2701 3668 2768 3717 ut
2813 3662 2909 3727 ibi,
2966 3679 3022 3716 n.
3063 3663 3116 3727 5,
3152 3664 3418 3719 observat
3458 3662 3755 3727 Baronius,

2114 3752 2223 3805 quo
2246 3739 2501 3804 tempore
2533 3734 2772 3789 Hilarius
2798 3733 2915 3805 sedi
2938 3733 3256 3788 Arelatensi
3281 3736 3539 3789 nondum
3573 3736 3761 3790 fuerat

2151 3806 2433 3861 rtefectus.
2457 3806 2603 3876 Nam
2622 3804 2891 3876 successit
2920 3805 2976 3859 S.
3005 3805 3318 3865 Honorato.
3342 3805 3437 3875 qui
3459 3806 3607 3861 sedit
3635 3811 3758 3876 post

2151 3823 2433 3861 raeiectus.
2457 3823 2603 3859 nam
2622 3823 2891 3860 successu
2920 3823 2976 3859 δ.
3006 3823 3318 3865 nonoraio.
3342 3823 3437 3875 qui
3459 3823 3607 3861 seuit
3635 3823 3754 3876 post

2111 3823 2456 3956 llatroclum.
2591 3875 2701 3940 hic,
2730 3876 3195 3956 testeMProspeg
3215 3876 3271 3929 in
3304 3876 3604 3956 Chronicd,
3656 3893 3754 3932 ca:-

2111 3964 2206 4001 sus
2235 3952 2320 4002 est
2363 3946 2626 4011 Arelatis,
2659 3963 2809 4001 anno
2857 3945 3062 4001 Christi
3092 3947 3216 4012 426,
3272 3949 3505 4002 sedente
3558 3949 3753 4003 Romae

2111 4017 2438 4085 Caelestino,
2471 4017 2559 4072 cui
2590 4017 2891 4088 praeiverat
2933 4017 3314 4088 Innocentius,
3347 4034 3595 4088 eumque
3626 4023 3753 4074 ante

2111 4035 2438 4085 umiesuno,
2471 4035 2559 4072 cui
2628 4035 2891 4073 rmiverat
2933 4035 3314 4083 innocentius,
3347 4035 3595 4088 eumque
3626 4035 3753 4074 ante

2111 4088 2478 4144 Caelestinum
2528 4035 2812 4142 subsecuti
2860 4087 3118 4143 Zozimus
3167 4094 3223 4143 et
3276 4089 3656 4156 Bonifacius;
3697 4094 3755 4144 ut

2110 4160 2469 4241 perspicuum
2499 4159 2573 4241 sit
2598 4160 2855 4241 nondum
2886 4175 2983 4241 per
3000 4176 3075 4240 ea
3097 4164 3360 4241 tempora
3386 4160 3670 4241 Hilarium
3695 4160 3754 4214 ti-

2108 4230 2228 4284 tulo
2246 4229 2680 4301 consacerdotis
2708 4234 2763 4283 et
2800 4230 3044 4299 pastoris
3083 4229 3332 4301 potuisse
3361 4229 3516 4285 afﬁci
3539 4233 3615 4287 ab
3644 4234 3751 4287 Au-

2106 4301 2357 4372 gustino.
2397 4300 2478 4355 At
2504 4301 2573 4355 de
2601 4300 2692 4356 his
2716 4302 2875 4356 satis.

2177 4390 2229 4443 3.
2259 4390 2333 4444 Ex
2362 4389 2567 4444 horum
2599 4388 2773 4460 igitur
2793 4388 3103 4460 Augustini
3133 4389 3437 4460 aequalium
3455 4395 3514 4445 et
3531 4392 3755 4446 studio-

348 4461 435 4527 lae,
460 4458 674 4517 et'cum
698 4458 1387 4545 Hilariopro‘lltugustino
1422 4460 1575 4545 apud
1630 4458 1996 4545 Caelestinum
2031 4470 2075 4527 1)
2108 4458 2736 4545 sissimorumepistOIis
2765 4458 3445 4545 liqlue‘t‘sub‘ext‘remam.
3478 4462 3543 4516 D.
3572 4466 3754 4545 Augu-

386 4549 556 4601 apam
590 4536 786 4602 postea
814 4529 989 4602 stetit.
1034 4531 1077 4582 A
1132 4546 1445 4602 quocum”
1474 4534 1713 4602 uterque
1765 4535 2000 4586 vocetur

386 4550 556 4601 epam
590 4550 786 4602 posnea
814 4550 989 4584 stem.
1034 4550 1077 4582 Α
1132 4550 1243 4599 quo
1296 4550 1423 4585 cum
1474 4550 1713 4600 uterque
1765 4550 1999 4586 vocetur

347 4550 517 4667 ﬁlius,
551 4619 618 4658 ea
637 4602 763 4672 ipsa
786 4599 1163 4672 epistolapqua
1192 4599 1287 4654 alii
1305 4600 1449 4655 Galli
1472 4601 1740 4672 episc0pi,
1764 4603 1837 4655 ad
1857 4618 1999 4671 quos

348 4672 559 4743 scripta
587 4670 691 4736 est,
719 4670 993 4726 vocantur
1022 4670 1266 4743 fratres;
1296 4688 1446 4743 cum
1488 4670 1625 4727 item
1666 4670 1911 4743 uterque
1965 4690 1999 4728 a

347 4740 478 4799 divo
508 4748 746 4815 August.
772 4747 1007 4815 vocetur
1026 4740 1392 4815 ﬁlius,iinitio
1422 4743 1550 4815 libri
1584 4744 1653 4797 de
1709 4740 1987 4815 Praédest.

348 4818 565 4881 Sanct.,
596 4813 887 4887 perspicue
913 4813 1107 4887 haberi
1130 4813 1352 4887 videtur
1376 4829 1446 4868 ne
1494 4814 1834 4887 Prosperum
1879 4813 1999 4887 qui~

346 4889 478 4943 dem
509 4904 575 4943 eo
597 4883 860 4957 tempore
872 4885 1207 4957 episc0pum
1233 4884 1425 4957 fuisse,
1458 4900 1522 4937 ac
1538 4883 1795 4957 fortassis
1820 4883 1995 4957 etiam

345 4975 528 5031 neque
559 4954 777 5031 postea,
808 4954 938 5011 cum
967 4973 999 5010 a
1026 4954 1294 5031 G’elasio,_
1315 4954 1628 5025 Fulgentio,
1664 4955 1995 5011 Marcellino

345 5025 575 5087 Comite
594 5034 651 5085 et
678 5029 805 5085 aliis
835 5044 966 5082 eum
1015 5025 1348 5091 subsecutis,
1400 5042 1722 5097 numquam
1764 5030 1996 5083 vocetur

342 5102 658 5185 episcopus,
688 5105 751 5184 ut
766 5098 981 5183 passim
1004 5098 1100 5180 alii
1133 5097 1189 5152 in
1221 5096 1430 5153 Gelasii
1456 5096 1704 5165 decreto,
1738 5098 1837 5153 sed
1863 5103 1993 5180 tsn-

342 5175 465 5227 tum
494 5191 582 5228 vir
613 5171 913 5240 religiosus,
946 5170 1187 5226 eruditus
1219 5173 1269 5224 et
1298 5173 1531 5224 sanctus.
1578 5171 1654 5224 Ac
1710 5173 1774 5224 ut
1819 5185 1987 5240 episc.

342 5190 465 5227 tum
494 5191 582 5228 vir
613 5190 913 5243 rettgiosus,
946 5190 1187 5226 eruditus
1219 5190 1269 5224 ει
1298 5190 1531 5224 δαησιιιε.
1578 5190 1654 5224 ΛΟ
1710 5190 1774 5224 ιιι
1819 5190 1987 5240 εριδο.

340 5243 671 5321 _Rhe_giens_i_s
689 5243 908 5321 fuisset,
928 5259 1067 5321 num
1085 5246 1281 5321 tamen
1303 5240 1528 5321 videtur
1549 5240 1721 5321 fuisse
1742 5241 1992 5321 praemit-

339 5310 541 5370 tend'us
573 5314 785 5370 Hilario
825 5310 1163 5377 Arelatensi,
1220 5312 1387 5383 longe
1448 5310 1796 5366 sublimioris
1841 5312 1991 5367 sedis

338 5385 625 5456 antistiti,
659 5393 706 5439 et
744 5402 808 5439 ea:
834 5386 1151 5456 plenissima
1183 5385 1491 5456 mundanae
1515 5383 1808 5456 potestatis
1845 5384 1986 5447 sede,

338 5403 625 5449 anusuu.,
659 5403 706 5439 et
744 5403 808 5439 ea:
874 5403 1151 5440 lenissima
1183 5403 1491 5440 munaanz
1515 5403 1804 5456 pommus
1845 5403 1986 5447 seae,

334 5454 483 5527 utin
508 5454 793 5511 Paraenesi
834 5403 1093 5527 loquitur
1146 5455 1472 5527 Eucherius,
1529 5455 1601 5509 ad
1651 5452 1989 5526 religionem

334 5525 606 5595 primum,
641 5530 761 5581 tum
797 5528 869 5579 ad
916 5525 1277 5582 Arelatenses
1331 5526 1543 5580 infulas
1597 5529 1811 5589 evecto,
1862 5542 1988 5597 quas

334 5600 531 5666 aperta
561 5602 647 5652 est
674 5602 759 5651 est
778 5598 1138 5652 conﬁrmatio
1192 5597 1536 5652 discriminis
1589 5598 1742 5666 quod
1795 5596 1990 5651 statui-

334 5683 463 5737 mus
484 5666 634 5722 inter
660 5666 938 5737 Hilarium
970 5668 1359 5737 Arelatensem
1388 5666 1713 5737 praesulem,
1744 5666 1987 5722 etistum

336 5735 445 5807 qui
458 5752 560 5805 pro
586 5735 903 5807 Augustino
929 5736 1085 5790 stetit
1106 5753 1227 5807 cum
1258 5735 1557 5807 Prospero.

408 5803 851 5863 Emendandum
868 5818 1003 5862 vero
1021 5809 1109 5862 est
1131 5805 1191 5862 in
1219 5803 1514 5879 scriptore,
1546 5806 1891 5879 cateroquin
1902 5807 1989 5863 di-

2108 4532 2242 4586 stini
2292 4530 2657 4595 senectutem,
2722 4530 2778 4585 in
2834 4530 3017 4587 Gallia
3072 4531 3446 4601 Narbonensi,
3499 4530 3753 4589 maxime

2106 4601 2389 4670 Massiliae,
2432 4603 2750 4673 plerosque,
2793 4606 2850 4657 et
2880 4602 3025 4657 inter
3079 4620 3174 4658 eos
3232 4620 3345 4658 non
3377 4604 3675 4660 neminem
3704 4612 3752 4660 et

2106 4673 2223 4729 vita
2249 4681 2299 4729 et
2324 4674 2532 4728 meritis
2558 4690 2753 4727 summi
2790 4673 3084 4729 sacerdotii
3120 4674 3315 4729 honore
3353 4677 3753 4732 supereminen-

2108 4752 2228 4819 tem,
2253 4743 2312 4798 id
2341 4748 2445 4809 est,
2477 4744 2826 4819 episcopum,
2862 4760 3012 4819 aegre
3052 4744 3246 4819 tulisse
3285 4743 3438 4819 quod
3467 4748 3524 4819 _S.
3556 4750 3755 4819 Augu-

2106 4814 2311 4888 stinus,
2332 4819 2599 4888 revocata
2620 4814 2807 4885 priore
2836 4831 2947 4888 sua
2962 4816 3224 4888 doctrina
3267 4818 3336 4871 de
3364 4816 3526 4871 initio
3549 4814 3755 4888 gratiae

2106 4890 2162 4940 et
2176 4885 2603 4958 justificati‘onis
2624 4902 2700 4958 ex
2730 4886 2975 4958 naturali
2994 4891 3223 4958 conatu,
3246 4904 3420 4957 quam
3443 4885 3684 4958 juvenis
3703 4893 3758 4945 et

2104 4956 2317 5030 negotii
2332 4956 2535 5027 gratiae
2558 4956 3563 5030 minusscienstradiderat,primum
3582 4960 3757 5030 plane

2104 5027 2304 5082 salutis
2335 5032 2543 5082 nostra:
2572 5027 2872 5082 exordium
2917 5027 3119 5083 divinae
3149 5027 3524 5099 praeventioni
3555 5027 3756 5087 conce-

2103 5099 2354 5178 dendum
2375 5099 2623 5180 doceret,
2648 5115 2790 5180 quas
2818 5115 3020 5180 eorum
3044 5099 3306 5180 querelas
3338 5102 3395 5157 S.
3428 5100 3682 5180 Prosper
3699 5103 3758 5180 in

2102 5169 2471 5241 responsione
2503 5171 2575 5223 ad
2608 5169 2717 5223 tria
2747 5170 2933 5242 prima
2962 5170 3349 5242 Genuensium
3380 5169 3759 5242 except'alate

2100 5244 2293 5313 refert.
2324 5242 2391 5296 Et
2409 5257 2758 5313 quamquam
2786 5240 2970 5313 initio,
3000 5241 3117 5296 fere
3133 5245 3361 5296 tantum
3378 5240 3757 5313 susurrando,

2100 5316 2156 5366 et
2203 5312 2542 5379 clanculum,
2594 5312 2910 5379 Augustino
2965 5313 3434 5379 adversabantur,
3479 5319 3544 5368 ut
3599 5315 3758 5370 idem

2099 5382 2342 5453 Prosper
2365 5383 2531 5453 epist.
2572 5383 2645 5436 ad
2672 5382 2965 5438 Rufﬁnum
2994 5388 3257 5449 testatur,
3279 5388 3473 5439 tamen
3512 5388 3756 5450 sensim,

2098 5455 2252 5524 quod
2277 5453 2431 5509 idem
2457 5454 2513 5509 in
2546 5453 2885 5524 prtefatione
2916 5453 3043 5509 libri
3068 5460 3269 5510 contra
3289 5455 3645 5511 Collatorem
3676 5459 3758 5512 di-

2100 5530 2247 5581 serte
2272 5524 2468 5597 tradit.
2500 5524 2727 5597 magnis
2762 5525 3009 5581 motibus
3039 5526 3097 5580 in
3124 5543 3253 5581 eam
3277 5527 3660 5597 posteriorem
3687 5529 3751 5583 D.

2096 5596 2393 5678 Augustini
2422 5595 2745 5678 doctrinam
2761 5596 3179 5678 efferbuerunt,
3199 5595 3351 5678 quod
3382 5602 3663 5678 putarent
3686 5616 3755 5655 ea

2098 5667 2320 5724 ratione
2347 5667 2577 5724 ruinam
2619 5667 2933 5738 peccatoris
2955 5668 3181 5725 refundi
3217 5667 3283 5725 in
3309 5667 3515 5736 Deum,
3543 5674 3603 5727 et
3648 5670 3752 5727 ho-

2098 5738 2270 5813 minis
2295 5739 2540 5813 saldtem
2562 5754 2680 5813 non
2696 5739 2870 5795 statui
2892 5740 2951 5796 in
2967 5740 3092 5813 ejus
3119 5745 3539 5809 manu,contra
3568 5758 3748 5813 quam

2097 5808 2365 5881 antiquus
2393 5809 2653 5871 Ecclesiae
2681 5824 2883 5874 sensus
2911 5808 3079 5870 sd'ea
3107 5828 3286 5886 usque
3313 5808 3746 5885 tempora'tule-
