3986 6178
456 222 569 288 779

1292 222 1410 283 ΤΗ.
1457 214 1832 285 RAYNAUDI
1878 220 2234 284 APOLOGIA
2278 222 2415 283 PRO
2456 222 2517 283 S.
2564 216 3007 283 VALERIANO.

3726 222 3821 284 780

450 356 614 430 aliud
634 355 992 430 vascondere
1021 354 1078 409 in
1092 354 1561 430 honorem,al_iud
1581 355 1639 408 in
1666 356 2099 430 contumeliam.
2131 358 2176 417 A
2279 356 2331 430 8.
2366 355 2436 430 _Et
2460 353 2691 430 quidem
2726 353 2877 430 initii
2908 350 3141 430 nomine
3167 349 3223 403 in
3253 348 3389 430 ipsis
3414 348 3617 430 erroris
3645 353 3727 430 sui
3754 369 3828 430 cu-

450 429 591 500 quia
612 443 774 483 nemo
800 429 916 483 nisi
936 442 1038 498 per
1059 428 1311 497 gratiam
1311 425 1688 500 justiﬁcetur,
1716 434 1767 482 et
1802 442 1968 482 nemo
1983 428 2100 481 nisi

449 498 509 554 in
528 502 1010 569 praevaricatione
1034 504 1335 552 nascatur.
1369 498 1483 569 Sed
1512 499 1809 567 refugiunt
1837 500 1995 564 istud
2009 500 2099 568 fa-

442 567 577 635 teri,
591 572 894 639 divinaque
917 569 1210 625 ascribere
1226 567 1391 636 operi
1415 576 1741 623 sanctorum
1758 576 1969 624 merita
1981 570 2099 638 for-

447 643 683 704 midant,
710 656 815 696 nec
853 641 1230 709 acquiescant
1258 639 1735 706 praedestinatum
1785 642 2101 695 electorum

442 726 753 767 numerum
767 725 871 765 nec
891 710 1102 779 augeri
1120 724 1290 778 posse
1310 725 1417 765 nec
1443 711 1649 776 minui,
1666 726 1733 766 ne
1755 711 1940 766 locum
1957 712 2101 781 apud

446 784 701 851 inﬁdeles
729 797 795 837 ac
858 782 1211 850 negligentes
1255 781 1687 836 cohortantium
1740 783 2101 837 incitamenta

443 868 563 910 non
605 853 881 921 habeant,
915 867 982 906 ac
1000 853 1301 921 superﬂua
1324 853 1397 907 sit
1430 852 1740 907 industriae
1769 868 1839 909 ac
1881 854 2099 909 laboris

441 923 808 992 indictio,cuj
813 938 875 977 us
886 924 1139 977 studium
1157 928 1399 978 cessante
1410 926 1688 979 electione
1697 923 2099 992 frustrandum

442 995 535 1050 sit.
559 997 649 1049 Ita
677 994 912 1050 demum
937 994 1087 1049 enim
1116 1008 1282 1062 posse
1296 1010 1753 1065 unumquemque
1783 996 1863 1050 ad
1887 1011 2099 1051 correc-

445 1069 657 1121 tionem
678 1073 779 1121 aut
790 1066 1105 1136 profectum
1126 1068 1339 1134 vocari,
1361 1067 1417 1119 si
1446 1082 1505 1121 se
1524 1069 1663 1121 sciat
1690 1066 1779 1121 sui
1798 1066 2100 1136 diligentia

444 1137 649 1192 bonum
681 1151 797 1192 esse
822 1151 1002 1204 posse,
1036 1142 1087 1190 et
1120 1136 1441 1191 libertatem
1467 1152 1633 1192 suam
1661 1138 1723 1190 ob
1738 1138 1965 1192 hocDei
1995 1153 2097 1192 au-

440 1209 578 1263 zilio
598 1209 947 1275 juvandam,
981 1208 1036 1261 si
1060 1207 1214 1277 quod
1246 1208 1384 1261 Deus
1414 1209 1681 1271 mandat,
1711 1209 1971 1278 elegerit.
2013 1211 2097 1263 Ac

443 1282 529 1334 sic
559 1294 691 1333 cum
714 1281 775 1332 in
809 1279 897 1333 his
925 1278 1028 1348 qui
1054 1286 1282 1345 tempus
1307 1284 1647 1347 acceperunt
1670 1279 1867 1334 libera:
1896 1279 2099 1334 volun-

444 1352 583 1405 tatis
614 1350 727 1403 duo
755 1349 871 1403 sint
904 1364 1033 1419 qua:
1085 1349 1398 1404 humanam
1466 1357 1779 1417 operentur
1823 1351 2094 1415 salutem,

441 1421 547 1476 Dei
574 1420 790 1475 scilicet
818 1426 1040 1489 gratia,
1072 1426 1123 1475 et
1158 1421 1412 1475 hominis
1435 1421 1785 1484 obedientia,
1844 1424 2096 1489 priorem

442 1492 641 1546 volunt
671 1491 1053 1546 obedientiam
1087 1505 1208 1546 esse
1245 1507 1425 1561 quam
1456 1496 1736 1561 gratiam,
1762 1498 1825 1545 ul
1861 1494 2096 1549 initium

441 1564 655 1618 salutis
685 1578 754 1617 ex
782 1579 837 1616 eo
871 1562 975 1632 qui
996 1562 1276 1626 salvatur,
1305 1578 1420 1617 non
1438 1577 1511 1617 ex
1532 1578 1588 1615 eo
1619 1563 1973 1618 credendum
2020 1564 2096 1617 sit

442 1638 601 1689 stare
624 1634 729 1703 qui
753 1634 973 1698 salvat;
1007 1640 1057 1688 et
1074 1633 1339 1688 voluntas
1355 1634 1632 1697 hominis,
1661 1635 1883 1688 divina
1900 1636 2095 1703 gratim

2210 426 2432 479 nabulis
2461 421 2710 496 cujusvis
2738 424 2866 478 boni
2893 421 3738 496 operisexordiadesignabant,
3767 425 3829 479 ita

2211 503 2273 551 ut
2301 513 2411 551 non
2438 491 2605 566 primi
2638 491 2948 549 dumtaxat
2968 493 3102 548 boni
3133 498 3291 547 actus
3321 491 3500 566 liberi,
3534 493 3645 548 sive
3697 494 3827 560 ﬁdei,

2210 570 2309 622 sed
2339 565 2673 638 quorumvis
2704 569 2983 621 bonorum
3015 580 3251 638 operum
3278 565 3349 617 ad
3381 567 3833 638 perseverantiam

2212 635 2662 693 necessariorum
2688 638 2925 693 exordia
2948 640 3099 691 nudo
3126 636 3302 689 libero
3334 635 3569 688 arbitrio
3615 637 3831 692 ascribe-

2209 716 2355 764 rent.
2391 711 2587 764 Postea
2617 719 2810 764 tamen
2837 708 3099 772 convicti,
3130 711 3190 760 ut
3218 708 3280 760 D.
3314 705 3657 776 Augustinus
3680 709 3834 763 refert

2210 781 2306 835 lib.
2333 782 2403 835 de
2426 782 2697 836 Prsedest.
2737 781 2831 835 SS.
2863 797 2912 837 c.
2946 780 2998 847 2,
3026 784 3081 833 ct
3111 779 3169 832 in
3196 777 3590 847 ejusdemlibri
3610 778 3776 842 calce,
3792 784 3837 835 et

2211 795 2306 835 un.
2333 795 2403 835 ae
2426 795 2697 836 rraeuest.
2737 795 2831 835 δδ.
2863 797 2912 837 c.
2946 795 2998 847 2,
3026 795 3081 833 et
3111 795 3169 832 in
3196 795 3590 902 eljusaemuori
3610 795 3833 842 calce,et

2211 852 2309 906 lib.
2345 854 2414 907 de
2447 854 2599 906 Bono
2634 854 2919 907 Persever.
2957 868 3005 905 c.
3030 851 3115 913 l7,
3145 866 3215 919 pa
3241 848 3833 914 inodiamcecinerunt,

2208 939 2379 994 seque
2408 923 2820 978 restrinxerunt
2843 924 2915 977 ad
2936 924 3126 994 solum
3150 919 3601 994 saluti_s_initium
3624 924 3683 994 et.
3734 937 3835 992 per-

2209 991 2592 1049 severantiam
2620 994 2677 1048 in
2703 1010 2792 1059 ea,
2825 1000 2884 1048 ut
2908 993 2991 1047 bis
3021 1009 3144 1062 cap.
3174 991 3270 1045 illo
3309 991 3373 1043 17
3399 995 3634 1046 testatur
3655 991 3836 1047 D.’Au-

2206 1065 2486 1136 gustinus.
2521 1067 2709 1121 Placet
2739 1065 2863 1135 ipsa
2892 1066 3064 1118 verba
3089 1062 3411 1136 appendere
3436 1078 3450 1125 ;
3494 1063 3646 1136 quod
3662 1079 3838 1136 recen-

2208 1133 2381 1192 tiores
2432 1136 2606 1206 aliqui
2654 1133 2849 1191 secure
2913 1135 3301 1206 pronuntient,
3352 1133 3838 1206 _Semipelagianos

2207 1209 2356 1263 circa
2385 1203 2571 1262 solum
2618 1207 2817 1262 salutis
2865 1203 3113 1269 initium,
3176 1221 3290 1259 non
3348 1203 3486 1258 item
3538 1203 3680 1259 circa
3738 1223 3839 1276 per-

2207 1279 2948 1345 severantiam,aberrasse.
3000 1278 3086 1331 lta
3111 1293 3246 1347 ergo
3294 1275 3545 1347 loquitur
3588 1275 3835 1347 Augusti-

2208 1367 2334 1415 nus,
2366 1352 2620 1404 referens
2643 1346 3239 1419 Semipelagianorum
3296 1346 3637 1401 sententiam
3680 1346 3704 1402 ':
3759 1348 3839 1402 Sed

2206 1423 2272 1485 ii,
2314 1424 2419 1491 qui
2441 1422 2623 1476 solum
2655 1424 2891 1475 initium
2920 1420 3063 1488 fidei
3093 1425 3145 1475 et
3174 1433 3351 1489 usque
3374 1419 3438 1472 in
3460 1420 3634 1486 ﬁnem
3662 1434 3839 1487 perse-

2206 1495 2532 1548 verantium
2557 1492 2639 1546 sic
2655 1494 2715 1546 in
2750 1498 2945 1546 nostra
2967 1492 3323 1546 constituant
3348 1493 3642 1557 potestate,
3661 1494 3727 1543 ut
3760 1492 3843 1544 Dei

2205 1566 2356 1619 dona
2381 1578 2497 1619 esse
2525 1578 2643 1618 non
2664 1570 2892 1631 putent,
2928 1578 3101 1632 neque
3131 1562 3210 1616 ad
3240 1560 3363 1616 haec
3397 1560 3661 1615 habenda
3683 1567 3845 1632 atque

2206 1636 2557 1690 continenda
2584 1636 2767 1689 Deum
2784 1635 3027 1702 operari
3048 1639 3283 1687 nostras
3304 1632 3675 1701 cogitationes
3688 1638 3748 1684 et
3768 1648 3845 1687 vo-

442 1706 557 1780 sibi
581 1705 772 1773 pariat
798 1720 982 1780 Opem,
1005 1720 1120 1780 non
1136 1710 1335 1780 gratia
1359 1704 1464 1758 sibi
1485 1705 1794 1759 humanam
1822 1707 2095 1780 subjiciat
2130 1723 2174 1780 Β
2209 1708 2473 1780 luntates,
2504 1712 2712 1761 caetera
2744 1720 2881 1780 vero
2899 1721 3080 1780 ipsum
3100 1704 3247 1780 dare
3262 1703 3607 1780 concedunt,
3627 1717 3759 1758 cum
3780 1705 3841 1758 ab

441 1777 813 1830 voluntatem.
850 1776 1015 1828 Vides
1044 1774 1272 1827 initium
1298 1791 1362 1828 ac
1378 1790 1743 1844 progressum
1762 1774 1989 1841 erroris,
2025 1777 2093 1832 ad

440 1850 659 1901 metam
685 1861 860 1915 usque
891 1846 1159 1899 barathro
1184 1850 1238 1899 et
1268 1849 1538 1915 voragine
1567 1848 1915 1901 conclusam.

510 1916 831 1997 7..Simili.a_
850 1916 1096 1970 Hilarius
1126 1916 1288 1997 initio
1309 1917 1564 1997 epistola;
1586 1918 1659 1971 ad
1690 1917 2089 1997 Augustinum,

437 1988 662 2042 brevius
700 1987 930 2059 quidem
962 1988 1151 2057 quoad
1176 1987 1385 2042 erroris
1415 1988 1715 2059 originem,
1773 1987 2093 2043 distinctius

437 2063 636 2139 tamen
666 2059 856 2139 quoad
877 2074 1237 2139 progressum
1272 2064 1328 2139 et
1366 2060 1524 2112 varia
1553 2060 1646 2131 adj
1659 2063 1829 2139 uncta
1850 2060 2080 2139 erroris.

438 2133 647 2196 Aiunt,
682 2129 947 2201 inquitde
965 2129 1430 2197 Massiliensibus,
1465 2129 1681 2186 novum
1694 2138 1746 2186 et
1762 2132 1962 2186 inutile
1981 2146 2093 2186 esse

437 2204 1037 2274 praedicationis,quod
1048 2202 1266 2274 quidem
1279 2202 1586 2257 secundum
1597 2205 1948 2272 propasitum
1962 2202 2095 2272 eligi

439 2271 727 2342 dicuntur,
758 2280 821 2327 ut
852 2271 916 2327 id
944 2288 1047 2327 nec
1059 2271 1176 2343 46
1199 2275 1465 2340 arripere
1488 2271 1717 2328 valeant
1749 2288 1851 2327 nec
1882 2281 2086 2338 tenere,

440 2346 553 2401 nisi
568 2344 827 2400 credendi
844 2344 1657 2399 voluntatedonataﬂxcludi
1663 2348 1866 2412 putant
1879 2359 2091 2399 omnem

434 2416 794 2489 prwdi'candi
806 2415 1074 2489 vigorem,
1088 2418 1139 2469 si
1150 2415 1307 2489 nihil
1318 2415 1476 2489 quod
1486 2429 1594 2482 per
1604 2430 1730 2469 eam
1745 2420 2023 2489 excitetur
2036 2418 2090 2468 in

441 2486 772 2544 hominibus
784 2486 1130 2543 remansisse
1139 2486 1765 2541 dicatur.Consentiunl
1780 2500 1989 2541 omnem
2003 2486 2091 2539 ho-

436 2560 655 2637 minem
690 2574 750 2613 in
780 2557 1353 2637 fidamperissemec
1380 2557 1516 2637 inde
1541 2572 1887 2637 quemquam
1927 2573 2092 2637 posse

436 2630 680 2700 proprio
696 2629 945 2687 arbitrio
970 2628 1211 2683 liberari
1224 2628 1351 2698 ,‘sed
1368 2628 1430 2682 id
1452 2628 1800 2700 conveniens
1820 2634 2091 2684 asserunt

439 2698 699 2765 veritati,
726 2702 1142 2770 velcongruum
1152 2698 1580 2770 praedicationi,
1615 2707 1676 2753 ut
1704 2715 1827 2754 cum
1836 2707 2089 2768 prostra-

438 2775 506 2827 tis
526 2780 577 2829 et
610 2788 924 2843 numquam
942 2774 1061 2826 suis
1090 2772 1315 2826 viribus
1336 2771 2090 2843 surrecturisannuntialur

434 2841 993 2899 obtinendae—salutis
1024 2845 1273 2910 occasio,
1304 2857 1366 2896 eo
1404 2841 1609 2896 merito
1647 2857 1751 2911 quo
1792 2844 2089 2897 voluerint

432 2924 487 2970 et
511 2915 864 2969 crediderint
889 2930 926 2968 a
947 2929 1046 2966 suo
1078 2912 1269 2966 morbo
1300 2928 1355 2967 se
1377 2927 1539 2979 posse
1567 2915 1788 2976 sanari,
1824 2920 1875 2967 et
1904 2914 2086 2978 ipsius

430 2987 571 3053 ﬁdei
591 2990 981 3053 augmentum,
1014 2992 1065 3037 et
1094 2990 1242 3037 totus
1264 2985 1528 3036 sanitatis
1553 2997 1673 3036 sua:
1699 2989 2087 3052 consequatur

434 3056 694 3139 effectus:
723 3056 1005 3139 (laterum
1037 3054 1113 3107 ad
1125 3053 1350 3107 nullum
1373 3068 1529 3119 Opus,
1552 3054 1638 3139 πέρι
1666 3053 2081 3139 incipiendum,
2117 3081 2160 3139 ρ

436 3126 635 3180 nedum
655 3125 1062 3191 deﬁciendum,
1096 3139 1443 3194 quemquam
1473 3125 1744 3191 sufficere
1766 3126 1878 3177 sibi
1924 3141 2084 3193 posse

433 3196 891 3251 consentiunt.N
893 3210 1024 3265 eque
1036 3199 1185 3247 enim
1196 3194 1372 3247 alicui
1381 3196 1539 3263 operi
1554 3194 1861 3248 curationis
1877 3210 2079 3265 eorum,

432 3267 951 3324 annumerandum
965 3268 1165 3334 putant
1179 3267 1456 3320 exterrita
1469 3270 1521 3318 et
1532 3266 1782 3334 supplici
1799 3267 2084 3321 voluntate

432 3345 1176 3409 unumquemqueaegrotum
1192 3336 1341 3391 velle
1351 3336 1570 3409 sanari.
1606 3336 1763 3399 Quod
1781 3337 1929 3393 enim
1948 3337 2085 3392 dici-

434 3416 546 3475 tur,
568 3406 730 3465 crede
759 3406 811 3465 et
831 3406 1028 3464 salvus
1056 3408 1167 3463 eris
1184 3424 1199 3460 .·
1213 3422 1397 3461 unum
1415 3406 1625 3461 horum
1640 3410 1787 3477 exigi
1801 3414 2079 3476 asserunt,

432 3481 602 3538 aliud
618 3481 911 3550 offerri,ut
920 3486 1164 3549 propter
1182 3478 1238 3550 id
1258 3478 1406 3547 quod
1434 3480 1714 3547 exigitur,
1729 3478 1777 3531 si
1794 3480 2083 3534 redditum

434 3555 610 3608 tuerit
634 3553 695 3605 in
720 3551 877 3622 quod
905 3552 1151 3619 offertur
1174 3549 1440 3622 deinceps
1468 3550 1780 3622 tribuatur.
1814 3551 1881 3603 Et
1911 3565 2043 3603 mox
2067 3566 2080 3604 :

430 3624 566 3679 Non
578 3620 793 3691 putant
807 3622 1018 3691 negari
1027 3620 1697 3692 gratiam,siprwcedere
1708 3620 1946 3676 dicatur
1956 3622 2085 3675 talis

432 3690 704 3749 voluntas
730 3708 856 3763 qum
883 3690 1121 3748 tantum
1151 3690 1427 3746 medicum
1456 3699 1706 3763 quaerat,
1738 3708 1857 3746 non
1890 3699 2083 3747 autem

431 3762 755 3835 quidquam
776 3765 900 3834 ipsa
917 3766 1049 3833 jam
1075 3763 1286 3818 valeat.
1319 3762 1477 3835 Nam
1508 3762 1613 3817 illa
1641 3762 1985 3831 testimonia,
2024 3770 2085 3818 ut

430 3834 515 3891 est
533 3836 704 3901 illud,
727 3836 874 3890 sicut
892 3836 1203 3905 unicuique
1221 3834 1472 3903 partitus
1489 3838 1911 3889 estmensuram
1921 3836 2080 3902 ﬁdei,

431 3907 504 3962 ad
518 3905 579 3961 id
592 3909 782 3962 volunt
796 3907 1009 3973 valere,
1026 3914 1083 3959 ut
1095 3905 1397 3974 adjuvetur
1408 3906 1511 3975 qui
1523 3910 1753 3974 coeperit
1768 3905 1930 3967 velle,
1963 3921 2082 3960 non

430 3979 496 4032 ul
512 3978 683 4033 etiam
696 3978 947 4033 donetur
958 3985 1017 4032 ut
1032 3976 1182 4046 velit;
1196 3983 1366 4045 reject
1375 3977 1419 4028 is
1435 3976 1504 4029 ab
1516 3976 1612 4030 hoc
1623 3975 1770 4031 dono
1784 3976 1919 4031 aliis
1929 3978 2085 4045 pari-

432 4055 522 4105 ter
536 4054 671 4119 reis,
697 4060 746 4104 et
778 4051 878 4120 qui
882 4049 1106 4119 possint
1130 4048 1399 4103 similiter
1413 4046 1671 4120 liberari,
1686 4048 1737 4100 si
1765 4061 2081 4120 eaqumpa-

430 4118 844 4190 riterindign‘is
855 4118 1170 4188 praestatur
1188 4119 1455 4172 credendi
1468 4119 1804 4187 voluntas,el
1814 4119 1922 4171 iam
1945 4118 2083 4186 ipsis

428 4192 694 4247 similiter
720 4199 1124 4261 praestaretur.
1156 4191 1223 4243 Si
1248 4196 1465 4251 autem,
1500 4190 1690 4252 aiunt,
1724 4190 1965 4244 dicatur
1990 4205 2085 4261 vo-

432 4263 705 4317 luntatem
719 4260 981 4316 Omnibus
992 4261 1354 4323 remansisse,
1368 4275 1477 4327 qua
1488 4261 1573 4313 vel
1595 4265 1954 4315 contemnere
1964 4260 2083 4328 quis

430 4338 640 4396 valeat,
653 4335 741 4387 vel
755 4332 1000 4395 obedire,
1017 4335 1086 4383 de
1104 4335 1429 4397 compendio
1439 4336 1599 4397 putat
1614 4334 1890 4385 rationem
1913 4332 2082 4385 reddi

430 4406 749 4459 electorum
776 4403 861 4457 vel
875 4405 1241 4473 rejectoi-um,
1264 4402 1322 4455 in
1341 4415 1402 4455 eo
1420 4402 1575 4469 quod
1587 4406 1896 4473 unicuique
1919 4404 2079 4456 meri-

430 4451 1889 4542 iis?transeuntiumipsisinistiinisti;
1900 4451 2078 4527 latis;
2118 4451 2161 4508 Ι)

433 4545 599 4610 Quoct
621 4552 806 4598 autem
825 4542 980 4597 dixit
1005 4544 1291 4597 sanctitas
1313 4550 1417 4597 tua
1436 4548 1711 4598 neminem
1724 4559 2085 4613 perseverare

430 4617 545 4668 nisi
554 4616 976 4683 perseverandi
988 4614 1193 4669 virtute
1212 4621 1504 4683 percepta,
1518 4624 1682 4669 ealen
1691 4630 1753 4668 us
1774 4615 2077 4683 accipitur,

430 4693 494 4740 ut
521 4688 712 4756 quibus
727 4687 921 4750 datur,
941 4687 1110 4739 inerti
1124 4684 1622 4753 licet,préecedenti
1637 4692 1832 4740 tamen
1848 4686 2080 4755 proprio

430 4758 684 4814 arbitrio
718 4759 1016 4812 tribuatur
1042 4773 1058 4809 :
1086 4759 1240 4827 quod
1256 4758 1335 4811 ad
1354 4756 1450 4810 hoc
1468 4763 1689 4827 tantum
1711 4756 1959 4827 liberum
1990 4772 2081 4810 as-

428 4836 724 4894 serunt,ut
736 4830 868 4885 velit
886 4828 969 4883 vel
983 4825 1127 4883 nolit
1142 4825 2080 4883 admitteremedicinam.Caeterum

429 4908 478 4956 et
504 4902 659 4971 ipsos
683 4899 1023 4975 abominari
1046 4915 1106 4954 se
1134 4903 1185 4975 et
1216 4899 1500 4951 damnare
1526 4903 1837 4975 testantur,
1863 4900 1921 4975 _si
1948 4900 2079 4975 quis

429 4968 746 5046 quidquam
772 4973 980 5046 virium
1004 4970 1291 5046 inaliun
1308 4968 1665 5046 remansisse
1688 4968 1875 5037 quoad
1920 4970 2077 5046 sani-

430 5039 608 5101 iatem
632 5044 907 5114 proqredi
929 5042 1116 5109 possit
1139 5040 1462 5114 existimet._
1492 5039 1716 5093 Nolunt
1761 5047 1953 5114 autem
1992 5041 2078 5114 ita

430 5116 587 5172 hanc
620 5111 1112 5185 perseverantiam
1141 5111 1482 5185 praedicari,
1506 5114 1571 5185 ut
1596 5125 1707 5164 non
1739 5112 1828 5185 vel
1857 5111 2079 5185 suppliﬁ

428 5190 575 5242 ciler
594 5180 845 5249 emere/'1',
884 5184 970 5239 vel
995 5181 1190 5238 amitti
1219 5180 1644 5236 contumaciter
1654 5182 2079 5248 possit.Necad

428 5260 702 5313 incertum
718 5256 1033 5314 voluntatis
1048 5256 1145 5309 Dei
1158 5252 1365 5308 deduci
1376 5266 1434 5306 se
1448 5254 1669 5316 volunt,
1694 5253 1794 5306 ubi
1806 5253 2080 5322 eis,quan-

430 5335 548 5380 tum
578 5329 889 5395 putant,ab
909 5328 1282 5381 obtinendum
1306 5324 1383 5376 vel
1408 5324 1795 5378 amittendum
1842 5325 2077 5379 evidens

429 5405 530 5469 est,
559 5400 966 5469 qualecumque
982 5400 1075 5463 sit,
1094 5396 1323 5451 milium
1345 5395 1672 5469 voluntatis.
1704 5395 1764 5447 In
1793 5395 2077 5469 praedictis

429 5465 627 5521 Hilarii
659 5465 879 5536 verbis;
897 5468 970 5520 ad
996 5470 1226 5537 plenam
1261 5465 1467 5519 erroris
1500 5466 1569 5518 de
1598 5481 1709 5534 quo
1744 5465 1967 5534 agimus
1994 5465 2076 5518 in-

428 5536 1252 5607 trospectionem,desideratur
1264 5536 1356 5589 lux
1371 5536 1562 5604 aliqua
1574 5537 1763 5605 quoad
1777 5538 2076 5607 duoznem-

428 5624 497 5677 pe
529 5606 585 5661 et
610 5611 797 5676 quoad
827 5609 1068 5677 initium
1091 5609 1229 5660 illud
1250 5607 1688 5677 qualecumque,
1721 5608 1872 5676 quod
1899 5606 2077 5660 Semi-

428 5676 736 5746 peliagiani
768 5676 1002 5729 arbitrio
1034 5692 1100 5727 ex
1126 5692 1184 5730 se
1211 5680 1535 5744 exspectato
1562 5676 1777 5730 dabant
1795 5679 2074 5746 ;etquoad

401 5756 571 5816 ‘opus
597 5746 671 5801 ad
699 5746 851 5816 quod
880 5746 1262 5801 necessarium
1287 5746 1537 5815 gratiam
1557 5762 1678 5803 esse
1700 5747 2000 5805 fatebatur.

2206 1778 2310 1831 illo
2335 1779 2411 1831 im
2414 1780 2727 1846 petrantur
2742 1775 3024 1831 credentis
3032 1776 3168 1842 ﬁde.
3188 1774 3254 1827 Et
3284 1789 3416 1827 mox
3439 1791 3451 1824 :
3476 1775 3616 1829 Hac
3629 1789 3767 1843 ergo
3782 1790 3843 1830 ex

2205 1846 2322 1903 Deo
2353 1849 2510 1902 dona
2535 1854 2686 1912 sunt,
2714 1848 2772 1900 id
2798 1854 2897 1911 est,
2922 1853 2986 1901 ut
3015 1848 3083 1900 de
3104 1846 3240 1901 aliis
3270 1852 3516 1909 taceam,
3562 1847 3839 1913 sapientia

2203 1925 2250 1971 et
2278 1919 2657 1973 continentia.
2687 1918 3075 1987 Acquz‘escunt
3104 1924 3159 1973 et
3204 1915 3317 1979 isti,
3376 1915 3832 1987 Semipelagiani.

2202 1990 2403 2062 Neque
2426 1990 2583 2062 enim
2612 1990 2917 2062 Pelagiani
2943 1994 3081 2062 sunt
3115 1994 3180 2042 ut
3210 1988 3479 2042 adversus
3503 1989 3675 2062 istam
3701 2003 3841 2058 pers-

2197 2058 2432 2129 picuam
2465 2060 2757 2115 veritatem
2774 2061 2930 2115 dura
2961 2066 3013 2115 et
3039 2061 3313 2115 haeretica
3328 2058 3699 2128 perversitate
3718 2074 3839 2113 con-

2201 2132 2472 2187 tendunt.
2491 2131 2598 2186 Sed
2624 2131 2758 2195 haec,
2790 2132 3073 2201 inquiunt,
3104 2136 3165 2183 ut
3192 2144 3228 2184 a
3250 2130 3377 2201 Deo
3396 2130 3622 2201 dentur
3659 2130 3833 2195 nobis,

2196 2202 2342 2271 ﬁdes
2384 2203 2675 2272 impetrat,
2712 2217 2840 2273 quae
2866 2200 3065 2271 incipit
3095 2218 3129 2254 a
3158 2200 3341 2273 nobis.
3370 2200 3555 2273 Quam
3589 2201 3758 2255 tidem
3793 2210 3836 2255 et

2201 2274 2465 2352 incipere
2507 2272 2769 2352 habere,_
2798 2279 2850 2327 et
2900 2276 2962 2327 in
2993 2288 3061 2352 ea
3093 2286 3272 2352 usque
3298 2272 3361 2351 in
3622 2287 3838 2340 perma-

2200 2359 2355 2409 nere,
2384 2350 2687 2414 tamquam
2713 2344 2769 2397 id
2804 2358 2920 2398 non
2944 2359 2979 2395 a
3022 2342 3262 2414 Domino
3304 2342 3674 2409 incipiamus,
3718 2358 3835 2397 nos-

2199 2420 2352 2469 trum
2382 2429 2498 2469 esse
2521 2413 2909 2469 contendunt.
2946 2413 3197 2485 Videsin
3225 2429 3365 2485 quas
3384 2414 3625 2485 tandem,
3651 2429 3839 2485 angus-

2197 2485 2307 2565 tias
2336 2485 2669 2565 devenerint
2693 2484 3158 2565 Semipelagiani,
3187 2484 3366 2565 coacti
3396 2484 3583 2565 solum
3602 2484 3839 2565 lideiini-

2198 2557 2361 2621 tium,
2397 2560 2453 2611 et
2484 2554 2959 2625 perseverantiam
2992 2554 3059 2610 fin
3092 2572 3161 2611 ea
3207 2556 3372 2609 nudae
3427 2554 3705 2609 voluntati
3751 2557 3840 2611 tri-

2198 2629 2408 2692 buere;
2438 2644 2617 2699 eoque
2645 2627 3059 2699 confugientes,
3092 2632 3152 2681 ut
3174 2627 3351 2699 Deum
3374 2625 3521 2690 labe,
3554 2626 3837 2681 hominem

2198 2697 2538 2753 necessitate
2564 2698 2621 2752 in
2646 2697 2848 2752 salutis
2875 2698 3101 2767 negotio
3132 2697 3470 2751 eximerent.

2269 2772 2375 2825 Sed
2409 2770 2656 2823 intutum
2684 2771 2850 2840 plane
2875 2769 3044 2823 fuisse
3062 2768 3383 2840 perfugium
3404 2768 3566 2829 illud,
3594 2768 3839 2840 clamant

2198 2837 2782 2920 ﬁeripturaeinﬁnities
2794 2841 2983 2920 quoad
3001 2837 3507 2920 persevcrantiam.
3526 2840 3652 2920 an
3667 2839 3838 2920 minus

2196 2911 2332 2965 item
2368 2911 2654 2966 luculenta
2682 2928 2783 2982 pro
2810 2910 2939 2965 lidei
2998 2910 3159 2965 initio
3203 2926 3269 2965 ex
3318 2910 3838 2980 supernaturalibus

2197 2986 2420 3037 tantum
2471 2983 2743 3053 suppetiis
2799 2982 3169 3052 concipiendo
3222 2989 3445 3035 exstant
3498 2982 3835 3053 testimonia,

2195 3070 2368 3124 quam
2397 3071 2497 3123 pro
2531 3054 2692 3107 initio
2740 3054 3089 3124 reliquorum
3142 3052 3665 3124 supernaturalium
3717 3068 3833 3123 ope-

2193 3123 2344 3187 rum,
2380 3130 2443 3196 ut
2468 3126 2656 3179 videre
2683 3130 2768 3178 est
2788 3125 2845 3178 in
2866 3123 3049 3196 longa
3092 3128 3149 3178 et
3186 3123 3435 3196 insigni
3463 3123 3836 3193 disputatione

2194 3212 2368 3265 quam
2400 3195 2706 3250 instituunt
2736 3197 2791 3250 S.
2817 3194 3161 3266 Augustinus
3182 3195 3276 3248 lib.
3307 3195 3375 3249 de
3406 3194 3675 3266 Praedest.
3720 3196 3830 3256 SS.,

2195 3270 2251 3320 et
2280 3266 2579 3338 insigniter
2604 3283 2778 3323 serm.
2810 3268 2873 3320 15
2912 3265 2981 3321 de
3014 3266 3208 3338 Verbis
3238 3265 3513 3338 Apostoli,
3551 3267 3788 3338 Prosper
3800 3266 3831 3318 l.

2195 3338 2264 3392 de
2294 3336 2481 3391 Vocat.
2510 3337 2745 3392 Gent.c.
2780 3337 2866 3403 23,
2912 3343 2969 3392 et
3015 3337 3273 3408 Fulgent.
3332 3336 3427 3390 lib.
3484 3352 3501 3390 ι
3554 3336 3832 3408 de_Verit.

2198 3408 2490 3474 Praedem,
2523 3413 2586 3462 ut
2606 3410 2847 3479 probent
2894 3408 3062 3464 ﬁdem
3116 3405 3239 3463 esse
3292 3408 3509 3461 donum
3557 3405 3677 3461 Dei.
3706 3409 3834 3479 Nec

2194 3483 2421 3533 tantum
2445 3481 2587 3547 fidei
2610 3478 3081 3549 Supplementum,
3100 3483 3161 3533 ut
3185 3483 3247 3534 υ.
3263 3479 3611 3549 Augustinus
3624 3478 3832 3549 eolibro

2194 3566 2241 3604 c.
2268 3553 2300 3602 2
2322 3550 2589 3620 loquitur,
2623 3548 2722 3604 sed
2747 3550 2919 3605 etiam
2941 3550 3080 3618 ﬁdei
3127 3548 3391 3619 cleptum,
3425 3550 3496 3604 de
3554 3566 3668 3620 quo
3723 3548 3833 3602 solo

2194 3621 2727 3692 semipelagiuniibi
2749 3621 3067 3691 impugnati
3082 3621 3545 3692 refragabantur.
3572 3622 3638 3674 Et
3649 3636 3833 3692 quam:

2193 3691 2275 3746 vis
2305 3689 2606 3746 consilium
2646 3689 3054 3747 Arausicanum
3095 3689 3262 3762 quod
3288 3689 3833 3762 Semipelagia’nismi

2194 3762 2364 3817 fasces
2390 3764 2639 3827 siccavit,
2669 3765 2924 3829 damnet,
2956 3780 3070 3819 non
3100 3761 3195 3818 eos
3226 3761 3456 3817 tantum
3479 3761 3831 3833 qui’tideiini-

2193 3834 2336 3887 tium
2368 3834 2471 3888 sibi
2504 3836 2872 3905 arrogabant,
2902 3837 3001 3890 sed
3030 3834 3206 3889 etiam
3237 3850 3332 3889 eos
3361 3833 3456 3905 qui
3504 3839 3831 3888 ceterorum

2192 3905 2477 3959 bonorum
2498 3904 2733 3961 exordia
2761 3908 2966 3961 eodem
2993 3907 3166 3960 modo
3196 3904 3566 3959 vindicabant
3586 3906 3737 3959 nudo
3756 3920 3835 3957 ar-

2192 3976 2363 4030 bitrio
2390 3981 2446 4031 et
2468 3981 2685 4033 naturas
2715 3977 2964 4042 viribus;
2996 3983 3189 4031 tamen
3233 3976 3340 4031 hoc
3391 3992 3504 4029 non
3562 3992 3629 4030 eo
3678 3974 3831 4046 perti-

2193 4048 2503 4129 netpquasi
2535 4049 2981 4129 semipelagiani
3008 4046 3497 4129 itaphilosopbati
3519 4046 3728 4129 sint‘de
3751 4061 3835 4099 cu-

2185 4118 2366 4190 jusvis
2397 4125 2557 4173 extra
2581 4120 2752 4174 fidem
2800 4118 2966 4174 bonae
3023 4118 3263 4174 actionis
3319 4118 3503 4183 initio,
3563 4118 3665 4173 sed
3714 4132 3831 4190 cum

2192 4188 2467 4260 principio
2500 4191 2580 4244 ita
2610 4190 2938 4255 sensissent,
2974 4206 3042 4245 ne
3099 4207 3213 4260 qua
3269 4193 3591 4259 superesset
3640 4188 3833 4243 erroris

2192 4260 2459 4342 scintilla,
2492 4261 3517 4342 idquoquereprobavit.Quamquam
3534 4276 3667 4314 cum
3708 4260 3833 4342 ﬁdes

2193 4332 2484 4412 sitprima
2501 4332 2671 4412 radix
2700 4332 2757 4385 in
2788 4333 2989 4412 salutis
3018 4332 3556 4412 negotio-,‘sitque‘de
3582 4332 3833 4410 eamulto

2193 4401 2380 4484 potior
2404 4403 2550 4484 ratio
2577 4405 2857 4484 quam‘de
2896 4401 3380 4484 subsequentibus
3398 4402 3648 4484 actibus,
3677 4419 3738 4456 ac
3763 4401 3834 4453 sic

2191 4473 2437 4527 evictum
2472 4473 2644 4546 fuerit
2673 4475 2898 4529 initium
2930 4475 3055 4546 ejus
3086 4473 3119 4528 a
3149 4476 3262 4528 Deo
3289 4490 3427 4538 esse,
3450 4475 3520 4546 de
3552 4474 3681 4527 aliis
3708 4488 3830 4546 quo:

2192 4560 2301 4668 que
2327 4545 2591 4599 omnibus
2621 4546 2802 4600 multo
2832 4542 3037 4616 potiori
3056 4548 3188 4618 jure
3218 4546 3370 4601 idem
3399 4545 3647 4599 evictum
3670 4542 3831 4598 videri

2234 4617 2429 4668 abeat:
2464 4616 2676 4668 mirum
2704 4634 2817 4668 non
2850 4622 3017 4668 esset.
3050 4617 3276 4668 etiamsi
3308 4616 3715 4668 admitteretur
3741 4616 3831 4668 Se-

2234 4617 2429 4679 ebeat;
2464 4616 2676 4670 mirum
2704 4634 2817 4671 non
2850 4622 3017 4680 esset,
3050 4616 3276 4671 etiamsi
3308 4616 3715 4671 admitteretur
3741 4616 3831 4668 Se-

2191 4685 2689 4758 mipelagianosin
2715 4689 2918 4743 eodem
2949 4703 3177 4757 semper
3232 4702 3426 4742 errore
3478 4688 3548 4742 de
3594 4684 3832 4758 cujusvis

2191 4757 2376 4829 operis
2405 4757 2567 4829 initio
2595 4759 2927 4829 perstitisse,
2963 4759 3161 4814 divum
3215 4763 3411 4813 tamen
3460 4757 3830 4828 Augustinum

2191 4827 2508 4899 incubuisse
2546 4827 2865 4899 praesertim
2890 4830 2945 4884 in
2967 4846 3095 4884 eam
3118 4834 3407 4895 curam,ut
3421 4827 3831 4884 demonstraret

2189 4898 2570 5023 ﬁdgitinitium
2601 4918 2635 4955 a
2667 4903 2782 4957 Deo
2813 4918 2956 4965 esse,
2990 4918 3104 4957 non
3135 4906 3330 4957 autem
3361 4917 3396 4956 a
3453 4901 3611 4955 nudo
3665 4901 3827 4955 libero

2189 4986 2254 5023 ar
2294 4986 2310 5023 1
2342 4987 2445 5023 rio.

2188 4970 2445 5024 arbitrio.

2258 5043 2309 5096 9.
2345 5042 2486 5095 Cum
2510 5046 2702 5097 autem
2735 5043 2990 5114 ejusdem
3015 5044 3078 5097 D.
3110 5042 3411 5114 Augustini
3438 5042 3829 5114 testiﬁcatione

2188 5111 2284 5184 lib.
2314 5114 2383 5167 de
2414 5114 2686 5168 Praedest.
2722 5111 2820 5169 SS.
2854 5132 2901 5169 c.
2934 5115 2988 5168 2.
3016 5111 3371 5184 compertum
3398 5115 3472 5167 sit
3529 5112 3827 5184 Semipela;

2185 5183 2387 5252 gianos
2414 5200 2529 5237 non
2559 5185 2803 5255 potuisse
2843 5185 3114 5239 obsistere
3150 5180 3646 5240 manifestissimis
3692 5180 3829 5240 Scri-

2187 5259 2365 5323 ptura:
2390 5255 2546 5317 locis,
2581 5256 2935 5325 quibusﬁdes
2949 5258 3164 5309 donum
3184 5255 3281 5309 Dei
3309 5272 3430 5310 esse
3462 5260 3827 5312 monstratur.

2187 5326 2547 5394 perspicuum
2573 5327 2813 5393 videtur,
2842 5343 2936 5383 eos
2968 5327 3199 5381 nomine
3231 5328 3555 5395 initiiﬁdei,
3592 5344 3706 5382 non
3760 5325 3832 5377 in-

2185 5396 2467 5451 tellexisse
2479 5398 2652 5451 ﬁdem
2667 5400 2865 5452 rudem
2895 5399 3081 5451 adhuc
3094 5404 3149 5452 et
3161 5397 3470 5459 modicam,
3485 5399 3587 5452 sed
3608 5396 3829 5452 nomine

2184 5468 2339 5521 initi:
2368 5468 2511 5535 ﬁdei
2541 5468 2885 5523 intellexisse
2902 5485 3030 5523 eam
3060 5469 3325 5523 credendi
3358 5468 3695 5523 volitionem
3712 5464 3829 5521 ﬁdei

2185 5538 2457 5608 praevium
2491 5556 2665 5608 quam
2702 5540 3004 5594 consilium
3043 5540 3297 5594 Arausic.
3331 5555 3365 5593 ιι
3420 5556 3550 5594 can.
3603 5542 3637 5594 5
3679 5539 3831 5593 vocat

2185 5610 2551 5682 credulitatis
2569 5612 2861 5679 a/fectum.
2891 5616 3196 5681 aperteque
3212 5613 3280 5682 VS.
3305 5610 3640 5682 Fulgentius
3680 5611 3732 5682 l.
3771 5608 3831 5662 de

2183 5679 2366 5752 Incar.
2396 5684 2451 5752 et
2470 5680 2620 5735 Grat.
2660 5679 3044 5748 ChristicftB,
3069 5679 3563 5752 Semipelagianos
3577 5680 3831 5737 refellens

2184 5749 2337 5808 circa
2360 5751 2718 5810 voluntatem
2746 5752 3033 5821 credendi,
3080 5749 3257 5827 quam
3306 5749 3384 5809 ab
3430 5752 3669 5812 homine
3717 5763 3831 5808 esse
