  <div class='ocr_page' id='page_1' title='image "/cluster/home/n/w/nwhite01/storage/ocr_20150623/52/hvd.32044054758628/396.png"; bbox 0 0 3986 6178; ppageno 0'>
   <div class='ocr_carea' id='block_1_1' title="bbox 195 268 304 327">
    <p class='ocr_par' dir='ltr' id='par_1_1' title="bbox 195 268 304 327">
     <span class='ocr_line' id='line_1_1' title="bbox 195 268 304 327; baseline 0.009 -1"><span class='ocrx_word' id='word_1_1' title='bbox 195 268 304 327; x_wconf 78' lang='grc'>781</span> 
     </span>
    </p>
   </div>
   <div class='ocr_carea' id='block_1_2' title="bbox 1033 258 2750 337">
    <p class='ocr_par' dir='ltr' id='par_1_2' title="bbox 1033 258 2750 337">
     <span class='ocr_line' id='line_1_2' title="bbox 1033 258 2750 337; baseline 0.004 -7"><span class='ocrx_word' id='word_1_2' title='bbox 1033 271 1151 331; x_wconf 88' lang='grc' dir='ltr'>ΤΗ.</span> <span class='ocrx_word' id='word_1_3' title='bbox 1199 269 1576 333; x_wconf 83' lang='lat' dir='ltr'>RAYNAUDI</span> <span class='ocrx_word' id='word_1_4' title='bbox 1622 258 1981 329; x_wconf 74' lang='lat' dir='ltr'>APOLOGIA</span> <span class='ocrx_word' id='word_1_5' title='bbox 2026 266 2162 330; x_wconf 85' lang='lat' dir='ltr'>PRO</span> <span class='ocrx_word' id='word_1_6' title='bbox 2206 271 2263 331; x_wconf 91' lang='lat' dir='ltr'>S.</span> <span class='ocrx_word' id='word_1_7' title='bbox 2313 268 2750 337; x_wconf 84' lang='lat' dir='ltr'>VALERIANO.</span> 
     </span>
    </p>
   </div>
   <div class='ocr_carea' id='block_1_3' title="bbox 3485 289 3594 347">
    <p class='ocr_par' dir='ltr' id='par_1_3' title="bbox 3485 289 3594 347">
     <span class='ocr_line' id='line_1_3' title="bbox 3485 289 3594 347; baseline 0.009 -1"><span class='ocrx_word' id='word_1_8' title='bbox 3485 289 3594 347; x_wconf 79' lang='lat'>782</span> 
     </span>
    </p>
   </div>
   <div class='ocr_carea' id='block_1_4' title="bbox 191 399 3605 479">
    <p class='ocr_par' dir='ltr' id='par_1_4' title="bbox 191 399 3605 479">
     <span class='ocr_line' id='line_1_4' title="bbox 191 399 3605 479; baseline 0.006 -26"><span class='ocrx_word' id='word_1_9' title='bbox 191 399 636 479; x_wconf 78' lang='lat' dir='ltr'>contendebant,</span> <span class='ocrx_word' id='word_1_10' title='bbox 666 416 793 479; x_wconf 83' lang='lat' dir='ltr'>eam</span> <span class='ocrx_word' id='word_1_11' title='bbox 807 400 1089 479; x_wconf 64' lang='lat' dir='ltr'>nominat</span> <span class='ocrx_word' id='word_1_12' title='bbox 1118 404 1339 479; x_wconf 67' lang='lat' dir='ltr'>initium</span> <span class='ocrx_word' id='word_1_13' title='bbox 1369 404 1735 479; x_wconf 65' lang='lat' dir='ltr'>eredulitati&#39;s.</span> <span class='ocrx_word' id='word_1_14' title='bbox 1764 402 1839 479; x_wconf 79' lang='lat' dir='ltr'>Ex</span> <span class='ocrx_word' id='word_1_15' title='bbox 1869 402 1918 461; x_wconf 80' lang='grc' dir='ltr'><strong>Α</strong></span> <span class='ocrx_word' id='word_1_16' title='bbox 1950 400 2174 479; x_wconf 71' lang='lat' dir='ltr'>etiamsi</span> <span class='ocrx_word' id='word_1_17' title='bbox 2187 404 2308 479; x_wconf 86' lang='lat' dir='ltr'>jam</span> <span class='ocrx_word' id='word_1_18' title='bbox 2329 411 2629 479; x_wconf 86' lang='lat' dir='ltr'>vocantem</span> <span class='ocrx_word' id='word_1_19' title='bbox 2644 423 2772 462; x_wconf 86' lang='lat' dir='ltr'><strong>vere</strong></span> <span class='ocrx_word' id='word_1_20' title='bbox 2786 410 3074 479; x_wconf 79' lang='lat' dir='ltr'>exSpectet</span> <span class='ocrx_word' id='word_1_21' title='bbox 3088 412 3279 479; x_wconf 85' lang='lat' dir='ltr'>quoad</span> <span class='ocrx_word' id='word_1_22' title='bbox 3292 409 3605 473; x_wconf 72' lang='lat' dir='ltr'>consensu§</span> 
     </span>
    </p>
   </div>
   <div class='ocr_carea' id='block_1_5' title="bbox 189 469 1834 544">
    <p class='ocr_par' dir='ltr' id='par_1_5' title="bbox 189 469 1834 544">
     <span class='ocr_line' id='line_1_5' title="bbox 189 469 1834 544; baseline 0.002 -20"><span class='ocrx_word' id='word_1_23' title='bbox 189 486 305 544; x_wconf 78' lang='lat' dir='ltr'>quo</span> <span class='ocrx_word' id='word_1_24' title='bbox 346 469 599 544; x_wconf 79' lang='lat' dir='ltr'>sequitur</span> <span class='ocrx_word' id='word_1_25' title='bbox 626 471 764 541; x_wconf 83' lang='lat' dir='ltr'>quod</span> <span class='ocrx_word' id='word_1_26' title='bbox 787 472 950 544; x_wconf 79' lang='lat' dir='ltr'>ﬁdem</span> <span class='ocrx_word' id='word_1_27' title='bbox 980 481 1217 544; x_wconf 76' lang='lat' dir='ltr'>emptam,</span> <span class='ocrx_word' id='word_1_28' title='bbox 1251 475 1338 529; x_wconf 91' lang='lat' dir='ltr'>cui</span> <span class='ocrx_word' id='word_1_29' title='bbox 1372 474 1834 544; x_wconf 89' lang='lat' dir='ltr'>Semipelagiani,</span> 
     </span>
    </p>
   </div>
   <div class='ocr_carea' id='block_1_6' title="bbox 187 541 1841 616">
    <p class='ocr_par' dir='ltr' id='par_1_6' title="bbox 187 541 1841 616">
     <span class='ocr_line' id='line_1_6' title="bbox 187 541 1841 616; baseline 0.004 -23"><span class='ocrx_word' id='word_1_30' title='bbox 187 546 250 616; x_wconf 84' lang='lat' dir='ltr'>ut</span> <span class='ocrx_word' id='word_1_31' title='bbox 277 542 335 594; x_wconf 91' lang='lat' dir='ltr'>D.</span> <span class='ocrx_word' id='word_1_32' title='bbox 368 541 730 611; x_wconf 79' lang='lat' dir='ltr'>Augustinus,</span> <span class='ocrx_word' id='word_1_33' title='bbox 768 559 813 596; x_wconf 91' lang='lat' dir='ltr'>c.</span> <span class='ocrx_word' id='word_1_34' title='bbox 850 542 945 597; x_wconf 94' lang='lat' dir='ltr'>illo</span> <span class='ocrx_word' id='word_1_35' title='bbox 967 546 1008 616; x_wconf 18' lang='lat'>72</span> <span class='ocrx_word' id='word_1_36' title='bbox 1035 541 1304 614; x_wconf 85' lang='lat' dir='ltr'>loquitur,</span> <span class='ocrx_word' id='word_1_37' title='bbox 1336 541 1566 616; x_wconf 84' lang='lat' dir='ltr'>rependi</span> <span class='ocrx_word' id='word_1_38' title='bbox 1610 541 1841 599; x_wconf 76' lang='lat' dir='ltr'>aiebant</span> 
     </span>
    </p>
   </div>
   <div class='ocr_carea' id='block_1_7' title="bbox 183 612 1839 681">
    <p class='ocr_par' dir='ltr' id='par_1_7' title="bbox 183 612 1839 681">
     <span class='ocr_line' id='line_1_7' title="bbox 183 612 1839 681; baseline 0.002 -16"><span class='ocrx_word' id='word_1_39' title='bbox 183 612 341 681; x_wconf 70' lang='lat' dir='ltr'>ﬁdem</span> <span class='ocrx_word' id='word_1_40' title='bbox 369 619 609 675; x_wconf 72' lang='lat' dir='ltr'>auctam,</span> <span class='ocrx_word' id='word_1_41' title='bbox 645 630 758 667; x_wconf 92' lang='lat' dir='ltr'>non</span> <span class='ocrx_word' id='word_1_42' title='bbox 791 630 912 668; x_wconf 89' lang='lat' dir='ltr'>esse</span> <span class='ocrx_word' id='word_1_43' title='bbox 950 612 1124 669; x_wconf 82' lang='lat' dir='ltr'>ﬁdem</span> <span class='ocrx_word' id='word_1_44' title='bbox 1149 612 1530 671; x_wconf 85' lang='lat' dir='ltr'>essentialiter</span> <span class='ocrx_word' id='word_1_45' title='bbox 1569 618 1839 670; x_wconf 86' lang='lat' dir='ltr'>constitu-</span> 
     </span>
    </p>
   </div>
   <div class='ocr_carea' id='block_1_8' title="bbox 185 683 1837 756">
    <p class='ocr_par' dir='ltr' id='par_1_8' title="bbox 185 683 1837 756">
     <span class='ocr_line' id='line_1_8' title="bbox 185 683 1837 756; baseline 0.003 -20"><span class='ocrx_word' id='word_1_46' title='bbox 185 688 329 747; x_wconf 90' lang='lat' dir='ltr'>tam,</span> <span class='ocrx_word' id='word_1_47' title='bbox 360 683 589 756; x_wconf 86' lang='lat' dir='ltr'>tametsi</span> <span class='ocrx_word' id='word_1_48' title='bbox 630 684 905 739; x_wconf 88' lang='lat' dir='ltr'>intensive</span> <span class='ocrx_word' id='word_1_49' title='bbox 944 686 1364 756; x_wconf 79' lang='lat' dir='ltr'>imperfectam,</span> <span class='ocrx_word' id='word_1_50' title='bbox 1399 690 1496 742; x_wconf 92' lang='lat' dir='ltr'>sed</span> <span class='ocrx_word' id='word_1_51' title='bbox 1545 704 1665 741; x_wconf 82' lang='lat' dir='ltr'>esse</span> <span class='ocrx_word' id='word_1_52' title='bbox 1698 688 1837 741; x_wconf 78' lang='lat' dir='ltr'>affe-</span> 
     </span>
    </p>
   </div>
   <div class='ocr_carea' id='block_1_9' title="bbox 182 754 1833 828">
    <p class='ocr_par' dir='ltr' id='par_1_9' title="bbox 182 754 1833 828">
     <span class='ocr_line' id='line_1_9' title="bbox 182 754 1833 828; baseline 0.003 -22"><span class='ocrx_word' id='word_1_53' title='bbox 182 760 339 807; x_wconf 89' lang='lat' dir='ltr'>ctum</span> <span class='ocrx_word' id='word_1_54' title='bbox 385 754 755 828; x_wconf 84' lang='lat' dir='ltr'>anteriorem,</span> <span class='ocrx_word' id='word_1_55' title='bbox 791 756 884 826; x_wconf 91' lang='lat' dir='ltr'><strong>qui</strong></span> <span class='ocrx_word' id='word_1_56' title='bbox 930 758 1003 810; x_wconf 89' lang='lat' dir='ltr'>sit</span> <span class='ocrx_word' id='word_1_57' title='bbox 1033 754 1181 812; x_wconf 22' lang='lat' dir='ltr'>Vﬁdei</span> <span class='ocrx_word' id='word_1_58' title='bbox 1236 759 1405 813; x_wconf 90' lang='lat' dir='ltr'>veluti</span> <span class='ocrx_word' id='word_1_59' title='bbox 1447 758 1833 828; x_wconf 68' lang='lat' dir='ltr'>prmludium;</span> 
     </span>
    </p>
   </div>
   <div class='ocr_carea' id='block_1_10' title="bbox 181 826 1836 899">
    <p class='ocr_par' dir='ltr' id='par_1_10' title="bbox 181 826 1836 899">
     <span class='ocr_line' id='line_1_10' title="bbox 181 826 1836 899; baseline 0.004 -21"><span class='ocrx_word' id='word_1_60' title='bbox 181 826 447 899; x_wconf 84' lang='lat' dir='ltr'>quamvis</span> <span class='ocrx_word' id='word_1_61' title='bbox 474 826 776 899; x_wconf 83' lang='lat' dir='ltr'>moraliter</span> <span class='ocrx_word' id='word_1_62' title='bbox 800 844 943 881; x_wconf 88' lang='lat' dir='ltr'>unus</span> <span class='ocrx_word' id='word_1_63' title='bbox 966 844 1095 882; x_wconf 91' lang='lat' dir='ltr'>cum</span> <span class='ocrx_word' id='word_1_64' title='bbox 1128 828 1238 899; x_wconf 66' lang='grc'>47</span> <span class='ocrx_word' id='word_1_65' title='bbox 1269 846 1335 883; x_wconf 89' lang='lat' dir='ltr'>ea</span> <span class='ocrx_word' id='word_1_66' title='bbox 1359 826 1517 883; x_wconf 81' lang='lat' dir='ltr'>actus</span> <span class='ocrx_word' id='word_1_67' title='bbox 1542 834 1836 899; x_wconf 89' lang='lat' dir='ltr'>compute-</span> 
     </span>
    </p>
   </div>
   <div class='ocr_carea' id='block_1_11' title="bbox 179 896 1831 969">
    <p class='ocr_par' dir='ltr' id='par_1_11' title="bbox 179 896 1831 969">
     <span class='ocr_line' id='line_1_11' title="bbox 179 896 1831 969; baseline 0.004 -21"><span class='ocrx_word' id='word_1_68' title='bbox 179 900 387 969; x_wconf 87' lang='lat' dir='ltr'>tur,_et</span> <span class='ocrx_word' id='word_1_69' title='bbox 432 896 642 951; x_wconf 88' lang='lat' dir='ltr'>idcirco</span> <span class='ocrx_word' id='word_1_70' title='bbox 675 898 917 952; x_wconf 91' lang='lat' dir='ltr'>donetur</span> <span class='ocrx_word' id='word_1_71' title='bbox 945 896 1279 969; x_wconf 67' lang='lat' dir='ltr'>plerumque</span> <span class='ocrx_word' id='word_1_72' title='bbox 1331 903 1533 955; x_wconf 91' lang='lat' dir='ltr'>eodem</span> <span class='ocrx_word' id='word_1_73' title='bbox 1580 896 1831 954; x_wconf 81' lang='lat' dir='ltr'>nomine.</span> 
     </span>
    </p>
   </div>
   <div class='ocr_carea' id='block_1_12' title="bbox 181 966 1836 1042">
    <p class='ocr_par' dir='ltr' id='par_1_12' title="bbox 181 966 1836 1042">
     <span class='ocr_line' id='line_1_12' title="bbox 181 966 1836 1042; baseline 0.002 -21"><span class='ocrx_word' id='word_1_74' title='bbox 181 966 575 1042; x_wconf 80' lang='lat' dir='ltr'>Similiterque</span> <span class='ocrx_word' id='word_1_75' title='bbox 606 969 861 1039; x_wconf 76' lang='lat' dir='ltr'>sequitur</span> <span class='ocrx_word' id='word_1_76' title='bbox 890 966 1062 1042; x_wconf 85' lang='lat' dir='ltr'>ﬁdem</span> <span class='ocrx_word' id='word_1_77' title='bbox 1089 966 1318 1025; x_wconf 45' lang='lat' dir='ltr'>auc—tam</span> <span class='ocrx_word' id='word_1_78' title='bbox 1351 990 1473 1042; x_wconf 63' lang='lat' dir='ltr'>quia</span> <span class='ocrx_word' id='word_1_79' title='bbox 1504 971 1715 1026; x_wconf 86' lang='lat' dir='ltr'>ibidem</span> <span class='ocrx_word' id='word_1_80' title='bbox 1740 989 1836 1041; x_wconf 91' lang='lat' dir='ltr'>ap-</span> 
     </span>
    </p>
   </div>
   <div class='ocr_carea' id='block_1_13' title="bbox 180 1038 1837 1109">
    <p class='ocr_par' dir='ltr' id='par_1_13' title="bbox 180 1038 1837 1109">
     <span class='ocr_line' id='line_1_13' title="bbox 180 1038 1837 1109; baseline 0.002 -16"><span class='ocrx_word' id='word_1_81' title='bbox 180 1038 431 1109; x_wconf 81' lang='lat' dir='ltr'>pellatur</span> <span class='ocrx_word' id='word_1_82' title='bbox 482 1038 867 1095; x_wconf 74' lang='lat' dir='ltr'>incremeutum</span> <span class='ocrx_word' id='word_1_83' title='bbox 913 1041 1064 1109; x_wconf 79' lang='lat' dir='ltr'>ﬁdei,</span> <span class='ocrx_word' id='word_1_84' title='bbox 1098 1059 1209 1095; x_wconf 92' lang='lat' dir='ltr'>non</span> <span class='ocrx_word' id='word_1_85' title='bbox 1254 1038 1385 1098; x_wconf 50' lang='lat' dir='ltr'>esse&#39;</span> <span class='ocrx_word' id='word_1_86' title='bbox 1428 1043 1749 1097; x_wconf 89' lang='lat' dir='ltr'>auctarium</span> <span class='ocrx_word' id='word_1_87' title='bbox 1777 1038 1837 1097; x_wconf 79' lang='lat' dir='ltr'>et</span> 
     </span>
    </p>
   </div>
   <div class='ocr_carea' id='block_1_14' title="bbox 180 1108 1832 1181">
    <p class='ocr_par' dir='ltr' id='par_1_14' title="bbox 180 1108 1832 1181">
     <span class='ocr_line' id='line_1_14' title="bbox 180 1108 1832 1181; baseline 0.002 -19"><span class='ocrx_word' id='word_1_88' title='bbox 180 1108 570 1181; x_wconf 84' lang='lat' dir='ltr'>accessionem</span> <span class='ocrx_word' id='word_1_89' title='bbox 603 1110 854 1181; x_wconf 81' lang='lat' dir='ltr'>aliquam</span> <span class='ocrx_word' id='word_1_90' title='bbox 911 1108 983 1165; x_wconf 89' lang='lat' dir='ltr'>ad</span> <span class='ocrx_word' id='word_1_91' title='bbox 1016 1112 1191 1167; x_wconf 84' lang='lat' dir='ltr'>ﬁdem</span> <span class='ocrx_word' id='word_1_92' title='bbox 1241 1118 1373 1168; x_wconf 87' lang='lat' dir='ltr'>ante</span> <span class='ocrx_word' id='word_1_93' title='bbox 1414 1114 1743 1168; x_wconf 82' lang='lat' dir='ltr'>inchoatam</span> <span class='ocrx_word' id='word_1_94' title='bbox 1776 1114 1832 1167; x_wconf 89' lang='lat' dir='ltr'>in</span> 
     </span>
    </p>
   </div>
   <div class='ocr_carea' id='block_1_15' title="bbox 177 1180 1830 1255">
    <p class='ocr_par' dir='ltr' id='par_1_15' title="bbox 177 1180 1830 1255">
     <span class='ocr_line' id='line_1_15' title="bbox 177 1180 1830 1255; baseline 0.002 -20"><span class='ocrx_word' id='word_1_95' title='bbox 177 1180 382 1255; x_wconf 84' lang='lat' dir='ltr'>eodem</span> <span class='ocrx_word' id='word_1_96' title='bbox 418 1195 643 1255; x_wconf 74' lang='lat' dir='ltr'>genere,</span> <span class='ocrx_word' id='word_1_97' title='bbox 680 1180 777 1236; x_wconf 86' lang='lat' dir='ltr'>sed</span> <span class='ocrx_word' id='word_1_98' title='bbox 804 1183 1169 1255; x_wconf 15' lang='lat' dir='ltr'>gessenﬁdem</span> <span class='ocrx_word' id='word_1_99' title='bbox 1230 1185 1447 1239; x_wconf 88' lang='lat' dir='ltr'>ordinis</span> <span class='ocrx_word' id='word_1_100' title='bbox 1506 1185 1830 1255; x_wconf 87' lang='lat' dir='ltr'>superioris,</span> 
     </span>
    </p>
   </div>
   <div class='ocr_carea' id='block_1_16' title="bbox 175 1251 1834 1335">
    <p class='ocr_par' dir='ltr' id='par_1_16' title="bbox 175 1251 1834 1335">
     <span class='ocr_line' id='line_1_16' title="bbox 175 1251 1834 1335; baseline 0.004 -31"><span class='ocrx_word' id='word_1_101' title='bbox 175 1252 583 1335; x_wconf 74' lang='lat' dir='ltr'>succedentem</span> <span class='ocrx_word' id='word_1_102' title='bbox 606 1251 940 1335; x_wconf 75' lang='lat' dir='ltr'>imperfecto</span> <span class='ocrx_word' id='word_1_103' title='bbox 963 1253 1042 1334; x_wconf 80' lang='lat' dir='ltr'>illi</span> <span class='ocrx_word' id='word_1_104' title='bbox 1070 1254 1252 1335; x_wconf 83' lang='lat' dir='ltr'>initio,</span> <span class='ocrx_word' id='word_1_105' title='bbox 1284 1251 1655 1335; x_wconf 43' lang='lat' dir='ltr'>spectanti—ad</span> <span class='ocrx_word' id='word_1_106' title='bbox 1680 1256 1834 1335; x_wconf 75' lang='lat' dir='ltr'>labo-</span> 
     </span>
    </p>
   </div>
   <div class='ocr_carea' id='block_1_17' title="bbox 175 1322 1833 1389">
    <p class='ocr_par' dir='ltr' id='par_1_17' title="bbox 175 1322 1833 1389">
     <span class='ocr_line' id='line_1_17' title="bbox 175 1322 1833 1389; baseline 0.004 -15"><span class='ocrx_word' id='word_1_107' title='bbox 175 1338 299 1376; x_wconf 88' lang='lat' dir='ltr'>rem</span> <span class='ocrx_word' id='word_1_108' title='bbox 335 1322 1005 1379; x_wconf 75' lang='lat' dir='ltr'>humanum.Provocari</span> <span class='ocrx_word' id='word_1_109' title='bbox 1038 1330 1230 1379; x_wconf 90' lang='lat' dir='ltr'>autem</span> <span class='ocrx_word' id='word_1_110' title='bbox 1278 1322 1528 1389; x_wconf 85' lang='lat' dir='ltr'>aiebant,</span> <span class='ocrx_word' id='word_1_111' title='bbox 1574 1327 1685 1381; x_wconf 83' lang='lat' dir='ltr'>ﬁde</span> <span class='ocrx_word' id='word_1_112' title='bbox 1734 1326 1833 1381; x_wconf 90' lang='lat' dir='ltr'>illa</span> 
     </span>
    </p>
   </div>
   <div class='ocr_carea' id='block_1_18' title="bbox 174 1393 1830 1466">
    <p class='ocr_par' dir='ltr' id='par_1_18' title="bbox 174 1393 1830 1466">
     <span class='ocr_line' id='line_1_18' title="bbox 174 1393 1830 1466; baseline 0.003 -20"><span class='ocrx_word' id='word_1_113' title='bbox 174 1397 389 1466; x_wconf 58' lang='lat' dir='ltr'>coepta,</span> <span class='ocrx_word' id='word_1_114' title='bbox 421 1393 874 1466; x_wconf 8' lang='lat' dir='ltr'>ﬁdemeauctam.</span> <span class='ocrx_word' id='word_1_115' title='bbox 911 1396 1045 1466; x_wconf 88' lang='lat' dir='ltr'>quia</span> <span class='ocrx_word' id='word_1_116' title='bbox 1082 1397 1485 1451; x_wconf 89' lang='lat' dir='ltr'>existimabant</span> <span class='ocrx_word' id='word_1_117' title='bbox 1514 1397 1830 1461; x_wconf 89' lang='lat' dir='ltr'>hominem,</span> 
     </span>
    </p>
   </div>
   <div class='ocr_carea' id='block_1_19' title="bbox 173 1463 1830 1537">
    <p class='ocr_par' dir='ltr' id='par_1_19' title="bbox 173 1463 1830 1537">
     <span class='ocr_line' id='line_1_19' title="bbox 173 1463 1830 1537; baseline 0.001 -18"><span class='ocrx_word' id='word_1_118' title='bbox 173 1463 434 1537; x_wconf 84' lang='lat' dir='ltr'>exhibito</span> <span class='ocrx_word' id='word_1_119' title='bbox 486 1464 670 1537; x_wconf 83' lang='lat' dir='ltr'>initio,</span> <span class='ocrx_word' id='word_1_120' title='bbox 705 1463 1197 1537; x_wconf 76' lang='lat' dir='ltr'>qualitercumque</span> <span class='ocrx_word' id='word_1_121' title='bbox 1248 1469 1485 1523; x_wconf 90' lang='lat' dir='ltr'>emereri</span> <span class='ocrx_word' id='word_1_122' title='bbox 1538 1470 1830 1523; x_wconf 88' lang='lat' dir='ltr'>internum</span> 
     </span>
    </p>
   </div>
   <div class='ocr_carea' id='block_1_20' title="bbox 169 1535 1830 1609">
    <p class='ocr_par' dir='ltr' id='par_1_20' title="bbox 169 1535 1830 1609">
     <span class='ocr_line' id='line_1_20' title="bbox 169 1535 1830 1609; baseline 0.003 -22"><span class='ocrx_word' id='word_1_123' title='bbox 169 1535 381 1609; x_wconf 73' lang='lat' dir='ltr'>gratia:</span> <span class='ocrx_word' id='word_1_124' title='bbox 406 1536 681 1609; x_wconf 83' lang='lat' dir='ltr'>auxilium</span> <span class='ocrx_word' id='word_1_125' title='bbox 696 1535 1075 1592; x_wconf 85' lang='lat' dir='ltr'>necessarium</span> <span class='ocrx_word' id='word_1_126' title='bbox 1096 1535 1623 1594; x_wconf 79' lang='lat' dir='ltr'>adcredendum.Et</span> <span class='ocrx_word' id='word_1_127' title='bbox 1646 1540 1830 1609; x_wconf 91' lang='lat' dir='ltr'>ipsum</span> 
     </span>
    </p>
   </div>
   <div class='ocr_carea' id='block_1_21' title="bbox 169 1607 1832 1686">
    <p class='ocr_par' dir='ltr' id='par_1_21' title="bbox 169 1607 1832 1686">
     <span class='ocr_line' id='line_1_21' title="bbox 169 1607 1832 1686; baseline 0.003 -27"><span class='ocrx_word' id='word_1_128' title='bbox 169 1607 411 1686; x_wconf 67' lang='lat' dir='ltr'>quidem</span> <span class='ocrx_word' id='word_1_129' title='bbox 438 1608 730 1662; x_wconf 90' lang='lat' dir='ltr'>hominem</span> <span class='ocrx_word' id='word_1_130' title='bbox 755 1625 824 1663; x_wconf 84' lang='lat' dir='ltr'>ex</span> <span class='ocrx_word' id='word_1_131' title='bbox 852 1614 1012 1686; x_wconf 83' lang='lat' dir='ltr'>parte</span> <span class='ocrx_word' id='word_1_132' title='bbox 1040 1627 1143 1663; x_wconf 87' lang='lat' dir='ltr'>sua</span> <span class='ocrx_word' id='word_1_133' title='bbox 1170 1611 1415 1686; x_wconf 87' lang='lat' dir='ltr'>primum</span> <span class='ocrx_word' id='word_1_134' title='bbox 1442 1607 1709 1686; x_wconf 73' lang='lat' dir='ltr'>conferre</span> <span class='ocrx_word' id='word_1_135' title='bbox 1740 1627 1832 1686; x_wconf 43' lang='lat' dir='ltr'>vo:</span> 
     </span>
    </p>
   </div>
   <div class='ocr_carea' id='block_1_22' title="bbox 170 1677 1829 1750">
    <p class='ocr_par' dir='ltr' id='par_1_22' title="bbox 170 1677 1829 1750">
     <span class='ocr_line' id='line_1_22' title="bbox 170 1677 1829 1750; baseline 0.003 -20"><span class='ocrx_word' id='word_1_136' title='bbox 170 1677 464 1743; x_wconf 79' lang='lat' dir='ltr'>titionem,</span> <span class='ocrx_word' id='word_1_137' title='bbox 522 1695 650 1733; x_wconf 90' lang='lat' dir='ltr'>eam</span> <span class='ocrx_word' id='word_1_138' title='bbox 714 1677 865 1733; x_wconf 60' lang='lat' dir='ltr'>cumw</span> <span class='ocrx_word' id='word_1_139' title='bbox 916 1677 1184 1750; x_wconf 54' lang='lat' dir='ltr'>primum&#39;</span> <span class='ocrx_word' id='word_1_140' title='bbox 1246 1682 1593 1747; x_wconf 87' lang='lat' dir='ltr'>emicuisset,</span> <span class='ocrx_word' id='word_1_141' title='bbox 1653 1682 1829 1736; x_wconf 81' lang='lat' dir='ltr'>foveri</span> 
     </span>
    </p>
   </div>
   <div class='ocr_carea' id='block_1_23' title="bbox 1949 471 3601 543">
    <p class='ocr_par' dir='ltr' id='par_1_23' title="bbox 1949 471 3601 543">
     <span class='ocr_line' id='line_1_23' title="bbox 1949 471 3601 543; baseline 0.011 -18"><span class='ocrx_word' id='word_1_142' title='bbox 1949 471 2109 527; x_wconf 88' lang='lat' dir='ltr'>liberi</span> <span class='ocrx_word' id='word_1_143' title='bbox 2142 471 2593 543; x_wconf 75' lang='lat' dir='ltr'>productionem.</span> <span class='ocrx_word' id='word_1_144' title='bbox 2649 480 2707 532; x_wconf 89' lang='lat' dir='ltr'>td</span> <span class='ocrx_word' id='word_1_145' title='bbox 2746 482 2832 532; x_wconf 89' lang='lat' dir='ltr'>est</span> <span class='ocrx_word' id='word_1_146' title='bbox 2884 471 3027 532; x_wconf 80' lang='lat' dir='ltr'>nolit</span> <span class='ocrx_word' id='word_1_147' title='bbox 3056 471 3180 533; x_wconf 72' lang='lat' dir='ltr'>eam</span> <span class='ocrx_word' id='word_1_148' title='bbox 3214 471 3601 543; x_wconf 73' lang='lat' dir='ltr'>inconsultam</span> 
     </span>
    </p>
   </div>
   <div class='ocr_carea' id='block_1_24' title="bbox 1949 544 3602 621">
    <p class='ocr_par' dir='ltr' id='par_1_24' title="bbox 1949 544 3602 621">
     <span class='ocr_line' id='line_1_24' title="bbox 1949 544 3602 621; baseline 0.01 -24"><span class='ocrx_word' id='word_1_149' title='bbox 1949 544 2207 613; x_wconf 86' lang='lat' dir='ltr'>abripere</span> <span class='ocrx_word' id='word_1_150' title='bbox 2231 548 2303 599; x_wconf 88' lang='lat' dir='ltr'>ad</span> <span class='ocrx_word' id='word_1_151' title='bbox 2333 550 2785 621; x_wconf 85' lang='lat' dir='ltr'>cooperandum,</span> <span class='ocrx_word' id='word_1_152' title='bbox 2813 549 2896 603; x_wconf 86' lang='lat' dir='ltr'>vel</span> <span class='ocrx_word' id='word_1_153' title='bbox 2929 549 3159 621; x_wconf 83' lang='lat' dir='ltr'>adigere</span> <span class='ocrx_word' id='word_1_154' title='bbox 3180 554 3253 606; x_wconf 90' lang='lat' dir='ltr'>ad</span> <span class='ocrx_word' id='word_1_155' title='bbox 3275 557 3602 614; x_wconf 88' lang='lat' dir='ltr'>cudendum</span> 
     </span>
    </p>
   </div>
   <div class='ocr_carea' id='block_1_25' title="bbox 1947 620 3601 692">
    <p class='ocr_par' dir='ltr' id='par_1_25' title="bbox 1947 620 3601 692">
     <span class='ocr_line' id='line_1_25' title="bbox 1947 620 3601 692; baseline 0.009 -24"><span class='ocrx_word' id='word_1_156' title='bbox 1947 630 2288 692; x_wconf 84' lang='lat' dir='ltr'>consensum</span> <span class='ocrx_word' id='word_1_157' title='bbox 2315 635 2325 672; x_wconf 92' lang='lat'>:</span> <span class='ocrx_word' id='word_1_158' title='bbox 2353 621 2449 673; x_wconf 90' lang='lat' dir='ltr'>sed</span> <span class='ocrx_word' id='word_1_159' title='bbox 2467 620 2522 673; x_wconf 89' lang='lat' dir='ltr'>id</span> <span class='ocrx_word' id='word_1_160' title='bbox 2542 620 2791 674; x_wconf 90' lang='lat' dir='ltr'>libertati</span> <span class='ocrx_word' id='word_1_161' title='bbox 2809 621 2932 692; x_wconf 85' lang='lat' dir='ltr'>ejus</span> <span class='ocrx_word' id='word_1_162' title='bbox 2954 620 3250 690; x_wconf 83' lang='lat' dir='ltr'>permittat</span> <span class='ocrx_word' id='word_1_163' title='bbox 3272 642 3375 679; x_wconf 90' lang='lat' dir='ltr'>nec</span> <span class='ocrx_word' id='word_1_164' title='bbox 3402 627 3511 681; x_wconf 90' lang='lat' dir='ltr'>nisi</span> <span class='ocrx_word' id='word_1_165' title='bbox 3528 630 3601 683; x_wconf 91' lang='lat' dir='ltr'>ab</span> 
     </span>
    </p>
   </div>
   <div class='ocr_carea' id='block_1_26' title="bbox 1946 687 3597 765">
    <p class='ocr_par' dir='ltr' id='par_1_26' title="bbox 1946 687 3597 765">
     <span class='ocr_line' id='line_1_26' title="bbox 1946 687 3597 765; baseline 0.01 -27"><span class='ocrx_word' id='word_1_166' title='bbox 1946 687 2040 765; x_wconf 85' lang='lat' dir='ltr'>ea</span> <span class='ocrx_word' id='word_1_167' title='bbox 2053 703 2146 739; x_wconf 90' lang='lat' dir='ltr'>am</span> <span class='ocrx_word' id='word_1_168' title='bbox 2162 695 2451 765; x_wconf 57' lang='lat' dir='ltr'>praeventa</span> <span class='ocrx_word' id='word_1_169' title='bbox 2467 692 2775 745; x_wconf 84' lang='lat' dir='ltr'>advocatus</span> <span class='ocrx_word' id='word_1_170' title='bbox 2789 687 3133 746; x_wconf 72' lang='lat' dir='ltr'>accurratad</span> <span class='ocrx_word' id='word_1_171' title='bbox 3150 699 3597 765; x_wconf 88' lang='lat' dir='ltr'>cooperandum.</span> 
     </span>
    </p>
   </div>
   <div class='ocr_carea' id='block_1_27' title="bbox 1948 758 3599 850">
    <p class='ocr_par' dir='ltr' id='par_1_27' title="bbox 1948 758 3599 850">
     <span class='ocr_line' id='line_1_27' title="bbox 1948 758 3599 850; baseline 0.01 -41"><span class='ocrx_word' id='word_1_172' title='bbox 1948 758 2574 850; x_wconf 29' lang='lat' dir='ltr'>advocatushinquam,</span> <span class='ocrx_word' id='word_1_173' title='bbox 2612 778 2725 816; x_wconf 91' lang='lat' dir='ltr'>non</span> <span class='ocrx_word' id='word_1_174' title='bbox 2759 778 2857 833; x_wconf 91' lang='lat' dir='ltr'>per</span> <span class='ocrx_word' id='word_1_175' title='bbox 2890 767 3080 850; x_wconf 75' lang='lat' dir='ltr'>actum</span> <span class='ocrx_word' id='word_1_176' title='bbox 3113 758 3307 846; x_wconf 76' lang='lat' dir='ltr'>divina</span> <span class='ocrx_word' id='word_1_177' title='bbox 3329 785 3599 850; x_wconf 82' lang='lat' dir='ltr'>coopera-</span> 
     </span>
    </p>
   </div>
   <div class='ocr_carea' id='block_1_28' title="bbox 1945 830 3593 907">
    <p class='ocr_par' dir='ltr' id='par_1_28' title="bbox 1945 830 3593 907">
     <span class='ocr_line' id='line_1_28' title="bbox 1945 830 3593 907; baseline 0.008 -26"><span class='ocrx_word' id='word_1_178' title='bbox 1945 830 2099 907; x_wconf 80' lang='lat' dir='ltr'>tione</span> <span class='ocrx_word' id='word_1_179' title='bbox 2130 830 2499 907; x_wconf 80' lang='lat' dir='ltr'>anteriorem,</span> <span class='ocrx_word' id='word_1_180' title='bbox 2543 850 2711 901; x_wconf 88' lang='lat' dir='ltr'>quem</span> <span class='ocrx_word' id='word_1_181' title='bbox 2754 830 2979 888; x_wconf 80' lang='lat' dir='ltr'>constat</span> <span class='ocrx_word' id='word_1_182' title='bbox 3002 851 3125 889; x_wconf 90' lang='lat' dir='ltr'>esse</span> <span class='ocrx_word' id='word_1_183' title='bbox 3155 830 3593 907; x_wconf 88' lang='lat' dir='ltr'>impassibilem,</span> 
     </span>
    </p>
   </div>
   <div class='ocr_carea' id='block_1_29' title="bbox 1945 901 3598 977">
    <p class='ocr_par' dir='ltr' id='par_1_29' title="bbox 1945 901 3598 977">
     <span class='ocr_line' id='line_1_29' title="bbox 1945 901 3598 977; baseline 0.008 -25"><span class='ocrx_word' id='word_1_184' title='bbox 1945 901 2044 977; x_wconf 74' lang='lat' dir='ltr'>sed</span> <span class='ocrx_word' id='word_1_185' title='bbox 2069 916 2167 977; x_wconf 80' lang='lat' dir='ltr'>per</span> <span class='ocrx_word' id='word_1_186' title='bbox 2185 902 2530 977; x_wconf 80' lang='lat' dir='ltr'>exigentiam</span> <span class='ocrx_word' id='word_1_187' title='bbox 2551 909 2767 959; x_wconf 57' lang='lat' dir='ltr'>natura!</span> <span class='ocrx_word' id='word_1_188' title='bbox 2787 910 2922 977; x_wconf 89' lang='lat' dir='ltr'>tunc</span> <span class='ocrx_word' id='word_1_189' title='bbox 2944 901 3349 977; x_wconf 66' lang='lat' dir='ltr'>operabundae,</span> <span class='ocrx_word' id='word_1_190' title='bbox 3366 915 3421 965; x_wconf 92' lang='lat' dir='ltr'>et</span> <span class='ocrx_word' id='word_1_191' title='bbox 3436 911 3495 965; x_wconf 90' lang='lat' dir='ltr'>in</span> <span class='ocrx_word' id='word_1_192' title='bbox 3513 901 3598 965; x_wconf 52' lang='lat' dir='ltr'>ta;</span> 
     </span>
    </p>
   </div>
   <div class='ocr_carea' id='block_1_30' title="bbox 1943 970 3596 1045">
    <p class='ocr_par' dir='ltr' id='par_1_30' title="bbox 1943 970 3596 1045">
     <span class='ocr_line' id='line_1_30' title="bbox 1943 970 3596 1045; baseline 0.009 -22"><span class='ocrx_word' id='word_1_193' title='bbox 1943 970 2089 1024; x_wconf 90' lang='lat' dir='ltr'>libus</span> <span class='ocrx_word' id='word_1_194' title='bbox 2105 970 2642 1045; x_wconf 84' lang='lat' dir='ltr'>circumstantiis,ac</span> <span class='ocrx_word' id='word_1_195' title='bbox 2666 976 2959 1045; x_wconf 82' lang='lat' dir='ltr'>praemissa</span> <span class='ocrx_word' id='word_1_196' title='bbox 2980 970 3174 1032; x_wconf 80' lang='lat' dir='ltr'>divina</span> <span class='ocrx_word' id='word_1_197' title='bbox 3192 970 3596 1038; x_wconf 83' lang='lat' dir='ltr'>fecundatione</span> 
     </span>
    </p>
   </div>
   <div class='ocr_carea' id='block_1_31' title="bbox 1946 1044 3593 1120">
    <p class='ocr_par' dir='ltr' id='par_1_31' title="bbox 1946 1044 3593 1120">
     <span class='ocr_line' id='line_1_31' title="bbox 1946 1044 3593 1120; baseline 0.008 -25"><span class='ocrx_word' id='word_1_198' title='bbox 1946 1044 2790 1120; x_wconf 64' lang='lat' dir='ltr'>praeveniente.expromptura:</span> <span class='ocrx_word' id='word_1_199' title='bbox 2824 1048 3129 1120; x_wconf 81' lang='lat' dir='ltr'>actionem,</span> <span class='ocrx_word' id='word_1_200' title='bbox 3170 1049 3215 1103; x_wconf 87' lang='lat' dir='ltr'>si</span> <span class='ocrx_word' id='word_1_201' title='bbox 3247 1057 3437 1120; x_wconf 89' lang='lat' dir='ltr'>posset</span> <span class='ocrx_word' id='word_1_202' title='bbox 3468 1054 3593 1108; x_wconf 86' lang='lat' dir='ltr'>abs-</span> 
     </span>
    </p>
   </div>
   <div class='ocr_carea' id='block_1_32' title="bbox 1944 1116 3592 1194">
    <p class='ocr_par' dir='ltr' id='par_1_32' title="bbox 1944 1116 3592 1194">
     <span class='ocr_line' id='line_1_32' title="bbox 1944 1116 3592 1194; baseline 0.008 -28"><span class='ocrx_word' id='word_1_203' title='bbox 1944 1129 2052 1183; x_wconf 90' lang='lat' dir='ltr'>que</span> <span class='ocrx_word' id='word_1_204' title='bbox 2086 1116 2197 1194; x_wconf 76' lang='lat' dir='ltr'>Deo</span> <span class='ocrx_word' id='word_1_205' title='bbox 2219 1132 2276 1169; x_wconf 90' lang='lat' dir='ltr'>se</span> <span class='ocrx_word' id='word_1_206' title='bbox 2304 1117 2827 1194; x_wconf 84' lang='lat' dir='ltr'>ad_eooperand_um</span> <span class='ocrx_word' id='word_1_207' title='bbox 2855 1119 3203 1194; x_wconf 80' lang='lat' dir='ltr'>adjungente</span> <span class='ocrx_word' id='word_1_208' title='bbox 3233 1116 3362 1176; x_wconf 79' lang='lat' dir='ltr'>eam</span> <span class='ocrx_word' id='word_1_209' title='bbox 3391 1139 3592 1194; x_wconf 86' lang='lat' dir='ltr'>expro-</span> 
     </span>
    </p>
   </div>
   <div class='ocr_carea' id='block_1_33' title="bbox 1943 1185 3591 1259">
    <p class='ocr_par' dir='ltr' id='par_1_33' title="bbox 1943 1185 3591 1259">
     <span class='ocr_line' id='line_1_33' title="bbox 1943 1185 3591 1259; baseline 0.008 -22"><span class='ocrx_word' id='word_1_210' title='bbox 1943 1200 2133 1259; x_wconf 63' lang='lat' dir='ltr'>mere1</span> <span class='ocrx_word' id='word_1_211' title='bbox 2152 1186 2289 1259; x_wconf 83' lang='lat' dir='ltr'>Eam</span> <span class='ocrx_word' id='word_1_212' title='bbox 2305 1185 2459 1259; x_wconf 82' lang='lat' dir='ltr'>enim</span> <span class='ocrx_word' id='word_1_213' title='bbox 2477 1185 2640 1242; x_wconf 87' lang='lat' dir='ltr'>suam</span> <span class='ocrx_word' id='word_1_214' title='bbox 2659 1185 3003 1259; x_wconf 83' lang='lat' dir='ltr'>exigentiam</span> <span class='ocrx_word' id='word_1_215' title='bbox 3030 1185 3293 1247; x_wconf 70' lang='lat' dir='ltr'>voluntas</span> <span class='ocrx_word' id='word_1_216' title='bbox 3322 1185 3591 1250; x_wconf 75' lang='lat' dir='ltr'>contuen-</span> 
     </span>
    </p>
   </div>
   <div class='ocr_carea' id='block_1_34' title="bbox 1943 1255 3592 1331">
    <p class='ocr_par' dir='ltr' id='par_1_34' title="bbox 1943 1255 3592 1331">
     <span class='ocr_line' id='line_1_34' title="bbox 1943 1255 3592 1331; baseline 0.009 -24"><span class='ocrx_word' id='word_1_217' title='bbox 1943 1255 2078 1331; x_wconf 88' lang='lat' dir='ltr'>_d_a_m</span> <span class='ocrx_word' id='word_1_218' title='bbox 2106 1256 2219 1310; x_wconf 92' lang='lat' dir='ltr'>Deo</span> <span class='ocrx_word' id='word_1_219' title='bbox 2242 1258 2537 1331; x_wconf 84' lang='lat' dir='ltr'>objiciens,</span> <span class='ocrx_word' id='word_1_220' title='bbox 2574 1264 2631 1313; x_wconf 90' lang='lat' dir='ltr'>et</span> <span class='ocrx_word' id='word_1_221' title='bbox 2661 1255 2955 1331; x_wconf 75' lang='lat' dir='ltr'>objective,</span> <span class='ocrx_word' id='word_1_222' title='bbox 2992 1276 3107 1315; x_wconf 91' lang='lat' dir='ltr'>non</span> <span class='ocrx_word' id='word_1_223' title='bbox 3133 1262 3476 1331; x_wconf 87' lang='lat' dir='ltr'>formaliter,</span> <span class='ocrx_word' id='word_1_224' title='bbox 3501 1283 3592 1322; x_wconf 85' lang='lat' dir='ltr'>ex-</span> 
     </span>
    </p>
   </div>
   <div class='ocr_carea' id='block_1_35' title="bbox 1940 1326 3592 1407">
    <p class='ocr_par' dir='ltr' id='par_1_35' title="bbox 1940 1326 3592 1407">
     <span class='ocr_line' id='line_1_35' title="bbox 1940 1326 3592 1407; baseline 0.008 -29"><span class='ocrx_word' id='word_1_225' title='bbox 1940 1326 2162 1407; x_wconf 74' lang='lat' dir='ltr'>hibens,</span> <span class='ocrx_word' id='word_1_226' title='bbox 2186 1326 2427 1407; x_wconf 78' lang='lat' dir='ltr'>advocat</span> <span class='ocrx_word' id='word_1_227' title='bbox 2452 1330 2629 1383; x_wconf 90' lang='lat' dir='ltr'>Deum</span> <span class='ocrx_word' id='word_1_228' title='bbox 2662 1326 3207 1407; x_wconf 59' lang='lat' dir='ltr'>ad&#39;cooperandum,</span> <span class='ocrx_word' id='word_1_229' title='bbox 3237 1339 3293 1389; x_wconf 91' lang='lat' dir='ltr'>et</span> <span class='ocrx_word' id='word_1_230' title='bbox 3317 1352 3445 1390; x_wconf 91' lang='lat' dir='ltr'>cum</span> <span class='ocrx_word' id='word_1_231' title='bbox 3464 1326 3592 1407; x_wconf 87' lang='lat' dir='ltr'>ipsa</span> 
     </span>
    </p>
   </div>
   <div class='ocr_carea' id='block_1_36' title="bbox 1941 1398 3591 1478">
    <p class='ocr_par' dir='ltr' id='par_1_36' title="bbox 1941 1398 3591 1478">
     <span class='ocr_line' id='line_1_36' title="bbox 1941 1398 3591 1478; baseline 0.008 -29"><span class='ocrx_word' id='word_1_232' title='bbox 1941 1398 2368 1478; x_wconf 72' lang='lat' dir='ltr'>producendum</span> <span class='ocrx_word' id='word_1_233' title='bbox 2406 1416 2762 1478; x_wconf 76' lang='lat' dir='ltr'>consensum</span> <span class='ocrx_word' id='word_1_234' title='bbox 2819 1398 3079 1478; x_wconf 79' lang='lat' dir='ltr'>liberum.</span> <span class='ocrx_word' id='word_1_235' title='bbox 3130 1398 3327 1475; x_wconf 78' lang='lat' dir='ltr'>Itaque</span> <span class='ocrx_word' id='word_1_236' title='bbox 3363 1407 3461 1461; x_wconf 91' lang='lat' dir='ltr'>illa</span> <span class='ocrx_word' id='word_1_237' title='bbox 3491 1398 3591 1478; x_wconf 76' lang='lat' dir='ltr'>per</span> 
     </span>
    </p>
   </div>
   <div class='ocr_carea' id='block_1_37' title="bbox 1942 1470 3590 1545">
    <p class='ocr_par' dir='ltr' id='par_1_37' title="bbox 1942 1470 3590 1545">
     <span class='ocr_line' id='line_1_37' title="bbox 1942 1470 3590 1545; baseline 0.008 -24"><span class='ocrx_word' id='word_1_238' title='bbox 1942 1470 2479 1545; x_wconf 79' lang='lat' dir='ltr'>Deumexspectatio</span> <span class='ocrx_word' id='word_1_239' title='bbox 2494 1471 2756 1545; x_wconf 63' lang='lat' dir='ltr'>humanae</span> <span class='ocrx_word' id='word_1_240' title='bbox 2770 1470 3274 1545; x_wconf 79' lang='lat' dir='ltr'>voluntatis,quam</span> <span class='ocrx_word' id='word_1_241' title='bbox 3290 1470 3590 1533; x_wconf 76' lang='lat' dir='ltr'>concilium</span> 
     </span>
    </p>
   </div>
   <div class='ocr_carea' id='block_1_38' title="bbox 1940 1540 3587 1620">
    <p class='ocr_par' dir='ltr' id='par_1_38' title="bbox 1940 1540 3587 1620">
     <span class='ocr_line' id='line_1_38' title="bbox 1940 1540 3587 1620; baseline 0.009 -29"><span class='ocrx_word' id='word_1_242' title='bbox 1940 1540 2352 1620; x_wconf 51' lang='lat' dir='ltr'>Arausicauum</span> <span class='ocrx_word' id='word_1_243' title='bbox 2394 1543 2742 1620; x_wconf 78' lang='lat' dir='ltr'>reprobavit,</span> <span class='ocrx_word' id='word_1_244' title='bbox 2764 1544 2878 1620; x_wconf 76' lang='lat' dir='ltr'>alia</span> <span class='ocrx_word' id='word_1_245' title='bbox 2909 1562 3029 1620; x_wconf 90' lang='lat' dir='ltr'>non_</span> <span class='ocrx_word' id='word_1_246' title='bbox 3054 1540 3143 1600; x_wconf 77' lang='lat' dir='ltr'>est</span> <span class='ocrx_word' id='word_1_247' title='bbox 3168 1564 3339 1617; x_wconf 92' lang='lat' dir='ltr'>quam</span> <span class='ocrx_word' id='word_1_248' title='bbox 3365 1566 3487 1620; x_wconf 79' lang='lat' dir='ltr'>quas</span> <span class='ocrx_word' id='word_1_249' title='bbox 3517 1552 3587 1606; x_wconf 87' lang='lat' dir='ltr'>ab</span> 
     </span>
    </p>
   </div>
   <div class='ocr_carea' id='block_1_39' title="bbox 1940 1609 3587 1690">
    <p class='ocr_par' dir='ltr' id='par_1_39' title="bbox 1940 1609 3587 1690">
     <span class='ocr_line' id='line_1_39' title="bbox 1940 1609 3587 1690; baseline 0.009 -28"><span class='ocrx_word' id='word_1_250' title='bbox 1940 1609 2075 1690; x_wconf 78' lang='lat' dir='ltr'>ipsis</span> <span class='ocrx_word' id='word_1_251' title='bbox 2107 1609 2575 1690; x_wconf 70' lang='lat' dir='ltr'>Semipelagianis</span> <span class='ocrx_word' id='word_1_252' title='bbox 2598 1609 2779 1690; x_wconf 85' lang='lat' dir='ltr'>posita</span> <span class='ocrx_word' id='word_1_253' title='bbox 2804 1615 3122 1690; x_wconf 83' lang='lat' dir='ltr'>fuerat,hoc</span> <span class='ocrx_word' id='word_1_254' title='bbox 3135 1609 3220 1672; x_wconf 74' lang='lat' dir='ltr'>est</span> <span class='ocrx_word' id='word_1_255' title='bbox 3240 1609 3587 1690; x_wconf 77' lang='lat' dir='ltr'>exspectatio</span> 
     </span>
    </p>
   </div>
   <div class='ocr_carea' id='block_1_40' title="bbox 1941 1680 3586 1755">
    <p class='ocr_par' dir='ltr' id='par_1_40' title="bbox 1941 1680 3586 1755">
     <span class='ocr_line' id='line_1_40' title="bbox 1941 1680 3586 1755; baseline 0.009 -23"><span class='ocrx_word' id='word_1_256' title='bbox 1941 1680 2249 1755; x_wconf 82' lang='lat' dir='ltr'>voluntatis</span> <span class='ocrx_word' id='word_1_257' title='bbox 2281 1687 2339 1736; x_wconf 91' lang='lat' dir='ltr'>ut</span> <span class='ocrx_word' id='word_1_258' title='bbox 2362 1680 2612 1755; x_wconf 60' lang='lat' dir='ltr'>vocetur,</span> <span class='ocrx_word' id='word_1_259' title='bbox 2634 1684 2715 1738; x_wconf 92' lang='lat' dir='ltr'>ita</span> <span class='ocrx_word' id='word_1_260' title='bbox 2746 1690 2805 1738; x_wconf 92' lang='lat' dir='ltr'>ut</span> <span class='ocrx_word' id='word_1_261' title='bbox 2836 1687 2991 1755; x_wconf 91' lang='lat' dir='ltr'>prius</span> <span class='ocrx_word' id='word_1_262' title='bbox 3022 1688 3196 1743; x_wconf 90' lang='lat' dir='ltr'>homo</span> <span class='ocrx_word' id='word_1_263' title='bbox 3221 1705 3287 1744; x_wconf 84' lang='lat' dir='ltr'>ex</span> <span class='ocrx_word' id='word_1_264' title='bbox 3313 1680 3373 1746; x_wconf 72' lang='lat' dir='ltr'>se</span> <span class='ocrx_word' id='word_1_265' title='bbox 3398 1692 3586 1747; x_wconf 86' lang='lat' dir='ltr'>etsuis</span> 
     </span>
    </p>
   </div>
   <div class='ocr_carea' id='block_1_41' title="bbox 170 1750 3587 1822">
    <p class='ocr_par' dir='ltr' id='par_1_41' title="bbox 170 1750 3587 1822">
     <span class='ocr_line' id='line_1_41' title="bbox 170 1750 3587 1822; baseline 0.005 -21"><span class='ocrx_word' id='word_1_266' title='bbox 170 1753 228 1822; x_wconf 75' lang='lat' dir='ltr'>et</span> <span class='ocrx_word' id='word_1_267' title='bbox 257 1750 585 1818; x_wconf 89' lang='lat' dir='ltr'>promoveri</span> <span class='ocrx_word' id='word_1_268' title='bbox 623 1767 656 1805; x_wconf 88' lang='lat' dir='ltr'>a</span> <span class='ocrx_word' id='word_1_269' title='bbox 700 1751 832 1805; x_wconf 92' lang='lat' dir='ltr'>Deo.</span> <span class='ocrx_word' id='word_1_270' title='bbox 880 1752 1043 1814; x_wconf 88' lang='lat' dir='ltr'>Quod</span> <span class='ocrx_word' id='word_1_271' title='bbox 1093 1752 1278 1822; x_wconf 90' lang='lat' dir='ltr'>ipsum</span> <span class='ocrx_word' id='word_1_272' title='bbox 1323 1754 1487 1807; x_wconf 90' lang='lat' dir='ltr'>aliter</span> <span class='ocrx_word' id='word_1_273' title='bbox 1516 1754 1830 1807; x_wconf 83' lang='lat' dir='ltr'>efferebant</span> <span class='ocrx_word' id='word_1_274' title='bbox 1862 1759 1905 1815; x_wconf 86' lang='grc' dir='ltr'><strong>Β</strong></span> <span class='ocrx_word' id='word_1_275' title='bbox 1940 1750 2170 1815; x_wconf 88' lang='lat' dir='ltr'>viribus,</span> <span class='ocrx_word' id='word_1_276' title='bbox 2207 1754 2319 1806; x_wconf 91' lang='lat' dir='ltr'>Deo</span> <span class='ocrx_word' id='word_1_277' title='bbox 2352 1753 2491 1807; x_wconf 89' lang='lat' dir='ltr'>nihil</span> <span class='ocrx_word' id='word_1_278' title='bbox 2520 1750 2708 1809; x_wconf 91' lang='lat' dir='ltr'>adhuc</span> <span class='ocrx_word' id='word_1_279' title='bbox 2736 1750 2885 1810; x_wconf 74' lang='lat' dir='ltr'>circa</span> <span class='ocrx_word' id='word_1_280' title='bbox 2912 1758 3155 1813; x_wconf 89' lang='lat' dir='ltr'>salutem</span> <span class='ocrx_word' id='word_1_281' title='bbox 3185 1760 3434 1816; x_wconf 86' lang='lat' dir='ltr'>hominis</span> <span class='ocrx_word' id='word_1_282' title='bbox 3467 1779 3587 1817; x_wconf 87' lang='lat' dir='ltr'>mo-</span> 
     </span>
    </p>
   </div>
   <div class='ocr_carea' id='block_1_42' title="bbox 170 1819 1826 1893">
    <p class='ocr_par' dir='ltr' id='par_1_42' title="bbox 170 1819 1826 1893">
     <span class='ocr_line' id='line_1_42' title="bbox 170 1819 1826 1893; baseline 0.001 -21"><span class='ocrx_word' id='word_1_283' title='bbox 170 1819 433 1893; x_wconf 81' lang='lat' dir='ltr'>dicentes</span> <span class='ocrx_word' id='word_1_284' title='bbox 455 1822 695 1875; x_wconf 78' lang='lat' dir='ltr'>homines</span> <span class='ocrx_word' id='word_1_285' title='bbox 728 1822 946 1877; x_wconf 73' lang='lat' dir='ltr'>initium</span> <span class='ocrx_word' id='word_1_286' title='bbox 976 1819 1240 1893; x_wconf 69' lang='lat' dir='ltr'>praebere,</span> <span class='ocrx_word' id='word_1_287' title='bbox 1278 1825 1381 1879; x_wconf 71' lang='lat' dir='ltr'>Dei</span> <span class='ocrx_word' id='word_1_288' title='bbox 1421 1841 1547 1879; x_wconf 76' lang='lat' dir='ltr'>vero</span> <span class='ocrx_word' id='word_1_289' title='bbox 1577 1841 1683 1878; x_wconf 80' lang='lat' dir='ltr'>esse</span> <span class='ocrx_word' id='word_1_290' title='bbox 1711 1840 1826 1893; x_wconf 79' lang='lat' dir='ltr'>per-</span> 
     </span>
    </p>
   </div>
   <div class='ocr_carea' id='block_1_43' title="bbox 165 1892 1827 1964">
    <p class='ocr_par' dir='ltr' id='par_1_43' title="bbox 165 1892 1827 1964">
     <span class='ocr_line' id='line_1_43' title="bbox 165 1892 1827 1964; baseline 0.002 -21"><span class='ocrx_word' id='word_1_291' title='bbox 165 1892 335 1964; x_wconf 70' lang='lat' dir='ltr'>ﬁcere</span> <span class='ocrx_word' id='word_1_292' title='bbox 362 1893 607 1964; x_wconf 82' lang='lat' dir='ltr'>Itemque</span> <span class='ocrx_word' id='word_1_293' title='bbox 641 1898 701 1947; x_wconf 90' lang='lat' dir='ltr'>ut</span> <span class='ocrx_word' id='word_1_294' title='bbox 745 1892 985 1964; x_wconf 87' lang='lat' dir='ltr'>Prosper</span> <span class='ocrx_word' id='word_1_295' title='bbox 1033 1895 1272 1964; x_wconf 90' lang='lat' dir='ltr'>epistola</span> <span class='ocrx_word' id='word_1_296' title='bbox 1312 1896 1485 1949; x_wconf 89' lang='lat' dir='ltr'>citata</span> <span class='ocrx_word' id='word_1_297' title='bbox 1535 1892 1729 1955; x_wconf 13' lang='lat' dir='ltr'>referti,</span> <span class='ocrx_word' id='word_1_298' title='bbox 1761 1895 1827 1948; x_wconf 90' lang='lat' dir='ltr'>iis</span> 
     </span>
    </p>
   </div>
   <div class='ocr_carea' id='block_1_44' title="bbox 165 1962 1828 2035">
    <p class='ocr_par' dir='ltr' id='par_1_44' title="bbox 165 1962 1828 2035">
     <span class='ocr_line' id='line_1_44' title="bbox 165 1962 1828 2035; baseline 0.002 -20"><span class='ocrx_word' id='word_1_299' title='bbox 165 1962 424 2017; x_wconf 89' lang='lat' dir='ltr'>conferri</span> <span class='ocrx_word' id='word_1_300' title='bbox 443 1964 805 2018; x_wconf 84' lang='lat' dir='ltr'>sanctitatem</span> <span class='ocrx_word' id='word_1_301' title='bbox 835 1962 929 2034; x_wconf 88' lang='lat' dir='ltr'>qui</span> <span class='ocrx_word' id='word_1_302' title='bbox 953 1962 1099 2018; x_wconf 85' lang='lat' dir='ltr'>bono</span> <span class='ocrx_word' id='word_1_303' title='bbox 1125 1970 1361 2031; x_wconf 71' lang='lat' dir='ltr'>naturae,</span> <span class='ocrx_word' id='word_1_304' title='bbox 1380 1967 1531 2035; x_wconf 90' lang='lat' dir='ltr'>quod</span> <span class='ocrx_word' id='word_1_305' title='bbox 1549 1967 1828 2019; x_wconf 89' lang='lat' dir='ltr'>vocabant</span> 
     </span>
    </p>
   </div>
   <div class='ocr_carea' id='block_1_45' title="bbox 159 2035 1823 2106">
    <p class='ocr_par' dir='ltr' id='par_1_45' title="bbox 159 2035 1823 2106">
     <span class='ocr_line' id='line_1_45' title="bbox 159 2035 1823 2106; baseline 0.002 -20"><span class='ocrx_word' id='word_1_306' title='bbox 159 2035 419 2106; x_wconf 65' lang='lat' dir='ltr'>gratiam</span> <span class='ocrx_word' id='word_1_307' title='bbox 444 2035 730 2106; x_wconf 76' lang='lat' dir='ltr'>initialem,</span> <span class='ocrx_word' id='word_1_308' title='bbox 757 2037 897 2090; x_wconf 90' lang='lat' dir='ltr'>bene</span> <span class='ocrx_word' id='word_1_309' title='bbox 920 2036 1003 2090; x_wconf 91' lang='lat' dir='ltr'>usi</span> <span class='ocrx_word' id='word_1_310' title='bbox 1028 2040 1235 2099; x_wconf 90' lang='lat' dir='ltr'>ersent,</span> <span class='ocrx_word' id='word_1_311' title='bbox 1258 2053 1433 2106; x_wconf 88' lang='lat' dir='ltr'>eoque</span> <span class='ocrx_word' id='word_1_312' title='bbox 1453 2036 1683 2105; x_wconf 87' lang='lat' dir='ltr'>aliquali</span> <span class='ocrx_word' id='word_1_313' title='bbox 1709 2054 1823 2089; x_wconf 88' lang='lat' dir='ltr'>me-</span> 
     </span>
    </p>
   </div>
   <div class='ocr_carea' id='block_1_46' title="bbox 163 2104 1826 2177">
    <p class='ocr_par' dir='ltr' id='par_1_46' title="bbox 163 2104 1826 2177">
     <span class='ocr_line' id='line_1_46' title="bbox 163 2104 1826 2177; baseline 0.001 -20"><span class='ocrx_word' id='word_1_314' title='bbox 163 2104 281 2157; x_wconf 85' lang='lat' dir='ltr'>rito</span> <span class='ocrx_word' id='word_1_315' title='bbox 345 2104 601 2159; x_wconf 87' lang='lat' dir='ltr'>divinam</span> <span class='ocrx_word' id='word_1_316' title='bbox 631 2108 687 2160; x_wconf 92' lang='lat' dir='ltr'>ni</span> <span class='ocrx_word' id='word_1_317' title='bbox 744 2124 801 2161; x_wconf 91' lang='lat' dir='ltr'>se</span> <span class='ocrx_word' id='word_1_318' title='bbox 834 2104 1359 2177; x_wconf 54' lang='lat' dir='ltr'>supernaturalenf</span> <span class='ocrx_word' id='word_1_319' title='bbox 1389 2107 1826 2162; x_wconf 81' lang='lat' dir='ltr'>beneﬁcentiam</span> 
     </span>
    </p>
   </div>
   <div class='ocr_carea' id='block_1_47' title="bbox 161 2181 602 2246">
    <p class='ocr_par' dir='ltr' id='par_1_47' title="bbox 161 2181 602 2246">
     <span class='ocr_line' id='line_1_47' title="bbox 161 2181 602 2246; baseline 0.005 -18"><span class='ocrx_word' id='word_1_320' title='bbox 161 2193 272 2246; x_wconf 91' lang='lat' dir='ltr'>pro</span> <span class='ocrx_word' id='word_1_321' title='bbox 282 2181 602 2231; x_wconf 87' lang='lat' dir='ltr'>vocassent.</span> 
     </span>
    </p>
   </div>
   <div class='ocr_carea' id='block_1_48' title="bbox 237 2246 1827 2318">
    <p class='ocr_par' dir='ltr' id='par_1_48' title="bbox 237 2246 1827 2318">
     <span class='ocr_line' id='line_1_48' title="bbox 237 2246 1827 2318; baseline 0.002 -20"><span class='ocrx_word' id='word_1_322' title='bbox 237 2246 331 2299; x_wconf 91' lang='lat'>10.</span> <span class='ocrx_word' id='word_1_323' title='bbox 367 2248 441 2299; x_wconf 86' lang='lat' dir='ltr'>Eo</span> <span class='ocrx_word' id='word_1_324' title='bbox 466 2246 815 2301; x_wconf 83' lang='lat' dir='ltr'>credulitatis</span> <span class='ocrx_word' id='word_1_325' title='bbox 843 2249 1088 2302; x_wconf 88' lang='lat' dir='ltr'>naturali</span> <span class='ocrx_word' id='word_1_326' title='bbox 1122 2248 1326 2303; x_wconf 80' lang='lat' dir='ltr'>affectu</span> <span class='ocrx_word' id='word_1_327' title='bbox 1346 2265 1411 2303; x_wconf 89' lang='lat' dir='ltr'>ex</span> <span class='ocrx_word' id='word_1_328' title='bbox 1434 2248 1596 2302; x_wconf 89' lang='lat' dir='ltr'>nobis</span> <span class='ocrx_word' id='word_1_329' title='bbox 1624 2264 1827 2318; x_wconf 86' lang='lat' dir='ltr'>suppo—</span> 
     </span>
    </p>
   </div>
   <div class='ocr_carea' id='block_1_49' title="bbox 158 2316 1821 2391">
    <p class='ocr_par' dir='ltr' id='par_1_49' title="bbox 158 2316 1821 2391">
     <span class='ocr_line' id='line_1_49' title="bbox 158 2316 1821 2391; baseline 0 -20"><span class='ocrx_word' id='word_1_330' title='bbox 158 2316 432 2391; x_wconf 22' lang='lat' dir='ltr'>sitopquo</span> <span class='ocrx_word' id='word_1_331' title='bbox 447 2318 641 2391; x_wconf 83' lang='lat' dir='ltr'>prolici</span> <span class='ocrx_word' id='word_1_332' title='bbox 659 2321 990 2373; x_wconf 88' lang='lat' dir='ltr'>asserebant</span> <span class='ocrx_word' id='word_1_333' title='bbox 1004 2320 1210 2373; x_wconf 66' lang='lat' dir='ltr'>divinae</span> <span class='ocrx_word' id='word_1_334' title='bbox 1226 2320 1423 2391; x_wconf 68' lang='lat' dir='ltr'>gratim</span> <span class='ocrx_word' id='word_1_335' title='bbox 1448 2320 1538 2389; x_wconf 79' lang='lat' dir='ltr'>adj</span> <span class='ocrx_word' id='word_1_336' title='bbox 1554 2316 1821 2381; x_wconf 52' lang='lat' dir='ltr'>utoriu&#39;m,</span> 
     </span>
    </p>
   </div>
   <div class='ocr_carea' id='block_1_50' title="bbox 156 2389 1825 2460">
    <p class='ocr_par' dir='ltr' id='par_1_50' title="bbox 156 2389 1825 2460">
     <span class='ocr_line' id='line_1_50' title="bbox 156 2389 1825 2460; baseline 0.002 -19"><span class='ocrx_word' id='word_1_337' title='bbox 156 2389 443 2458; x_wconf 88' lang='lat' dir='ltr'>quodque</span> <span class='ocrx_word' id='word_1_338' title='bbox 468 2390 695 2443; x_wconf 84' lang='lat' dir='ltr'>aiebant</span> <span class='ocrx_word' id='word_1_339' title='bbox 717 2407 748 2443; x_wconf 89' lang='lat' dir='ltr'>a</span> <span class='ocrx_word' id='word_1_340' title='bbox 772 2391 963 2444; x_wconf 89' lang='lat' dir='ltr'>divina</span> <span class='ocrx_word' id='word_1_341' title='bbox 983 2389 1276 2445; x_wconf 76' lang='lat' dir='ltr'>vocatione</span> <span class='ocrx_word' id='word_1_342' title='bbox 1302 2392 1635 2460; x_wconf 87' lang='lat' dir='ltr'>exspectari,</span> <span class='ocrx_word' id='word_1_343' title='bbox 1657 2391 1825 2444; x_wconf 90' lang='lat' dir='ltr'>adde-</span> 
     </span>
    </p>
   </div>
   <div class='ocr_carea' id='block_1_51' title="bbox 157 2460 1825 2532">
    <p class='ocr_par' dir='ltr' id='par_1_51' title="bbox 157 2460 1825 2532">
     <span class='ocr_line' id='line_1_51' title="bbox 157 2460 1825 2532; baseline 0.002 -19"><span class='ocrx_word' id='word_1_344' title='bbox 157 2462 308 2513; x_wconf 87' lang='lat' dir='ltr'>bant</span> <span class='ocrx_word' id='word_1_345' title='bbox 344 2460 788 2532; x_wconf 87' lang='lat' dir='ltr'>Semipelagiani</span> <span class='ocrx_word' id='word_1_346' title='bbox 805 2462 1021 2531; x_wconf 88' lang='lat' dir='ltr'>reliqua</span> <span class='ocrx_word' id='word_1_347' title='bbox 1046 2462 1239 2515; x_wconf 85' lang='lat' dir='ltr'>omnia</span> <span class='ocrx_word' id='word_1_348' title='bbox 1257 2464 1457 2531; x_wconf 85' lang='lat' dir='ltr'>quibus</span> <span class='ocrx_word' id='word_1_349' title='bbox 1481 2478 1687 2516; x_wconf 87' lang='lat' dir='ltr'>nomen</span> <span class='ocrx_word' id='word_1_350' title='bbox 1705 2477 1825 2530; x_wconf 85' lang='lat' dir='ltr'>ope-</span> 
     </span>
    </p>
   </div>
   <div class='ocr_carea' id='block_1_52' title="bbox 153 2532 1823 2601">
    <p class='ocr_par' dir='ltr' id='par_1_52' title="bbox 153 2532 1823 2601">
     <span class='ocr_line' id='line_1_52' title="bbox 153 2532 1823 2601; baseline 0.002 -19"><span class='ocrx_word' id='word_1_351' title='bbox 153 2547 291 2583; x_wconf 85' lang='lat' dir='ltr'>rum</span> <span class='ocrx_word' id='word_1_352' title='bbox 324 2532 563 2593; x_wconf 90' lang='lat' dir='ltr'>dabant,</span> <span class='ocrx_word' id='word_1_353' title='bbox 594 2532 891 2601; x_wconf 85' lang='lat' dir='ltr'>ipsumque</span> <span class='ocrx_word' id='word_1_354' title='bbox 922 2532 1095 2586; x_wconf 89' lang='lat' dir='ltr'>etiam</span> <span class='ocrx_word' id='word_1_355' title='bbox 1140 2534 1271 2586; x_wconf 88' lang='lat' dir='ltr'>ﬁdei</span> <span class='ocrx_word' id='word_1_356' title='bbox 1319 2549 1614 2587; x_wconf 87' lang='lat' dir='ltr'>assensum</span> <span class='ocrx_word' id='word_1_357' title='bbox 1642 2548 1763 2586; x_wconf 89' lang='lat' dir='ltr'>esse</span> <span class='ocrx_word' id='word_1_358' title='bbox 1791 2549 1823 2586; x_wconf 92' lang='lat' dir='ltr'>a</span> 
     </span>
    </p>
   </div>
   <div class='ocr_carea' id='block_1_53' title="bbox 153 2602 1822 2672">
    <p class='ocr_par' dir='ltr' id='par_1_53' title="bbox 153 2602 1822 2672">
     <span class='ocr_line' id='line_1_53' title="bbox 153 2602 1822 2672; baseline 0.001 -17"><span class='ocrx_word' id='word_1_359' title='bbox 153 2602 367 2655; x_wconf 88' lang='lat' dir='ltr'>divina</span> <span class='ocrx_word' id='word_1_360' title='bbox 415 2602 620 2671; x_wconf 86' lang='lat' dir='ltr'>gratia.</span> <span class='ocrx_word' id='word_1_361' title='bbox 658 2602 824 2672; x_wconf 84' lang='lat' dir='ltr'>[dque</span> <span class='ocrx_word' id='word_1_362' title='bbox 857 2602 1250 2665; x_wconf 87' lang='lat' dir='ltr'>afﬁrmabant,</span> <span class='ocrx_word' id='word_1_363' title='bbox 1306 2621 1433 2656; x_wconf 90' lang='lat' dir='ltr'>cum</span> <span class='ocrx_word' id='word_1_364' title='bbox 1491 2604 1721 2657; x_wconf 84' lang='lat' dir='ltr'>aiebant</span> <span class='ocrx_word' id='word_1_365' title='bbox 1750 2606 1822 2657; x_wconf 89' lang='lat' dir='ltr'>ad</span> 
     </span>
    </p>
   </div>
   <div class='ocr_carea' id='block_1_54' title="bbox 150 2673 1820 2743">
    <p class='ocr_par' dir='ltr' id='par_1_54' title="bbox 150 2673 1820 2743">
     <span class='ocr_line' id='line_1_54' title="bbox 150 2673 1820 2743; baseline 0.001 -18"><span class='ocrx_word' id='word_1_366' title='bbox 150 2673 571 2743; x_wconf 85' lang='lat' dir='ltr'>quodcumque</span> <span class='ocrx_word' id='word_1_367' title='bbox 588 2689 727 2742; x_wconf 82' lang='lat' dir='ltr'>Opus</span> <span class='ocrx_word' id='word_1_368' title='bbox 742 2673 1010 2728; x_wconf 64' lang='lat' dir='ltr'>humana:</span> <span class='ocrx_word' id='word_1_369' title='bbox 1027 2674 1416 2737; x_wconf 85' lang='lat' dir='ltr'>curationis,et</span> <span class='ocrx_word' id='word_1_370' title='bbox 1433 2675 1820 2743; x_wconf 87' lang='lat' dir='ltr'>incipiendum</span> 
     </span>
    </p>
   </div>
   <div class='ocr_carea' id='block_1_55' title="bbox 151 2744 1819 2824">
    <p class='ocr_par' dir='ltr' id='par_1_55' title="bbox 151 2744 1819 2824">
     <span class='ocr_line' id='line_1_55' title="bbox 151 2744 1819 2824; baseline 0.001 -27"><span class='ocrx_word' id='word_1_371' title='bbox 151 2748 210 2797; x_wconf 88' lang='lat' dir='ltr'>et.</span> <span class='ocrx_word' id='word_1_372' title='bbox 239 2744 681 2824; x_wconf 72' lang='lat' dir='ltr'>perficiendum,</span> <span class='ocrx_word' id='word_1_373' title='bbox 718 2748 1098 2824; x_wconf 79' lang='lat' dir='ltr'>necessariam</span> <span class='ocrx_word' id='word_1_374' title='bbox 1126 2762 1247 2799; x_wconf 90' lang='lat' dir='ltr'>esse</span> <span class='ocrx_word' id='word_1_375' title='bbox 1269 2746 1545 2824; x_wconf 76' lang='lat' dir='ltr'>gratiam.</span> <span class='ocrx_word' id='word_1_376' title='bbox 1575 2747 1819 2798; x_wconf 89' lang='lat' dir='ltr'>Tantum</span> 
     </span>
    </p>
   </div>
   <div class='ocr_carea' id='block_1_56' title="bbox 150 2814 1819 2895">
    <p class='ocr_par' dir='ltr' id='par_1_56' title="bbox 150 2814 1819 2895">
     <span class='ocr_line' id='line_1_56' title="bbox 150 2814 1819 2895; baseline 0.001 -28"><span class='ocrx_word' id='word_1_377' title='bbox 150 2814 378 2895; x_wconf 82' lang='lat' dir='ltr'>quippe</span> <span class='ocrx_word' id='word_1_378' title='bbox 402 2814 799 2895; x_wconf 59' lang='lat' dir='ltr'>excludebant</span> <span class='ocrx_word' id='word_1_379' title='bbox 831 2818 1167 2895; x_wconf 37' lang='lat' dir='ltr'>abnope‘rum</span> <span class='ocrx_word' id='word_1_380' title='bbox 1198 2814 1421 2895; x_wconf 70' lang='lat' dir='ltr'>syllabo</span> <span class='ocrx_word' id='word_1_381' title='bbox 1470 2832 1600 2895; x_wconf 85' lang='lat' dir='ltr'>eum</span> <span class='ocrx_word' id='word_1_382' title='bbox 1650 2832 1819 2895; x_wconf 83' lang='lat' dir='ltr'>quem</span> 
     </span>
    </p>
   </div>
   <div class='ocr_carea' id='block_1_57' title="bbox 150 2886 1819 2955">
    <p class='ocr_par' dir='ltr' id='par_1_57' title="bbox 150 2886 1819 2955">
     <span class='ocr_line' id='line_1_57' title="bbox 150 2886 1819 2955; baseline -0.001 -16"><span class='ocrx_word' id='word_1_383' title='bbox 150 2886 274 2939; x_wconf 85' lang='lat' dir='ltr'>dixi</span> <span class='ocrx_word' id='word_1_384' title='bbox 316 2886 641 2939; x_wconf 89' lang='lat' dir='ltr'>naturalem</span> <span class='ocrx_word' id='word_1_385' title='bbox 674 2887 937 2940; x_wconf 86' lang='lat' dir='ltr'>credendi</span> <span class='ocrx_word' id='word_1_386' title='bbox 974 2887 1260 2945; x_wconf 75' lang='lat' dir='ltr'>affectum,</span> <span class='ocrx_word' id='word_1_387' title='bbox 1295 2886 1691 2955; x_wconf 87' lang='lat' dir='ltr'>disponentem</span> <span class='ocrx_word' id='word_1_388' title='bbox 1735 2890 1819 2938; x_wconf 88' lang='lat' dir='ltr'>ut-</span> 
     </span>
    </p>
   </div>
   <div class='ocr_carea' id='block_1_58' title="bbox 148 2956 1820 3026">
    <p class='ocr_par' dir='ltr' id='par_1_58' title="bbox 148 2956 1820 3026">
     <span class='ocr_line' id='line_1_58' title="bbox 148 2956 1820 3026; baseline -0.001 -15"><span class='ocrx_word' id='word_1_389' title='bbox 148 2973 417 3026; x_wconf 87' lang='lat' dir='ltr'>cumque</span> <span class='ocrx_word' id='word_1_390' title='bbox 466 2957 537 3010; x_wconf 92' lang='lat' dir='ltr'>ad</span> <span class='ocrx_word' id='word_1_391' title='bbox 567 2956 834 3026; x_wconf 83' lang='lat' dir='ltr'>gratiam.</span> <span class='ocrx_word' id='word_1_392' title='bbox 872 2959 985 3011; x_wconf 83' lang='lat' dir='ltr'>Hoc</span> <span class='ocrx_word' id='word_1_393' title='bbox 1018 2960 1171 3011; x_wconf 91' lang='lat' dir='ltr'>enim</span> <span class='ocrx_word' id='word_1_394' title='bbox 1205 2958 1506 3010; x_wconf 81' lang='lat' dir='ltr'>dumtaxat</span> <span class='ocrx_word' id='word_1_395' title='bbox 1540 2956 1820 3012; x_wconf 81' lang='lat' dir='ltr'>voluntati</span> 
     </span>
    </p>
   </div>
   <div class='ocr_carea' id='block_1_59' title="bbox 149 3027 1821 3099">
    <p class='ocr_par' dir='ltr' id='par_1_59' title="bbox 149 3027 1821 3099">
     <span class='ocr_line' id='line_1_59' title="bbox 149 3027 1821 3099; baseline 0 -18"><span class='ocrx_word' id='word_1_396' title='bbox 149 3030 336 3081; x_wconf 63' lang='lat' dir='ltr'>nudae</span> <span class='ocrx_word' id='word_1_397' title='bbox 367 3027 590 3099; x_wconf 85' lang='lat' dir='ltr'>salvum</span> <span class='ocrx_word' id='word_1_398' title='bbox 624 3028 892 3082; x_wconf 88' lang='lat' dir='ltr'>volebant</span> <span class='ocrx_word' id='word_1_399' title='bbox 942 3029 995 3081; x_wconf 92' lang='lat' dir='ltr'>in</span> <span class='ocrx_word' id='word_1_400' title='bbox 1031 3028 1257 3099; x_wconf 89' lang='lat' dir='ltr'>negotio</span> <span class='ocrx_word' id='word_1_401' title='bbox 1288 3028 1507 3095; x_wconf 90' lang='lat' dir='ltr'>salutis,</span> <span class='ocrx_word' id='word_1_402' title='bbox 1564 3028 1713 3097; x_wconf 91' lang='lat' dir='ltr'>quod</span> <span class='ocrx_word' id='word_1_403' title='bbox 1743 3028 1821 3081; x_wconf 88' lang='lat' dir='ltr'>ita</span> 
     </span>
    </p>
   </div>
   <div class='ocr_carea' id='block_1_60' title="bbox 148 3098 1820 3170">
    <p class='ocr_par' dir='ltr' id='par_1_60' title="bbox 148 3098 1820 3170">
     <span class='ocr_line' id='line_1_60' title="bbox 148 3098 1820 3170; baseline -0.002 -16"><span class='ocrx_word' id='word_1_404' title='bbox 148 3098 559 3154; x_wconf 85' lang='lat' dir='ltr'>necessarium</span> <span class='ocrx_word' id='word_1_405' title='bbox 582 3103 899 3162; x_wconf 78' lang='lat' dir='ltr'>censerent,</span> <span class='ocrx_word' id='word_1_406' title='bbox 917 3105 977 3152; x_wconf 87' lang='lat' dir='ltr'>ut</span> <span class='ocrx_word' id='word_1_407' title='bbox 994 3098 1147 3153; x_wconf 84' lang='lat' dir='ltr'>salus</span> <span class='ocrx_word' id='word_1_408' title='bbox 1172 3099 1227 3152; x_wconf 91' lang='lat' dir='ltr'>in</span> <span class='ocrx_word' id='word_1_409' title='bbox 1246 3098 1493 3170; x_wconf 88' lang='lat' dir='ltr'>cujusvis</span> <span class='ocrx_word' id='word_1_410' title='bbox 1520 3099 1700 3170; x_wconf 80' lang='lat' dir='ltr'>adulti</span> <span class='ocrx_word' id='word_1_411' title='bbox 1721 3116 1820 3167; x_wconf 90' lang='lat' dir='ltr'>po-</span> 
     </span>
    </p>
   </div>
   <div class='ocr_carea' id='block_1_61' title="bbox 148 3169 1819 3239">
    <p class='ocr_par' dir='ltr' id='par_1_61' title="bbox 148 3169 1819 3239">
     <span class='ocr_line' id='line_1_61' title="bbox 148 3169 1819 3239; baseline -0.001 -14"><span class='ocrx_word' id='word_1_412' title='bbox 148 3173 378 3225; x_wconf 86' lang='lat' dir='ltr'>testate</span> <span class='ocrx_word' id='word_1_413' title='bbox 413 3170 711 3233; x_wconf 89' lang='lat' dir='ltr'>locaretur,</span> <span class='ocrx_word' id='word_1_414' title='bbox 746 3173 799 3223; x_wconf 90' lang='lat' dir='ltr'>et</span> <span class='ocrx_word' id='word_1_415' title='bbox 848 3171 992 3223; x_wconf 90' lang='lat' dir='ltr'>Deus</span> <span class='ocrx_word' id='word_1_416' title='bbox 1024 3169 1362 3225; x_wconf 84' lang='lat' dir='ltr'>liberaretur</span> <span class='ocrx_word' id='word_1_417' title='bbox 1392 3170 1463 3223; x_wconf 91' lang='lat' dir='ltr'>ab</span> <span class='ocrx_word' id='word_1_418' title='bbox 1493 3169 1819 3239; x_wconf 86' lang='lat' dir='ltr'>acceptione</span> 
     </span>
    </p>
   </div>
   <div class='ocr_carea' id='block_1_62' title="bbox 148 3239 1819 3309">
    <p class='ocr_par' dir='ltr' id='par_1_62' title="bbox 148 3239 1819 3309">
     <span class='ocr_line' id='line_1_62' title="bbox 148 3239 1819 3309; baseline -0.001 -14"><span class='ocrx_word' id='word_1_419' title='bbox 148 3239 778 3309; x_wconf 86' lang='lat' dir='ltr'>personarum,quibus</span> <span class='ocrx_word' id='word_1_420' title='bbox 800 3242 1020 3293; x_wconf 90' lang='lat' dir='ltr'>duobus</span> <span class='ocrx_word' id='word_1_421' title='bbox 1046 3240 1427 3295; x_wconf 86' lang='lat' dir='ltr'>incommodis</span> <span class='ocrx_word' id='word_1_422' title='bbox 1450 3240 1819 3309; x_wconf 89' lang='lat' dir='ltr'>posteriorem</span> 
     </span>
    </p>
   </div>
   <div class='ocr_carea' id='block_1_63' title="bbox 148 3310 1822 3381">
    <p class='ocr_par' dir='ltr' id='par_1_63' title="bbox 148 3310 1822 3381">
     <span class='ocr_line' id='line_1_63' title="bbox 148 3310 1822 3381; baseline -0.002 -14"><span class='ocrx_word' id='word_1_423' title='bbox 148 3314 215 3367; x_wconf 90' lang='lat' dir='ltr'>D.</span> <span class='ocrx_word' id='word_1_424' title='bbox 258 3310 567 3381; x_wconf 83' lang='lat' dir='ltr'>Augustini</span> <span class='ocrx_word' id='word_1_425' title='bbox 590 3311 911 3365; x_wconf 89' lang='lat' dir='ltr'>doctrinam</span> <span class='ocrx_word' id='word_1_426' title='bbox 930 3313 1111 3381; x_wconf 88' lang='lat' dir='ltr'>premi</span> <span class='ocrx_word' id='word_1_427' title='bbox 1140 3312 1643 3365; x_wconf 89' lang='lat' dir='ltr'>calumniabantur</span> <span class='ocrx_word' id='word_1_428' title='bbox 1670 3332 1679 3368; x_wconf 92' lang='lat'>:</span> <span class='ocrx_word' id='word_1_429' title='bbox 1714 3328 1746 3365; x_wconf 92' lang='lat' dir='ltr'>a</span> <span class='ocrx_word' id='word_1_430' title='bbox 1764 3326 1822 3365; x_wconf 89' lang='lat' dir='ltr'>se</span> 
     </span>
    </p>
   </div>
   <div class='ocr_carea' id='block_1_64' title="bbox 150 3382 1821 3452">
    <p class='ocr_par' dir='ltr' id='par_1_64' title="bbox 150 3382 1821 3452">
     <span class='ocr_line' id='line_1_64' title="bbox 150 3382 1821 3452; baseline -0.001 -15"><span class='ocrx_word' id='word_1_431' title='bbox 150 3388 365 3437; x_wconf 86' lang='lat' dir='ltr'>autem</span> <span class='ocrx_word' id='word_1_432' title='bbox 402 3382 671 3436; x_wconf 88' lang='lat' dir='ltr'>declinari</span> <span class='ocrx_word' id='word_1_433' title='bbox 704 3382 1135 3447; x_wconf 83' lang='lat' dir='ltr'>existimabant,</span> <span class='ocrx_word' id='word_1_434' title='bbox 1167 3383 1526 3436; x_wconf 89' lang='lat' dir='ltr'>admittendo</span> <span class='ocrx_word' id='word_1_435' title='bbox 1559 3400 1622 3436; x_wconf 91' lang='lat' dir='ltr'>ex</span> <span class='ocrx_word' id='word_1_436' title='bbox 1662 3387 1821 3452; x_wconf 88' lang='lat' dir='ltr'>parte</span> 
     </span>
    </p>
   </div>
   <div class='ocr_carea' id='block_1_65' title="bbox 150 3453 1822 3523">
    <p class='ocr_par' dir='ltr' id='par_1_65' title="bbox 150 3453 1822 3523">
     <span class='ocr_line' id='line_1_65' title="bbox 150 3453 1822 3523; baseline -0.001 -15"><span class='ocrx_word' id='word_1_437' title='bbox 150 3453 425 3508; x_wconf 87' lang='lat' dir='ltr'>hominis</span> <span class='ocrx_word' id='word_1_438' title='bbox 465 3454 879 3523; x_wconf 88' lang='lat' dir='ltr'>qualecumque</span> <span class='ocrx_word' id='word_1_439' title='bbox 919 3454 1168 3516; x_wconf 89' lang='lat' dir='ltr'>initium,</span> <span class='ocrx_word' id='word_1_440' title='bbox 1199 3470 1295 3508; x_wconf 89' lang='lat' dir='ltr'>seu</span> <span class='ocrx_word' id='word_1_441' title='bbox 1341 3454 1643 3508; x_wconf 90' lang='lat' dir='ltr'>tribuendo</span> <span class='ocrx_word' id='word_1_442' title='bbox 1674 3455 1822 3507; x_wconf 91' lang='lat' dir='ltr'>bono</span> 
     </span>
    </p>
   </div>
   <div class='ocr_carea' id='block_1_66' title="bbox 148 3524 1825 3605">
    <p class='ocr_par' dir='ltr' id='par_1_66' title="bbox 148 3524 1825 3605">
     <span class='ocr_line' id='line_1_66' title="bbox 148 3524 1825 3605; baseline -0.002 -25"><span class='ocrx_word' id='word_1_443' title='bbox 148 3525 287 3580; x_wconf 88' lang='lat' dir='ltr'>usui</span> <span class='ocrx_word' id='word_1_444' title='bbox 322 3524 487 3578; x_wconf 89' lang='lat' dir='ltr'>liberi</span> <span class='ocrx_word' id='word_1_445' title='bbox 518 3524 688 3605; x_wconf 78' lang='lat' dir='ltr'>solius</span> <span class='ocrx_word' id='word_1_446' title='bbox 717 3524 935 3577; x_wconf 90' lang='lat' dir='ltr'>arbitrii</span> <span class='ocrx_word' id='word_1_447' title='bbox 963 3524 1489 3605; x_wconf 72' lang='lat' dir='ltr'>meritumaliquod</span> <span class='ocrx_word' id='word_1_448' title='bbox 1519 3530 1825 3605; x_wconf 81' lang='lat' dir='ltr'>quantum-</span> 
     </span>
    </p>
   </div>
   <div class='ocr_carea' id='block_1_67' title="bbox 148 3595 1822 3665">
    <p class='ocr_par' dir='ltr' id='par_1_67' title="bbox 148 3595 1822 3665">
     <span class='ocr_line' id='line_1_67' title="bbox 148 3595 1822 3665; baseline -0.001 -15"><span class='ocrx_word' id='word_1_449' title='bbox 148 3612 418 3665; x_wconf 87' lang='lat' dir='ltr'>cumque</span> <span class='ocrx_word' id='word_1_450' title='bbox 447 3596 586 3649; x_wconf 86' lang='lat' dir='ltr'>exile</span> <span class='ocrx_word' id='word_1_451' title='bbox 635 3612 700 3649; x_wconf 92' lang='lat' dir='ltr'>ac</span> <span class='ocrx_word' id='word_1_452' title='bbox 734 3604 917 3657; x_wconf 85' lang='lat' dir='ltr'>tenue,</span> <span class='ocrx_word' id='word_1_453' title='bbox 953 3599 1015 3649; x_wconf 88' lang='lat' dir='ltr'>ut</span> <span class='ocrx_word' id='word_1_454' title='bbox 1057 3596 1112 3648; x_wconf 92' lang='lat' dir='ltr'>in</span> <span class='ocrx_word' id='word_1_455' title='bbox 1146 3613 1212 3649; x_wconf 92' lang='lat' dir='ltr'>eo</span> <span class='ocrx_word' id='word_1_456' title='bbox 1244 3595 1406 3649; x_wconf 88' lang='lat' dir='ltr'>initio</span> <span class='ocrx_word' id='word_1_457' title='bbox 1452 3600 1574 3649; x_wconf 89' lang='lat' dir='ltr'>tota</span> <span class='ocrx_word' id='word_1_458' title='bbox 1624 3596 1822 3665; x_wconf 65' lang='lat' dir='ltr'>gratiae</span> 
     </span>
    </p>
   </div>
   <div class='ocr_carea' id='block_1_68' title="bbox 146 3666 1824 3736">
    <p class='ocr_par' dir='ltr' id='par_1_68' title="bbox 146 3666 1824 3736">
     <span class='ocr_line' id='line_1_68' title="bbox 146 3666 1824 3736; baseline 0 -15"><span class='ocrx_word' id='word_1_459' title='bbox 146 3666 497 3721; x_wconf 85' lang='lat' dir='ltr'>substrictio</span> <span class='ocrx_word' id='word_1_460' title='bbox 518 3666 955 3720; x_wconf 88' lang='lat' dir='ltr'>fundamentum</span> <span class='ocrx_word' id='word_1_461' title='bbox 976 3668 1226 3721; x_wconf 88' lang='lat' dir='ltr'>haberet.</span> <span class='ocrx_word' id='word_1_462' title='bbox 1248 3668 1419 3735; x_wconf 85' lang='lat' dir='ltr'>quue</span> <span class='ocrx_word' id='word_1_463' title='bbox 1440 3666 1665 3720; x_wconf 90' lang='lat' dir='ltr'>initium</span> <span class='ocrx_word' id='word_1_464' title='bbox 1691 3683 1824 3736; x_wconf 89' lang='lat' dir='ltr'>pure</span> 
     </span>
    </p>
   </div>
   <div class='ocr_carea' id='block_1_69' title="bbox 146 3737 1823 3807">
    <p class='ocr_par' dir='ltr' id='par_1_69' title="bbox 146 3737 1823 3807">
     <span class='ocr_line' id='line_1_69' title="bbox 146 3737 1823 3807; baseline -0.001 -14"><span class='ocrx_word' id='word_1_465' title='bbox 146 3738 455 3799; x_wconf 88' lang='lat' dir='ltr'>naturale,</span> <span class='ocrx_word' id='word_1_466' title='bbox 488 3742 794 3807; x_wconf 86' lang='lat' dir='ltr'>nostroque</span> <span class='ocrx_word' id='word_1_467' title='bbox 825 3739 978 3791; x_wconf 93' lang='lat' dir='ltr'>nudo</span> <span class='ocrx_word' id='word_1_468' title='bbox 1007 3737 1242 3791; x_wconf 90' lang='lat' dir='ltr'>arbitrio</span> <span class='ocrx_word' id='word_1_469' title='bbox 1270 3743 1691 3807; x_wconf 87' lang='lat' dir='ltr'>expromptum,</span> <span class='ocrx_word' id='word_1_470' title='bbox 1712 3738 1823 3791; x_wconf 83' lang='lat' dir='ltr'>aie-</span> 
     </span>
    </p>
   </div>
   <div class='ocr_carea' id='block_1_70' title="bbox 146 3809 1821 3878">
    <p class='ocr_par' dir='ltr' id='par_1_70' title="bbox 146 3809 1821 3878">
     <span class='ocr_line' id='line_1_70' title="bbox 146 3809 1821 3878; baseline -0.001 -15"><span class='ocrx_word' id='word_1_471' title='bbox 146 3812 306 3863; x_wconf 79' lang='lat' dir='ltr'>bant</span> <span class='ocrx_word' id='word_1_472' title='bbox 330 3826 364 3862; x_wconf 90' lang='lat' dir='ltr'>a</span> <span class='ocrx_word' id='word_1_473' title='bbox 390 3809 503 3862; x_wconf 89' lang='lat' dir='ltr'>Deo</span> <span class='ocrx_word' id='word_1_474' title='bbox 526 3809 869 3878; x_wconf 82' lang='lat' dir='ltr'>exspectari;</span> <span class='ocrx_word' id='word_1_475' title='bbox 892 3814 1187 3878; x_wconf 86' lang='lat' dir='ltr'>tamquam</span> <span class='ocrx_word' id='word_1_476' title='bbox 1209 3810 1469 3863; x_wconf 89' lang='lat' dir='ltr'>ansulam</span> <span class='ocrx_word' id='word_1_477' title='bbox 1494 3826 1606 3878; x_wconf 89' lang='lat' dir='ltr'>qua</span> <span class='ocrx_word' id='word_1_478' title='bbox 1629 3809 1821 3862; x_wconf 83' lang='lat' dir='ltr'>volun-</span> 
     </span>
    </p>
   </div>
   <div class='ocr_carea' id='block_1_71' title="bbox 146 3878 1616 3949">
    <p class='ocr_par' dir='ltr' id='par_1_71' title="bbox 146 3878 1616 3949">
     <span class='ocr_line' id='line_1_71' title="bbox 146 3878 1616 3949; baseline 0 -16"><span class='ocrx_word' id='word_1_479' title='bbox 146 3887 348 3935; x_wconf 85' lang='lat' dir='ltr'>tatem</span> <span class='ocrx_word' id='word_1_480' title='bbox 384 3878 577 3932; x_wconf 82' lang='lat' dir='ltr'>divina</span> <span class='ocrx_word' id='word_1_481' title='bbox 605 3879 816 3933; x_wconf 89' lang='lat' dir='ltr'>auxilia</span> <span class='ocrx_word' id='word_1_482' title='bbox 848 3880 1291 3949; x_wconf 87' lang='lat' dir='ltr'>prehensantem</span> <span class='ocrx_word' id='word_1_483' title='bbox 1319 3880 1616 3949; x_wconf 88' lang='lat' dir='ltr'>acciperet.</span> 
     </span>
    </p>
   </div>
   <div class='ocr_carea' id='block_1_72' title="bbox 222 3948 1822 4020">
    <p class='ocr_par' dir='ltr' id='par_1_72' title="bbox 222 3948 1822 4020">
     <span class='ocr_line' id='line_1_72' title="bbox 222 3948 1822 4020; baseline -0.003 -15"><span class='ocrx_word' id='word_1_484' title='bbox 222 3953 324 4005; x_wconf 89' lang='lat'>11.</span> <span class='ocrx_word' id='word_1_485' title='bbox 362 3950 607 4003; x_wconf 76' lang='lat' dir='ltr'>Ridiculi</span> <span class='ocrx_word' id='word_1_486' title='bbox 648 3966 780 4003; x_wconf 88' lang='lat' dir='ltr'>vero</span> <span class='ocrx_word' id='word_1_487' title='bbox 826 3967 1167 4020; x_wconf 91' lang='lat' dir='ltr'>prorsusque</span> <span class='ocrx_word' id='word_1_488' title='bbox 1195 3950 1390 4004; x_wconf 89' lang='lat' dir='ltr'>insulsi</span> <span class='ocrx_word' id='word_1_489' title='bbox 1421 3948 1569 4013; x_wconf 84' lang='lat' dir='ltr'>sunt,</span> <span class='ocrx_word' id='word_1_490' title='bbox 1603 3949 1696 4019; x_wconf 92' lang='lat' dir='ltr'>qui</span> <span class='ocrx_word' id='word_1_491' title='bbox 1729 3948 1822 4002; x_wconf 87' lang='lat' dir='ltr'>ali-</span> 
     </span>
    </p>
   </div>
   <div class='ocr_carea' id='block_1_73' title="bbox 144 4020 1822 4091">
    <p class='ocr_par' dir='ltr' id='par_1_73' title="bbox 144 4020 1822 4091">
     <span class='ocr_line' id='line_1_73' title="bbox 144 4020 1822 4091; baseline -0.002 -16"><span class='ocrx_word' id='word_1_492' title='bbox 144 4028 237 4077; x_wconf 86' lang='lat' dir='ltr'>ter</span> <span class='ocrx_word' id='word_1_493' title='bbox 270 4037 415 4076; x_wconf 88' lang='lat' dir='ltr'>eam</span> <span class='ocrx_word' id='word_1_494' title='bbox 446 4020 923 4090; x_wconf 77' lang='lat' dir='ltr'>exspectationem</span> <span class='ocrx_word' id='word_1_495' title='bbox 972 4022 1438 4091; x_wconf 83' lang='lat' dir='ltr'>interpretantur,</span> <span class='ocrx_word' id='word_1_496' title='bbox 1469 4021 1822 4073; x_wconf 85' lang='lat' dir='ltr'>afﬁrmantes</span> 
     </span>
    </p>
   </div>
   <div class='ocr_carea' id='block_1_74' title="bbox 146 4093 1825 4162">
    <p class='ocr_par' dir='ltr' id='par_1_74' title="bbox 146 4093 1825 4162">
     <span class='ocr_line' id='line_1_74' title="bbox 146 4093 1825 4162; baseline -0.001 -17"><span class='ocrx_word' id='word_1_497' title='bbox 146 4094 265 4147; x_wconf 86' lang='lat' dir='ltr'>hoc</span> <span class='ocrx_word' id='word_1_498' title='bbox 302 4107 503 4146; x_wconf 89' lang='lat' dir='ltr'>errore</span> <span class='ocrx_word' id='word_1_499' title='bbox 536 4093 784 4155; x_wconf 89' lang='lat' dir='ltr'>sordere,</span> <span class='ocrx_word' id='word_1_500' title='bbox 815 4093 910 4162; x_wconf 92' lang='lat' dir='ltr'>qui</span> <span class='ocrx_word' id='word_1_501' title='bbox 957 4093 1223 4145; x_wconf 84' lang='lat' dir='ltr'>dixerunt</span> <span class='ocrx_word' id='word_1_502' title='bbox 1267 4108 1625 4157; x_wconf 85' lang='lat' dir='ltr'>consensum,</span> <span class='ocrx_word' id='word_1_503' title='bbox 1660 4094 1825 4162; x_wconf 83' lang='lat' dir='ltr'>prout</span> 
     </span>
    </p>
   </div>
   <div class='ocr_carea' id='block_1_75' title="bbox 144 4160 1819 4233">
    <p class='ocr_par' dir='ltr' id='par_1_75' title="bbox 144 4160 1819 4233">
     <span class='ocr_line' id='line_1_75' title="bbox 144 4160 1819 4233; baseline -0.004 -14"><span class='ocrx_word' id='word_1_504' title='bbox 144 4165 343 4219; x_wconf 85' lang='lat' dir='ltr'>libere</span> <span class='ocrx_word' id='word_1_505' title='bbox 358 4180 393 4216; x_wconf 91' lang='lat' dir='ltr'>a</span> <span class='ocrx_word' id='word_1_506' title='bbox 408 4163 702 4216; x_wconf 88' lang='lat' dir='ltr'>voluntate</span> <span class='ocrx_word' id='word_1_507' title='bbox 718 4160 1022 4232; x_wconf 68' lang='lat' dir='ltr'>praestitum</span> <span class='ocrx_word' id='word_1_508' title='bbox 1039 4163 1236 4233; x_wconf 67' lang='lat' dir='ltr'>gratia:</span> <span class='ocrx_word' id='word_1_509' title='bbox 1252 4163 1474 4216; x_wconf 90' lang='lat' dir='ltr'>vocanti</span> <span class='ocrx_word' id='word_1_510' title='bbox 1492 4160 1819 4231; x_wconf 63' lang='lat' dir='ltr'>praemissae,</span> 
     </span>
    </p>
   </div>
   <div class='ocr_carea' id='block_1_76' title="bbox 145 4233 1822 4304">
    <p class='ocr_par' dir='ltr' id='par_1_76' title="bbox 145 4233 1822 4304">
     <span class='ocr_line' id='line_1_76' title="bbox 145 4233 1822 4304; baseline -0.003 -14"><span class='ocrx_word' id='word_1_511' title='bbox 145 4233 485 4304; x_wconf 82' lang='lat' dir='ltr'>exspectari</span> <span class='ocrx_word' id='word_1_512' title='bbox 520 4251 550 4286; x_wconf 90' lang='lat' dir='ltr'>a</span> <span class='ocrx_word' id='word_1_513' title='bbox 578 4234 691 4287; x_wconf 92' lang='lat' dir='ltr'>Deo</span> <span class='ocrx_word' id='word_1_514' title='bbox 718 4238 1021 4304; x_wconf 88' lang='lat' dir='ltr'>tamquam</span> <span class='ocrx_word' id='word_1_515' title='bbox 1034 4234 1317 4288; x_wconf 90' lang='lat' dir='ltr'>rationem</span> <span class='ocrx_word' id='word_1_516' title='bbox 1338 4249 1436 4287; x_wconf 89' lang='lat' dir='ltr'>cur</span> <span class='ocrx_word' id='word_1_517' title='bbox 1458 4233 1575 4302; x_wconf 90' lang='lat' dir='ltr'>ipse</span> <span class='ocrx_word' id='word_1_518' title='bbox 1600 4247 1822 4304; x_wconf 90' lang='lat' dir='ltr'>quoque</span> 
     </span>
    </p>
   </div>
   <div class='ocr_carea' id='block_1_77' title="bbox 145 4305 1821 4374">
    <p class='ocr_par' dir='ltr' id='par_1_77' title="bbox 145 4305 1821 4374">
     <span class='ocr_line' id='line_1_77' title="bbox 145 4305 1821 4374; baseline -0.004 -12"><span class='ocrx_word' id='word_1_519' title='bbox 145 4323 293 4362; x_wconf 88' lang='lat' dir='ltr'>eum</span> <span class='ocrx_word' id='word_1_520' title='bbox 321 4321 667 4358; x_wconf 90' lang='lat' dir='ltr'>consensum</span> <span class='ocrx_word' id='word_1_521' title='bbox 694 4305 826 4359; x_wconf 89' lang='lat' dir='ltr'>velit</span> <span class='ocrx_word' id='word_1_522' title='bbox 852 4322 884 4358; x_wconf 92' lang='lat' dir='ltr'>a</span> <span class='ocrx_word' id='word_1_523' title='bbox 906 4322 963 4359; x_wconf 91' lang='lat' dir='ltr'>se</span> <span class='ocrx_word' id='word_1_524' title='bbox 983 4305 1228 4374; x_wconf 89' lang='lat' dir='ltr'>prodire.</span> <span class='ocrx_word' id='word_1_525' title='bbox 1260 4306 1339 4358; x_wconf 90' lang='lat' dir='ltr'>Ita</span> <span class='ocrx_word' id='word_1_526' title='bbox 1356 4309 1417 4358; x_wconf 93' lang='lat' dir='ltr'>ut</span> <span class='ocrx_word' id='word_1_527' title='bbox 1437 4320 1565 4357; x_wconf 89' lang='lat' dir='ltr'>cum</span> <span class='ocrx_word' id='word_1_528' title='bbox 1591 4305 1717 4357; x_wconf 71' lang='lat' dir='ltr'>dua:</span> <span class='ocrx_word' id='word_1_529' title='bbox 1736 4305 1821 4356; x_wconf 68' lang='lat' dir='ltr'>ha:</span> 
     </span>
    </p>
   </div>
   <div class='ocr_carea' id='block_1_78' title="bbox 145 4374 1819 4445">
    <p class='ocr_par' dir='ltr' id='par_1_78' title="bbox 145 4374 1819 4445">
     <span class='ocr_line' id='line_1_78' title="bbox 145 4374 1819 4445; baseline -0.004 -13"><span class='ocrx_word' id='word_1_530' title='bbox 145 4393 357 4432; x_wconf 62' lang='lat' dir='ltr'>causae</span> <span class='ocrx_word' id='word_1_531' title='bbox 386 4381 733 4429; x_wconf 88' lang='lat' dir='ltr'>concurrant</span> <span class='ocrx_word' id='word_1_532' title='bbox 757 4378 829 4430; x_wconf 91' lang='lat' dir='ltr'>ad</span> <span class='ocrx_word' id='word_1_533' title='bbox 852 4376 1000 4429; x_wconf 89' lang='lat' dir='ltr'>illius</span> <span class='ocrx_word' id='word_1_534' title='bbox 1027 4392 1335 4430; x_wconf 89' lang='lat' dir='ltr'>consensus</span> <span class='ocrx_word' id='word_1_535' title='bbox 1367 4374 1819 4445; x_wconf 88' lang='lat' dir='ltr'>productionem,</span> 
     </span>
    </p>
   </div>
   <div class='ocr_carea' id='block_1_79' title="bbox 1937 1822 3587 1903">
    <p class='ocr_par' dir='ltr' id='par_1_79' title="bbox 1937 1822 3587 1903">
     <span class='ocr_line' id='line_1_79' title="bbox 1937 1822 3587 1903; baseline 0.008 -28"><span class='ocrx_word' id='word_1_536' title='bbox 1937 1822 2436 1903; x_wconf 82' lang='lat' dir='ltr'>liente,expromat</span> <span class='ocrx_word' id='word_1_537' title='bbox 2454 1842 2619 1879; x_wconf 90' lang='lat' dir='ltr'>suum</span> <span class='ocrx_word' id='word_1_538' title='bbox 2642 1826 3110 1903; x_wconf 79' lang='lat' dir='ltr'>qualemcumque</span> <span class='ocrx_word' id='word_1_539' title='bbox 3133 1830 3587 1903; x_wconf 86' lang='lat' dir='ltr'>nisum,ejusque</span> 
     </span>
    </p>
   </div>
   <div class='ocr_carea' id='block_1_80' title="bbox 1936 1893 3580 1970">
    <p class='ocr_par' dir='ltr' id='par_1_80' title="bbox 1936 1893 3580 1970">
     <span class='ocr_line' id='line_1_80' title="bbox 1936 1893 3580 1970; baseline 0.007 -24"><span class='ocrx_word' id='word_1_540' title='bbox 1936 1893 2256 1970; x_wconf 82' lang='lat' dir='ltr'>interventu</span> <span class='ocrx_word' id='word_1_541' title='bbox 2274 1893 2885 1970; x_wconf 80' lang='lat' dir='ltr'>utcumquemereatur</span> <span class='ocrx_word' id='word_1_542' title='bbox 2900 1902 2962 1952; x_wconf 91' lang='lat' dir='ltr'>ut</span> <span class='ocrx_word' id='word_1_543' title='bbox 2979 1893 3146 1963; x_wconf 74' lang='lat' dir='ltr'>Deus,</span> <span class='ocrx_word' id='word_1_544' title='bbox 3167 1904 3262 1970; x_wconf 89' lang='lat' dir='ltr'>qui</span> <span class='ocrx_word' id='word_1_545' title='bbox 3276 1893 3406 1955; x_wconf 74' lang='lat' dir='ltr'>eum</span> <span class='ocrx_word' id='word_1_546' title='bbox 3422 1893 3580 1958; x_wconf 74' lang='lat' dir='ltr'>dum.</span> 
     </span>
    </p>
   </div>
   <div class='ocr_carea' id='block_1_81' title="bbox 1935 1964 3588 2043">
    <p class='ocr_par' dir='ltr' id='par_1_81' title="bbox 1935 1964 3588 2043">
     <span class='ocr_line' id='line_1_81' title="bbox 1935 1964 3588 2043; baseline 0.007 -26"><span class='ocrx_word' id='word_1_547' title='bbox 1935 1964 2329 2043; x_wconf 36' lang='lat' dir='ltr'>taxata-imm,</span> <span class='ocrx_word' id='word_1_548' title='bbox 2364 1964 2698 2043; x_wconf 84' lang='lat' dir='ltr'>languidum</span> <span class='ocrx_word' id='word_1_549' title='bbox 2742 1967 2874 2023; x_wconf 91' lang='lat' dir='ltr'>licet</span> <span class='ocrx_word' id='word_1_550' title='bbox 2898 1974 2954 2022; x_wconf 90' lang='lat' dir='ltr'>et</span> <span class='ocrx_word' id='word_1_551' title='bbox 2982 1964 3268 2035; x_wconf 66' lang='lat' dir='ltr'>enervem,</span> <span class='ocrx_word' id='word_1_552' title='bbox 3299 1979 3588 2043; x_wconf 84' lang='lat' dir='ltr'>exspecta-</span> 
     </span>
    </p>
   </div>
   <div class='ocr_carea' id='block_1_82' title="bbox 1938 2035 3583 2107">
    <p class='ocr_par' dir='ltr' id='par_1_82' title="bbox 1938 2035 3583 2107">
     <span class='ocr_line' id='line_1_82' title="bbox 1938 2035 3583 2107; baseline 0.006 -18"><span class='ocrx_word' id='word_1_553' title='bbox 1938 2037 2054 2098; x_wconf 87' lang='lat' dir='ltr'>bat,</span> <span class='ocrx_word' id='word_1_554' title='bbox 2084 2035 2245 2107; x_wconf 90' lang='lat' dir='ltr'>illico</span> <span class='ocrx_word' id='word_1_555' title='bbox 2266 2042 2544 2099; x_wconf 87' lang='lat' dir='ltr'>accurrat,</span> <span class='ocrx_word' id='word_1_556' title='bbox 2580 2043 2873 2107; x_wconf 89' lang='lat' dir='ltr'>promotor</span> <span class='ocrx_word' id='word_1_557' title='bbox 2893 2045 2949 2093; x_wconf 93' lang='lat' dir='ltr'>et</span> <span class='ocrx_word' id='word_1_558' title='bbox 2978 2035 3415 2097; x_wconf 73' lang='lat' dir='ltr'>consummator</span> <span class='ocrx_word' id='word_1_559' title='bbox 3436 2044 3583 2099; x_wconf 90' lang='lat' dir='ltr'>initii</span> 
     </span>
    </p>
   </div>
   <div class='ocr_carea' id='block_1_83' title="bbox 1936 2106 3585 2178">
    <p class='ocr_par' dir='ltr' id='par_1_83' title="bbox 1936 2106 3585 2178">
     <span class='ocr_line' id='line_1_83' title="bbox 1936 2106 3585 2178; baseline 0.007 -19"><span class='ocrx_word' id='word_1_560' title='bbox 1936 2106 2137 2178; x_wconf 84' lang='lat' dir='ltr'>nostri,</span> <span class='ocrx_word' id='word_1_561' title='bbox 2164 2106 2250 2159; x_wconf 92' lang='lat' dir='ltr'>cui</span> <span class='ocrx_word' id='word_1_562' title='bbox 2276 2106 2837 2178; x_wconf 32' lang='lat' dir='ltr'>tamquam’aliquali</span> <span class='ocrx_word' id='word_1_563' title='bbox 2864 2112 3088 2178; x_wconf 88' lang='lat' dir='ltr'>merito,</span> <span class='ocrx_word' id='word_1_564' title='bbox 3112 2118 3169 2167; x_wconf 91' lang='lat' dir='ltr'>et</span> <span class='ocrx_word' id='word_1_565' title='bbox 3193 2129 3375 2169; x_wconf 67' lang='lat' dir='ltr'>causae</span> <span class='ocrx_word' id='word_1_566' title='bbox 3397 2132 3585 2171; x_wconf 87' lang='lat' dir='ltr'>mora-</span> 
     </span>
    </p>
   </div>
   <div class='ocr_carea' id='block_1_84' title="bbox 1936 2176 3488 2255">
    <p class='ocr_par' dir='ltr' id='par_1_84' title="bbox 1936 2176 3488 2255">
     <span class='ocr_line' id='line_1_84' title="bbox 1936 2176 3488 2255; baseline 0.008 -26"><span class='ocrx_word' id='word_1_567' title='bbox 1936 2176 2070 2255; x_wconf 66' lang='lat' dir='ltr'>liter</span> <span class='ocrx_word' id='word_1_568' title='bbox 2103 2178 2375 2255; x_wconf 77' lang='lat' dir='ltr'>moventi,</span> <span class='ocrx_word' id='word_1_569' title='bbox 2404 2179 2629 2255; x_wconf 83' lang='lat' dir='ltr'>exhibet</span> <span class='ocrx_word' id='word_1_570' title='bbox 2658 2176 2827 2255; x_wconf 75' lang='lat' dir='ltr'>super</span> <span class='ocrx_word' id='word_1_571' title='bbox 2858 2176 3148 2255; x_wconf 82' lang='lat' dir='ltr'>naturales</span> <span class='ocrx_word' id='word_1_572' title='bbox 3180 2186 3488 2255; x_wconf 88' lang='lat' dir='ltr'>suppetias.</span> 
     </span>
    </p>
   </div>
   <div class='ocr_carea' id='block_1_85' title="bbox 2007 2248 3585 2323">
    <p class='ocr_par' dir='ltr' id='par_1_85' title="bbox 2007 2248 3585 2323">
     <span class='ocr_line' id='line_1_85' title="bbox 2007 2248 3585 2323; baseline 0.007 -23"><span class='ocrx_word' id='word_1_573' title='bbox 2007 2248 2092 2323; x_wconf 75' lang='lat'>12.</span> <span class='ocrx_word' id='word_1_574' title='bbox 2127 2250 2366 2323; x_wconf 67' lang='lat' dir='ltr'>Semper</span> <span class='ocrx_word' id='word_1_575' title='bbox 2396 2250 2521 2323; x_wconf 86' lang='lat' dir='ltr'>dico</span> <span class='ocrx_word' id='word_1_576' title='bbox 2540 2251 2707 2321; x_wconf 82' lang='lat' dir='ltr'>juxta</span> <span class='ocrx_word' id='word_1_577' title='bbox 2728 2248 3223 2323; x_wconf 69' lang='lat' dir='ltr'>semipelagianos</span> <span class='ocrx_word' id='word_1_578' title='bbox 3248 2248 3487 2311; x_wconf 66' lang='lat' dir='ltr'>initium</span> <span class='ocrx_word' id='word_1_579' title='bbox 3520 2258 3585 2311; x_wconf 90' lang='lat' dir='ltr'>il-</span> 
     </span>
    </p>
   </div>
   <div class='ocr_carea' id='block_1_86' title="bbox 1936 2318 3585 2389">
    <p class='ocr_par' dir='ltr' id='par_1_86' title="bbox 1936 2318 3585 2389">
     <span class='ocr_line' id='line_1_86' title="bbox 1936 2318 3585 2389; baseline 0.008 -19"><span class='ocrx_word' id='word_1_580' title='bbox 1936 2318 2031 2371; x_wconf 91' lang='lat' dir='ltr'>lud</span> <span class='ocrx_word' id='word_1_581' title='bbox 2058 2319 2258 2372; x_wconf 87' lang='lat' dir='ltr'>salutis</span> <span class='ocrx_word' id='word_1_582' title='bbox 2279 2322 2429 2389; x_wconf 91' lang='lat' dir='ltr'>quod</span> <span class='ocrx_word' id='word_1_583' title='bbox 2461 2318 2582 2374; x_wconf 79' lang='lat' dir='ltr'>esse</span> <span class='ocrx_word' id='word_1_584' title='bbox 2614 2338 2647 2374; x_wconf 88' lang='lat' dir='ltr'>a</span> <span class='ocrx_word' id='word_1_585' title='bbox 2674 2322 2837 2375; x_wconf 92' lang='lat' dir='ltr'>nobis</span> <span class='ocrx_word' id='word_1_586' title='bbox 2869 2318 3261 2389; x_wconf 77' lang='lat' dir='ltr'>affirmabant,</span> <span class='ocrx_word' id='word_1_587' title='bbox 3285 2334 3452 2381; x_wconf 89' lang='lat' dir='ltr'>tenue</span> <span class='ocrx_word' id='word_1_588' title='bbox 3483 2328 3585 2382; x_wconf 89' lang='lat' dir='ltr'>ali-</span> 
     </span>
    </p>
   </div>
   <div class='ocr_carea' id='block_1_87' title="bbox 1934 2388 3583 2463">
    <p class='ocr_par' dir='ltr' id='par_1_87' title="bbox 1934 2388 3583 2463">
     <span class='ocr_line' id='line_1_87' title="bbox 1934 2388 3583 2463; baseline 0.006 -20"><span class='ocrx_word' id='word_1_589' title='bbox 1934 2388 2069 2463; x_wconf 80' lang='lat' dir='ltr'>quid</span> <span class='ocrx_word' id='word_1_590' title='bbox 2100 2394 2155 2443; x_wconf 91' lang='lat' dir='ltr'>et</span> <span class='ocrx_word' id='word_1_591' title='bbox 2189 2388 2331 2444; x_wconf 86' lang='lat' dir='ltr'>exile</span> <span class='ocrx_word' id='word_1_592' title='bbox 2364 2391 2556 2463; x_wconf 89' lang='lat' dir='ltr'>fuisse,</span> <span class='ocrx_word' id='word_1_593' title='bbox 2591 2409 2688 2446; x_wconf 92' lang='lat' dir='ltr'>nec</span> <span class='ocrx_word' id='word_1_594' title='bbox 2713 2393 2818 2446; x_wconf 92' lang='lat' dir='ltr'>nisi</span> <span class='ocrx_word' id='word_1_595' title='bbox 2842 2394 3091 2463; x_wconf 91' lang='lat' dir='ltr'>aliquale</span> <span class='ocrx_word' id='word_1_596' title='bbox 3118 2397 3387 2451; x_wconf 89' lang='lat' dir='ltr'>meritum</span> <span class='ocrx_word' id='word_1_597' title='bbox 3420 2399 3583 2452; x_wconf 86' lang='lat' dir='ltr'>auxi-</span> 
     </span>
    </p>
   </div>
   <div class='ocr_carea' id='block_1_88' title="bbox 1934 2460 3584 2538">
    <p class='ocr_par' dir='ltr' id='par_1_88' title="bbox 1934 2460 3584 2538">
     <span class='ocr_line' id='line_1_88' title="bbox 1934 2460 3584 2538; baseline 0.008 -26"><span class='ocrx_word' id='word_1_598' title='bbox 1934 2460 2143 2538; x_wconf 68' lang='lat' dir='ltr'>liorum</span> <span class='ocrx_word' id='word_1_599' title='bbox 2165 2462 2755 2538; x_wconf 60' lang='lat' dir='ltr'>gratiaeeontinuisse.</span> <span class='ocrx_word' id='word_1_600' title='bbox 2782 2460 3144 2538; x_wconf 73' lang='lat' dir='ltr'>Perspicuum</span> <span class='ocrx_word' id='word_1_601' title='bbox 3167 2482 3414 2538; x_wconf 88' lang='lat' dir='ltr'>namque</span> <span class='ocrx_word' id='word_1_602' title='bbox 3432 2470 3584 2524; x_wconf 89' lang='lat' dir='ltr'>vide-</span> 
     </span>
    </p>
   </div>
   <div class='ocr_carea' id='block_1_89' title="bbox 1934 2531 3580 2615">
    <p class='ocr_par' dir='ltr' id='par_1_89' title="bbox 1934 2531 3580 2615">
     <span class='ocr_line' id='line_1_89' title="bbox 1934 2531 3580 2615; baseline 0.007 -32"><span class='ocrx_word' id='word_1_603' title='bbox 1934 2531 2300 2615; x_wconf 45' lang='lat' dir='ltr'>t‘urillosnon</span> <span class='ocrx_word' id='word_1_604' title='bbox 2325 2532 2647 2615; x_wconf 79' lang='lat' dir='ltr'>affirmasse</span> <span class='ocrx_word' id='word_1_605' title='bbox 2668 2531 2990 2615; x_wconf 77' lang='lat' dir='ltr'>competere</span> <span class='ocrx_word' id='word_1_606' title='bbox 3008 2537 3108 2590; x_wconf 88' lang='lat' dir='ltr'>tali</span> <span class='ocrx_word' id='word_1_607' title='bbox 3126 2537 3292 2615; x_wconf 79' lang='lat' dir='ltr'>initio</span> <span class='ocrx_word' id='word_1_608' title='bbox 3311 2531 3580 2615; x_wconf 78' lang='lat' dir='ltr'>meritum</span> 
     </span>
    </p>
   </div>
   <div class='ocr_carea' id='block_1_90' title="bbox 1934 2602 3580 2676">
    <p class='ocr_par' dir='ltr' id='par_1_90' title="bbox 1934 2602 3580 2676">
     <span class='ocr_line' id='line_1_90' title="bbox 1934 2602 3580 2676; baseline 0.007 -22"><span class='ocrx_word' id='word_1_609' title='bbox 1934 2604 2003 2676; x_wconf 85' lang='lat' dir='ltr'>de</span> <span class='ocrx_word' id='word_1_610' title='bbox 2032 2602 2335 2676; x_wconf 75' lang='lat' dir='ltr'>condigne,</span> <span class='ocrx_word' id='word_1_611' title='bbox 2367 2609 2617 2676; x_wconf 83' lang='lat' dir='ltr'>respectu</span> <span class='ocrx_word' id='word_1_612' title='bbox 2641 2602 2850 2676; x_wconf 82' lang='lat' dir='ltr'>salutis</span> <span class='ocrx_word' id='word_1_613' title='bbox 2882 2607 2953 2658; x_wconf 90' lang='lat' dir='ltr'>ad</span> <span class='ocrx_word' id='word_1_614' title='bbox 2988 2624 3161 2676; x_wconf 89' lang='lat' dir='ltr'>quam</span> <span class='ocrx_word' id='word_1_615' title='bbox 3189 2608 3421 2663; x_wconf 90' lang='lat' dir='ltr'>aiebant</span> <span class='ocrx_word' id='word_1_616' title='bbox 3442 2612 3580 2665; x_wconf 92' lang='lat' dir='ltr'>illud</span> 
     </span>
    </p>
   </div>
   <div class='ocr_carea' id='block_1_91' title="bbox 1932 2673 3580 2742">
    <p class='ocr_par' dir='ltr' id='par_1_91' title="bbox 1932 2673 3580 2742">
     <span class='ocr_line' id='line_1_91' title="bbox 1932 2673 3580 2742; baseline 0.005 -17"><span class='ocrx_word' id='word_1_617' title='bbox 1932 2673 2252 2742; x_wconf 90' lang='lat' dir='ltr'>disponere.</span> <span class='ocrx_word' id='word_1_618' title='bbox 2279 2675 2361 2727; x_wconf 91' lang='lat' dir='ltr'>lta</span> <span class='ocrx_word' id='word_1_619' title='bbox 2380 2674 2750 2728; x_wconf 88' lang='lat' dir='ltr'>disertissime</span> <span class='ocrx_word' id='word_1_620' title='bbox 2776 2676 2954 2729; x_wconf 88' lang='lat' dir='ltr'>tradit</span> <span class='ocrx_word' id='word_1_621' title='bbox 2974 2673 3274 2732; x_wconf 80' lang='lat' dir='ltr'>Cassianus</span> <span class='ocrx_word' id='word_1_622' title='bbox 3302 2681 3489 2733; x_wconf 90' lang='lat' dir='ltr'>collat.</span> <span class='ocrx_word' id='word_1_623' title='bbox 3513 2681 3580 2735; x_wconf 91' lang='lat'>13</span> 
     </span>
    </p>
   </div>
   <div class='ocr_carea' id='block_1_92' title="bbox 1932 2744 3579 2816">
    <p class='ocr_par' dir='ltr' id='par_1_92' title="bbox 1932 2744 3579 2816">
     <span class='ocr_line' id='line_1_92' title="bbox 1932 2744 3579 2816; baseline 0.005 -19"><span class='ocrx_word' id='word_1_624' title='bbox 1932 2760 1978 2797; x_wconf 92' lang='lat' dir='ltr'>c.</span> <span class='ocrx_word' id='word_1_625' title='bbox 2013 2746 2064 2805; x_wconf 86' lang='lat'>9,</span> <span class='ocrx_word' id='word_1_626' title='bbox 2099 2749 2154 2796; x_wconf 90' lang='lat' dir='ltr'>et</span> <span class='ocrx_word' id='word_1_627' title='bbox 2180 2744 2329 2807; x_wconf 87' lang='lat' dir='ltr'>13,et</span> <span class='ocrx_word' id='word_1_628' title='bbox 2360 2745 2549 2816; x_wconf 62' lang='grc' dir='ltr'>16,Ιί1)ἶ</span> <span class='ocrx_word' id='word_1_629' title='bbox 2586 2762 2657 2797; x_wconf 83' lang='lat' dir='ltr'>xu</span> <span class='ocrx_word' id='word_1_630' title='bbox 2688 2746 2764 2816; x_wconf 4' lang='lat' dir='ltr'>de,</span> <span class='ocrx_word' id='word_1_631' title='bbox 2788 2746 3023 2801; x_wconf 90' lang='lat' dir='ltr'>Instit.c.</span> <span class='ocrx_word' id='word_1_632' title='bbox 3050 2749 3135 2812; x_wconf 89' lang='lat'>11,</span> <span class='ocrx_word' id='word_1_633' title='bbox 3170 2750 3258 2816; x_wconf 91' lang='lat'>13,</span> <span class='ocrx_word' id='word_1_634' title='bbox 3293 2752 3579 2805; x_wconf 65' lang='lat' dir='ltr'>14.1dem-</span> 
     </span>
    </p>
   </div>
   <div class='ocr_carea' id='block_1_93' title="bbox 1932 2815 3581 2891">
    <p class='ocr_par' dir='ltr' id='par_1_93' title="bbox 1932 2815 3581 2891">
     <span class='ocr_line' id='line_1_93' title="bbox 1932 2815 3581 2891; baseline 0.006 -25"><span class='ocrx_word' id='word_1_635' title='bbox 1932 2820 2276 2891; x_wconf 69' lang='lat' dir='ltr'>quesonant</span> <span class='ocrx_word' id='word_1_636' title='bbox 2304 2817 2475 2891; x_wconf 76' lang='lat' dir='ltr'>verba</span> <span class='ocrx_word' id='word_1_637' title='bbox 2495 2815 2593 2869; x_wconf 89' lang='lat' dir='ltr'>illa</span> <span class='ocrx_word' id='word_1_638' title='bbox 2615 2815 3379 2891; x_wconf 84' lang='lat' dir='ltr'>_S_emipela_g_ianorum,quos</span> <span class='ocrx_word' id='word_1_639' title='bbox 3407 2838 3581 2891; x_wconf 90' lang='lat' dir='ltr'>supra</span> 
     </span>
    </p>
   </div>
   <div class='ocr_carea' id='block_1_94' title="bbox 1932 2884 3581 2952">
    <p class='ocr_par' dir='ltr' id='par_1_94' title="bbox 1932 2884 3581 2952">
     <span class='ocr_line' id='line_1_94' title="bbox 1932 2884 3581 2952; baseline 0.005 -13"><span class='ocrx_word' id='word_1_640' title='bbox 1932 2902 1997 2939; x_wconf 87' lang='lat' dir='ltr'>ex</span> <span class='ocrx_word' id='word_1_641' title='bbox 2028 2884 2244 2938; x_wconf 85' lang='lat' dir='ltr'>Hilario</span> <span class='ocrx_word' id='word_1_642' title='bbox 2274 2886 2566 2939; x_wconf 90' lang='lat' dir='ltr'>retulimus</span> <span class='ocrx_word' id='word_1_643' title='bbox 2597 2884 3059 2952; x_wconf 81' lang='lat' dir='ltr'>dixisse,initium</span> <span class='ocrx_word' id='word_1_644' title='bbox 3083 2889 3229 2943; x_wconf 91' lang='lat' dir='ltr'>istud</span> <span class='ocrx_word' id='word_1_645' title='bbox 3257 2884 3355 2945; x_wconf 79' lang='lat' dir='ltr'>seu</span> <span class='ocrx_word' id='word_1_646' title='bbox 3383 2884 3581 2946; x_wconf 80' lang='lat' dir='ltr'>volun-</span> 
     </span>
    </p>
   </div>
   <div class='ocr_carea' id='block_1_95' title="bbox 1933 2958 3581 3032">
    <p class='ocr_par' dir='ltr' id='par_1_95' title="bbox 1933 2958 3581 3032">
     <span class='ocr_line' id='line_1_95' title="bbox 1933 2958 3581 3032; baseline 0.006 -24"><span class='ocrx_word' id='word_1_647' title='bbox 1933 2960 2108 3009; x_wconf 89' lang='lat' dir='ltr'>tatem</span> <span class='ocrx_word' id='word_1_648' title='bbox 2138 2971 2249 3032; x_wconf 83' lang='lat' dir='ltr'>qua</span> <span class='ocrx_word' id='word_1_649' title='bbox 2270 2958 2547 3032; x_wconf 65' lang='lat' dir='ltr'>qumritur</span> <span class='ocrx_word' id='word_1_650' title='bbox 2568 2958 2841 3032; x_wconf 85' lang='lat' dir='ltr'>medicus,</span> <span class='ocrx_word' id='word_1_651' title='bbox 2865 2976 2970 3012; x_wconf 87' lang='lat' dir='ltr'>non</span> <span class='ocrx_word' id='word_1_652' title='bbox 2990 2962 3170 3032; x_wconf 58' lang='lat' dir='ltr'>valere</span> <span class='ocrx_word' id='word_1_653' title='bbox 3191 2962 3501 3032; x_wconf 77' lang='lat' dir='ltr'>quidquam,</span> <span class='ocrx_word' id='word_1_654' title='bbox 3522 2963 3581 3019; x_wconf 90' lang='lat' dir='ltr'>id</span> 
     </span>
    </p>
   </div>
   <div class='ocr_carea' id='block_1_96' title="bbox 1932 3026 3577 3103">
    <p class='ocr_par' dir='ltr' id='par_1_96' title="bbox 1932 3026 3577 3103">
     <span class='ocr_line' id='line_1_96' title="bbox 1932 3026 3577 3103; baseline 0.005 -22"><span class='ocrx_word' id='word_1_655' title='bbox 1932 3031 2036 3103; x_wconf 76' lang='lat' dir='ltr'>est,</span> <span class='ocrx_word' id='word_1_656' title='bbox 2061 3026 2346 3103; x_wconf 58' lang='lat' dir='ltr'>perexiguj</span> <span class='ocrx_word' id='word_1_657' title='bbox 2371 3043 2496 3103; x_wconf 80' lang='lat' dir='ltr'>esse</span> <span class='ocrx_word' id='word_1_658' title='bbox 2523 3029 2803 3103; x_wconf 74' lang='lat' dir='ltr'>momenti</span> <span class='ocrx_word' id='word_1_659' title='bbox 2832 3046 2898 3083; x_wconf 90' lang='lat' dir='ltr'>ac</span> <span class='ocrx_word' id='word_1_660' title='bbox 2928 3030 3141 3103; x_wconf 80' lang='lat' dir='ltr'>meriti.</span> <span class='ocrx_word' id='word_1_661' title='bbox 3181 3026 3242 3085; x_wconf 40' lang='lat' dir='ltr'>l‘n</span> <span class='ocrx_word' id='word_1_662' title='bbox 3269 3026 3379 3103; x_wconf 76' lang='lat' dir='ltr'>quo</span> <span class='ocrx_word' id='word_1_663' title='bbox 3400 3026 3577 3089; x_wconf 86' lang='lat' dir='ltr'>Semi-</span> 
     </span>
    </p>
   </div>
   <div class='ocr_carea' id='block_1_97' title="bbox 1854 3094 3580 3171">
    <p class='ocr_par' dir='ltr' id='par_1_97' title="bbox 1854 3094 3580 3171">
     <span class='ocr_line' id='line_1_97' title="bbox 1854 3094 3580 3171; baseline 0.003 -17"><span class='ocrx_word' id='word_1_664' title='bbox 1854 3094 1898 3154; x_wconf 83' lang='lat' dir='ltr'>G</span> <span class='ocrx_word' id='word_1_665' title='bbox 1934 3094 2217 3171; x_wconf 79' lang='lat' dir='ltr'>pelagiani</span> <span class='ocrx_word' id='word_1_666' title='bbox 2250 3094 2537 3171; x_wconf 11' lang='lat' dir='ltr'>aePelagio</span> <span class='ocrx_word' id='word_1_667' title='bbox 2576 3098 2949 3171; x_wconf 89' lang='lat' dir='ltr'>dissidebant,</span> <span class='ocrx_word' id='word_1_668' title='bbox 2979 3101 3075 3171; x_wconf 90' lang='lat' dir='ltr'>qui</span> <span class='ocrx_word' id='word_1_669' title='bbox 3102 3094 3348 3158; x_wconf 75' lang='lat' dir='ltr'>naturali</span> <span class='ocrx_word' id='word_1_670' title='bbox 3380 3105 3580 3161; x_wconf 90' lang='lat' dir='ltr'>salutis</span> 
     </span>
    </p>
   </div>
   <div class='ocr_carea' id='block_1_98' title="bbox 1935 3168 3471 3243">
    <p class='ocr_par' dir='ltr' id='par_1_98' title="bbox 1935 3168 3471 3243">
     <span class='ocr_line' id='line_1_98' title="bbox 1935 3168 3471 3243; baseline 0.006 -22"><span class='ocrx_word' id='word_1_671' title='bbox 1935 3168 2311 3243; x_wconf 83' lang='lat' dir='ltr'>negotiationi</span> <span class='ocrx_word' id='word_1_672' title='bbox 2342 3168 2614 3243; x_wconf 79' lang='lat' dir='ltr'>meritum</span> <span class='ocrx_word' id='word_1_673' title='bbox 2637 3170 2768 3243; x_wconf 85' lang='lat' dir='ltr'>ejus</span> <span class='ocrx_word' id='word_1_674' title='bbox 2798 3168 3145 3243; x_wconf 75' lang='lat' dir='ltr'>condignum</span> <span class='ocrx_word' id='word_1_675' title='bbox 3176 3176 3471 3230; x_wconf 91' lang='lat' dir='ltr'>concessit.</span> 
     </span>
    </p>
   </div>
   <div class='ocr_carea' id='block_1_99' title="bbox 2005 3240 3578 3320">
    <p class='ocr_par' dir='ltr' id='par_1_99' title="bbox 2005 3240 3578 3320">
     <span class='ocr_line' id='line_1_99' title="bbox 2005 3240 3578 3320; baseline 0.006 -28"><span class='ocrx_word' id='word_1_676' title='bbox 2005 3243 2113 3320; x_wconf 42' lang='grc' dir='ltr'>[δερ</span> <span class='ocrx_word' id='word_1_677' title='bbox 2137 3240 2364 3320; x_wconf 84' lang='lat' dir='ltr'>placent</span> <span class='ocrx_word' id='word_1_678' title='bbox 2382 3240 2995 3320; x_wconf 70' lang='lat' dir='ltr'>quiSemipelagianos</span> <span class='ocrx_word' id='word_1_679' title='bbox 3006 3247 3195 3320; x_wconf 85' lang='lat' dir='ltr'>quoad</span> <span class='ocrx_word' id='word_1_680' title='bbox 3224 3245 3578 3320; x_wconf 84' lang='lat' dir='ltr'>hoe_Pelagio</span> 
     </span>
    </p>
   </div>
   <div class='ocr_carea' id='block_1_100' title="bbox 1933 3310 3576 3384">
    <p class='ocr_par' dir='ltr' id='par_1_100' title="bbox 1933 3310 3576 3384">
     <span class='ocr_line' id='line_1_100' title="bbox 1933 3310 3576 3384; baseline 0.006 -21"><span class='ocrx_word' id='word_1_681' title='bbox 1933 3310 2243 3384; x_wconf 64' lang='lat' dir='ltr'>adheesisse</span> <span class='ocrx_word' id='word_1_682' title='bbox 2256 3316 2312 3365; x_wconf 90' lang='lat' dir='ltr'>et</span> <span class='ocrx_word' id='word_1_683' title='bbox 2324 3312 2590 3384; x_wconf 84' lang='lat' dir='ltr'>meritum</span> <span class='ocrx_word' id='word_1_684' title='bbox 2606 3310 2952 3384; x_wconf 85' lang='lat' dir='ltr'>condignum</span> <span class='ocrx_word' id='word_1_685' title='bbox 2966 3310 3245 3371; x_wconf 69' lang='lat' dir='ltr'>invexisse</span> <span class='ocrx_word' id='word_1_686' title='bbox 3258 3318 3323 3371; x_wconf 90' lang='lat' dir='ltr'>af</span> <span class='ocrx_word' id='word_1_687' title='bbox 3322 3310 3576 3384; x_wconf 68' lang='lat' dir='ltr'>firmant;</span> 
     </span>
    </p>
   </div>
   <div class='ocr_carea' id='block_1_101' title="bbox 1933 3382 3575 3452">
    <p class='ocr_par' dir='ltr' id='par_1_101' title="bbox 1933 3382 3575 3452">
     <span class='ocr_line' id='line_1_101' title="bbox 1933 3382 3575 3452; baseline 0.006 -18"><span class='ocrx_word' id='word_1_688' title='bbox 1933 3386 1996 3435; x_wconf 93' lang='lat' dir='ltr'>ut</span> <span class='ocrx_word' id='word_1_689' title='bbox 2025 3382 2174 3452; x_wconf 88' lang='lat' dir='ltr'>Vega</span> <span class='ocrx_word' id='word_1_690' title='bbox 2205 3382 2301 3436; x_wconf 91' lang='lat' dir='ltr'>lib.</span> <span class='ocrx_word' id='word_1_691' title='bbox 2334 3399 2433 3436; x_wconf 84' lang='lat' dir='ltr'>vm</span> <span class='ocrx_word' id='word_1_692' title='bbox 2460 3382 2516 3436; x_wconf 91' lang='lat' dir='ltr'>in</span> <span class='ocrx_word' id='word_1_693' title='bbox 2539 3400 2697 3438; x_wconf 91' lang='lat' dir='ltr'>conc.</span> <span class='ocrx_word' id='word_1_694' title='bbox 2725 3386 2760 3437; x_wconf 75' lang='grc' dir='ltr'>ὅ</span> <span class='ocrx_word' id='word_1_695' title='bbox 2780 3382 3037 3447; x_wconf 60' lang='lat' dir='ltr'>{Toletus</span> <span class='ocrx_word' id='word_1_696' title='bbox 3058 3387 3115 3440; x_wconf 89' lang='lat' dir='ltr'>in</span> <span class='ocrx_word' id='word_1_697' title='bbox 3137 3404 3183 3441; x_wconf 93' lang='lat' dir='ltr'>c.</span> <span class='ocrx_word' id='word_1_698' title='bbox 3202 3404 3297 3442; x_wconf 82' lang='lat' dir='ltr'>vui</span> <span class='ocrx_word' id='word_1_699' title='bbox 3324 3382 3575 3444; x_wconf 71' lang='lat' dir='ltr'>adltom.</span> 
     </span>
    </p>
   </div>
   <div class='ocr_carea' id='block_1_102' title="bbox 1934 3454 3579 3529">
    <p class='ocr_par' dir='ltr' id='par_1_102' title="bbox 1934 3454 3579 3529">
     <span class='ocr_line' id='line_1_102' title="bbox 1934 3454 3579 3529; baseline 0.004 -23"><span class='ocrx_word' id='word_1_700' title='bbox 1934 3458 2131 3507; x_wconf 89' lang='lat' dir='ltr'>annot.</span> <span class='ocrx_word' id='word_1_701' title='bbox 2167 3454 2256 3518; x_wconf 91' lang='grc'><strong>31,</strong></span> <span class='ocrx_word' id='word_1_702' title='bbox 2286 3458 2345 3529; x_wconf 76' lang='lat' dir='ltr'>et</span> <span class='ocrx_word' id='word_1_703' title='bbox 2374 3454 2507 3529; x_wconf 69' lang='lat' dir='ltr'>ine.</span> <span class='ocrx_word' id='word_1_704' title='bbox 2542 3456 2721 3529; x_wconf 83' lang='lat' dir='ltr'>x1,_ad</span> <span class='ocrx_word' id='word_1_705' title='bbox 2748 3455 2883 3529; x_wconf 86' lang='lat' dir='ltr'>illud</span> <span class='ocrx_word' id='word_1_706' title='bbox 2918 3478 2928 3507; x_wconf 93' lang='lat'><strong>:</strong></span> <span class='ocrx_word' id='word_1_707' title='bbox 2958 3456 3018 3511; x_wconf 72' lang='lat' dir='ltr'>Si</span> <span class='ocrx_word' id='word_1_708' title='bbox 3040 3467 3216 3513; x_wconf 77' lang='lat' dir='ltr'>autem</span> <span class='ocrx_word' id='word_1_709' title='bbox 3244 3463 3443 3529; x_wconf 63' lang='lat' dir='ltr'>gratia,</span> <span class='ocrx_word' id='word_1_710' title='bbox 3459 3462 3579 3529; x_wconf 86' lang='lat' dir='ltr'>jam</span> 
     </span>
    </p>
   </div>
   <div class='ocr_carea' id='block_1_103' title="bbox 1933 3524 3579 3597">
    <p class='ocr_par' dir='ltr' id='par_1_103' title="bbox 1933 3524 3579 3597">
     <span class='ocr_line' id='line_1_103' title="bbox 1933 3524 3579 3597; baseline 0.005 -21"><span class='ocrx_word' id='word_1_711' title='bbox 1933 3541 2039 3577; x_wconf 88' lang='lat' dir='ltr'>non</span> <span class='ocrx_word' id='word_1_712' title='bbox 2058 3541 2123 3577; x_wconf 79' lang='lat' dir='ltr'>ea:</span> <span class='ocrx_word' id='word_1_713' title='bbox 2142 3524 2422 3597; x_wconf 79' lang='lat' dir='ltr'>operibus._</span> <span class='ocrx_word' id='word_1_714' title='bbox 2444 3524 2566 3597; x_wconf 83' lang='lat' dir='ltr'>Non</span> <span class='ocrx_word' id='word_1_715' title='bbox 2594 3526 2837 3595; x_wconf 88' lang='lat' dir='ltr'>placent,</span> <span class='ocrx_word' id='word_1_716' title='bbox 2871 3527 3107 3597; x_wconf 89' lang='lat' dir='ltr'>inquam</span> <span class='ocrx_word' id='word_1_717' title='bbox 3144 3546 3156 3594; x_wconf 91' lang='lat'><strong>;</strong></span> <span class='ocrx_word' id='word_1_718' title='bbox 3182 3524 3316 3583; x_wconf 72' lang='lat' dir='ltr'>nam</span> <span class='ocrx_word' id='word_1_719' title='bbox 3348 3524 3579 3584; x_wconf 77' lang='lat' dir='ltr'>sanctus</span> 
     </span>
    </p>
   </div>
   <div class='ocr_carea' id='block_1_104' title="bbox 1934 3595 3578 3671">
    <p class='ocr_par' dir='ltr' id='par_1_104' title="bbox 1934 3595 3578 3671">
     <span class='ocr_line' id='line_1_104' title="bbox 1934 3595 3578 3671; baseline 0.005 -25"><span class='ocrx_word' id='word_1_720' title='bbox 1934 3596 2279 3671; x_wconf 80' lang='lat' dir='ltr'>Augustinus</span> <span class='ocrx_word' id='word_1_721' title='bbox 2332 3595 2432 3671; x_wconf 80' lang='lat' dir='ltr'>qui</span> <span class='ocrx_word' id='word_1_722' title='bbox 2458 3596 2595 3650; x_wconf 91' lang='lat' dir='ltr'>locis</span> <span class='ocrx_word' id='word_1_723' title='bbox 2636 3597 2894 3671; x_wconf 79' lang='lat' dir='ltr'>allegatis</span> <span class='ocrx_word' id='word_1_724' title='bbox 2923 3595 3029 3652; x_wconf 49' lang='lat' dir='ltr'>h&#39;oc</span> <span class='ocrx_word' id='word_1_725' title='bbox 3057 3599 3578 3671; x_wconf 85' lang='lat' dir='ltr'>Semipelagianum</span> 
     </span>
    </p>
   </div>
   <div class='ocr_carea' id='block_1_105' title="bbox 1934 3666 3578 3747">
    <p class='ocr_par' dir='ltr' id='par_1_105' title="bbox 1934 3666 3578 3747">
     <span class='ocr_line' id='line_1_105' title="bbox 1934 3666 3578 3747; baseline 0.005 -30"><span class='ocrx_word' id='word_1_726' title='bbox 1934 3667 2201 3719; x_wconf 90' lang='lat' dir='ltr'>meritum</span> <span class='ocrx_word' id='word_1_727' title='bbox 2234 3666 2538 3747; x_wconf 73' lang='lat' dir='ltr'>improbat,</span> <span class='ocrx_word' id='word_1_728' title='bbox 2564 3672 2759 3747; x_wconf 65' lang='lat' dir='ltr'>tamen</span> <span class='ocrx_word' id='word_1_729' title='bbox 2783 3668 2993 3747; x_wconf 81' lang='lat' dir='ltr'>ibidem</span> <span class='ocrx_word' id='word_1_730' title='bbox 3015 3674 3071 3747; x_wconf 80' lang='lat' dir='ltr'>et</span> <span class='ocrx_word' id='word_1_731' title='bbox 3096 3666 3265 3747; x_wconf 77' lang='lat' dir='ltr'>epist.</span> <span class='ocrx_word' id='word_1_732' title='bbox 3306 3666 3426 3735; x_wconf 75' lang='grc'><strong>105,</strong></span> <span class='ocrx_word' id='word_1_733' title='bbox 3460 3670 3578 3743; x_wconf 66' lang='grc'>48</span> 
     </span>
    </p>
   </div>
   <div class='ocr_carea' id='block_1_106' title="bbox 1932 3736 3579 3813">
    <p class='ocr_par' dir='ltr' id='par_1_106' title="bbox 1932 3736 3579 3813">
     <span class='ocr_line' id='line_1_106' title="bbox 1932 3736 3579 3813; baseline 0.005 -25"><span class='ocrx_word' id='word_1_734' title='bbox 1932 3751 1999 3789; x_wconf 90' lang='lat' dir='ltr'>ac</span> <span class='ocrx_word' id='word_1_735' title='bbox 2020 3752 2169 3813; x_wconf 57' lang='lat' dir='ltr'>saepe</span> <span class='ocrx_word' id='word_1_736' title='bbox 2201 3736 2356 3797; x_wconf 85' lang='lat' dir='ltr'>alibi.</span> <span class='ocrx_word' id='word_1_737' title='bbox 2390 3737 2649 3790; x_wconf 88' lang='lat' dir='ltr'>concedit</span> <span class='ocrx_word' id='word_1_738' title='bbox 2678 3740 2957 3813; x_wconf 83' lang='lat' dir='ltr'>peccatori</span> <span class='ocrx_word' id='word_1_739' title='bbox 3002 3736 3273 3796; x_wconf 82' lang='lat' dir='ltr'>divinitus</span> <span class='ocrx_word' id='word_1_740' title='bbox 3300 3736 3579 3813; x_wconf 53' lang='lat' dir='ltr'>praemot&#39;o</span> 
     </span>
    </p>
   </div>
   <div class='ocr_carea' id='block_1_107' title="bbox 1933 3806 3581 3891">
    <p class='ocr_par' dir='ltr' id='par_1_107' title="bbox 1933 3806 3581 3891">
     <span class='ocr_line' id='line_1_107' title="bbox 1933 3806 3581 3891; baseline 0.006 -33"><span class='ocrx_word' id='word_1_741' title='bbox 1933 3806 2202 3891; x_wconf 61' lang='lat' dir='ltr'>meritum</span> <span class='ocrx_word' id='word_1_742' title='bbox 2219 3822 2534 3891; x_wconf 79' lang='lat' dir='ltr'>congruum</span> <span class='ocrx_word' id='word_1_743' title='bbox 2548 3806 2903 3891; x_wconf 74' lang='lat' dir='ltr'>remissionis</span> <span class='ocrx_word' id='word_1_744' title='bbox 2916 3806 3581 3891; x_wconf 63' lang='lat' dir='ltr'>peccatorummegatque</span> 
     </span>
    </p>
   </div>
   <div class='ocr_carea' id='block_1_108' title="bbox 1932 3876 3581 3952">
    <p class='ocr_par' dir='ltr' id='par_1_108' title="bbox 1932 3876 3581 3952">
     <span class='ocr_line' id='line_1_108' title="bbox 1932 3876 3581 3952; baseline 0.006 -23"><span class='ocrx_word' id='word_1_745' title='bbox 1932 3876 2119 3952; x_wconf 88' lang='lat' dir='ltr'>simile</span> <span class='ocrx_word' id='word_1_746' title='bbox 2150 3877 2417 3952; x_wconf 83' lang='lat' dir='ltr'>meritum</span> <span class='ocrx_word' id='word_1_747' title='bbox 2445 3878 2797 3952; x_wconf 70' lang='lat' dir='ltr'>naturalibus</span> <span class='ocrx_word' id='word_1_748' title='bbox 2828 3876 3041 3936; x_wconf 88' lang='lat' dir='ltr'>viribus</span> <span class='ocrx_word' id='word_1_749' title='bbox 3068 3900 3228 3952; x_wconf 89' lang='lat' dir='ltr'>posse</span> <span class='ocrx_word' id='word_1_750' title='bbox 3243 3876 3581 3939; x_wconf 50' lang='lat' dir='ltr'>conciedire-</span> 
     </span>
    </p>
   </div>
   <div class='ocr_carea' id='block_1_109' title="bbox 1932 3947 3578 4022">
    <p class='ocr_par' dir='ltr' id='par_1_109' title="bbox 1932 3947 3578 4022">
     <span class='ocr_line' id='line_1_109' title="bbox 1932 3947 3578 4022; baseline 0.004 -21"><span class='ocrx_word' id='word_1_751' title='bbox 1932 3951 2126 4017; x_wconf 88' lang='lat' dir='ltr'>spectu</span> <span class='ocrx_word' id='word_1_752' title='bbox 2158 3947 2358 4022; x_wconf 65' lang='lat' dir='ltr'>prima:</span> <span class='ocrx_word' id='word_1_753' title='bbox 2386 3948 2608 4022; x_wconf 73' lang='lat' dir='ltr'>gratiae.</span> <span class='ocrx_word' id='word_1_754' title='bbox 2638 3950 2783 4018; x_wconf 86' lang='lat' dir='ltr'>Ergo</span> <span class='ocrx_word' id='word_1_755' title='bbox 2801 3952 3033 4020; x_wconf 84' lang='lat' dir='ltr'>agnovit</span> <span class='ocrx_word' id='word_1_756' title='bbox 3059 3947 3303 4022; x_wconf 79' lang='lat' dir='ltr'>gratiam</span> <span class='ocrx_word' id='word_1_757' title='bbox 3324 3972 3439 4008; x_wconf 92' lang='lat' dir='ltr'>non</span> <span class='ocrx_word' id='word_1_758' title='bbox 3458 3959 3578 4007; x_wconf 89' lang='lat' dir='ltr'>tan-</span> 
     </span>
    </p>
   </div>
   <div class='ocr_carea' id='block_1_110' title="bbox 1933 4018 3580 4093">
    <p class='ocr_par' dir='ltr' id='par_1_110' title="bbox 1933 4018 3580 4093">
     <span class='ocr_line' id='line_1_110' title="bbox 1933 4018 3580 4093; baseline 0.004 -23"><span class='ocrx_word' id='word_1_759' title='bbox 1933 4022 2054 4093; x_wconf 88' lang='lat' dir='ltr'>tum</span> <span class='ocrx_word' id='word_1_760' title='bbox 2108 4018 2282 4072; x_wconf 89' lang='lat' dir='ltr'>everti</span> <span class='ocrx_word' id='word_1_761' title='bbox 2326 4021 2689 4093; x_wconf 82' lang='lat' dir='ltr'>concessione</span> <span class='ocrx_word' id='word_1_762' title='bbox 2740 4018 2927 4093; x_wconf 78' lang='lat' dir='ltr'>meriti</span> <span class='ocrx_word' id='word_1_763' title='bbox 2983 4018 3261 4077; x_wconf 74' lang='lat' dir='ltr'>naturalis</span> <span class='ocrx_word' id='word_1_764' title='bbox 3312 4024 3580 4093; x_wconf 89' lang='lat' dir='ltr'>eondigni</span> 
     </span>
    </p>
   </div>
   <div class='ocr_carea' id='block_1_111' title="bbox 1933 4089 3581 4159">
    <p class='ocr_par' dir='ltr' id='par_1_111' title="bbox 1933 4089 3581 4159">
     <span class='ocr_line' id='line_1_111' title="bbox 1933 4089 3581 4159; baseline 0.005 -19"><span class='ocrx_word' id='word_1_765' title='bbox 1933 4092 2304 4159; x_wconf 89' lang='lat' dir='ltr'>(quamquam</span> <span class='ocrx_word' id='word_1_766' title='bbox 2319 4104 2383 4143; x_wconf 94' lang='lat' dir='ltr'>eo</span> <span class='ocrx_word' id='word_1_767' title='bbox 2408 4089 2807 4155; x_wconf 89' lang='lat' dir='ltr'>maxime),sed</span> <span class='ocrx_word' id='word_1_768' title='bbox 2829 4091 2998 4144; x_wconf 89' lang='lat' dir='ltr'>etiam</span> <span class='ocrx_word' id='word_1_769' title='bbox 3016 4094 3379 4148; x_wconf 90' lang='lat' dir='ltr'>concessione</span> <span class='ocrx_word' id='word_1_770' title='bbox 3394 4089 3581 4148; x_wconf 70' lang='lat' dir='ltr'>meriti</span> 
     </span>
    </p>
   </div>
   <div class='ocr_carea' id='block_1_112' title="bbox 1938 4158 3576 4246">
    <p class='ocr_par' dir='ltr' id='par_1_112' title="bbox 1938 4158 3576 4246">
     <span class='ocr_line' id='line_1_112' title="bbox 1938 4158 3576 4246; baseline 0.004 -34"><span class='ocrx_word' id='word_1_771' title='bbox 1938 4158 2219 4246; x_wconf 77' lang='lat' dir='ltr'>naturalis</span> <span class='ocrx_word' id='word_1_772' title='bbox 2248 4160 2505 4246; x_wconf 58' lang='lat' dir='ltr'>congrui,</span> <span class='ocrx_word' id='word_1_773' title='bbox 2535 4166 2589 4214; x_wconf 87' lang='lat' dir='ltr'>et</span> <span class='ocrx_word' id='word_1_774' title='bbox 2612 4158 2883 4246; x_wconf 41' lang='lat' dir='ltr'>&#39;aliqualis</span> <span class='ocrx_word' id='word_1_775' title='bbox 2902 4166 3139 4242; x_wconf 73' lang='lat' dir='ltr'>tantum</span> <span class='ocrx_word' id='word_1_776' title='bbox 3164 4180 3237 4244; x_wconf 39' lang='lat' dir='ltr'>.ac</span> <span class='ocrx_word' id='word_1_777' title='bbox 3262 4164 3576 4246; x_wconf 80' lang='lat' dir='ltr'>perexigui,</span> 
     </span>
    </p>
   </div>
   <div class='ocr_carea' id='block_1_113' title="bbox 1931 4182 3582 4305">
    <p class='ocr_par' dir='ltr' id='par_1_113' title="bbox 1931 4182 3582 4305">
     <span class='ocr_line' id='line_1_113' title="bbox 1938 4182 3576 4290; baseline 0.004 -78"><span class='ocrx_word' id='word_1_778' title='bbox 1938 4182 2219 4213; x_wconf 68' lang='lat' dir='ltr'>uaLUI&#39;illlS</span> <span class='ocrx_word' id='word_1_779' title='bbox 2248 4182 2501 4229; x_wconf 66' lang='grc' dir='ltr'>(ξυιιδιἪι,</span> <span class='ocrx_word' id='word_1_780' title='bbox 2535 4182 2589 4214; x_wconf 72' lang='grc' dir='ltr'>ει</span> <span class='ocrx_word' id='word_1_781' title='bbox 2612 4182 2883 4239; x_wconf 57' lang='lat' dir='ltr'>eliquans</span> <span class='ocrx_word' id='word_1_782' title='bbox 2912 4182 3139 4215; x_wconf 74' lang='lat' dir='ltr'>tantum</span> <span class='ocrx_word' id='word_1_783' title='bbox 3172 4182 3237 4217; x_wconf 73' lang='lat' dir='ltr'>ac</span> <span class='ocrx_word' id='word_1_784' title='bbox 3262 4182 3576 4290; x_wconf 38' lang='lat' dir='ltr'>percmﬁin,</span> 
     </span>
     <span class='ocr_line' id='line_1_114' title="bbox 1931 4230 3582 4305; baseline 0.006 -23"><span class='ocrx_word' id='word_1_785' title='bbox 1931 4230 2445 4305; x_wconf 82' lang='lat' dir='ltr'>qualeinvexerunt</span> <span class='ocrx_word' id='word_1_786' title='bbox 2472 4231 2913 4305; x_wconf 72' lang='lat' dir='ltr'>Semipelagiani</span> <span class='ocrx_word' id='word_1_787' title='bbox 2940 4249 2953 4297; x_wconf 91' lang='lat'><strong>;</strong></span> <span class='ocrx_word' id='word_1_788' title='bbox 2978 4233 3073 4302; x_wconf 90' lang='lat' dir='ltr'>qui</span> <span class='ocrx_word' id='word_1_789' title='bbox 3092 4234 3457 4305; x_wconf 84' lang='lat' dir='ltr'>exiguitatem</span> <span class='ocrx_word' id='word_1_790' title='bbox 3524 4254 3582 4291; x_wconf 88' lang='lat' dir='ltr'>u-</span> 
     </span>
    </p>
   </div>
   <div class='ocr_carea' id='block_1_114' title="bbox 1927 4300 3581 4377">
    <p class='ocr_par' dir='ltr' id='par_1_114' title="bbox 1927 4300 3581 4377">
     <span class='ocr_line' id='line_1_115' title="bbox 1927 4300 3581 4377; baseline 0.005 -22"><span class='ocrx_word' id='word_1_791' title='bbox 1927 4302 2019 4372; x_wconf 89' lang='lat' dir='ltr'>jus</span> <span class='ocrx_word' id='word_1_792' title='bbox 2048 4300 2233 4377; x_wconf 85' lang='lat' dir='ltr'>meriti</span> <span class='ocrx_word' id='word_1_793' title='bbox 2288 4300 2719 4377; x_wconf 78' lang='lat' dir='ltr'>considerantes</span> <span class='ocrx_word' id='word_1_794' title='bbox 2744 4300 2810 4377; x_wconf 74' lang='lat' dir='ltr'>eo</span> <span class='ocrx_word' id='word_1_795' title='bbox 2837 4300 3209 4377; x_wconf 58' lang='lat' dir='ltr'>devenerunt,</span> <span class='ocrx_word' id='word_1_796' title='bbox 3245 4311 3307 4361; x_wconf 90' lang='lat' dir='ltr'>ut</span> <span class='ocrx_word' id='word_1_797' title='bbox 3356 4308 3581 4377; x_wconf 86' lang='lat' dir='ltr'>proﬁte-</span> 
     </span>
    </p>
   </div>
   <div class='ocr_carea' id='block_1_115' title="bbox 1932 4372 3583 4448">
    <p class='ocr_par' dir='ltr' id='par_1_115' title="bbox 1932 4372 3583 4448">
     <span class='ocr_line' id='line_1_116' title="bbox 1932 4372 3583 4448; baseline 0.004 -21"><span class='ocrx_word' id='word_1_798' title='bbox 1932 4376 2131 4427; x_wconf 86' lang='lat' dir='ltr'>rentur</span> <span class='ocrx_word' id='word_1_799' title='bbox 2153 4372 2371 4448; x_wconf 78' lang='lat' dir='ltr'>quodei</span> <span class='ocrx_word' id='word_1_800' title='bbox 2403 4374 3034 4448; x_wconf 74' lang='lat' dir='ltr'>nostroqualicumque</span> <span class='ocrx_word' id='word_1_801' title='bbox 3061 4376 3222 4431; x_wconf 88' lang='lat' dir='ltr'>initio</span> <span class='ocrx_word' id='word_1_802' title='bbox 3252 4372 3583 4448; x_wconf 79' lang='lat' dir='ltr'>rependitur</span> 
     </span>
    </p>
   </div>
   <div class='ocr_carea' id='block_1_116' title="bbox 146 4442 3582 4520">
    <p class='ocr_par' dir='ltr' id='par_1_116' title="bbox 146 4442 3582 4520">
     <span class='ocr_line' id='line_1_117' title="bbox 146 4442 3582 4520; baseline 0.001 -17"><span class='ocrx_word' id='word_1_803' title='bbox 146 4449 323 4520; x_wconf 89' lang='lat' dir='ltr'>prior</span> <span class='ocrx_word' id='word_1_804' title='bbox 354 4446 595 4520; x_wconf 67' lang='lat' dir='ltr'>ratione</span> <span class='ocrx_word' id='word_1_805' title='bbox 612 4446 684 4500; x_wconf 89' lang='lat' dir='ltr'>sit</span> <span class='ocrx_word' id='word_1_806' title='bbox 716 4447 983 4520; x_wconf 83' lang='lat' dir='ltr'>voluntas</span> <span class='ocrx_word' id='word_1_807' title='bbox 1017 4452 1149 4501; x_wconf 90' lang='lat' dir='ltr'>ante</span> <span class='ocrx_word' id='word_1_808' title='bbox 1180 4442 1489 4517; x_wconf 59' lang='lat' dir='ltr'>praeventa.</span> <span class='ocrx_word' id='word_1_809' title='bbox 1524 4448 1662 4520; x_wconf 85' lang='lat' dir='ltr'>Eam</span> <span class='ocrx_word' id='word_1_810' title='bbox 1692 4460 1821 4499; x_wconf 90' lang='lat' dir='ltr'>vero</span> <span class='ocrx_word' id='word_1_811' title='bbox 1856 4461 1899 4518; x_wconf 82' lang='lat' dir='ltr'><strong>D</strong></span> <span class='ocrx_word' id='word_1_812' title='bbox 1931 4460 2053 4499; x_wconf 89' lang='lat' dir='ltr'>esse</span> <span class='ocrx_word' id='word_1_813' title='bbox 2073 4442 2586 4520; x_wconf 44' lang='lat' dir='ltr'>gratiaedonumgt</span> <span class='ocrx_word' id='word_1_814' title='bbox 2608 4442 2835 4520; x_wconf 79' lang='lat' dir='ltr'>initium</span> <span class='ocrx_word' id='word_1_815' title='bbox 2858 4442 2997 4520; x_wconf 70' lang='lat' dir='ltr'>illud</span> <span class='ocrx_word' id='word_1_816' title='bbox 3020 4463 3269 4503; x_wconf 90' lang='lat' dir='ltr'>nonesse</span> <span class='ocrx_word' id='word_1_817' title='bbox 3287 4442 3582 4519; x_wconf 80' lang='lat' dir='ltr'>meritum,</span> 
     </span>
    </p>
   </div>
   <div class='ocr_carea' id='block_1_117' title="bbox 147 4517 1821 4589">
    <p class='ocr_par' dir='ltr' id='par_1_117' title="bbox 147 4517 1821 4589">
     <span class='ocr_line' id='line_1_118' title="bbox 147 4517 1821 4589; baseline -0.002 -16"><span class='ocrx_word' id='word_1_818' title='bbox 147 4517 538 4589; x_wconf 71' lang='lat' dir='ltr'>praestoletur</span> <span class='ocrx_word' id='word_1_819' title='bbox 568 4517 731 4581; x_wconf 88' lang='lat' dir='ltr'>Deus,</span> <span class='ocrx_word' id='word_1_820' title='bbox 760 4523 814 4572; x_wconf 91' lang='lat' dir='ltr'>et</span> <span class='ocrx_word' id='word_1_821' title='bbox 840 4519 911 4571; x_wconf 89' lang='lat' dir='ltr'>ad</span> <span class='ocrx_word' id='word_1_822' title='bbox 939 4519 1061 4589; x_wconf 90' lang='lat' dir='ltr'>ejus</span> <span class='ocrx_word' id='word_1_823' title='bbox 1094 4524 1316 4581; x_wconf 90' lang='lat' dir='ltr'>nutum,</span> <span class='ocrx_word' id='word_1_824' title='bbox 1352 4522 1520 4587; x_wconf 88' lang='lat' dir='ltr'>atque</span> <span class='ocrx_word' id='word_1_825' title='bbox 1556 4519 1697 4571; x_wconf 89' lang='lat' dir='ltr'>adeo</span> <span class='ocrx_word' id='word_1_826' title='bbox 1730 4533 1821 4585; x_wconf 90' lang='lat' dir='ltr'>po-</span> 
     </span>
    </p>
   </div>
   <div class='ocr_carea' id='block_1_118' title="bbox 148 4588 1825 4658">
    <p class='ocr_par' dir='ltr' id='par_1_118' title="bbox 148 4588 1825 4658">
     <span class='ocr_line' id='line_1_119' title="bbox 148 4588 1825 4658; baseline -0.003 -13"><span class='ocrx_word' id='word_1_827' title='bbox 148 4588 376 4645; x_wconf 76' lang='lat' dir='ltr'>sterius</span> <span class='ocrx_word' id='word_1_828' title='bbox 408 4588 653 4650; x_wconf 81' lang='lat' dir='ltr'>ratione,</span> <span class='ocrx_word' id='word_1_829' title='bbox 681 4606 740 4643; x_wconf 92' lang='lat' dir='ltr'>se</span> <span class='ocrx_word' id='word_1_830' title='bbox 773 4589 1017 4658; x_wconf 89' lang='lat' dir='ltr'>applicet</span> <span class='ocrx_word' id='word_1_831' title='bbox 1044 4591 1115 4642; x_wconf 89' lang='lat' dir='ltr'>ad</span> <span class='ocrx_word' id='word_1_832' title='bbox 1148 4590 1571 4658; x_wconf 90' lang='lat' dir='ltr'>cooperandum</span> <span class='ocrx_word' id='word_1_833' title='bbox 1604 4592 1660 4642; x_wconf 90' lang='lat' dir='ltr'>et</span> <span class='ocrx_word' id='word_1_834' title='bbox 1685 4589 1825 4640; x_wconf 89' lang='lat' dir='ltr'>dan-</span> 
     </span>
    </p>
   </div>
   <div class='ocr_carea' id='block_1_119' title="bbox 149 4660 1825 4729">
    <p class='ocr_par' dir='ltr' id='par_1_119' title="bbox 149 4660 1825 4729">
     <span class='ocr_line' id='line_1_120' title="bbox 149 4660 1825 4729; baseline -0.004 -13"><span class='ocrx_word' id='word_1_835' title='bbox 149 4664 303 4716; x_wconf 86' lang='lat' dir='ltr'>dum</span> <span class='ocrx_word' id='word_1_836' title='bbox 335 4675 704 4714; x_wconf 88' lang='lat' dir='ltr'>consensum.</span> <span class='ocrx_word' id='word_1_837' title='bbox 745 4662 928 4723; x_wconf 86' lang='lat' dir='ltr'>Quam</span> <span class='ocrx_word' id='word_1_838' title='bbox 974 4676 1235 4713; x_wconf 91' lang='lat' dir='ltr'>censores</span> <span class='ocrx_word' id='word_1_839' title='bbox 1288 4660 1543 4729; x_wconf 69' lang='lat' dir='ltr'>prtedicti</span> <span class='ocrx_word' id='word_1_840' title='bbox 1593 4661 1825 4714; x_wconf 89' lang='lat' dir='ltr'>censent</span> 
     </span>
    </p>
   </div>
   <div class='ocr_carea' id='block_1_120' title="bbox 149 4730 1823 4799">
    <p class='ocr_par' dir='ltr' id='par_1_120' title="bbox 149 4730 1823 4799">
     <span class='ocr_line' id='line_1_121' title="bbox 149 4730 1823 4799; baseline -0.003 -12"><span class='ocrx_word' id='word_1_841' title='bbox 149 4749 285 4787; x_wconf 84' lang='lat' dir='ltr'>esse</span> <span class='ocrx_word' id='word_1_842' title='bbox 315 4731 628 4799; x_wconf 89' lang='lat' dir='ltr'>reprobam</span> <span class='ocrx_word' id='word_1_843' title='bbox 671 4730 831 4784; x_wconf 92' lang='lat' dir='ltr'>illam</span> <span class='ocrx_word' id='word_1_844' title='bbox 864 4731 1187 4785; x_wconf 88' lang='lat' dir='ltr'>doctrinam</span> <span class='ocrx_word' id='word_1_845' title='bbox 1219 4732 1288 4784; x_wconf 92' lang='lat' dir='ltr'>de</span> <span class='ocrx_word' id='word_1_846' title='bbox 1328 4732 1441 4784; x_wconf 87' lang='lat' dir='ltr'>Deo</span> <span class='ocrx_word' id='word_1_847' title='bbox 1474 4731 1823 4783; x_wconf 86' lang='lat' dir='ltr'>voluntatem</span> 
     </span>
    </p>
   </div>
   <div class='ocr_carea' id='block_1_121' title="bbox 150 4800 1823 4870">
    <p class='ocr_par' dir='ltr' id='par_1_121' title="bbox 150 4800 1823 4870">
     <span class='ocr_line' id='line_1_122' title="bbox 150 4800 1823 4870; baseline -0.004 -13"><span class='ocrx_word' id='word_1_848' title='bbox 150 4809 434 4857; x_wconf 88' lang='lat' dir='ltr'>nostram</span> <span class='ocrx_word' id='word_1_849' title='bbox 468 4806 851 4870; x_wconf 86' lang='lat' dir='ltr'>exspectante,</span> <span class='ocrx_word' id='word_1_850' title='bbox 884 4819 917 4855; x_wconf 92' lang='lat' dir='ltr'>a</span> <span class='ocrx_word' id='word_1_851' title='bbox 944 4801 1215 4855; x_wconf 89' lang='lat' dir='ltr'>Cassiano</span> <span class='ocrx_word' id='word_1_852' title='bbox 1244 4802 1433 4855; x_wconf 89' lang='lat' dir='ltr'>collat.</span> <span class='ocrx_word' id='word_1_853' title='bbox 1484 4802 1551 4854; x_wconf 90' lang='grc'><strong>13</strong></span> <span class='ocrx_word' id='word_1_854' title='bbox 1577 4818 1700 4869; x_wconf 85' lang='lat' dir='ltr'>cap.</span> <span class='ocrx_word' id='word_1_855' title='bbox 1758 4800 1823 4852; x_wconf 71' lang='lat'>12</span> 
     </span>
    </p>
   </div>
   <div class='ocr_carea' id='block_1_122' title="bbox 150 4872 1826 4941">
    <p class='ocr_par' dir='ltr' id='par_1_122' title="bbox 150 4872 1826 4941">
     <span class='ocr_line' id='line_1_123' title="bbox 150 4872 1826 4941; baseline -0.004 -12"><span class='ocrx_word' id='word_1_856' title='bbox 150 4874 320 4928; x_wconf 86' lang='lat' dir='ltr'>male</span> <span class='ocrx_word' id='word_1_857' title='bbox 354 4872 661 4926; x_wconf 84' lang='lat' dir='ltr'>fundatam</span> <span class='ocrx_word' id='word_1_858' title='bbox 685 4874 739 4925; x_wconf 91' lang='lat' dir='ltr'>in</span> <span class='ocrx_word' id='word_1_859' title='bbox 769 4872 880 4925; x_wconf 91' lang='lat' dir='ltr'>illis</span> <span class='ocrx_word' id='word_1_860' title='bbox 910 4874 1066 4927; x_wconf 70' lang='lat' dir='ltr'>Isaiae</span> <span class='ocrx_word' id='word_1_861' title='bbox 1086 4873 1268 4926; x_wconf 89' lang='lat' dir='ltr'>verbis</span> <span class='ocrx_word' id='word_1_862' title='bbox 1290 4889 1411 4941; x_wconf 90' lang='lat' dir='ltr'>cap.</span> <span class='ocrx_word' id='word_1_863' title='bbox 1438 4889 1549 4925; x_wconf 83' lang='lat' dir='ltr'>xxx</span> <span class='ocrx_word' id='word_1_864' title='bbox 1581 4889 1592 4924; x_wconf 89' lang='lat'><strong>:</strong></span> <span class='ocrx_word' id='word_1_865' title='bbox 1626 4873 1826 4940; x_wconf 71' lang='lat' dir='ltr'>Exspe-</span> 
     </span>
    </p>
   </div>
   <div class='ocr_carea' id='block_1_123' title="bbox 146 4940 1824 5011">
    <p class='ocr_par' dir='ltr' id='par_1_123' title="bbox 146 4940 1824 5011">
     <span class='ocr_line' id='line_1_124' title="bbox 146 4940 1824 5011; baseline -0.004 -11"><span class='ocrx_word' id='word_1_866' title='bbox 146 4953 268 5000; x_wconf 78' lang='lat' dir='ltr'>ctat</span> <span class='ocrx_word' id='word_1_867' title='bbox 308 4943 576 4997; x_wconf 75' lang='lat' dir='ltr'>Dominus</span> <span class='ocrx_word' id='word_1_868' title='bbox 607 4950 665 4997; x_wconf 73' lang='lat' dir='ltr'>ut</span> <span class='ocrx_word' id='word_1_869' title='bbox 709 4945 1025 4997; x_wconf 80' lang='lat' dir='ltr'>misereatur</span> <span class='ocrx_word' id='word_1_870' title='bbox 1062 4944 1247 5006; x_wconf 70' lang='lat' dir='ltr'>vestri,</span> <span class='ocrx_word' id='word_1_871' title='bbox 1283 4940 1735 5011; x_wconf 79' lang='lat' dir='ltr'>damnatumque</span> <span class='ocrx_word' id='word_1_872' title='bbox 1768 4940 1824 4994; x_wconf 91' lang='lat' dir='ltr'>in</span> 
     </span>
    </p>
   </div>
   <div class='ocr_carea' id='block_1_124' title="bbox 150 5012 1821 5084">
    <p class='ocr_par' dir='ltr' id='par_1_124' title="bbox 150 5012 1821 5084">
     <span class='ocr_line' id='line_1_125' title="bbox 150 5012 1821 5084; baseline -0.004 -14"><span class='ocrx_word' id='word_1_873' title='bbox 150 5014 415 5070; x_wconf 83' lang='lat' dir='ltr'>concilio</span> <span class='ocrx_word' id='word_1_874' title='bbox 449 5014 707 5069; x_wconf 88' lang='lat' dir='ltr'>Arausic.</span> <span class='ocrx_word' id='word_1_875' title='bbox 751 5031 783 5069; x_wconf 88' lang='lat' dir='ltr'>ll</span> <span class='ocrx_word' id='word_1_876' title='bbox 808 5031 933 5068; x_wconf 90' lang='lat' dir='ltr'>can.</span> <span class='ocrx_word' id='word_1_877' title='bbox 955 5016 1007 5074; x_wconf 71' lang='grc'><strong>4,</strong></span> <span class='ocrx_word' id='word_1_878' title='bbox 1039 5019 1095 5068; x_wconf 92' lang='lat' dir='ltr'>et</span> <span class='ocrx_word' id='word_1_879' title='bbox 1120 5032 1151 5068; x_wconf 87' lang='lat' dir='ltr'>a</span> <span class='ocrx_word' id='word_1_880' title='bbox 1178 5016 1471 5084; x_wconf 87' lang='lat' dir='ltr'>Prospero,</span> <span class='ocrx_word' id='word_1_881' title='bbox 1509 5012 1821 5083; x_wconf 80' lang='lat' dir='ltr'>Fulgentio,</span> 
     </span>
    </p>
   </div>
   <div class='ocr_carea' id='block_1_125' title="bbox 152 5083 1824 5155">
    <p class='ocr_par' dir='ltr' id='par_1_125' title="bbox 152 5083 1824 5155">
     <span class='ocr_line' id='line_1_126' title="bbox 152 5083 1824 5155; baseline -0.003 -15"><span class='ocrx_word' id='word_1_882' title='bbox 152 5087 414 5155; x_wconf 82' lang='lat' dir='ltr'>aliisque</span> <span class='ocrx_word' id='word_1_883' title='bbox 440 5085 641 5155; x_wconf 68' lang='lat' dir='ltr'>gratiae</span> <span class='ocrx_word' id='word_1_884' title='bbox 672 5090 873 5139; x_wconf 88' lang='lat' dir='ltr'>contra</span> <span class='ocrx_word' id='word_1_885' title='bbox 898 5085 1385 5155; x_wconf 86' lang='lat' dir='ltr'>Semipelagianos</span> <span class='ocrx_word' id='word_1_886' title='bbox 1409 5083 1824 5145; x_wconf 87' lang='lat' dir='ltr'>defensoribus,</span> 
     </span>
    </p>
   </div>
   <div class='ocr_carea' id='block_1_126' title="bbox 150 5156 555 5213">
    <p class='ocr_par' dir='ltr' id='par_1_126' title="bbox 150 5156 555 5213">
     <span class='ocr_line' id='line_1_127' title="bbox 150 5156 555 5213; baseline -0.012 0"><span class='ocrx_word' id='word_1_887' title='bbox 150 5156 555 5213; x_wconf 88' lang='lat' dir='ltr'>confutatam.</span> 
     </span>
    </p>
   </div>
   <div class='ocr_carea' id='block_1_127' title="bbox 236 5223 1827 5295">
    <p class='ocr_par' dir='ltr' id='par_1_127' title="bbox 236 5223 1827 5295">
     <span class='ocr_line' id='line_1_128' title="bbox 236 5223 1827 5295; baseline -0.003 -14"><span class='ocrx_word' id='word_1_888' title='bbox 236 5228 360 5281; x_wconf 80' lang='lat' dir='ltr'>Hoc</span> <span class='ocrx_word' id='word_1_889' title='bbox 395 5244 528 5279; x_wconf 89' lang='lat' dir='ltr'>vero</span> <span class='ocrx_word' id='word_1_890' title='bbox 558 5226 715 5281; x_wconf 91' lang='lat' dir='ltr'>estin</span> <span class='ocrx_word' id='word_1_891' title='bbox 750 5228 1034 5281; x_wconf 90' lang='lat' dir='ltr'>erroribus</span> <span class='ocrx_word' id='word_1_892' title='bbox 1065 5226 1314 5295; x_wconf 87' lang='lat' dir='ltr'>antiquis</span> <span class='ocrx_word' id='word_1_893' title='bbox 1334 5225 1666 5290; x_wconf 89' lang='lat' dir='ltr'>referendis,</span> <span class='ocrx_word' id='word_1_894' title='bbox 1691 5230 1741 5278; x_wconf 89' lang='lat' dir='ltr'>et</span> <span class='ocrx_word' id='word_1_895' title='bbox 1769 5223 1827 5277; x_wconf 92' lang='lat' dir='ltr'>in</span> 
     </span>
    </p>
   </div>
   <div class='ocr_carea' id='block_1_128' title="bbox 149 5296 1828 5365">
    <p class='ocr_par' dir='ltr' id='par_1_128' title="bbox 149 5296 1828 5365">
     <span class='ocr_line' id='line_1_129' title="bbox 149 5296 1828 5365; baseline -0.002 -12"><span class='ocrx_word' id='word_1_896' title='bbox 149 5297 547 5353; x_wconf 88' lang='lat' dir='ltr'>conciliorum</span> <span class='ocrx_word' id='word_1_897' title='bbox 571 5303 770 5352; x_wconf 90' lang='lat' dir='ltr'>contra</span> <span class='ocrx_word' id='word_1_898' title='bbox 800 5315 895 5352; x_wconf 88' lang='lat' dir='ltr'>eos</span> <span class='ocrx_word' id='word_1_899' title='bbox 927 5298 1353 5351; x_wconf 87' lang='lat' dir='ltr'>definitionibus</span> <span class='ocrx_word' id='word_1_900' title='bbox 1386 5296 1828 5365; x_wconf 88' lang='lat' dir='ltr'>interpretandis</span> 
     </span>
    </p>
   </div>
   <div class='ocr_carea' id='block_1_129' title="bbox 150 5366 1831 5438">
    <p class='ocr_par' dir='ltr' id='par_1_129' title="bbox 150 5366 1831 5438">
     <span class='ocr_line' id='line_1_130' title="bbox 150 5366 1831 5438; baseline -0.004 -14"><span class='ocrx_word' id='word_1_901' title='bbox 150 5368 369 5427; x_wconf 80' lang='lat' dir='ltr'>locari.</span> <span class='ocrx_word' id='word_1_902' title='bbox 400 5385 531 5422; x_wconf 90' lang='lat' dir='ltr'>cum</span> <span class='ocrx_word' id='word_1_903' title='bbox 556 5369 1077 5438; x_wconf 85' lang='lat' dir='ltr'>exploratissimum</span> <span class='ocrx_word' id='word_1_904' title='bbox 1096 5368 1169 5421; x_wconf 91' lang='lat' dir='ltr'>sit</span> <span class='ocrx_word' id='word_1_905' title='bbox 1187 5367 1674 5437; x_wconf 88' lang='lat' dir='ltr'>Semipelagianos</span> <span class='ocrx_word' id='word_1_906' title='bbox 1693 5366 1831 5420; x_wconf 87' lang='lat' dir='ltr'>divi-</span> 
     </span>
    </p>
   </div>
   <div class='ocr_carea' id='block_1_130' title="bbox 152 5438 1831 5510">
    <p class='ocr_par' dir='ltr' id='par_1_130' title="bbox 152 5438 1831 5510">
     <span class='ocr_line' id='line_1_131' title="bbox 152 5438 1831 5510; baseline -0.002 -15"><span class='ocrx_word' id='word_1_907' title='bbox 152 5457 307 5495; x_wconf 83' lang='lat' dir='ltr'>nam</span> <span class='ocrx_word' id='word_1_908' title='bbox 326 5440 577 5508; x_wconf 82' lang='lat' dir='ltr'>gratiam</span> <span class='ocrx_word' id='word_1_909' title='bbox 594 5441 933 5494; x_wconf 86' lang='lat' dir='ltr'>excitantem</span> <span class='ocrx_word' id='word_1_910' title='bbox 951 5444 1005 5494; x_wconf 91' lang='lat' dir='ltr'>et</span> <span class='ocrx_word' id='word_1_911' title='bbox 1035 5441 1283 5510; x_wconf 89' lang='lat' dir='ltr'>primum</span> <span class='ocrx_word' id='word_1_912' title='bbox 1310 5438 1535 5492; x_wconf 89' lang='lat' dir='ltr'>initium</span> <span class='ocrx_word' id='word_1_913' title='bbox 1552 5455 1582 5491; x_wconf 90' lang='lat' dir='ltr'>a</span> <span class='ocrx_word' id='word_1_914' title='bbox 1606 5440 1716 5493; x_wconf 90' lang='lat' dir='ltr'>Deo</span> <span class='ocrx_word' id='word_1_915' title='bbox 1738 5455 1831 5507; x_wconf 89' lang='lat' dir='ltr'>po-</span> 
     </span>
    </p>
   </div>
   <div class='ocr_carea' id='block_1_131' title="bbox 151 5509 1828 5578">
    <p class='ocr_par' dir='ltr' id='par_1_131' title="bbox 151 5509 1828 5578">
     <span class='ocr_line' id='line_1_132' title="bbox 151 5509 1828 5578; baseline -0.003 -12"><span class='ocrx_word' id='word_1_916' title='bbox 151 5513 347 5566; x_wconf 78' lang='lat' dir='ltr'>situm</span> <span class='ocrx_word' id='word_1_917' title='bbox 380 5510 685 5567; x_wconf 88' lang='lat' dir='ltr'>exclusisse</span> <span class='ocrx_word' id='word_1_918' title='bbox 717 5511 983 5566; x_wconf 89' lang='lat' dir='ltr'>timentes</span> <span class='ocrx_word' id='word_1_919' title='bbox 1014 5509 1285 5565; x_wconf 74' lang='lat' dir='ltr'>humanae</span> <span class='ocrx_word' id='word_1_920' title='bbox 1317 5509 1564 5564; x_wconf 86' lang='lat' dir='ltr'>libertati</span> <span class='ocrx_word' id='word_1_921' title='bbox 1592 5526 1657 5563; x_wconf 86' lang='lat' dir='ltr'>ex</span> <span class='ocrx_word' id='word_1_922' title='bbox 1689 5525 1828 5578; x_wconf 65' lang='lat' dir='ltr'>pra:-</span> 
     </span>
    </p>
   </div>
   <div class='ocr_carea' id='block_1_132' title="bbox 154 5579 1832 5649">
    <p class='ocr_par' dir='ltr' id='par_1_132' title="bbox 154 5579 1832 5649">
     <span class='ocr_line' id='line_1_133' title="bbox 154 5579 1832 5649; baseline -0.002 -14"><span class='ocrx_word' id='word_1_923' title='bbox 154 5581 465 5644; x_wconf 74' lang='lat' dir='ltr'>ventione,</span> <span class='ocrx_word' id='word_1_924' title='bbox 482 5585 539 5635; x_wconf 90' lang='lat' dir='ltr'>et</span> <span class='ocrx_word' id='word_1_925' title='bbox 555 5581 801 5635; x_wconf 87' lang='lat' dir='ltr'>divinam</span> <span class='ocrx_word' id='word_1_926' title='bbox 821 5582 1250 5637; x_wconf 89' lang='lat' dir='ltr'>immunitatem</span> <span class='ocrx_word' id='word_1_927' title='bbox 1281 5599 1313 5636; x_wconf 90' lang='lat' dir='ltr'>a</span> <span class='ocrx_word' id='word_1_928' title='bbox 1328 5581 1463 5635; x_wconf 90' lang='lat' dir='ltr'>vitio</span> <span class='ocrx_word' id='word_1_929' title='bbox 1491 5579 1832 5649; x_wconf 89' lang='lat' dir='ltr'>acceptionis</span> 
     </span>
    </p>
   </div>
   <div class='ocr_carea' id='block_1_133' title="bbox 156 5652 1831 5724">
    <p class='ocr_par' dir='ltr' id='par_1_133' title="bbox 156 5652 1831 5724">
     <span class='ocr_line' id='line_1_134' title="bbox 156 5652 1831 5724; baseline -0.002 -18"><span class='ocrx_word' id='word_1_930' title='bbox 156 5667 553 5724; x_wconf 84' lang='lat' dir='ltr'>personarum</span> <span class='ocrx_word' id='word_1_931' title='bbox 575 5654 1056 5722; x_wconf 66' lang='lat' dir='ltr'>praetexentesEo</span> <span class='ocrx_word' id='word_1_932' title='bbox 1074 5653 1265 5724; x_wconf 89' lang='lat' dir='ltr'>itaque</span> <span class='ocrx_word' id='word_1_933' title='bbox 1280 5669 1447 5708; x_wconf 88' lang='lat' dir='ltr'>sensu</span> <span class='ocrx_word' id='word_1_934' title='bbox 1459 5652 1831 5717; x_wconf 88' lang='lat' dir='ltr'>damnantur,</span> 
     </span>
    </p>
   </div>
   <div class='ocr_carea' id='block_1_134' title="bbox 158 5723 1833 5795">
    <p class='ocr_par' dir='ltr' id='par_1_134' title="bbox 158 5723 1833 5795">
     <span class='ocr_line' id='line_1_135' title="bbox 158 5723 1833 5795; baseline -0.002 -18"><span class='ocrx_word' id='word_1_935' title='bbox 158 5723 330 5795; x_wconf 80' lang='lat' dir='ltr'>quod</span> <span class='ocrx_word' id='word_1_936' title='bbox 358 5723 718 5779; x_wconf 88' lang='lat' dir='ltr'>voluntatem</span> <span class='ocrx_word' id='word_1_937' title='bbox 740 5740 774 5779; x_wconf 90' lang='lat' dir='ltr'>a</span> <span class='ocrx_word' id='word_1_938' title='bbox 806 5724 919 5779; x_wconf 90' lang='lat' dir='ltr'>Deo</span> <span class='ocrx_word' id='word_1_939' title='bbox 942 5723 1255 5795; x_wconf 84' lang='lat' dir='ltr'>exspectari</span> <span class='ocrx_word' id='word_1_940' title='bbox 1274 5725 1637 5780; x_wconf 85' lang='lat' dir='ltr'>afﬁrmarent</span> <span class='ocrx_word' id='word_1_941' title='bbox 1663 5739 1675 5788; x_wconf 93' lang='lat'>;</span> <span class='ocrx_word' id='word_1_942' title='bbox 1701 5737 1833 5775; x_wconf 88' lang='lat' dir='ltr'>cum</span> 
     </span>
    </p>
   </div>
   <div class='ocr_carea' id='block_1_135' title="bbox 152 5795 1828 5870">
    <p class='ocr_par' dir='ltr' id='par_1_135' title="bbox 152 5795 1828 5870">
     <span class='ocr_line' id='line_1_136' title="bbox 152 5795 1828 5870; baseline -0.002 -18"><span class='ocrx_word' id='word_1_943' title='bbox 152 5798 375 5853; x_wconf 75' lang='lat' dir='ltr'>tamen</span> <span class='ocrx_word' id='word_1_944' title='bbox 398 5796 549 5853; x_wconf 83' lang='lat' dir='ltr'>Deus</span> <span class='ocrx_word' id='word_1_945' title='bbox 575 5809 692 5852; x_wconf 87' lang='lat' dir='ltr'>non</span> <span class='ocrx_word' id='word_1_946' title='bbox 721 5796 1375 5870; x_wconf 85' lang='lat' dir='ltr'>exspectetvoluutatem</span> <span class='ocrx_word' id='word_1_947' title='bbox 1398 5799 1460 5852; x_wconf 90' lang='lat' dir='ltr'>ut</span> <span class='ocrx_word' id='word_1_948' title='bbox 1484 5810 1615 5853; x_wconf 87' lang='lat' dir='ltr'>eam</span> <span class='ocrx_word' id='word_1_949' title='bbox 1644 5795 1828 5861; x_wconf 87' lang='lat' dir='ltr'>vocet,</span> 
     </span>
    </p>
   </div>
   <div class='ocr_carea' id='block_1_136' title="bbox 1933 4514 3584 4585">
    <p class='ocr_par' dir='ltr' id='par_1_136' title="bbox 1933 4514 3584 4585">
     <span class='ocr_line' id='line_1_137' title="bbox 1933 4514 3584 4585; baseline 0.004 -16"><span class='ocrx_word' id='word_1_950' title='bbox 1933 4531 2139 4584; x_wconf 90' lang='lat' dir='ltr'>nempe</span> <span class='ocrx_word' id='word_1_951' title='bbox 2171 4514 2487 4584; x_wconf 90' lang='lat' dir='ltr'>perfectum</span> <span class='ocrx_word' id='word_1_952' title='bbox 2508 4518 2564 4568; x_wconf 91' lang='lat' dir='ltr'>et</span> <span class='ocrx_word' id='word_1_953' title='bbox 2580 4514 2914 4584; x_wconf 87' lang='lat' dir='ltr'>simpliciter</span> <span class='ocrx_word' id='word_1_954' title='bbox 2934 4517 3169 4572; x_wconf 90' lang='lat' dir='ltr'>dictum.</span> <span class='ocrx_word' id='word_1_955' title='bbox 3200 4522 3363 4585; x_wconf 90' lang='lat' dir='ltr'>Quod</span> <span class='ocrx_word' id='word_1_956' title='bbox 3392 4514 3584 4576; x_wconf 76' lang='lat' dir='ltr'>minus</span> 
     </span>
    </p>
   </div>
   <div class='ocr_carea' id='block_1_137' title="bbox 1933 4585 3586 4656">
    <p class='ocr_par' dir='ltr' id='par_1_137' title="bbox 1933 4585 3586 4656">
     <span class='ocr_line' id='line_1_138' title="bbox 1933 4585 3586 4656; baseline 0.005 -16"><span class='ocrx_word' id='word_1_957' title='bbox 1933 4586 2306 4656; x_wconf 88' lang='lat' dir='ltr'>pervadentes</span> <span class='ocrx_word' id='word_1_958' title='bbox 2334 4585 2614 4649; x_wconf 91' lang='lat' dir='ltr'>nonnulli,</span> <span class='ocrx_word' id='word_1_959' title='bbox 2640 4585 3037 4643; x_wconf 63' lang='lat' dir='ltr'>inconstantiae</span> <span class='ocrx_word' id='word_1_960' title='bbox 3060 4592 3343 4646; x_wconf 86' lang='lat' dir='ltr'>damnant</span> <span class='ocrx_word' id='word_1_961' title='bbox 3368 4592 3586 4647; x_wconf 89' lang='lat' dir='ltr'>Cassia-</span> 
     </span>
    </p>
   </div>
   <div class='ocr_carea' id='block_1_138' title="bbox 1934 4656 3585 4734">
    <p class='ocr_par' dir='ltr' id='par_1_138' title="bbox 1934 4656 3585 4734">
     <span class='ocr_line' id='line_1_139' title="bbox 1934 4656 3585 4734; baseline 0.005 -25"><span class='ocrx_word' id='word_1_962' title='bbox 1934 4673 2071 4734; x_wconf 87' lang='lat' dir='ltr'>num</span> <span class='ocrx_word' id='word_1_963' title='bbox 2091 4662 2147 4710; x_wconf 89' lang='lat' dir='ltr'>et</span> <span class='ocrx_word' id='word_1_964' title='bbox 2169 4657 2441 4734; x_wconf 76' lang='lat' dir='ltr'>Faustum</span> <span class='ocrx_word' id='word_1_965' title='bbox 2458 4656 2608 4734; x_wconf 81' lang='lat' dir='ltr'>apud</span> <span class='ocrx_word' id='word_1_966' title='bbox 2626 4674 2767 4734; x_wconf 86' lang='lat' dir='ltr'>quos</span> <span class='ocrx_word' id='word_1_967' title='bbox 2795 4659 3109 4734; x_wconf 86' lang='lat' dir='ltr'>locutiones</span> <span class='ocrx_word' id='word_1_968' title='bbox 3126 4663 3240 4718; x_wconf 60' lang='lat' dir='ltr'>illis</span> <span class='ocrx_word' id='word_1_969' title='bbox 3260 4663 3585 4734; x_wconf 88' lang='lat' dir='ltr'>frequentes</span> 
     </span>
    </p>
   </div>
   <div class='ocr_carea' id='block_1_139' title="bbox 1933 4727 3587 4799">
    <p class='ocr_par' dir='ltr' id='par_1_139' title="bbox 1933 4727 3587 4799">
     <span class='ocr_line' id='line_1_140' title="bbox 1933 4727 3587 4799; baseline 0.004 -18"><span class='ocrx_word' id='word_1_970' title='bbox 1933 4727 2476 4797; x_wconf 90' lang='lat' dir='ltr'>sunt,quasierroris</span> <span class='ocrx_word' id='word_1_971' title='bbox 2504 4728 2587 4799; x_wconf 90' lang='lat' dir='ltr'>sui</span> <span class='ocrx_word' id='word_1_972' title='bbox 2609 4745 2677 4782; x_wconf 90' lang='lat' dir='ltr'>ea</span> <span class='ocrx_word' id='word_1_973' title='bbox 2703 4729 2758 4783; x_wconf 92' lang='lat' dir='ltr'>in</span> <span class='ocrx_word' id='word_1_974' title='bbox 2784 4736 2943 4799; x_wconf 88' lang='lat' dir='ltr'>parte</span> <span class='ocrx_word' id='word_1_975' title='bbox 2969 4727 3587 4789; x_wconf 77' lang='lat' dir='ltr'>immemores.ltevera</span> 
     </span>
    </p>
   </div>
   <div class='ocr_carea' id='block_1_140' title="bbox 1934 4798 3587 4867">
    <p class='ocr_par' dir='ltr' id='par_1_140' title="bbox 1934 4798 3587 4867">
     <span class='ocr_line' id='line_1_141' title="bbox 1934 4798 3587 4867; baseline 0.004 -16"><span class='ocrx_word' id='word_1_976' title='bbox 1934 4802 2129 4853; x_wconf 88' lang='lat' dir='ltr'>tamen</span> <span class='ocrx_word' id='word_1_977' title='bbox 2159 4800 2490 4867; x_wconf 88' lang='lat' dir='ltr'>perstabant</span> <span class='ocrx_word' id='word_1_978' title='bbox 2520 4798 2577 4852; x_wconf 92' lang='lat' dir='ltr'>in</span> <span class='ocrx_word' id='word_1_979' title='bbox 2609 4798 2816 4867; x_wconf 82' lang='lat' dir='ltr'>errore,</span> <span class='ocrx_word' id='word_1_980' title='bbox 2862 4818 2965 4855; x_wconf 91' lang='lat' dir='ltr'>nec</span> <span class='ocrx_word' id='word_1_981' title='bbox 2996 4803 3103 4856; x_wconf 91' lang='lat' dir='ltr'>nisi</span> <span class='ocrx_word' id='word_1_982' title='bbox 3136 4806 3402 4860; x_wconf 88' lang='lat' dir='ltr'>meritum</span> <span class='ocrx_word' id='word_1_983' title='bbox 3453 4808 3587 4859; x_wconf 89' lang='lat' dir='ltr'>sim-</span> 
     </span>
    </p>
   </div>
   <div class='ocr_carea' id='block_1_141' title="bbox 1934 4869 3585 4944">
    <p class='ocr_par' dir='ltr' id='par_1_141' title="bbox 1934 4869 3585 4944">
     <span class='ocr_line' id='line_1_142' title="bbox 1934 4869 3585 4944; baseline 0.003 -22"><span class='ocrx_word' id='word_1_984' title='bbox 1934 4869 2162 4944; x_wconf 77' lang='lat' dir='ltr'>pliciter</span> <span class='ocrx_word' id='word_1_985' title='bbox 2175 4870 2393 4944; x_wconf 83' lang='lat' dir='ltr'>dictum</span> <span class='ocrx_word' id='word_1_986' title='bbox 2412 4870 2973 4944; x_wconf 81' lang='lat' dir='ltr'>inficiabantur,_cum</span> <span class='ocrx_word' id='word_1_987' title='bbox 2996 4877 3189 4928; x_wconf 84' lang='lat' dir='ltr'>tamen</span> <span class='ocrx_word' id='word_1_988' title='bbox 3207 4876 3394 4929; x_wconf 89' lang='lat' dir='ltr'>omnis</span> <span class='ocrx_word' id='word_1_989' title='bbox 3414 4876 3585 4944; x_wconf 88' lang='lat' dir='ltr'>plana</span> 
     </span>
    </p>
   </div>
   <div class='ocr_carea' id='block_1_142' title="bbox 1937 4940 3587 5015">
    <p class='ocr_par' dir='ltr' id='par_1_142' title="bbox 1937 4940 3587 5015">
     <span class='ocr_line' id='line_1_143' title="bbox 1937 4940 3587 5015; baseline 0.001 -20"><span class='ocrx_word' id='word_1_990' title='bbox 1937 4940 2216 5015; x_wconf 82' lang='lat' dir='ltr'>naturalis</span> <span class='ocrx_word' id='word_1_991' title='bbox 2248 4942 2327 5015; x_wconf 85' lang='lat' dir='ltr'>ad</span> <span class='ocrx_word' id='word_1_992' title='bbox 2351 4942 2593 4995; x_wconf 89' lang='lat' dir='ltr'>salutem</span> <span class='ocrx_word' id='word_1_993' title='bbox 2636 4941 2951 5015; x_wconf 83' lang='lat' dir='ltr'>dispositio,</span> <span class='ocrx_word' id='word_1_994' title='bbox 2986 4948 3042 4997; x_wconf 92' lang='lat' dir='ltr'>et</span> <span class='ocrx_word' id='word_1_995' title='bbox 3072 4945 3153 4999; x_wconf 91' lang='lat' dir='ltr'>vis</span> <span class='ocrx_word' id='word_1_996' title='bbox 3183 4940 3587 5015; x_wconf 77' lang='lat' dir='ltr'>qualitercum-</span> 
     </span>
    </p>
   </div>
   <div class='ocr_carea' id='block_1_143' title="bbox 1935 5012 3587 5085">
    <p class='ocr_par' dir='ltr' id='par_1_143' title="bbox 1935 5012 3587 5085">
     <span class='ocr_line' id='line_1_144' title="bbox 1935 5012 3587 5085; baseline 0.001 -20"><span class='ocrx_word' id='word_1_997' title='bbox 1935 5029 2043 5081; x_wconf 93' lang='lat' dir='ltr'>que</span> <span class='ocrx_word' id='word_1_998' title='bbox 2076 5012 2407 5085; x_wconf 88' lang='lat' dir='ltr'>meritoria,_</span> <span class='ocrx_word' id='word_1_999' title='bbox 2440 5028 2611 5081; x_wconf 90' lang='lat' dir='ltr'>quam</span> <span class='ocrx_word' id='word_1_1000' title='bbox 2651 5012 2735 5085; x_wconf 80' lang='lat' dir='ltr'>illi</span> <span class='ocrx_word' id='word_1_1001' title='bbox 2768 5012 3170 5079; x_wconf 88' lang='lat' dir='ltr'>admittebant,</span> <span class='ocrx_word' id='word_1_1002' title='bbox 3201 5012 3475 5085; x_wconf 74' lang='lat' dir='ltr'>neganda</span> <span class='ocrx_word' id='word_1_1003' title='bbox 3514 5013 3587 5085; x_wconf 87' lang='lat' dir='ltr'>sit</span> 
     </span>
    </p>
   </div>
   <div class='ocr_carea' id='block_1_144' title="bbox 1936 5081 3587 5155">
    <p class='ocr_par' dir='ltr' id='par_1_144' title="bbox 1936 5081 3587 5155">
     <span class='ocr_line' id='line_1_145' title="bbox 1936 5081 3587 5155; baseline 0.002 -20"><span class='ocrx_word' id='word_1_1004' title='bbox 1936 5087 2233 5155; x_wconf 80' lang='lat' dir='ltr'>tamquam</span> <span class='ocrx_word' id='word_1_1005' title='bbox 2263 5082 2461 5151; x_wconf 66' lang='lat' dir='ltr'>gratiae</span> <span class='ocrx_word' id='word_1_1006' title='bbox 2487 5081 2758 5147; x_wconf 87' lang='lat' dir='ltr'>eversiva,</span> <span class='ocrx_word' id='word_1_1007' title='bbox 2792 5085 2943 5152; x_wconf 91' lang='lat' dir='ltr'>quod</span> <span class='ocrx_word' id='word_1_1008' title='bbox 2975 5085 3200 5139; x_wconf 90' lang='lat' dir='ltr'>Toletus</span> <span class='ocrx_word' id='word_1_1009' title='bbox 3232 5081 3403 5155; x_wconf 73' lang='lat' dir='ltr'>supra</span> <span class='ocrx_word' id='word_1_1010' title='bbox 3435 5084 3587 5139; x_wconf 89' lang='lat' dir='ltr'>male</span> 
     </span>
    </p>
   </div>
   <div class='ocr_carea' id='block_1_145' title="bbox 1937 5153 2237 5209">
    <p class='ocr_par' dir='ltr' id='par_1_145' title="bbox 1937 5153 2237 5209">
     <span class='ocr_line' id='line_1_146' title="bbox 1937 5153 2237 5209; baseline -0.007 -2"><span class='ocrx_word' id='word_1_1011' title='bbox 1937 5153 2237 5209; x_wconf 83' lang='lat' dir='ltr'>difﬁtetur.</span> 
     </span>
    </p>
   </div>
   <div class='ocr_carea' id='block_1_146' title="bbox 2008 5224 3587 5295">
    <p class='ocr_par' dir='ltr' id='par_1_146' title="bbox 2008 5224 3587 5295">
     <span class='ocr_line' id='line_1_147' title="bbox 2008 5224 3587 5295; baseline 0.005 -20"><span class='ocrx_word' id='word_1_1012' title='bbox 2008 5225 2099 5275; x_wconf 83' lang='lat'>13.</span> <span class='ocrx_word' id='word_1_1013' title='bbox 2136 5226 2492 5295; x_wconf 81' lang='lat' dir='ltr'>Nequevero</span> <span class='ocrx_word' id='word_1_1014' title='bbox 2519 5226 2669 5276; x_wconf 90' lang='lat' dir='ltr'>recte</span> <span class='ocrx_word' id='word_1_1015' title='bbox 2700 5224 3143 5295; x_wconf 82' lang='lat' dir='ltr'>Semipelagiani</span> <span class='ocrx_word' id='word_1_1016' title='bbox 3194 5243 3294 5295; x_wconf 90' lang='lat' dir='ltr'>per</span> <span class='ocrx_word' id='word_1_1017' title='bbox 3320 5226 3472 5281; x_wconf 90' lang='lat' dir='ltr'>hunc</span> <span class='ocrx_word' id='word_1_1018' title='bbox 3504 5244 3587 5283; x_wconf 91' lang='lat' dir='ltr'>er-</span> 
     </span>
    </p>
   </div>
   <div class='ocr_carea' id='block_1_147' title="bbox 1936 5292 3586 5362">
    <p class='ocr_par' dir='ltr' id='par_1_147' title="bbox 1936 5292 3586 5362">
     <span class='ocr_line' id='line_1_148' title="bbox 1936 5292 3586 5362; baseline 0.004 -14"><span class='ocrx_word' id='word_1_1019' title='bbox 1936 5310 2127 5349; x_wconf 91' lang='lat' dir='ltr'>rorem</span> <span class='ocrx_word' id='word_1_1020' title='bbox 2161 5292 2400 5362; x_wconf 86' lang='lat' dir='ltr'>prospici</span> <span class='ocrx_word' id='word_1_1021' title='bbox 2450 5309 2482 5345; x_wconf 91' lang='lat' dir='ltr'>a</span> <span class='ocrx_word' id='word_1_1022' title='bbox 2514 5310 2571 5346; x_wconf 90' lang='lat' dir='ltr'>se</span> <span class='ocrx_word' id='word_1_1023' title='bbox 2604 5292 2881 5361; x_wconf 84' lang='lat' dir='ltr'>putabant</span> <span class='ocrx_word' id='word_1_1024' title='bbox 2912 5292 3210 5350; x_wconf 48' lang='lat' dir='ltr'>humanae—</span> <span class='ocrx_word' id='word_1_1025' title='bbox 3237 5297 3481 5353; x_wconf 92' lang='lat' dir='ltr'>libertati</span> <span class='ocrx_word' id='word_1_1026' title='bbox 3531 5301 3586 5355; x_wconf 93' lang='lat' dir='ltr'>in</span> 
     </span>
    </p>
   </div>
   <div class='ocr_carea' id='block_1_148' title="bbox 1940 5363 3591 5435">
    <p class='ocr_par' dir='ltr' id='par_1_148' title="bbox 1940 5363 3591 5435">
     <span class='ocr_line' id='line_1_149' title="bbox 1940 5363 3591 5435; baseline 0.006 -17"><span class='ocrx_word' id='word_1_1027' title='bbox 1940 5364 2167 5435; x_wconf 83' lang='lat' dir='ltr'>negotio</span> <span class='ocrx_word' id='word_1_1028' title='bbox 2217 5363 2437 5429; x_wconf 87' lang='lat' dir='ltr'>salutis,</span> <span class='ocrx_word' id='word_1_1029' title='bbox 2471 5368 2526 5416; x_wconf 91' lang='lat' dir='ltr'>et</span> <span class='ocrx_word' id='word_1_1030' title='bbox 2580 5363 2785 5417; x_wconf 68' lang='lat' dir='ltr'>divinm</span> <span class='ocrx_word' id='word_1_1031' title='bbox 2814 5365 3157 5435; x_wconf 89' lang='lat' dir='ltr'>exemptioni</span> <span class='ocrx_word' id='word_1_1032' title='bbox 3192 5384 3221 5421; x_wconf 89' lang='lat' dir='ltr'>a</span> <span class='ocrx_word' id='word_1_1033' title='bbox 3278 5369 3405 5425; x_wconf 89' lang='lat' dir='ltr'>labe</span> <span class='ocrx_word' id='word_1_1034' title='bbox 3436 5388 3591 5427; x_wconf 85' lang='lat' dir='ltr'>acce-</span> 
     </span>
    </p>
   </div>
   <div class='ocr_carea' id='block_1_149' title="bbox 1940 5433 3590 5509">
    <p class='ocr_par' dir='ltr' id='par_1_149' title="bbox 1940 5433 3590 5509">
     <span class='ocr_line' id='line_1_150' title="bbox 1940 5433 3590 5509; baseline 0.006 -21"><span class='ocrx_word' id='word_1_1035' title='bbox 1940 5433 2149 5509; x_wconf 82' lang='lat' dir='ltr'>ptionis</span> <span class='ocrx_word' id='word_1_1036' title='bbox 2173 5434 2932 5509; x_wconf 80' lang='lat' dir='ltr'>personarum.quem_fuisse</span> <span class='ocrx_word' id='word_1_1037' title='bbox 2950 5433 3058 5491; x_wconf 85' lang='lat' dir='ltr'>illis</span> <span class='ocrx_word' id='word_1_1038' title='bbox 3070 5439 3300 5509; x_wconf 90' lang='lat' dir='ltr'>geminu</span> <span class='ocrx_word' id='word_1_1039' title='bbox 3312 5458 3365 5495; x_wconf 93' lang='lat' dir='ltr'>m</span> <span class='ocrx_word' id='word_1_1040' title='bbox 3384 5445 3590 5498; x_wconf 89' lang='lat' dir='ltr'>erroris</span> 
     </span>
    </p>
   </div>
   <div class='ocr_carea' id='block_1_150' title="bbox 1940 5503 3591 5586">
    <p class='ocr_par' dir='ltr' id='par_1_150' title="bbox 1940 5503 3591 5586">
     <span class='ocr_line' id='line_1_151' title="bbox 1940 5503 3591 5586; baseline 0.006 -26"><span class='ocrx_word' id='word_1_1041' title='bbox 1940 5503 2235 5586; x_wconf 80' lang='lat' dir='ltr'>scopulum</span> <span class='ocrx_word' id='word_1_1042' title='bbox 2261 5503 2538 5586; x_wconf 66' lang='lat' dir='ltr'>praemisi;</span> <span class='ocrx_word' id='word_1_1043' title='bbox 2566 5503 3475 5586; x_wconf 69' lang='lat' dir='ltr'>male,inquam,erroremerrore</span> <span class='ocrx_word' id='word_1_1044' title='bbox 3496 5516 3591 5569; x_wconf 83' lang='lat' dir='ltr'>de-</span> 
     </span>
    </p>
   </div>
   <div class='ocr_carea' id='block_1_151' title="bbox 1941 5575 3591 5644">
    <p class='ocr_par' dir='ltr' id='par_1_151' title="bbox 1941 5575 3591 5644">
     <span class='ocr_line' id='line_1_152' title="bbox 1941 5575 3591 5644; baseline 0.005 -12"><span class='ocrx_word' id='word_1_1045' title='bbox 1941 5575 2407 5632; x_wconf 88' lang='lat' dir='ltr'>clinabant.Nam</span> <span class='ocrx_word' id='word_1_1046' title='bbox 2439 5575 2699 5644; x_wconf 86' lang='lat' dir='ltr'>quamvis</span> <span class='ocrx_word' id='word_1_1047' title='bbox 2722 5575 3082 5633; x_wconf 89' lang='lat' dir='ltr'>verissimum</span> <span class='ocrx_word' id='word_1_1048' title='bbox 3108 5580 3181 5635; x_wconf 91' lang='lat' dir='ltr'>sit</span> <span class='ocrx_word' id='word_1_1049' title='bbox 3200 5583 3443 5638; x_wconf 90' lang='lat' dir='ltr'>salutem</span> <span class='ocrx_word' id='word_1_1050' title='bbox 3468 5601 3591 5640; x_wconf 85' lang='lat' dir='ltr'>esse</span> 
     </span>
    </p>
   </div>
   <div class='ocr_carea' id='block_1_152' title="bbox 1943 5645 3592 5734">
    <p class='ocr_par' dir='ltr' id='par_1_152' title="bbox 1943 5645 3592 5734">
     <span class='ocr_line' id='line_1_153' title="bbox 1943 5645 3592 5734; baseline 0.005 -32"><span class='ocrx_word' id='word_1_1051' title='bbox 1943 5650 2002 5703; x_wconf 89' lang='lat' dir='ltr'>in</span> <span class='ocrx_word' id='word_1_1052' title='bbox 2042 5646 2288 5717; x_wconf 86' lang='lat' dir='ltr'>cujusvis</span> <span class='ocrx_word' id='word_1_1053' title='bbox 2318 5645 2499 5700; x_wconf 88' lang='lat' dir='ltr'>adulti</span> <span class='ocrx_word' id='word_1_1054' title='bbox 2526 5651 2811 5734; x_wconf 78' lang='lat' dir='ltr'>potestate</span> <span class='ocrx_word' id='word_1_1055' title='bbox 2833 5653 2898 5734; x_wconf 37' lang='lat' dir='ltr'>let</span> <span class='ocrx_word' id='word_1_1056' title='bbox 2924 5650 3301 5734; x_wconf 71' lang='lat' dir='ltr'>Deumlonge</span> <span class='ocrx_word' id='word_1_1057' title='bbox 3331 5656 3527 5711; x_wconf 89' lang='lat' dir='ltr'>abesse</span> <span class='ocrx_word' id='word_1_1058' title='bbox 3557 5673 3592 5734; x_wconf 77' lang='lat' dir='ltr'>a</span> 
     </span>
    </p>
   </div>
   <div class='ocr_carea' id='block_1_153' title="bbox 1945 5718 3592 5791">
    <p class='ocr_par' dir='ltr' id='par_1_153' title="bbox 1945 5718 3592 5791">
     <span class='ocr_line' id='line_1_154' title="bbox 1945 5718 3592 5791; baseline 0.003 -17"><span class='ocrx_word' id='word_1_1059' title='bbox 1945 5718 2699 5791; x_wconf 13' lang='lat' dir='ltr'>personarumgacceptione,</span> <span class='ocrx_word' id='word_1_1060' title='bbox 2715 5724 2801 5776; x_wconf 88' lang='lat' dir='ltr'>est</span> <span class='ocrx_word' id='word_1_1061' title='bbox 2828 5724 3025 5778; x_wconf 86' lang='lat' dir='ltr'>tamen</span> <span class='ocrx_word' id='word_1_1062' title='bbox 3043 5718 3410 5781; x_wconf 82' lang='lat' dir='ltr'>falsissimum</span> <span class='ocrx_word' id='word_1_1063' title='bbox 3438 5727 3592 5791; x_wconf 91' lang='lat' dir='ltr'>quod</span> 
     </span>
    </p>
   </div>
   <div class='ocr_carea' id='block_1_154' title="bbox 1917 5790 3592 5870">
    <p class='ocr_par' dir='ltr' id='par_1_154' title="bbox 1917 5790 3592 5870">
     <span class='ocr_line' id='line_1_155' title="bbox 1917 5790 3592 5870; baseline 0.005 -22"><span class='ocrx_word' id='word_1_1064' title='bbox 1917 5790 2067 5851; x_wconf 84' lang='lat' dir='ltr'>Deus</span> <span class='ocrx_word' id='word_1_1065' title='bbox 2093 5790 2480 5867; x_wconf 64' lang='lat' dir='ltr'>praeveniatur</span> <span class='ocrx_word' id='word_1_1066' title='bbox 2506 5792 2577 5850; x_wconf 90' lang='lat' dir='ltr'>ab</span> <span class='ocrx_word' id='word_1_1067' title='bbox 2596 5791 2852 5868; x_wconf 82' lang='lat' dir='ltr'>homine,</span> <span class='ocrx_word' id='word_1_1068' title='bbox 2882 5792 2999 5853; x_wconf 80' lang='lat' dir='ltr'>sive</span> <span class='ocrx_word' id='word_1_1069' title='bbox 3019 5796 3177 5870; x_wconf 85' lang='lat' dir='ltr'>quod</span> <span class='ocrx_word' id='word_1_1070' title='bbox 3194 5797 3371 5855; x_wconf 83' lang='lat' dir='ltr'>homo</span> <span class='ocrx_word' id='word_1_1071' title='bbox 3391 5790 3592 5856; x_wconf 84' lang='lat' dir='ltr'>salutis</span> 
     </span>
    </p>
   </div>
  </div>
