3986 6178
400 297 513 360 787

1239 291 1359 353 TH.
1404 283 1786 350 RAYNAUDI
1827 277 2191 344 APOLOGIA
2231 281 2371 343 ι)Βο
2410 281 2472 342 S.
2518 278 2959 343 VALERIANO.

3686 277 3812 337 789

402 431 544 485 dum
594 428 963 483 moverentur
998 423 1107 479 hac
1162 421 1220 476 in
1266 422 1426 491 parte
1476 418 1534 472 in
1575 433 1687 487 qua
1736 414 1855 485 ipse
1888 411 2045 491 alias
2077 418 2124 479 Α
2155 414 2307 470 enim
2336 411 2987 491 Semipelagianisquod
3011 410 3238 491 interna
3257 408 3458 491 gratia;
3479 407 3697 491 apsilis.
3733 423 3821 463 ve-

402 500 671 557 sensisset
702 499 884 560 aliter,
915 497 1038 566 ejus
1078 510 1211 549 vero
1252 485 1624 566 posteriorem
1677 485 2042 566 sententiam.

402 555 609 627 duram
638 575 695 624 et
721 555 1003 623 immitein
1052 581 1172 619 esse
1215 555 1723 616 calumniarentur.
1764 558 1835 609 At
1874 555 2049 611 Coele-

404 643 537 698 stini
582 640 978 695 auctoritatem
1032 634 1317 689 declinare
1355 649 1414 686 se
1462 631 1601 686 satis
1632 628 2045 691 existimarent,

403 712 692 769 causando
736 710 907 763 libros
954 708 1020 759 de
1078 703 1580 758 Prasdestinatione
1612 702 1949 755 Sanctorum
1994 701 2049 751 et

405 786 564 838 Dono
594 777 1030 834 Perseverantize
1055 776 1258 845 quibus
1288 771 1894 845 Semipelagianismus
1919 784 2050 845 con-

402 853 648 911 vellitur,
673 867 785 903 non
816 848 987 901 fuisse
1014 840 1376 921 aCcelestino
1403 840 1768 921 approbatos,
1801 840 1899 894 sed
1924 844 2051 921 tan-

402 929 527 976 tum
544 921 866 975 doctrinam
884 918 1236 972 anteriorum
1257 911 1555 986 Augustini
1574 911 2049 986 Operum,quibus

400 992 693 1062 Pelagium
725 991 1098 1062 cineraverat,
1150 984 1384 1062 fuisse};
1428 984 1732 1062 Gmlestinp
1764 997 2052 1062 co_mmen-

402 1054 620 1118 datain.
654 1061 898 1117 idenim
921 1060 1110 1114 Gallos
1140 1058 1463 1112 obtendisse
1484 1057 1598 1110 late
1619 1055 1797 1109 refert
1815 1054 2053 1122 Prosper

404 1135 460 1189 in
493 1134 604 1187 ﬁne
634 1133 731 1187 lib.
765 1136 965 1187 contra
988 1130 1354 1183 Collatorem.

475 1206 560 1258 19.
593 1205 708 1258 Nec
754 1203 908 1272 prius
941 1201 1170 1254 fumans
1217 1199 1401 1272 adhuc
1440 1198 1562 1253 haec
1604 1195 1813 1272 Pelagii
1855 1192 2053 1272 favilla

401 1275 573 1349 plane
603 1266 878 1349 exstincta
909 1278 1021 1349 est.
1068 1287 1242 1349 quam
1284 1270 1447 1324 sedes
1496 1266 1828 1349 apostolica,
1871 1269 2055 1349 trans-

402 1337 593 1401 inissis
616 1346 687 1398 ad
708 1349 924 1398 tractus
943 1337 1101 1396 illius
1110 1342 1404 1410 episcopos
1424 1337 1704 1408 capitulis,
1729 1353 1855 1410 quae
1875 1337 2054 1390 Arau-

404 1417 535 1471 sica:
567 1416 623 1469 in
666 1414 979 1469 Liberianaa
1010 1408 1254 1467 basilicae
1283 1408 1641 1465 dedicatione
1668 1408 1887 1479 publice
1920 1422 2055 1476 pro-

404 1487 606 1558 posita,
643 1488 697 1540 et
729 1502 761 1540 a
786 1484 1042 1539 Patribus
1066 1482 1439 1558 congregatis
1468 1482 1698 1558 firmata
1744 1496 1810 1558 ac
1840 1479 2054 1558 denun-

405 1549 551 1612 tiata
592 1549 744 1619 sunt,
795 1571 1027 1610 omnem
1066 1549 1311 1608 incendii
1360 1553 1512 1606 illius
1540 1551 1696 1605 velut
1719 1549 2049 1612 scintillam,

405 1629 603 1683 doloso
633 1626 807 1682 cineri
840 1626 1082 1697 juendaa
1103 1624 1373 1697 humanae
1424 1622 1703 1697 libertatis
1751 1637 1817 1675 ac
1846 1620 2051 1697 divinae

397 1699 641 1780 justitias
657 1690 1031 1780 suppositam,
1059 1694 1298 1780 feliciter
1318 1693 1654 1780 compressit
1673 1708 1829 1780 anno
1848 1690 2053 1780 Christi

2154 480 3249 556 ramquespiritus—subministrationem
3263 480 3615 556 sustulerint;
3636 480 3822 556 item-

2156 574 2264 627 que
2277 551 2688 627 q'uoddixerint
2703 554 2996 627 hominem
3014 558 3235 608 natura:
3250 551 3824 627 viribusimmediate

2158 622 2379 682 sustolli
2407 630 2478 682 ad
2496 628 2740 696 gratiam
2770 625 3242 688 sanctiﬁcantem,
3270 624 3438 696 nullis
3460 622 3825 696 interpositis

2158 695 2638 769 disputationibus
2670 698 2878 755 liberis.
2930 697 3163 750 Addunt
3200 695 3302 769 alii
3334 700 3595 765 negatam
3626 696 3705 747 ab
3747 695 3825 769 eis

2161 766 2335 825 fuisse
2349 769 2592 841 gratiam
2617 769 3091 841 sanctificantem,
3107 772 3163 821 et
3183 766 3433 841 divinam
3460 766 3827 841 cooperatio-

2158 858 2291 896 nem
2320 836 2391 895 ad
2420 842 2671 895 actiones
2700 840 2928 894 liberas.
2957 842 3095 902 Quae
3127 838 3321 891 omnia
3346 837 3597 908 quojure
3626 836 3827 891 Semi-

2160 912 2475 983 pelagianis
2507 911 2883 983 afﬁngantur,
2908 910 3171 983 equidem
3209 925 3319 962 non
3342 908 3521 983 video.

2232 980 2376 1038 Nam
2404 984 2554 1053 quod
2583 980 2788 1036 attinet
2819 982 2889 1035 ad
2938 980 3183 1051 gratiam
3228 980 3704 1053 sanctiﬁcantem,
3756 994 3825 1032 ne

2159 1054 2278 1135 ipse
2308 1050 2538 1135 quidem
2571 1053 2844 1135 Pelagius
2878 1050 3005 1106 eam
3040 1054 3233 1135 aperte
3261 1050 3596 1135 sustulit,“ut
3623 1066 3701 1129 ea
3756 1066 3825 1104 eo

2159 1121 2374 1195 liquere
2404 1125 2643 1188 videtur,
2698 1121 2849 1193 quod
2897 1122 3140 1195 concilia
3187 1127 3242 1176 et
3293 1126 3485 1195 Patres
3513 1121 3823 1195 Pelagium

2161 1191 2565 1266 impugnantes
2593 1191 2829 1249 omnino
2863 1193 3034 1248 silent
3065 1195 3131 1248 de
3172 1191 3665 1266 gratiababituali
3712 1211 3728 1245 :
3772 1196 3825 1266 et

2162 1262 2630 1338 exaggerationes
2649 1266 2851 1338 virium
2867 1269 3108 1338 naturaa,
3133 1262 3272 1334 quas
3293 1262 3544 1338 Pelagius
3563 1262 3825 1338 epistola

2163 1340 2235 1392 ad
2261 1334 2707 1403 Demetriadem,
2734 1342 2790 1392 et
2820 1336 2887 1391 iis
2910 1336 3003 1406 qui
3035 1340 3341 1405 supersunt
3370 1334 3825 1406 Commentariis

2162 1409 2220 1463 in
2264 1409 2507 1464 Paulum
2548 1407 2807 1475 inseruit,
2840 1405 3124 1478 printensa
3171 1407 3308 1478 item
3337 1406 3407 1459 ab
3437 1422 3502 1459 eo
3531 1405 3825 1478 libertatis

2162 1480 2319 1561 laesio
2347 1497 2445 1561 per
2460 1480 2744 1561 gratiam,
2775 1476 3107 1561 ut'habetur
3130 1493 3195 1532 ex
3244 1477 3308 1530 Ι).
3345 1476 3824 1561 ᾼυευ181ἰηυ“1.σιγ

2162 1549 2363 1606 contra
2387 1549 2596 1606 Julian.
2635 1568 2757 1621 cap.
2784 1550 2835 1615 8,
2869 1554 2925 1604 et
2954 1566 3021 1604 ex
3052 1549 3147 1603 lib.
3179 1564 3216 1621 ξι
3256 1553 3456 1602 contra
3484 1549 3622 1602 duas
3651 1549 3823 1617 Epis-

2161 1622 2262 1676 tol.
2296 1639 2342 1677 c.
2375 1624 2429 1688 5,
2449 1624 2519 1677 ad
2545 1619 2727 1677 solam
2748 1621 2995 1691 gratiam
3014 1619 3299 1691 actualem
3316 1621 3664 1691 spectabant,
3696 1635 3821 1691 non

2165 1698 2353 1748 autem
2390 1694 2460 1747 ad
2492 1689 2861 1747 habitualem.
2899 1694 3123 1756 Quanto
3150 1690 3335 1759 magis
3365 1689 3535 1760 igitur
3560 1690 3824 1759 Semipe-

398 1761 567 1843 juata
596 1761 980 1843 novissimam
998 1767 1153 1843 card.
1198 1761 1903 1843 Baronii_'subductionem
1927 1761 2050 1843 ᾃ29Ξ
2083 1776 2127 1834 Β
2163 1764 2397 1834 lagiani,
2416 1764 2525 1843 vi_r_i
2552 1768 2609 1818 et
2634 1763 2784 1818 docti
2812 1767 2864 1817 et
2882 1763 3073 1843 probi,
3090 1763 3338 1833 gratiam
3358 1761 3820 1816 sanctiﬁcantem

404 1832 638 1895 sedente
691 1838 1000 1919 FeliceiV,
1051 1837 1219 1906 longe
1246 1840 1379 1960 post
1424 1836 1479 1889 S.
1514 1836 1761 1915 Leonem
1799 1832 2053 1914 Cassiani

404 1910 707 1960 (naualem.
740 1926 830 1960 Clll
868 1907 1065 1960 titulus
1105 1924 1137 1960 a
1174 1924 1239 1960 co
1268 1907 1476 1960 lectore
1513 1910 1691 1960 gratis
1742 1908 2051 1960 appositus.

403 1910 707 1980 aequalem,
740 1908 830 1980 cui
868 1907 1065 1962 titulus
1105 1903 1476 1980 a'collectore
1512 1905 1691 1976 gratis
1742 1903 2051 1980 appositus,

405 1974 535 2035 eain
584 1979 987 2049 capitulorum,
1037 1978 1483 2048 apostolicorum
1522 1974 2054 2049 :transmissionem

403 2045 667 2130 ascribit."
688 2052 755 2130 Et
784 2048 1021 2130 accessit
1041 2045 1281 2130 insignis
1307 2047 1642 2130 eorumdem
1655 2045 2055 2130 “capitulorum

405 2121 789 2185 conﬁrmatio,
812 2136 910 2190 per
924 2116 1281 2174 Bonifacium
1307 2120 1353 2190 ll
1380 2119 1528 2190 datis
1558 2119 1631 2173 ad
1654 2116 2053 2190 StCaasarium

404 2192 764 2316 igitlcfgggum
795 2187 1060 2261 leguntur
1084 2194 1225 2244 tom.
1256 2189 1680 2244 IConciliorum
1698 2187 1900 2242 Gallias
1922 2203 2050 2257 pag.

403 2263 546 2317 mihi
568 2263 693 2315 223.

478 2330 943 2387 Consideratione
974 2344 1144 2398 porro
1174 2328 1411 2398 dignum
1437 2333 1543 2395 est,
1573 2329 1630 2382 in
1656 2328 1767 2382 illis
1796 2326 2055 2397 capitulis

404 2402 523 2456 sive
556 2400 890 2469 canonibus,
933 2415 1002 2454 ea
1031 2404 1257 2454 tantum
1292 2399 1536 2461 deﬁniri,
1582 2414 1710 2468 qum
1748 2400 1821 2452 ad
1865 2398 2053 2453 exclu-

404 2472 655 2542 dendam
704 2468 1115 2542 subjeCtionem
1150 2470 1356 2525 divinae
1396 2469 1595 2542 gratias
1626 2470 1698 2524 ad
1738 2468 2055 2542 humanam

402 2541 758 2597 voluntatem
789 2540 1157 2610 pertinerent,
1209 2546 1266 2595 et
1307 2542 1375 2595 ad
1427 2541 1624 2611 gratiae
1658 2540 2055 2595 necessitatem

403 2629 505 2684 pro
529 2618 650 2666 toto
677 2612 1097 2684 justiﬁcationis
1125 2628 1422 2683 progressu
1448 2630 1460 2678 ;
1490 2612 1717 2684 intactis
1746 2611 1814 2665 iis
1836 2628 1959 2680 quae
1982 2612 2056 2684 ad

400 2682 741 2739 electionem
770 2683 841 2737 ad
870 2683 1113 2753 gloriam
1143 2682 1422 2753 spectant,
1455 2689 1510 2737 et
1542 2682 1823 2752 plerisque
1844 2697 1971 2752 quae
1997 2682 2055 2737 in

402 2755 467 2836 ρ.
501 2753 823 2836 ‘Augustini
873 2752 1146 2836 doctrina
1180 2752 2055 2836 displicuerant._§imiliterque

404 2823 737 2880 Coelestinus
767 2824 826 2878 in
864 2826 978 2880 ﬁne
1009 2823 1293 2895 epistolas,
1328 2829 1456 2895 post
1485 2824 1858 2879 constitutam
1880 2823 2054 2879 ﬁdem

404 2896 749 2951 catholicam
770 2895 839 2951 de
861 2895 1100 2967 veritate
1122 2912 1286 2951 noxae
1320 2895 1628 2967 parentalis
1645 2896 1695 2967 5
1710 2897 1752 2965 1
1783 2899 1840 2951 et
1854 2895 2053 2965 gratim

404 2968 741 3022 necessitate
769 2983 833 3021 ac
867 2966 1139 3037 primatu,
1172 2967 1470 3037 proﬁtetur
1506 2966 1755 3037 reliquas
1790 2966 2052 3035 quaestio-

405 2984 741 3022 necessitate
769 2984 833 3021 ac
867 2984 1139 3091 Bnmatu,
1172 2984 1470 3037 prontetur
1506 2984 1755 3037 reuquas
1790 2984 2049 3035 quaasuo-

405 3053 507 3092 nes
537 3039 606 3093 de
636 3037 838 3108 quibus
964 3037 1295 3119 _Augustino
1327 3036 2049 3119 ne‘gotiumﬂiacessebatur,

404 3124 652 3190 neque'a
682 3126 741 3190 se
768 3108 998 3190 negligi,
1034 3124 1216 3190 neque
1247 3108 1452 3190 decidi,
1485 3109 1591 3190 sed
1614 3108 1807 3162 liberas
1857 3108 2051 3190 docto-
2091 3130 2134 3190 ο

401 3178 531 3234 rum
554 3178 1225 3249 disputationi'permitti,
1253 3178 1404 3233 infra
1432 3195 1529 3232 eos
1558 3179 1700 3233 ﬁnes
1730 3194 1870 3248 quos
1902 3179 2055 3233 Chri-

403 3250 593 3305 stiana
634 3250 884 3305 charitas
932 3254 989 3304 et
1026 3249 1309 3305 modestia
1341 3249 1601 3319 praeﬁgit.
1633 3250 1795 3313 Quod
1848 3265 1951 3319 ego
1980 3251 2053 3305 ad

402 3320 779 3392 quaestionem
807 3320 876 3392 de
904 3318 1178 3375 electione
1209 3318 1471 3392 absoluta
1500 3318 1570 3373 ad
1612 3318 2053 3389 gloriam,’ante

401 3390 489 3473 vel
530 3396 657 3462 post
676 3391 923 3473 praevisa
945 3391 1154 3473 merita
1177 3408 1276 3461 per
1300 3390 1552 3472 gratiam
1584 3394 1900 3473 procreata,
1931 3408 2054 3473 per-

403 3461 588 3518 tinere
611 3461 1011 3518 existimarim.
1040 3462 1184 3525 Quia
1222 3461 1376 3516 enim
1429 3461 1483 3515 in
1517 3476 1583 3514 eo
1610 3465 1818 3530 puncto
1848 3463 1910 3515 D.
1944 3465 2053 3517 Au-

400 3534 662 3604 gustinus
692 3533 906 3604 multos
933 3537 989 3586 et
1012 3548 1214 3602 graves
1244 3531 1691 3587 contradictores
1706 3532 2048 3604 sustinebat,

401 3603 504 3658 nec
531 3603 881 3673 antiquiores
910 3604 1103 3657 Patres
1132 3618 1201 3658 ea
1247 3604 1303 3656 in
1347 3606 1503 3673 parte
1533 3603 1823 3673 perspicue
1868 3604 2052 3673 prodi-

402 3674 608 3728 derant
633 3668 848 3743 aliquid
874 3678 1172 3743 tamquam
1196 3689 1262 3729 ex
1292 3668 1404 3728 ﬁde
1434 3668 1743 3727 tenendum
1774 3690 1786 3738 ;
1820 3668 2051 3730 aliunde

401 3747 597 3797 autem
630 3744 883 3798 fatalitas
935 3744 1224 3814 quaedam,
1268 3745 1370 3799 sub
1400 3744 1634 3799 nomine
1664 3744 1957 3799 electionis
1995 3750 2052 3801 et

399 3814 923 3885 praedestinationis
969 3815 1041 3869 ad
1089 3814 1356 3885 gloriam,
1390 3831 1618 3885 prorsus
1661 3816 2050 3872 antecedentis

398 3883 744 3939 Consensum
760 3883 1111 3949 humanum,
1135 3886 1325 3940 induci
1355 3883 1702 3940 meticulosis
1724 3886 2009 3941 videretur
2033 3904 2046 3954 ;

399 3954 577 4037 satius
609 3956 899 4010 duxerunt
920 3956 1215 4026 pontiﬁces
1236 3957 1304 4039 in
1336 3957 1687 4039 lquaasticaes
1717 3974 1831 4012 non
1860 3974 2049 4039 neces-

397 4026 578 4099 sarias
598 4042 1082 4099 nonexcurrere,
1120 4026 1372 4083 contenti
1420 4028 1724 4083 tradidisse
1774 4046 1899 4099 qua:
1926 4030 2046 4085 sine

396 4097 530 4153 ﬁdei
557 4096 868 4153 violatione
892 4098 1087 4168 negari
1109 4115 1224 4154 non
1258 4103 1521 4170 poterant
1546 4117 1559 4163 ;
1584 4101 1771 4169 quoad
1791 4096 1933 4154 illas
1951 4117 2046 4155 au-

396 4171 515 4240 tem
567 4184 684 4223 non
728 4170 1078 4225 necessarias
1130 4171 1491 4240 quaestiones,
1526 4169 1795 4225 indixisse
1853 4173 2045 4227 mode-

397 4239 601 4311 stiam;
629 4244 685 4294 et
720 4241 790 4311 7D.
824 4240 1125 4310 Augustini
1151 4239 1587 4311 suggillatione,
1624 4241 1771 4295 tanti
1801 4242 1903 4296 viri
1930 4259 2047 4297 me-

394 4310 507 4391 rita
545 4310 1126 4391 eaantlato‘squepro
1158 4310 1406 4391 [Ecclesia
1452 4311 1676 4365 labores
1715 4313 2044 4391 dedecente,

396 4380 775 4455 interdixisse.
809 4380 1136 4455 Quinetiam
1164 4382 1219 4455 _S.
1253 4381 1511 4450 Prosper,
1546 4384 1807 4455 quamvis
1834 4390 2047 4455 Augus-

397 4451 529 4505 stini
555 4450 897 4523 placitorum
919 4450 1334 4523 tenacissimus,
1382 4450 1577 4506 tamen
1616 4453 1669 4507 in
1705 4450 1948 4523 epistola
1975 4456 2044 4509 ad

396 4520 1193 4595 Aug_ustinu_m,_post_velatas
1222 4520 1813 4595 Semipelagianorum
1848 4542 2047 4595 quere-

396 4589 570 4645 las'in
606 4589 765 4644 varia
790 4590 1059 4665 doctrinas
1081 4608 1117 4665 a
1141 4595 1201 4665 D.
1238 4589 1552 4664 Augustino
1583 4596 1808 4651 traditae
1835 4589 2040 4665 capita,

396 4676 527 4741 cum
583 4662 1121 4741 estremamjeluti
1168 4662 1382 4741 lineam
1430 4665 1641 4741 placiti,
1697 4667 1863 4741 quod
1892 4662 1984 4720 isti
2015 4684 2045 4721 e

395 4734 681 4807 contrario
726 4734 1073 4807 statuebant,
1133 4751 1253 4789 esse
1310 4734 1594 4791 docuisset
1631 4734 2043 4807 subjectionem

393 4804 593 4875 gratim
612 4804 683 4858 ad
708 4806 922 4860 nudam
943 4805 1298 4861 voluntatem
1329 4808 1667 4871 humanam,
1694 4804 1799 4861 hoc
1820 4808 2045 4862 dumta-

391 4879 492 4947 καί
519 4875 740 4947 videtur
785 4877 1089 4947 reprobare
1136 4882 1428 4947 tamquam
1484 4876 1697 4946 Pelagii
1740 4877 2045 4934 virulentia

392 4946 691 5011 imbutum,
715 4946 941 5001 intactis
959 4947 1181 5002 cmteris
1206 4966 1217 5002 :
1238 4946 1307 5003 Si
1331 4948 1665 5017 principium
1690 4948 1883 5002 salutis
1906 4950 2043 5004 male

392 5018 451 5073 in
481 5018 694 5073 homine
716 5018 1029 5081 collocatur,
1058 5019 1109 5072 si
1127 5018 1330 5074 divinas
1360 5018 1637 5072 voluntati
1665 5020 1831 5087 impie
1854 5020 2037 5074 volun-

394 5093 474 5160 tas
505 5090 740 5160 humana
764 5089 1097 5160 praefertur,
1119 5092 1180 5142 ut
1209 5088 1464 5160 idecquis
1494 5089 1784 5159 adjuvetur
1805 5092 1934 5160 quia
1960 5109 2043 5145 vo-

394 5159 631 5225 luit,non
644 5159 767 5215 ideo
786 5160 918 5229 quia
941 5159 1239 5229 adjuvetur
1258 5159 1406 5221 velit,
1436 5161 1485 5214 si
1506 5159 1854 5230 originaliter
1868 5162 2042 5216 malus

388 5233 735 5310 receptionem
770 5231 902 5310 _bom'
928 5246 1036 5310 icon
1082 5247 1116 5285 a
1155 5246 1357 5310 summa
1386 5230 1537 5310 banc.
1570 5232 1685 5310 sed
1706 5252 1740 5286 a
1763 5236 2043 5310 semetipso

390 5300 643 5357 inchoare
671 5302 808 5356 male
836 5301 1099 5365 creditur,
1130 5303 1180 5356 si
1218 5302 1442 5357 aliunde
1472 5302 1579 5357 Deo
1624 5304 1892 5371 placetur,
1934 5300 2044 5357 uisi

390 5385 455 5451 eo:
490 5384 544 5424 eo
568 5372 839 5451 quodipse
868 5372 1185 5451 donaverit_._
1219 5374 1353 5451 Quae
1384 5373 1561 5451 liquet
1591 5374 1664 5427 ad
1696 5375 1883 5430 solum
1912 5391 2041 5444 gra-

388 5442 827 5525 tiae‘lpri‘matum
858 5459 925 5497 ac
950 5442 1681 5525 necessitatem‘pertinere.

423 5456 484 5493 ιω
497 5456 827 5564 {rimam-tn
858 5459 925 5497 ac
950 5456 1345 5499 necessnatem
1378 5456 1681 5525 pertinere.

423 5578 434 5591 O
582 5512 705 5592 Non
732 5514 893 5592 video
920 5518 1113 5592 autem
1143 5515 1293 5592 unde
1314 5513 1495 5592 aliqui
1521 5515 2039 5592 incumbentespa-

388 5581 517 5637 rieti
529 5581 804 5656 inclinato
816 5585 1145 5640 etmaceriaa
1161 5581 1432 5656 depulsa},
1444 5585 1631 5656 plures
1653 5592 1852 5641 contra
1863 5581 2035 5641 ﬁdem

389 5654 585 5737 aperte
597 5656 919 5737 pugnantes
936 5669 1155 5737 errores
1178 5654 1721 5737 in’Semipela’gianis
1734 5661 1895 5737 tanto
1912 5662 2037 5737 post

388 5723 649 5797 tempore
665 5721 991 5797 subodorati
1010 5725 1143 5797 sin_t,
1167 5742 1339 5793 quam
1358 5721 1673 5797 pontifices,
1695 5731 1751 5782 et
1770 5721 2029 5797 concilia,

389 5792 448 5847 et
473 5789 705 5848 illorum
730 5792 1051 5861 temporum
1082 5789 1273 5852 Patres
1302 5789 2035 5871 perspexerint.Afﬁngunt

2163 1852 2279 1889 non
2310 1835 2607 1889 sustulisse
2652 1834 2918 1889 censendi
2949 1838 3101 1887 sunt.

2236 1907 2397 1970 Quod
2429 1923 2559 1960 vero
2590 1906 2796 1960 attinet
2824 1906 2895 1958 ad
2921 1903 3481 1975 gratiamactualem
3520 1902 3820 1957 internam

2163 1977 2530 2032 revelationis
2556 1993 2621 2030 ac
2648 1981 2893 2031 externas
2916 1974 3320 2045 prepositionis
3347 1974 3565 2045 objecta
3587 1979 3821 2027 contra-

2164 2048 2337 2102 distin
2354 2053 2527 2112 ctam,
2546 2052 2761 2103 certum
2786 2052 2869 2101 est
2888 2044 3281 2116 eamnegasse
3298 2044 3609 2116 Pelagium,
3625 2044 3820 2115 primo

2164 2118 2396 2189 quidem
2423 2118 2678 2173 absolute
2697 2122 2753 2173 et
2768 2117 3116 2189 simpliciter,
3142 2121 3338 2187 postea
3359 2132 3491 2170 vero
3512 2121 3816 2189 tamquam

2165 2188 2568 2245 necessariam.
2588 2190 2980 2244 Contendebat
2996 2188 3148 2243 enim
3170 2189 3239 2241 ad
3262 2203 3552 2242 summum
3570 2203 3691 2241 esse
3712 2188 3820 2241 uti-

2165 2261 2298 2324 lem,
2333 2267 2388 2316 et
2412 2262 2614 2332 juvare
2636 2262 2706 2314 ad
2737 2260 2959 2314 facilius
2990 2260 3345 2332 operandam
3376 2259 3525 2328 quod
3558 2258 3817 2332 absolute

2166 2330 2479 2412 possetper
2503 2332 2686 2412 nudas
2716 2332 3116 2412 naturis-vires
3138 2330 3305 2412 efﬁci,
3338 2333 3719 2412 utimemor‘at

2165 2400 2511 2471 Augustinus
2543 2403 2707 2472 epist.
2766 2402 2887 2465 106,
2915 2406 2970 2456 et
3013 2401 3329 2456 luculenter
3370 2400 3475 2472 lib.
3532 2401 3601 2453 de
3623 2400 3817 2472 Gestis

2166 2473 2377 2543 Pelagii
2400 2490 2524 2544 cap.
2544 2471 2632 2537 14,
2660 2472 3009 2544 habeturque
3040 2489 3104 2527 ex
3132 2472 3253 2542 ipso
3288 2471 3518 2541 Pelagio
3545 2471 3706 2544 epist.
3745 2472 3818 2525 ad

2166 2542 2518 2625 gemetriad.
2561 2544 2673 2624 ᾦξίεί
2705 2543 2769 2608 si,
2803 2542 3703 2625 quodaugustinuseqdemdib.
3748 2544 3818 2597 de

2166 2614 2348 2669 Gestis
2389 2614 2601 2685 Pelagii
2633 2631 2763 2684 cap.
2801 2616 2863 2669 31
2896 2615 3033 2668 satis
3072 2613 3278 2677 innuit,
3311 2615 3379 2668 de
3412 2613 3817 2685 haereticorum

2166 2702 2325 2764 more
2347 2686 2604 2764 Pelagius
2623 2703 2752 2764 cum
2765 2702 2855 2764 res
2873 2686 3023 2764 tulit,
3047 2685 3396 2764 mendaciter
3414 2684 3818 2764 admisitquod

2165 2756 2376 2827 alioqui
2400 2756 2777 2811 inﬁciebatur.
2799 2756 3140 2827 Pelagianos
3161 2759 3331 2820 certe,
3353 2756 3421 2809 de
3443 2756 3702 2825 magistri
3720 2773 3818 2825 po-

2166 2829 2404 2883 steriore
2433 2828 2639 2898 placito
2687 2828 2877 2882 minus
2911 2828 3199 2891 sollicitos,
3251 2827 3536 2881 internam
3566 2827 3815 2896 gratiam

2165 2899 2506 2954 excitantem
2525 2898 2805 2953 inﬁciatos
2827 2915 2967 2959 esse,
2995 2899 3189 2953 multis
3206 2898 3508 2952 conﬁrmat
3526 2898 3815 2952 Bellarmi-

2171 2986 2279 3024 nus
2310 2970 2364 3023 in
2390 2969 2685 3039 Recognit.
2725 2986 2854 3039 cap.
2888 2971 2955 3025 13
2982 2970 3077 3024 lib.
3107 2969 3276 3039 primi
3307 2970 3377 3023 de
3408 2968 3572 3023 Grat.
3604 2974 3663 3023 et
3685 2969 3806 3025 Lib.

2164 3040 2365 3112 Arbit,
2394 3045 2697 3111 aperteque
2729 3040 2905 3096 tradit
2926 3042 2981 3095 S.
3012 3045 3240 3112 August.
3276 3040 3379 3096 lib.
3401 3056 3418 3093 1
3440 3044 3643 3093 contra
3675 3042 3815 3112 duas

2165 3111 2337 3181 Epist.
2371 3128 2490 3181 cap.
2525 3112 2609 3176 19,
2644 3116 2698 3167 et
2727 3112 2784 3166 in
2816 3112 3064 3166 secunda
3095 3111 3346 3181 respons.
3372 3116 3575 3164 contra
3596 3111 3811 3165 Julian.

2163 3181 2261 3235 lib.
2296 3200 2311 3236 ι
2340 3199 2465 3253 ειη».
2498 3182 2585 3245 93,
2632 3183 2723 3236 ubi
2764 3183 2935 3238 refert
2969 3200 3064 3237 eos
3102 3183 3349 3252 gratiam
3396 3183 3687 3253 internam
3716 3199 3815 3235 vo-

2162 3269 2321 3324 casse
2350 3252 2723 3307 necessitatem.
2747 3254 2837 3307 Sic
2868 3254 3038 3324 igitur
3063 3254 3133 3308 de
3166 3253 3406 3308 internis
3433 3252 3633 3324 gratiae
3663 3253 3813 3308 auxi-

2161 3322 2253 3377 liis
2281 3324 2602 3378 sentiebant
2620 3324 2878 3395 Pelagius
2892 3322 2952 3379 et
2979 3324 3287 3395 Pelagiani,
3314 3322 3674 3394 quocumque
3698 3341 3807 3378 ver-

2163 3394 2365 3448 borum
2411 3395 2598 3467 colore
2642 3395 2908 3467 hmresim
2964 3394 3296 3467 obtegerent
3327 3416 3337 3453 :
3371 3395 3805 3467 Semipelagiani

2162 3471 2355 3537 autem
2392 3482 2505 3519 non
2537 3465 2653 3530 sic;
2685 3466 2893 3520 idcirco
2928 3467 3081 3521 enim
3108 3465 3170 3523 S.
3211 3466 3560 3537 Augustinus
3605 3465 3705 3520 lib.
3747 3467 3806 3520 de

2161 3535 2408 3607 Praedest
2436 3538 2534 3590 SS.
2566 3553 2691 3605 cap.
2718 3539 2768 3597 1,
2800 3537 2996 3591 laudat
3012 3555 3108 3591 eos
3138 3538 3291 3607 quod
3307 3535 3562 3607 gratiam
3595 3536 3803 3606 simpli-

2161 3606 2303 3688 citer
2319 3607 2899 3688 dictam‘atqueAadeo
2927 3606 3213 3662 internam
3240 3606 3643 3688 admittentes,
3668 3623 3806 3663 rece-

2162 3678 2363 3750 derent
2395 3694 2424 3731 a
2460 3677 2702 3749 Pelagio.
2730 3680 3013 3743 Quorsum
3042 3696 3173 3749 ergo
3205 3680 3283 3733 eis
3309 3679 3661 3750 attingamus
3684 3695 3803 3733 con-

2160 3748 2424 3821 trarium,
2454 3753 2508 3803 et
2540 3765 2653 3803 non
2675 3750 2801 3821 jam
2836 3748 3344 3820 Semipelagianos,
3372 3748 3634 3819 sed'pure
3657 3750 3805 3821 Pela-

2159 3818 2359 3902 gianos
2394 3821 2591 3902 quoad.
2612 3818 2809 3901 gratia:
2840 3818 3148 3902 negotium
3179 3838 3275 3876 eos
3302 3818 3631 3902 statuamus
3650 3819 3677 3874 Ῠ

2230 3891 2384 3945 Idem
2409 3892 2532 3945 dico
2560 3892 2628 3945 de
2654 3891 3119 3961 impactaiisdem
3148 3892 3452 3961 negatione
3481 3892 3689 3946 divinae
3716 3907 3803 3944 no-

2157 3959 2371 4015 biscum
2404 3959 2820 4031 c00perationis
2842 3963 2900 4017 in
2922 3963 3140 4017 actibus
3158 3959 3367 4018 liberis.
3384 3964 3529 4017 Nam
3549 3962 3803 4032 quamvis

2159 4031 2227 4085 de
2258 4032 2482 4105 Pelagio
2512 4033 2805 4105 problema
2830 4035 2901 4088 sit
2947 4034 3354 4105 expunxeritne
3392 4031 3652 4088 divinam
3685 4050 3802 4087 cum

2156 4103 2341 4174 causis
2373 4104 2635 4157 secundis
2688 4103 3172 4174 cooperationem,
3214 4111 3267 4159 et
3294 4105 3643 4159 nominatim
3683 4120 3803 4159 cum

2155 4173 2449 4246 voluntate
2478 4175 2675 4246 libera,
2706 4180 2761 4229 et
2790 4192 2902 4228 non
2947 4177 3109 4245 pauci
3140 4180 3359 4246 partem
3392 4176 3800 4236 afﬁrmantem,

2157 4243 2408 4316 plerique
2433 4245 2605 4299 etiam
2636 4243 3226 4315 negantem—tradant,
3257 4252 3318 4301 ut
3338 4246 3527 4300 videre
3554 4253 3643 4300 est
3663 4246 3805 4316 apud

2157 4315 2370 4387 Salam.
2408 4317 2456 4379 1,
2487 4316 2538 4375 2.
2564 4322 2724 4370 tract.
2751 4316 2803 4381 5,
2839 4318 2891 4370 d.
2924 4318 2975 4380 3,
3000 4334 3056 4371 n.
3089 4320 3140 4373 9.
3169 4323 3225 4372 et
3249 4317 3392 4371 alios
3421 4334 3564 4387 quos
3600 4315 3805 4371 adduxi

2156 4386 2215 4466 in
2246 4387 2443 4440 Natur.
2477 4387 2649 4443 Theo.
2681 4387 2812 4441 dist.
2844 4387 2919 4466 _8,
2967 4405 3023 4466 n.
3068 4388 3313 4466 338_de__
3336 4386 3805 4466 Semipelagianis

2156 4460 2350 4510 tamen
2383 4473 2665 4529 nusquam
2707 4458 2857 4527 apud
2887 4460 3151 4529 antiquos
3187 4459 3393 4529 legitur
3420 4460 3573 4528 quod
3603 4458 3807 4513 divina:

2155 4528 2541 4609 cooperationi
2574 4528 3172 4609 sint‘adversatifNec
3285 4546 3421 4609 sane
3447 4531 3519 4584 ad
3551 4529 3805 4609 ipsorum

2155 4614 2389 4652 causam
2425 4599 2725 4663 referebat,
2759 4604 2820 4654 ut
2861 4600 3084 4655 videtur
3113 4618 3179 4655 ex
3208 4601 3372 4655 dictis
3409 4599 3795 4669 perspicuum.

2225 4669 2310 4741 2t.
2347 4668 2496 4741 Sileo
2524 4672 2592 4724 de
2623 4687 2690 4724 ea
2720 4671 3040 4725 insulsitate
3062 4688 3236 4741 quam
3260 4668 3456 4741 nuperi
3488 4672 3723 4741 quidam
3751 4672 3803 4724 in

2153 4738 2625 4811 Semipelagianis
2642 4741 2942 4805 damnant,
2960 4738 3109 4811 quod
3127 4738 3464 4796 admiserint
3477 4738 3637 4796 actus
3652 4757 3804 4796 mere

2152 4810 2444 4883 naturales
2472 4812 2622 4865 circa
2652 4812 2875 4883 objecta
2904 4810 3001 4867 illa
3034 4813 3355 4868 materialia
3377 4813 3582 4882 quibus
3614 4830 3805 4882 super—

2153 4880 2444 4954 naturales
2482 4886 2640 4936 actus
2671 4880 3048 4947 distinentur;
3087 4900 3136 4936 v.
3171 4901 3250 4954 g.,
3290 4880 3443 4953 quod
3462 4880 3807 4938 admiserint

2153 4951 2277 5025 dari
2310 4953 2812 5025 possenaturalem
2840 4954 3088 5024 aliquem
3112 4951 3409 5009 assensum
3442 4954 3800 5025 objectorum

2152 5023 2309 5091 queis
2332 5022 2651 5077 intellectus
2670 5022 3085 5093 supernat'urali
3110 5025 3220 5079 ﬁde
3248 5022 3544 5079 roboratus
3565 5029 3802 5093 preestat

2152 5108 2479 5165 assensum,
2503 5099 2559 5148 et
2589 5095 2910 5149 naturalem
2942 5096 3191 5165 aliquem
3225 5112 3502 5157 amorem,
3532 5093 3797 5149 cbaritati

2152 5162 2523 5233 theologiaein
2551 5182 2652 5218 suo
2675 5162 3395 5235 ordineproportionalem,
3428 5166 3645 5234 absque
3686 5165 3797 5219 ullo

2150 5237 2345 5308 tamen
2364 5235 2647 5308 ordinead
2663 5237 2909 5306 gratiam
2925 5236 3477 5308 etjustiﬁcationem.
3490 5237 3607 5290 Hoc
3619 5235 3797 5290 Semi-

2150 5304 2462 5378 pelagianis
2479 5306 2613 5378 vitio
2636 5304 2849 5362 vertere
2864 5324 2928 5362 ac
2944 5304 3231 5378 sufﬁgere,
3262 5308 3503 5377 ineptire
3532 5312 3621 5360 est
3650 5324 3662 5365 :
3696 5322 3795 5360 nec

2149 5380 2313 5429 vacat
2334 5376 2544 5449 injuria
2559 5377 2612 5430 in
2628 5379 2989 5448 gravissimos
3007 5376 3301 5449 theologos
3324 5376 3541 5433 veteres
3550 5378 3717 5447 juxta
3734 5392 3793 5430 ac

2149 5461 2325 5499 novos
2356 5447 2450 5516 qui
2476 5448 2556 5501 ita
2586 5447 2905 5503 senserunt.

2217 5517 2361 5571 Satis
2418 5519 2487 5572 de
2539 5518 3126 5589 Semipelagianorum
3177 5536 3386 5583 errore,
3444 5518 3491 5572 si
3540 5519 3623 5573 rei
3645 5516 3792 5588 apud

2145 5586 2444 5670 plerosque
2475 5586 2887 5670 implexi—tatem
2913 5590 3319 5670 et'argumenti
3380 5586 3789 5670 fecunditatem

2145 5661 2887 5741 specteshomninohpaucis
2913 5679 2925 5727 ;
2954 5662 2997 5715 si
3030 5661 3345 5741 institutum
3384 5661 3669 5741 hocnloco
3695 5676 3792 5713 no-

2145 5730 2523 5811 strum,plane
2550 5730 2932 5811 multis.Nunc
2955 5748 3028 5787 an
3046 5732 3136 5787 hic
3151 5734 3448 5811 ipseerror
3488 5732 3789 5811 \faleriano

2145 5802 2268 5870 iure
2287 5802 2640 5873 impiugatur
2660 5802 3362 5875 consideremus,repetitis
3383 5805 3530 5861 etad
3542 5818 3789 5867 examen
