3986 6178
209 238 329 298 801

1053 240 1171 300 ΤΗ.
1217 240 1597 303 RAYNAUDI
1640 233 2001 298 APOLOGIA
2042 233 2182 295 PRO
2222 235 2282 295 S.
2331 234 2774 303 VALERIANO.

3504 247 3621 308 802

210 370 310 445 t_us
342 365 530 445 otiose
549 367 962 445 opponebatur.
994 368 1072 425 De
1108 371 1417 445 posteriore
1466 371 1600 442 quia
1638 373 1871 442 putatur
1902 371 1952 430 Α
1982 367 2369 445 propositum,
2390 384 2457 445 ex
2488 386 2554 424 eo
2573 370 2724 445 quod
2740 382 3050 445 consensus
3072 384 3186 445 non
3212 369 3382 427 fuerit
3409 391 3509 445 per
3524 393 3630 434 nos

210 438 625 510 desperandus,
654 439 894 494 seorsim
928 438 1416 509 pronuntiandum
1444 438 1547 499 est.

848 529 1071 586 CAPUT
1112 531 1231 587 VII.

209 623 511 680 Catholice
538 625 772 679 omnino
803 640 839 680 a
876 626 1181 682 Valeriano
1206 630 1428 684 dictum
1453 644 1587 694 esse,
1616 636 1871 684 nostrum

208 710 332 751 esse
343 697 504 763 velle,
515 695 611 749 Dei
623 701 818 752 autem
829 700 1120 766 perﬁcere,
1136 701 1534 770 multipliciter
1546 700 1866 754 ostenditur.

284 793 337 847 1.
374 793 513 868 Tota
539 792 815 868 adversus
847 794 1215 868 Valerianum
1242 797 1375 852 belli
1426 797 1627 860 moles,
1686 802 1870 868 poste-

208 862 430 918 riorem
468 863 658 918 locum
691 880 758 918 ex
779 864 978 919 homil.
1004 867 1067 920 11
1103 872 1366 923 notatum
1400 862 1704 932 incumbit:
1738 884 1867 923 cum

209 934 424 990 diserte
454 935 647 989 tradat
670 951 737 989 eo
767 934 888 990 loco
911 937 1271 1001 Valerianus,
1303 943 1567 995 nostrum
1623 954 1737 995 esse
1776 940 1869 994 bo-

207 1022 357 1061 num
385 1007 551 1071 velle,
582 1006 687 1082 Dei
716 1021 849 1082 vero
871 1010 1173 1082 perﬁcere;
1199 1017 1251 1066 et
1282 1010 1417 1066 boni
1435 1011 1619 1082 Operis
1660 1012 1866 1066 volun-

210 1082 489 1151 tatem‘ex
508 1078 674 1132 nobis
693 1077 897 1134 debere
911 1077 1269 1148 descendere,
1291 1077 1707 1151 perfectionem
1732 1097 1868 1137 vero

209 1148 275 1201 in
298 1148 407 1203 Dei
424 1152 705 1215 potestate
720 1151 997 1217 pendere.
1014 1152 1089 1205 Et
1104 1148 1318 1208 habere
1337 1148 1566 1217 quidem
1590 1154 1869 1208 hominem

206 1221 474 1292 gratiam
498 1219 706 1292 laboris
748 1222 859 1285 sui,
876 1223 976 1276 sed
997 1224 1243 1278 Domino
1264 1219 1466 1279 debere
1486 1225 1747 1292 fructum
1775 1225 1871 1279 la-

210 1291 374 1365 baris
396 1290 640 1365 impleti.
675 1292 839 1355 Quod
880 1293 1105 1365 videtur
1155 1310 1276 1349 esse
1327 1290 1677 1365 ipsissimum
1717 1294 1867 1349 virus

208 1358 749 1431 Semipelagianum
763 1379 873 1433 quo
894 1363 1068 1419 homo
1090 1364 1171 1419 ita
1185 1358 1365 1420 Deum
1380 1365 1635 1420 admittit
1664 1365 1719 1419 in
1740 1366 1865 1420 sub-

206 1433 580 1507 sequentibus
609 1435 1026 1507 cqoperarium,
1054 1439 1116 1490 ut
1147 1440 1341 1491 tamen
1367 1438 1518 1506 quod
1574 1438 1638 1491 D.
1682 1439 1867 1507 Augu-

208 1503 398 1578 stinus
424 1503 521 1578 lib.
544 1508 623 1578 de
652 1504 925 1578 Prasdest.
957 1506 1059 1578 SS.
1087 1523 1211 1577 cap.
1247 1508 1298 1561 2.
1339 1503 1563 1578 egregie
1621 1503 1861 1572 notavit,

208 1574 430 1648 primas
450 1574 568 1648 sibi
592 1579 780 1645 partes
806 1576 864 1630 in
906 1576 1107 1631 salutis
1158 1574 1272 1633 suae
1322 1574 1550 1648 negotio
1598 1578 1862 1642 vindicet,

209 1647 328 1701 Deo
361 1647 639 1720 s_ecundas
668 1650 893 1701 tantum
921 1649 1215 1720 concedat,
1241 1652 1297 1703 et
1349 1647 1515 1720 quasi
1556 1656 1866 1718 componat

1981 439 2284 522 exhibitus,
2316 439 2424 493 nisi
2456 456 2555 522 per
2580 438 2775 511 gratia:
2804 438 3083 522 auxilium
3116 444 3172 495 et
3195 438 3544 522 prteveniens
3574 455 3632 505 et

1979 512 2353 591 coadjuvans,
2375 510 2700 591 continetur
2716 510 2899 591 verbis
2924 511 3035 565 illis
3056 529 3180 591 quae
3198 510 3270 591 in
3286 514 3570 591 invidiam
3597 537 3633 575 a

1978 582 2348 637 criminatore
2380 587 2806 651 vocantur,cum
2834 587 3029 636 tamen
3060 582 3174 637 sint
3189 584 3636 646 catholicissima

1980 657 2037 707 et
2066 669 2471 723 usquequaque
2501 654 2790 709 sana.Nec
2814 669 2912 707 nos
2933 670 3138 724 negare
3156 672 3442 725 possumus
3470 676 3634 714 orna-

1978 729 2176 797 menta
2189 726 2466 797 religiosae
2480 728 2613 779 vitm
2631 725 3135 797 vigilantitestudio
3165 731 3503 797 comparari.
3524 731 3637 787 Sed

1980 794 2057 849 ibi
2092 797 2237 867 Deus
2256 802 2357 861 est,
2382 796 2481 850 ubi
2510 799 2740 865 integrae
2781 795 3075 867 religionis
3125 806 3205 852 est
3249 794 3486 867 animus,
3548 804 3633 859 ita

1977 866 2248 942 4pos_tolo
2271 867 2497 942 dicente
2515 866 2883 942 .ﬁa'emplum
2894 868 3015 942 ejus
3038 870 3321 937 quaeritis,
3353 874 3455 942 qui
3474 866 3531 925 in
3548 889 3633 930 me

1984 938 2245 1007 loquitur
2266 938 2527 993 Christus
2542 941 2569 992 ?
2582 940 2703 991 Haec
2723 936 2779 990 in
2798 936 3074 991 invidiam
3094 936 3388 1007 vocantur,
3406 946 3463 997 et
3480 960 3629 998 mor-

1979 1008 2125 1083 bosa
2144 1024 2178 1062 a
2206 1007 2576 1083 criminatore
2590 1012 2912 1083 censentur,
2933 1009 3027 1083 qui
3047 1014 3209 1079 putat
3223 1028 3456 1083 sensum
3484 1031 3627 1083 esse,

1978 1079 2229 1133 studium
2254 1079 2520 1134 humanas
2552 1079 2879 1155 vigilantiae,
2900 1080 3127 1135 excluso
3157 1082 3255 1155 Dei
3282 1084 3511 1149 auxilio,
3532 1079 3627 1155 pa;

1976 1166 2104 1222 rare
2126 1155 2461 1205 ornamenta
2491 1150 2771 1221 religiosa:
2795 1150 2950 1222 vitae,
2986 1168 3051 1207 eo
3079 1154 3231 1222 quod
3260 1155 3408 1210 Deus
3462 1150 3629 1212 adve-

1978 1221 2100 1295 niat
2129 1238 2240 1292 quo
2272 1238 2401 1277 eum
2435 1226 2598 1295 vocat
2627 1221 2806 1295 animi
2837 1221 3036 1292 religio
3067 1221 3303 1295 integra,
3325 1230 3383 1280 et
3410 1233 3628 1283 natura)

1978 1291 2189 1347 viribus
2218 1298 2515 1376 concepta.
2536 1294 2646 1376 Sed
2673 1293 2763 1347 hic
2792 1291 2990 1376 sensus
3050 1300 3135 1349 est
3180 1291 3374 1376 aperte
3430 1304 3629 1376 contra

1978 1380 2214 1434 scopum
2232 1365 2540 1428 Valeriani,
2586 1368 2643 1419 et
2673 1369 2887 1434 pugnat
2951 1382 3078 1419 cum
3123 1365 3347 1422 ratione
3393 1386 3460 1424 ex
3505 1370 3627 1426 loco

1977 1435 2231 1505 Apostoli
2254 1436 2511 1506 proxime
2539 1437 2786 1490 adducto
2818 1436 3014 1506 petita.

2049 1506 2366 1562 Germanus
2382 1507 2575 1577 itaque
2593 1507 2881 1561 Valeriani
2897 1524 3096 1562 sensus
3111 1511 3197 1563 est
3210 1524 3275 1563 ex
3293 1509 3628 1567 immediate

1976 1577 2095 1647 60
2127 1578 2433 1659 praemissis
2460 1579 2821 1659 repetendus.
2854 1579 3105 1659 Dixerat,
3160 1580 3412 1659 stultitiae
3448 1599 3629 1653 genus

1977 1664 2098 1718 esse
2124 1650 2311 1718 prima
2342 1666 2444 1703 sua
2466 1648 2627 1703 initia
2658 1650 2947 1704 naturalia
2975 1650 3092 1706 Deo
3146 1648 3476 1717 ascribere:
3512 1671 3626 1708 non

209 1733 339 1794 cum
362 1717 495 1782 Deo,
522 1723 614 1794 ut_
609 1721 836 1794 partem
866 1719 989 1794 sibi
1008 1720 1284 1794 vindicet,
1313 1717 1485 1791 atque
1514 1721 1607 1794 illi
1636 1717 1865 1790 partem
1901 1726 1944 1785 Β
1976 1717 2791 1794 item’supernaturaliatInde
2809 1721 2979 1775 tacite
2998 1738 3298 1777 occurrens
3320 1725 3627 1794 objectioni

211 1790 527 1859 relinquat.
559 1789 635 1844 Et
666 1789 817 1859 quod
834 1796 914 1845 est
940 1789 1429 1858 elatius,primam
1457 1791 1607 1847 tollit
1629 1789 1765 1859 ipse,
1786 1807 1869 1846 se-

212 1867 473 1932 quentem
502 1860 600 1932 dat
632 1860 748 1923 illi,
782 1866 833 1913 et
858 1862 922 1915 in
957 1877 1016 1916 eo
1042 1863 1201 1931 quod
1228 1862 1364 1917 dicit
1396 1878 1514 1918 esse
1541 1860 1861 1927 amborum,

206 1931 464 2000 priorem
495 1945 555 1986 se
567 1931 741 1998 facit,
757 1933 1142 1999 posteriorem
1169 1934 1373 1989 Deum.
1406 1934 1651 1987 Tantum
1668 1937 1866 1988 tamen

207 2002 394 2075 abest,
426 2007 488 2055 ut
516 2001 608 2055 hic
638 2001 794 2056 locus
826 2002 1214 2075 desperandus
1231 2004 1599 2075 sit,utpotius
1613 2020 1865 2058 commo-

207 2071 464 2136 dissime,
498 2088 600 2127 nec
622 2088 734 2127 uno
759 2071 943 2127 modo
961 2076 1261 2130 ostendere
1283 2071 1453 2131 liceat
1482 2075 1622 2129 nihil
1679 2074 1739 2129 in
1797 2092 1863 2130 eo

206 2143 491 2199 afﬁrmari
531 2160 664 2198 cum
685 2160 827 2199 sana
850 2145 1110 2199 doctrina
1140 2146 1333 2201 minus
1372 2146 1755 2202 consentiens.

274 2216 450 2285 quue
482 2215 704 2270 videtur
733 2216 1029 2286 agnovisse
1053 2215 1301 2271 Ecclesia
1356 2217 1749 2287 Lugdunensis
1804 2216 1865 2271 li-

204 2286 307 2359 bro
337 2288 542 2340 contra
568 2287 852 2359 Joannem
890 2288 1147 2359 Scotum,
1190 2288 1361 2359 circa
1412 2286 1863 2359 propositionem

206 2358 331 2427 ejus
362 2361 652 2431 quartam,
670 2358 862 2431 inipso
873 2357 1008 2431 ﬁne.
1039 2357 1588 2429 Postlongam‘eni’m
1601 2359 1863 2431 rejectio-

204 2444 336 2483 nem
371 2428 775 2508 propositionis
805 2429 975 2493 illius,
1004 2428 1376 2508 nostrumest
1406 2428 1701 2508 inchogre,
1760 2430 1865 2508 _Dei

204 2514 307 2567 per
332 2500 589 2571 gratiam,
608 2501 907 2568 perﬁcere,
935 2500 1125 2555 subdit
1146 2501 1536 2571 Lugdunensis
1568 2500 1811 2556 Ecclesia
1846 2520 1859 2558 :

206 2570 264 2625 Si
279 2571 447 2624 istius
472 2570 640 2643 verba
658 2571 841 2643 alium
866 2570 1347 2643 sensumrhabent,
1365 2572 1603 2628 ostendit
1621 2573 1738 2640 ipse
1764 2572 1865 2643 qui

205 2643 464 2713 scripsit.
500 2642 637 2713 Quae
664 2642 835 2696 verba
873 2646 1067 2713 aperte
1092 2642 1359 2707 innuunt,

207 2716 403 2783 aperte
430 2711 777 2778 haereticum,
806 2711 1117 2782 qui—verbis
1144 2713 1254 2768 illis
1308 2714 1365 2768 in
1392 2711 1628 2769 extima
1674 2718 1865 2768 crusta

206 2783 475 2855 spectatis
504 2784 734 2855 subesse
766 2788 974 2854 potest,
1010 2784 1187 2838 alium
1219 2785 1533 2839 adinveniri
1558 2800 1722 2855 posse
1764 2800 1862 2839 ca-

205 2854 485 2909 tholicum
517 2854 729 2909 etlabis
750 2860 1058 2926 expertem.
1078 2856 1217 2909 Eum
1242 2872 1345 2909 nos
1376 2854 1672 2926 (quidquid
1691 2855 1765 2909 sit
1795 2856 1864 2909 de

205 2926 427 3007 Joanne
449 2928 657 3007 sem-0,.
680 2926 776 3007 qui
804 2926 1049 3007 gratiam
1083 2926 1532 3007 praevenientem
1544 2997 1554 3007 ι
1581 2926 1864 3007 in‘ﬁciatus

206 2996 387 3051 videri
411 3000 616 3067 potest,
643 2996 813 3064 (circa
840 2997 1212 3051 Valerianum
1226 2997 1494 3052 afﬁnibus
1520 2997 1648 3052 licet
1681 2997 1863 3052 verbis

1391 2648 1601 2714 praeter
1630 2659 1863 2698 sensum

1975 1806 2099 1859 quae
2125 1790 2365 1863 proferri
2394 1807 2427 1844 a
2457 1792 2700 1861 superbo
2732 1795 2976 1863 poterat,
3018 1808 3085 1863 ex
3129 1809 3197 1847 eo
3253 1790 3407 1863 quod
3461 1811 3628 1849 orna-

1974 1864 2171 1916 menta
2195 1861 2466 1916 virtutum
2494 1866 2899 1931 comparentur
2915 1862 3166 1916 hominis
3196 1861 3407 1929 studio,
3436 1866 3628 1919 subdit

1973 1948 2033 1987 se
2062 1932 2293 2004 quidem
2317 1949 2523 2004 negare
2554 1948 2669 1986 non
2698 1949 2859 2002 posse
2875 1933 3012 2003 quin
3035 1932 3354 1987 humanum
3372 1935 3626 1989 studium

1972 2003 2235 2074 conferat
2258 2004 2332 2057 ad
2354 2003 2421 2058 ea
2442 2008 2785 2057 ornamenta
2801 2006 3225 2074 comparanda;
3251 2006 3349 2058 sed
3375 2005 3481 2059 hoc
3512 2011 3626 2060 stu-

1973 2073 2131 2127 dium
2154 2090 2275 2155 non.
2297 2090 2481 2155 essene.
2517 2074 2700 2155 nobis,
2734 2075 2860 2155 sed
2888 2091 2921 2128 a
2945 2073 2950 2074 “
2976 2076 3091 2129 Deo
3118 2076 3521 2155 praeveniente
3569 2080 3627 2131 et

1973 2150 2336 2214 cooperante.
2375 2145 2481 2202 Ubi
2508 2146 2658 2201 enim
2675 2153 2751 2199 est
2778 2146 3010 2215 integra
3042 2145 3334 2216 religionis
3364 2148 3620 2211 animus,

1971 2215 2047 2269 ibi
2067 2217 2217 2270 Deus
2242 2223 2358 2285 est;
2401 2232 2515 2270 non
2567 2222 2998 2285 consequenter,
3051 2215 3167 2270 sed
3200 2219 3621 2273 antecedenter.

1972 2286 2144 2352 Quasi
2176 2287 2388 2342 diceret
2419 2288 2619 2351 :Vere,
2648 2286 2901 2356 quisquis
2922 2303 2982 2341 es
3029 2286 3123 2356 qui
3174 2288 3230 2342 id
3288 2289 3459 2343 tacite
3510 2294 3627 2343 tra-

1972 2361 2112 2424 ctas,
2136 2357 2291 2429 vigili
2323 2357 2509 2413 studio
2541 2357 2751 2429 aliquid
2790 2357 2992 2419 fecisti,
3020 2358 3120 2412 sed
3154 2359 3315 2429 cujus
3368 2358 3518 2429 ope?
3569 2363 3626 2415 et

1972 2430 2123 2484 unde
2143 2427 2286 2483 illud
2307 2427 2607 2484 studium?
2635 2432 2721 2482 An
2753 2444 2867 2483 non
2890 2445 2923 2482 a
2955 2430 3090 2492 Deo,
3125 2433 3187 2483 ut
3209 2427 3279 2484 de
3305 2427 3495 2485 suo—in
3530 2430 3625 2485 bo-

1972 2516 2112 2554 num
2136 2500 2463 2555 animarum
2482 2499 2673 2554 studio
2705 2498 3097 2569 pronuntiavit
3116 2501 3441 2570 Apostolus,
3491 2518 3624 2556 cum

1973 2571 2115 2650 dixit
2112 2588 2146 2650 λ
2162 2572 2252 2650 _An
2268 2574 2723 2650 experimentum
2737 2571 2997 2650 quaeritis
3010 2586 3058 2650 ej.
3068 2585 3133 2650 us
3148 2574 3249 2650 qui
3261 2572 3321 2624 in
3336 2588 3428 2650 me
3440 2574 3621 2650 loqui}

1974 2648 2074 2696 tur
2100 2641 2409 2696 Christus?
2434 2643 2631 2711 Itaque
2656 2640 2950 2711 vigilantia
2963 2640 3194 2709 quidem
3224 2640 3519 2696 laudanda
3539 2647 3626 2697 est

1972 2713 2579 2790 commendandusque
2590 2714 2829 2790 conatus
2846 2711 3065 2790 adboni
3082 2712 3268 2790 operis
3289 2712 3623 2790 exercitium

1972 2730 2579 2837 commencanausque
2590 2730 2829 2765 conatus
2846 2730 2919 2765 aa
2933 2730 3065 2764 nom
3082 2730 3268 2790 operis
3289 2730 3620 2767 exercitium

1972 2787 2341 2853 expromptus
2362 2801 2379 2853 ;
2404 2800 2462 2839 se
2522 2781 2629 2836 nisi
2661 2781 3056 2853 antecessisset
3080 2781 3271 2835 divma
3284 2783 3620 2851 praeventio,

1971 2852 2329 2909 conatus’ille
2356 2852 2421 2908 ac
2442 2853 2598 2908 nisus
2630 2852 2956 2924 voluntatis,
2980 2868 3093 2905 non
3114 2854 3287 2907 modo
3316 2854 3623 2924 languidus

1972 2925 2141 3006 plane
2172 2929 2229 2980 et
2256 2923 2701 3006 cassus‘fu‘isset,
2734 2923 2859 3005 Osed.
2907 2939 3147 3006 prorsus
3200 2923 3436 3006 null-uls.’
3464 2925 3624 3006 Iiunc

1972 2992 2158 3066 ipsum
2186 3012 2416 3050 sensum
2440 2996 2510 3050 de
2527 2992 2779 3048 hominis
2808 2992 3107 3064 vigilantia
3128 3010 3195 3048 ac
3211 2995 3625 3064 justiﬁcatione

205 3066 1071 3143 usum.:e‘xhibereconabimur,
1105 3084 1243 3143 nec__
1266 3068 1513 3133 difficile,
1557 3072 1619 3122 ut
1674 3068 1861 3139 spero)
1896 3083 1942 3143 ο
1973 3069 2224 3143 produnt
2250 3067 2351 3143 illa
2377 3066 2673 3143 Augustini
2694 3081 2863 3143 serra.
2900 3066 2987 3129 15,
3021 3066 3090 3143 de
3122 3066 3292 3122 Verb.
3328 3068 3622 3143 AApo_st._c.

204 3138 622 3209 exhibebimus,
656 3142 712 3193 et
737 3139 969 3208 quidem
1000 3138 1398 3209 multiplicem.

274 3210 343 3263 Et
371 3209 430 3263 in
459 3208 656 3279 primis
688 3210 1060 3280 spectandum
1095 3208 1183 3264 est
1206 3210 1493 3265 Valeriani
1512 3209 1859 3278 institutum,

205 3285 261 3334 et
302 3280 601 3335 sententiae
623 3296 752 3350 quae
792 3280 849 3333 in
881 3280 1157 3335 invidiam
1206 3286 1440 3336 vocatur
1495 3281 1742 3335 cohiesio
1795 3298 1861 3336 ac

205 3354 431 3433 textura
454 3367 584 3405 cum
612 3350 1078 3433 antecedentibus
1098 3356 1155 3407 et
1183 3353 1690 3433 consequentibus.
1726 3354 1861 3433 _Va-

204 3421 283 3477 let
312 3421 471 3476 enim
531 3421 792 3477 universe
838 3423 989 3492 quod
1038 3423 1304 3493 praeclare
1352 3421 1502 3478 circa
1559 3424 1862 3493 Scriptura

204 3493 331 3547 loca
356 3497 700 3547 annotatum
729 3498 814 3548 est
840 3510 875 3547 a
900 3494 962 3547 D.
990 3493 1397 3564 Chrysostomo
1424 3494 1580 3549 hom.
1614 3494 1671 3548 in
1720 3493 1861 3548 illud

204 3564 452 3635 Jerem.:
490 3565 633 3635 Scio,
649 3564 905 3627 Domine,
933 3565 1073 3635 quia
1092 3581 1209 3620 non
1231 3572 1313 3621 est
1346 3566 1597 3621 hominis
1620 3565 1857 3635 viaejus.

203 3634 425 3704 Nempe
448 3634 671 3706 nullam
702 3650 824 3689 esse
856 3634 1339 3706 periculosiorem,
1368 3640 1468 3690 aut
1497 3635 1683 3706 magis
1726 3652 1862 3706 prte-

206 3710 502 3777 posteram
526 3705 634 3777 loci
667 3706 908 3777 alicujus
929 3705 1489 3775 interpretationem,
1522 3705 1696 3777 quam
1732 3705 1860 3777 qua;

205 3778 379 3831 datur
410 3776 507 3847 uni
533 3776 772 3846 alicujus
793 3775 941 3844 loco,
985 3794 1017 3830 a
1067 3794 1304 3847 corpore
1361 3775 1720 3832 tracta—tionis
1755 3775 1861 3831 icui

202 3846 549 3902 commissus
561 3852 683 3918 erat
694 3846 1649 3918 avulso,neglecta’antecedentium
1662 3852 1719 3902 et
1729 3863 1860 3902 con-

200 3917 566 3988 sequentium
593 3917 910 3973 cohaesione
940 3915 1335 3972 δι’ἀκολουδεία
1368 3936 1650 3989 scopoque
1700 3922 1860 3973 auto-

200 3990 303 4043 ris.
339 3991 556 4061 Scopus
581 4004 716 4058 ergo
747 3988 1030 4043 Valeriani
1057 4006 1123 4044 eo
1144 3989 1268 4061 loco
1299 3994 1422 4061 erat
1447 3988 1860 4061 inﬁgere.stul-

203 4062 355 4114 tiliae
373 4063 436 4114 ut
455 4059 554 4119 ait,
582 4074 762 4129 genus
780 4075 916 4123 esse,
951 4068 1011 4114 ut
1042 4076 1175 4115 cum
1198 4060 1308 4115 alii
1326 4060 1527 4115 debeas
1557 4059 1695 4115 vitae
1711 4060 1861 4115 bene-

196 4132 428 4197 ﬁcium.
462 4130 569 4184 tibi
590 4131 854 4185 ascribas
881 4138 1211 4187 ornamenta
1250 4132 1555 4186 virtutum.
1584 4130 1747 4194 Cum,
1777 4129 1860 4183 in-

198 4218 404 4272 quam,
433 4216 712 4272 agnoscas
738 4206 793 4255 te
819 4218 853 4255 a
885 4203 1001 4256 Deo
1028 4201 1239 4256 habere
1268 4203 1419 4272 quod
1442 4201 1516 4255 sis
1545 4202 1859 4272 secundum

199 4271 497 4330 naturam.
530 4271 793 4327 inﬁcieris
821 4277 1014 4328 tamen
1035 4277 1089 4327 te
1117 4274 1186 4327 ab
1218 4271 1423 4330 eodem
1441 4272 1651 4327 habere
1680 4276 1743 4327 ut
1759 4271 1859 4326 tibi

198 4345 351 4399 bene
382 4342 456 4397 sit
474 4358 647 4412 supra
678 4348 967 4409 naturam,
996 4347 1052 4398 et
1104 4345 1293 4414 quoad
1341 4344 1576 4399 virtutes
1614 4343 1857 4407 infusus,

198 4414 920 4492 aliaquesupernaturalia
953 4414 1166 4469 animae
1194 4416 1417 4492 decora.
1440 4416 1569 4492 tloc
1598 4414 1679 4468 ita
1728 4430 1859 4492 con-
1891 4434 1936 4492 Ι)

196 4486 403 4540 ﬁrmat
419 4484 848 4549 Valerianus,ut
860 4490 1052 4540 tamen
1073 4490 1345 4555 negatum
1361 4485 1503 4539 nolit
1515 4490 1861 4540 ornamenta

196 4555 484 4627 religiosae
514 4555 644 4627 vitae
668 4556 971 4627 vigilantia:
1001 4557 1190 4611 studio
1238 4556 1596 4626 comparari;
1643 4573 1859 4627 nosque

202 4629 279 4682 ad
311 4626 443 4682 eam
478 4626 691 4682 animae
717 4626 1149 4682 exornationem
1164 4626 1859 4698 etmundumsupernatu-

198 4699 392 4754 ralem
415 4697 631 4767 aliquid
661 4698 918 4754 conferre
953 4718 964 4756 :
994 4698 1267 4754 nimirum
1297 4697 1858 4754 assensum’liberum

200 4787 321 4840 quo
352 4769 689 4840 admonenti
711 4771 825 4823 Deo
849 4770 1176 4835 annuimus,
1208 4788 1337 4825 cum
1369 4770 1426 4825 in
1456 4774 1737 4840 potestate
1762 4787 1862 4825 no-

199 4839 327 4896 atra
344 4839 518 4894 situm
550 4845 699 4895 esset
714 4840 1016 4911 refragari,
1045 4846 1101 4895 et
1126 4841 1381 4896 divinam
1401 4839 1860 4896 so’llicitationem

202 4929 274 4967 ac
300 4913 620 4983 motionem
649 4928 752 4966 nos
777 4912 1214 4983 praevenientem
1245 4913 1512 4983 abjicere,
1544 4916 1607 4966 ut
1633 4912 1863 4967 Triden-

202 4984 400 5037 tinum
423 4982 632 5037 diserte
663 4982 834 5038 tradit
866 4999 1005 5037 sess.
1039 4985 1091 5047 6,
1124 5000 1248 5053 cap.
1289 4982 1341 5037 ἱ.
1402 4984 1485 5038 Ne
1542 4999 1674 5038 vero
1728 4984 1861 5038 inde

201 5053 441 5109 animus
466 5054 755 5109 humanus
784 5053 1145 5117 intumescat,
1181 5054 1343 5108 addit
1370 5053 1726 5119 Valerianus,
1768 5070 1861 5108 ne-

202 5142 317 5197 que
342 5142 411 5180 ex
438 5141 672 5179 assensu
714 5124 810 5178 illo
838 5128 895 5197 et
950 5124 1226 5197 volitione
1272 5124 1411 5197 boni
1458 5124 1717 5197 adhibita
1765 5140 1865 5194 per

200 5194 863 5276 voluntatem_,._prreberi
893 5194 1445 5276 vanae-Agloriationis
1499 5194 1859 5276 occasionem

203 5285 338 5323 cum
368 5284 437 5323 ea
454 5264 833 5321 studii—nostri
878 5264 1147 5321 exhibitio
1200 5265 1425 5321 etiamsi
1457 5282 1556 5336 per
1614 5264 1861 5336 gratiam

204 5343 569 5418 exprompta,
601 5354 666 5391 ac
682 5338 766 5418 de
790 5336 1101 5418 voluntatis
1124 5336 1285 5418 ‘silice
1315 5336 1860 5418 velut_excusa,'im-

203 5407 412 5491 primis
440 5407 536 5464 Dei
565 5408 776 5491 auxilio
806 5409 1025 5491 eguerit
1080 5412 1142 5462 ut
1165 5478 1175 5488 .
1198 5409 1589 5491 excuderetur.
1610 5407 1863 5491 “Deinde

200 5477 331 5551 iam
358 5496 566 5534 excusa
590 5484 713 5551 tota
737 5477 863 5532 non'
879 5480 951 5533 sit
971 5483 1027 5533 et
1060 5478 1428 5549 periclitetur,
1462 5477 1569 5551 nisi
1592 5478 1864 5551 divinitus

205 5548 494 5615 ﬁrmetur,
519 5549 925 5620 muniaturque
944 5551 1212 5604 adversus
1233 5549 1695 5619 supervenientes
1717 5548 1863 5602 difﬁ-

207 5622 475 5695 cultates,
509 5636 635 5691 quae
667 5620 925 5695 plurimae
954 5636 1181 5695 semper
1217 5624 1274 5675 et
1290 5637 1499 5695 graves
1528 5620 1865 5691 impendent

208 5693 269 5751 in
303 5691 828 5762 supernaturalium
852 5691 1087 5762 operum
1119 5691 1406 5747 exercitio.

283 5763 338 5820 2.
368 5761 623 5837 primum
642 5761 784 5822 illud
811 5761 1156 5821 humilitatis
1180 5762 1464 5823 motivum
1488 5780 1524 5821 a
1549 5762 1861 5823 Valeriano

1974 3136 2034 3192 li
2073 3156 2085 3192 :
2118 3136 2601 3205 Justiﬁcatio’nem
2627 3144 2677 3192 et
2710 3137 3019 3192 habeamus
3056 3136 3119 3190 in
3151 3136 3435 3207 quantum
3460 3139 3629 3194 habe-

1970 3226 2117 3275 mus,
2144 3215 2193 3263 ει
2215 3224 2528 3278 augeamus
2537 3208 2601 3263 in
2611 3216 2883 3279 quantum
2898 3206 3145 3261 minores
3160 3206 3374 3272 sumus,
3391 3215 3444 3264 et
3464 3210 3629 3279 perﬁ-

1971 3282 2211 3350 ciamus,
2242 3277 2346 3335 etc.
2376 3279 2486 3335 Sed
2502 3277 2675 3335 totum
2705 3294 2779 3334 ea:
2809 3277 2942 3343 Deo,
2958 3293 3069 3333 non
3096 3284 3289 3333 tamen
3309 3277 3482 3350 quasi
3500 3277 3626 3333 dor-

1970 3348 2548 3421 mientes,nonquasi
2575 3354 2763 3405 utnon
2795 3348 3403 3419 conemur,nonquasi
3427 3358 3491 3405 ut
3520 3366 3627 3421 non

1970 3422 2224 3477 velimus.
2239 3422 2376 3477 Sine
2390 3420 2694 3477 voluntate
2712 3427 2834 3483 tua,
2854 3436 2972 3475 non
2986 3422 3091 3475 erit
3103 3421 3165 3474 in
3180 3424 3231 3475 te
3242 3421 3484 3488 justitia
3496 3420 3624 3476 Dei.

1980 3493 2262 3549 Voluntas
2283 3492 2508 3563 quidem
2521 3508 2639 3547 non
2652 3498 2732 3547 est
2753 3490 2870 3563 nisi
2880 3501 2896 3563 ι
2908 3506 2982 3546 ua
3000 3503 3021 3555 ,'
3037 3490 3279 3563 justitia
3296 3506 3411 3544 non
3421 3497 3502 3546 est
3518 3492 3630 3563 nisi

1972 3565 2094 3619 Dei.
2112 3565 2251 3619 Esse
2277 3560 2459 3631 potest
2475 3562 2701 3633 justitia
2716 3562 2821 3616 Dei
2835 3562 2953 3616 sine
2979 3560 3275 3617 voluntate
3291 3567 3425 3633 tua;
3444 3562 3544 3617 sed
3567 3561 3625 3614 in

1973 3639 2027 3690 te
2055 3650 2170 3690 esse
2190 3650 2303 3689 non
2330 3632 2528 3703 potest,
2550 3635 2666 3689 nisi
2690 3633 3169 3703 pervoluntatem
3192 3635 3368 3703 luam.
3389 3632 3626 3686 Etmox:

1969 3706 2112 3760 Sine
2128 3709 2182 3760 te
2190 3702 2401 3783 fecit’te
2410 3705 2557 3758 Deus
2570 3716 2596 3783 _,'
2607 3719 2723 3783 non
2739 3703 2895 3783 enim
2912 3702 3230 3783 adhibuisti
3243 3702 3481 3783 aliquem
3494 3718 3624 3783 conj

1969 3791 2193 3829 sensum
2222 3780 2283 3846 ut
2306 3781 2360 3846 te
2369 3775 2579 3843 laceret
2600 3773 3063 3846 Deus.Quomodo
3074 3773 3494 3839 consentiebas,
3527 3779 3628 3846 qui

1970 3861 2086 3900 non
2114 3845 2284 3900 eras?
2296 3845 2410 3911 Qui
2427 3861 2550 3915 ergo
2566 3845 2706 3913 feclt
2728 3851 2779 3899 te
2799 3844 2917 3900 sine
2940 3853 3138 3911 te,non
3153 3847 3200 3898 te
3203 3846 3485 3914 justiﬁcat
3505 3844 3627 3902 sine

1972 3923 2044 3971 te.
2060 3916 2217 3985 Ergo
2224 3916 2367 3983 fecit
2381 3915 2604 3971 nescien
2614 3921 2743 3977 tem.
2758 3916 3048 3984 justiﬁcat
3062 3917 3361 3971 volentem.
3388 3916 3539 3971 Satis
3557 3918 3626 3971 de

1971 3986 2157 4057 primo
2183 3985 2524 4057 humilitatis
2546 3985 2888 4057 motivoper
2920 3985 3291 4057 Valerianum
3311 3986 3622 4057 proposito.

2042 4056 2214 4111 Addit
2238 4055 2410 4111 etiam
2433 4056 2743 4110 secundum
2756 4055 2882 4126 jam
2897 4058 3115 4107 tactum
3137 4056 3485 4126 humilitatis
3505 4072 3626 4111 mo-

1971 4127 2173 4190 tivum,
2209 4128 2283 4182 ad
2308 4125 3087 4198 deprimendum’tumorem,
3122 4141 3187 4179 ex
3219 4141 3289 4180 ea
3319 4125 3492 4180 studii
3524 4126 3625 4181 hu-

1970 4198 2129 4253 mani
2146 4198 2324 4253 libera
2348 4195 2653 4254 collatione
2675 4196 2731 4250 in
2747 4195 3238 4266 comparationem
3257 4201 3625 4252 ornamento-

1971 4286 2098 4325 rum
2129 4270 2362 4325 animre.
2395 4270 2613 4339 Nempe
2643 4268 2795 4338 quod
2826 4272 3027 4337 praeter
3060 4266 3318 4339 divinum
3348 4268 3625 4324 auxilium

1970 4341 2318 4413 praeveniens
2348 4346 2519 4411 atque
2539 4355 2873 4413 cooperans,
2907 4354 3139 4413 egemus
3161 4338 3353 4413 divino
3412 4340 3626 4395 auxilio

1970 4409 2373 4494 subsequente,
2400 4409 2512 4494 quo
2538 4409 2837 4494 ﬁrmemur
2864 4414 2935 4494 et
2947 4409 3293 4494 mnu-iamne
3307 4411 3369 4494 in
3387 4412 3537 4494 bono
3559 4428 3627 4468 ex

1972 4481 2554 4553 divina‘inspiratione
2583 4481 3047 4553 concepto.Satis
3069 4481 3145 4535 ibi
3164 4482 3404 4537 vacillat
3423 4482 3625 4539 huma-

1971 4572 2108 4611 num
2136 4552 2417 4620 studium,
2452 4554 2546 4609 ubi
2558 4552 2999 4623 nonrequiritur
3011 4554 3115 4608 Dei
3143 4553 3449 4610 auxilium.
3475 4556 3625 4611 Nam

1970 4643 2088 4682 non
2102 4625 2264 4682 dubie
2278 4626 2653 4696 periclitatur
2662 4624 2881 4693 ﬁdes,si
2890 4639 3001 4696 non
3016 4623 3312 4696 muniatur
3320 4628 3626 4696 patrocinio

1970 4643 2088 4682 non
2102 4642 2170 4680 au
2180 4642 2264 4682 me
2278 4642 2653 4696 periclitatur
2662 4642 2879 4693 paes,sz
2890 4642 3001 4678 non
3016 4642 3626 4748 muniaturpatrocmio

1970 4698 2591 4753 divinitatis.Nostrum
2609 4704 2689 4752 est
2702 4696 2879 4766 igitur
2891 4694 3091 4749 bonum
3104 4694 3314 4759 velle,C
3354 4698 3491 4751 risti
3502 4713 3626 4752 vero

1967 4769 2271 4838 perﬁcere.
2294 4768 2447 4824 Nam
2470 4770 2553 4824 ita
2575 4767 2881 4837 Apostolus
2910 4766 3206 4838 loquitur:
3236 4767 3384 4838 Velle
3404 4768 3622 4836 adjacet

1970 4837 2131 4905 mihi,
2158 4840 2435 4907 perﬁcere
2457 4847 2649 4896 autem
2681 4838 2893 4907 bonum
2908 4852 3018 4891 non
3050 4837 3627 4893 invenio.Denuntiat

1973 4906 2307 4965 Valerianus
2330 4927 2433 4965 nos
2447 4910 2608 4964 nobis
2630 4925 2745 4962 non
2771 4906 3053 4972 sufﬁcere,
3074 4924 3143 4962 ne
3167 4908 3239 4961 ad
3260 4909 3473 4961 bonum
3500 4906 3621 4977 qui-

1974 4982 2105 5058 dem
2135 4982 2698 5058 aspiranteDeojam
2717 4989 3089 5058 conceptum,
3106 4995 3171 5032 eo
3185 4980 3339 5058 quo_d
3366 4977 3532 5058 facile
3550 4979 3621 5058 oh

1974 5047 2371 5107 inﬁrmitatem
2403 5047 2588 5105 simus
2614 5048 2954 5112 vacillaturi,
2988 5048 3045 5100 in
3077 5047 3252 5101 tantis
3282 5047 3546 5101 ﬂuctibus
3574 5052 3626 5102 3t

1973 5123 2313 5183 turbinibus,
2343 5125 2616 5191 tantaque
2648 5124 2845 5174 nostra
2875 5118 3285 5191 imbecillitate.
3313 5119 3508 5191 Itaque
3540 5135 3625 5191 re-

1972 5193 2315 5274 quirendum
2328 5192 2443 5246 sive
2456 5188 2885 5271 implorandum
2899 5190 2974 5270 hu
2984 5188 3340 5274 nii‘lli-meesse
3357 5190 3454 5270 Dei
3467 5190 3625 5274 auxi-

1974 5259 2111 5317 lium
2145 5264 2494 5331 subsequens
2525 5259 2591 5315 ac
2639 5260 2905 5315 muniens
2936 5260 2993 5331 in
3048 5264 3134 5313 tot
3175 5259 3622 5319 discriminibus.

1973 5330 2379 5414 Quodsanead
2395 5330 3153 5414 cohibendam‘intiationem
3171 5348 3237 5414 ex
3257 5332 3410 5414 bono
3422 5348 3626 5414 _op_ere-

1972 5409 2028 5460 et
2040 5404 2248 5458 collato
2261 5403 2436 5457 libere
2450 5418 2684 5457 assensu
2703 5400 3011 5455 voluntatis
3025 5401 3294 5458 divinitus
3309 5400 3624 5459 sollicitata;

1972 5479 2058 5531 est
2080 5473 2732 5547 appositissimum,cum
2750 5472 2887 5547 inde
2901 5472 3115 5547 liqueat
3133 5490 3237 5529 nos
3257 5476 3625 5547 quidemjam

2013 5543 2288 5601 rmvehtos
2318 5545 2604 5600 tantulum
2631 5543 2767 5615 quid
2793 5543 3121 5608 contulisse,
3153 5543 3627 5602 consensum'sci-

2013 5565 2288 5601 ι’ξενθῐιῐοε
2318 5565 2604 5600 tantumm
2631 5565 2767 5615 qum
2793 5565 3121 5608 οοηιυιιδεε,
3153 5565 3496 5602 consensum
3523 5565 3625 5601 SCI-

1971 5565 2101 5673 Ficet
2122 5617 2362 5673 liberum
2386 5634 2498 5688 quo
2531 5616 2646 5672 Deo
2661 5615 3243 5673 vocantiadhmsimus
3264 5635 3278 5685 ;
3300 5622 3493 5673 tamen
3514 5616 3625 5673 nisi

1970 5691 2119 5746 Deus
2141 5689 2416 5746 beneﬁcia
2446 5688 2738 5761 anteriora
2766 5688 3166 5761 praeventionis
3197 5694 3253 5747 et
3272 5689 3625 5761 cooperatio-

1974 5761 2063 5821 nis
2089 5777 2239 5821 novo
2270 5778 2335 5819 ac
2354 5760 2587 5835 speciali
2613 5759 3011 5834 subsequentis
3036 5761 3234 5836 gratiis
3262 5766 3319 5822 et
3360 5759 3622 5836 perseves
