3986 6178
452 230 568 293 803

444 362 630 419 rantis
659 358 930 415 beneﬁcio
960 357 1234 424 cumulet,
1267 373 1490 412 cassum
1530 356 1651 411 fore
1686 356 1943 411 laborem
2000 371 2093 411 no-

445 438 628 490 strum
666 438 721 486 et
756 430 997 485 minime
1027 430 1383 484 diuturnum.
1412 430 1473 482 ln
1504 443 1675 497 quem
1697 444 1929 483 sensum
1955 426 2097 481 illud

442 503 699 575 Apostoli
729 503 934 571 accipit
965 516 984 575 :A
1028 503 1184 575 Velle
1211 501 1441 569 adjacet
1479 498 1643 565 mihi,
1676 502 1959 568 perﬁcere
1991 514 2095 554 au-

442 572 549 631 tem
581 576 790 630 bonum
820 588 935 627 non
964 572 1218 627 invenio.

511 651 563 700 3.
595 649 716 710 Quo
747 645 869 714 ipso
898 645 1071 696 modo
1097 642 1365 714 eumdem
1397 641 1587 695 locum
1607 640 1823 714 accepit
1852 640 2096 714 Prosper

440 716 539 771 lib.
560 711 991 771 contra'Collat.
1025 729 1151 782 cap.
1184 712 1234 765 8.
1265 713 1408 767 Cum
1438 713 1743 778 donatum,
1772 711 1973 781 inquit,
1994 727 2095 766 no-

441 789 519 842 bis
529 788 716 857 fuerit
732 786 940 840 bonum
962 786 1251 847 velle,non
1268 784 1460 837 statim
1472 785 1773 857 invenimu
1785 790 1866 857 set
1874 785 2093 857 facere,

439 853 550 913 nisi
568 857 974 927 quaerentibus,
982 857 1503 927 petentibus,atque
1516 854 1993 923 pulsantibus,qui
2008 853 2095 927 de-

441 930 527 984 dit
553 924 1157 995 deszderiummrzstet
1191 926 1466 994 e/Tectum.
1516 927 1632 980 Vox
1645 940 1879 994 namque
1895 924 2094 979 istadi-

443 1002 622 1056 centis
634 1014 655 1053 :
680 998 836 1053 Velle
847 998 1071 1067 adjacet
1087 996 1252 1061 mihi,
1272 999 1551 1065 perﬁcere
1570 1000 1754 1051 autem
1767 996 1969 1049 bonum
1981 1010 2097 1050 non

441 1070 968 1134 invenio,vocatiest
980 1068 1097 1133 ,sub
1111 1067 1306 1137 gratia
1319 1067 1746 1138 constituti,qui
1760 1067 2100 1122 condelecta-

446 1147 543 1196 tur
572 1142 803 1212 quidem
821 1141 933 1208 legi
960 1140 1062 1193 Ι)θὶ
1088 1138 1747 1212 secunduminteriorem
1782 1138 2097 1206 hominem;

445 1213 537 1268 sed
566 1209 713 1268 videt
733 1214 911 1266 aliam
942 1211 1123 1279 legem
1148 1211 1211 1262 in
1238 1209 1641 1273 membrissuis,
1676 1215 2097 1278 repugnantem

448 1284 557 1353 legi
588 1285 792 1337 mentis
821 1296 962 1344 suae,
978 1288 1027 1335 et
1047 1282 1441 1353 captivantem
1466 1295 1523 1335 se
1550 1280 1612 1333 in
1631 1280 1755 1353 lege
1767 1279 2095 1353 peceatiﬂt

444 1351 712 1424 quamvis
741 1354 1017 1424 acceperit
1042 1352 1341 1405 scientiam
1371 1358 1525 1406 recte
1548 1351 1797 1418 volendi,
1830 1353 2096 1424 virtutem

444 1422 639 1479 tamen
662 1426 720 1477 in
738 1438 919 1477 senon
932 1423 1147 1477 invenit
1163 1438 1354 1475 eorum
1369 1436 1495 1492 qua
1506 1427 1659 1490 aptat
1681 1422 1971 1489 aperandi,
1996 1422 2095 1473 do-

440 1510 539 1549 nec
545 1510 656 1565 pro
670 1495 812 1548 bona
822 1494 1826 1565 voluntatequamsumpsilmereatur
1840 1492 2095 1546 invenire

440 1562 586 1636 quid
613 1565 826 1633 faciat.
854 1565 1067 1618 Eodem
1093 1562 1713 1636 modoitlumApostoli
1736 1562 2094 1636 locumuacce-

480 1637 523 1689 it
582 1632 639 1691 S.
674 1636 904 1705 Gregor.
938 1650 1066 1688 xxix
1096 1634 1294 1687 Moral.
1319 1650 1442 1704 cap.
1479 1632 1568 1699 25,
1594 1638 1846 1687 tractans
1902 1632 2043 1686 illud
2078 1649 2090 1705 ς

1288 214 1406 284 ΤΗ.
1450 218 1832 285 ΒΑΫΝΑΠΒῙ
1871 222 2087 285 APOLG

2201 224 2231 282 ἱ
2274 222 2413 285 PRO
2455 223 2514 284 S.
2566 221 3012 285 VALERIANO.
3688 229 3776 293 80h

2125 362 2174 425 Α
2200 370 2316 412 sem
2345 357 2687 420 excreverit,
2723 370 2792 410 ne
2819 359 2961 409 tunc
2985 351 3215 425 quidem
3243 366 3384 408 cura
3397 359 3447 408 et
3469 355 3779 417 sollicitudine

2208 434 2423 501 vacant
2447 440 2469 495 ;
2499 427 2600 482 sed
2626 427 2800 501 anxii
2827 426 3069 487 luerent,
3096 440 3160 476 ne
3169 424 3309 501 forte
3336 426 3605 501 grandine
3628 431 3781 501 fruges

2205 500 2735 561 concutiantur,aut
2755 498 2982 563 locusta
2999 510 3229 549 messem
3245 495 3520 560 devorent,
3534 495 3782 557 autven'tus

2206 578 2455 624 aestuans
2466 570 2717 637 fructum
2745 565 3325 636 corrumpat.Undeet
3343 568 3555 621 assidue
3577 578 3683 626 vota
3701 573 3783 630 Deo

2204 636 3052 709 ηαησιιρὰηεβιιρριίσίὸαδᾳμε
3063 637 3239 709 Deum
3256 636 3389 690 votis
3402 638 3783 709 interpellant,ut

2203 710 2392 766 salvos
2424 720 2476 765 et
2500 707 2769 765 innocuos
2793 710 2936 778 ipsis
2958 707 3234 761 Dominus
3257 723 3382 761 suos
3407 707 3618 776 fructus
3639 729 3785 770 conce-

2204 782 2648 851 deredzgnelur.
2684 781 2834 835 Tunc
2866 796 2997 835 vero
3013 780 3253 847 fructus
3284 780 3341 851 in
3366 794 3474 851 sua
3502 783 3784 841 recondentes

2207 850 2427 918 horrea,
2443 868 2642 925 magno
2655 868 2778 907 cum
2788 852 3002 921 gaudio
3009 851 3217 919 festum
3229 850 3785 925 celebrant.Sicquoque

2205 930 2258 980 et
2282 939 2371 979 eos
2385 925 2486 993 qui
2502 920 2867 992 spiritualem
2899 927 3079 977 vitam
3093 920 3523 993 aggrediuntur,
3546 920 3784 992 vigilariet

2204 992 2410 1074 sobrios
2423 994 2833 1074 esse,ac‘divini
2846 993 3002 1073 verbi
3011 1007 3204 1071 semen
3218 992 3493 1074 custodire
3503 1000 3784 1074 oportetetc.

2204 1067 2329 1119 Non
2364 1070 2589 1135 poterat
2621 1064 2962 1119 familiarius
2992 1063 3392 1118 necessitatem
3435 1062 3597 1117 divini
3637 1068 3784 1121 auxilii

2206 1136 2550 1207 perﬁcientis
2570 1137 2723 1206 quod
2748 1136 3036 1205 aspirante
3069 1135 3189 1207 Deo
3214 1139 3462 1207 coeptum
3490 1139 3585 1200 est,
3638 1139 3785 1192 decla-

2206 1204 2352 1262 rare.
2380 1204 2793 1277 Proptereaque
2818 1204 3033 1276 passim
3049 1204 3146 1258 alii
3160 1205 3355 1277 Patres
3368 1206 3439 1258 ad
3452 1209 3784 1275 exponendum

2205 1278 2407 1333 salutis
2429 1276 2742 1350 negotium,
2770 1293 2896 1332 eam
2924 1276 3421 1350 comparationem
3471 1284 3727 1350 usurpant,
3747 1285 3787 1333 et

2205 1366 2301 1404 cor
2322 1346 2579 1403 nostru'm
2612 1365 2750 1419 agro
2785 1364 2851 1402 ac
2878 1347 3021 1411 solo,
3051 1346 3299 1419 gratiam
3322 1346 3531 1401 caelesti
3545 1346 3719 1402 semini
3742 1366 3787 1404 ac

2205 1420 2411 1499 divinis
2443 1417 2706 1499 nubibus,
2738 1419 3071 1499 _$criptu_ras_
3112 1417 3332 1499 ligoni,_
3356 1420 3609 1499 ardorem
3651 1422 3788 1473 sancti

2206 1491 2447 1561 Spiritus
2477 1490 2897 1556 stercorationi,
2926 1490 3179 1543 studium
3211 1494 3471 1542 nostrum
3492 1490 3696 1545 culturae
3720 1506 3790 1560 per

2204 1562 2513 1633 agricolam
2542 1562 2833 1632 impensas,
2858 1561 3102 1630 denique
3132 1576 3278 1615 curae
3303 1560 3376 1633 ad
3404 1576 3629 1633 messem
3658 1578 3789 1631 usque

2203 1630 2264 1688 et
2289 1634 2607 1688 illationem
2628 1630 2870 1704 frugum
2902 1632 2958 1686 in
2991 1633 3265 1704 horreum
3309 1630 3556 1704 divinam
3586 1630 3788 1704 gratiam

495 1710 706 1784 ecujus
726 1702 1137 1784 utei'o_egi'essa
1158 1713 1244 1784 est
1257 1702 1493 1774 glacies,
1528 1713 1579 1784 et
1606 1702 2091 1784 gelu_de_cagl_oqui
2128 1715 2172 1774 Β
2204 1706 2645 1784 subsequentem
2676 1702 3050 1784 componunt.
3084 1702 3649 1784 Videam-nominatim
3672 1719 3791 1784 euru-

439 1774 649 1849 genuit.
674 1774 1101 1849 Ostenditenim
1117 1777 1415 1846 plerosque
1445 1781 1572 1845 post
1592 1774 1791 1830 sancta
1808 1774 2093 1849 desideria

442 1845 660 1903 turbari
690 1848 749 1902 in
780 1845 1159 1913 exsecutione,
1193 1862 1296 1901 nec
1327 1845 1493 1917 posse
1513 1852 1788 1916 concepta
1816 1845 2092 1899 virtutum

443 1919 665 1974 semina
696 1919 753 1972 in
783 1919 975 1988 fruges
1009 1934 1239 1988 operum
1270 1934 1627 1988 promovere,
1653 1934 1720 1972 eo
1754 1918 1905 1987 quod
1922 1917 2095 1971 inter-

443 1989 798 2046 venientibus
818 1987 1230 2044 mutationibus
1259 1987 1708 2053 reverberentur,
1744 2004 1814 2043 ne
1848 1987 1918 2042 de
1970 2004 2093 2058 pro-

445 2062 628 2143 positi)
649 2063 798 2143 bono
825 2060 1096 2143 divinitus
1126 2060 1307 2143 indito
1338 2060 1705 2143 extollantur,
1730 2059 2095 2143 immemores

444 2129 740 2188 inanitatis
761 2147 874 2186 suae
902 2136 958 2186 et
987 2132 1255 2202 egestatis
1312 2146 1323 2183 :
1393 2132 1562 2201 idque
1612 2134 1805 2185 censet
1850 2129 2095 2202 voluisse

442 2205 780 2275 Apostolum
811 2218 877 2275 eo
899 2200 1068 2272 quem
1091 2204 1206 2255 dixi
1233 2202 1395 2275 loco.
1460 2204 1612 2275 Quid
1653 2201 1838 2275 aliud,
1887 2200 2091 2275 inquit,

442 2272 622 2346 quam
642 2276 714 2329 de
736 2274 843 2326 Dei
874 2288 1003 2346 vero
1016 2278 1175 2327 utero
1183 2274 1393 2346 glacies
1419 2272 2014 2346 producitur,quando
2026 2272 2095 2326 de

440 2343 670 2399 interno
682 2350 897 2397 secreto
908 2343 1261 2409 dispensatio
1273 2343 1580 2411 egreditur,
1596 2349 1647 2395 et
1668 2343 1996 2397 voluntates
2006 2358 2097 2395 no-

440 2418 598 2479 stra,
631 2413 809 2468 etiam
841 2416 901 2467 in
929 2413 1082 2467 bonis
1099 2412 1396 2467 desideriis
1409 2413 1777 2480 frenantur?
1812 2412 2095 2467 Videamus

436 2488 616 2556 paulo
630 2484 854 2556 (infusa
868 2483 1551 2556 videlicetiterra)rquanla
1577 2483 1888 2556 disciplinae
1924 2484 2095 2553 glaeie

433 2554 907 2625 prematur,dum
934 2555 1054 2609 ait:
1098 2554 1676 2625 Velleadjacetmihi,
1704 2555 2096 2622 perﬁcereau-

440 2594 550 2682 lluem
581 2594 776 2680 bonum
788 2642 903 2681 non
920 2625 1291 2690 invenio.0ui
1302 2594 1455 2680 enim
1478 2626 1620 2681 velle
1642 2594 1859 2680 Mode
1882 2640 2098 2680 seasse-

435 2699 519 2753 rit
524 2713 669 2767 ,Jam
678 2713 781 2767 per
792 2697 1143 2766 infusionem
1153 2697 1361 2767 gratiae
1375 2710 1497 2765 quae
1510 2698 1567 2749 in
1580 2710 1639 2750 se
1651 2697 1873 2751 lateant
1887 2698 2097 2750 semina

436 2766 704 2826 ostendit.
712 2768 812 2823 Sed
822 2770 961 2823 dum
973 2768 1249 2835 perﬁcere
1261 2768 1364 2822 bon
1373 2782 1468 2822 um
1481 2782 1601 2821 non
1611 2767 1673 2821 in
1681 2766 1832 2822 venit
1844 2767 2097 2837 profecto

437 2841 668 2895 indicat
688 2846 915 2910 quanta
938 2840 1106 2894 illum
1127 2840 1575 2910 dispensationis
1604 2853 1868 2905 supernae
1891 2838 2094 2908 glacies

435 2919 668 3036 fremat.
701 2909 763 2964 In
776 2910 1045 2964 eumdem
1060 2925 1293 2963 sensum
1324 2909 1731 2990 interpretatus
1754 2913 2092 2989 estAposto-

463 2998 561 3036 um
584 2984 639 3035 S.
667 2982 916 3034 Thomas
942 2982 1086 3033 Rom
1114 2996 1209 3036 vn.
1241 2979 1368 3033 lect.
1404 2981 1458 3036 7.
1480 2980 1805 3036 improbata
1820 2980 1919 3034 Illa
1942 2996 2092 3036 elus-

463 2998 561 3036 um
584 2984 639 3035 S.
667 2982 916 3034 Thomas
942 2982 1090 3051 Rom
1114 2996 1209 3047 vn,
1241 2979 1368 3033 lect.
1404 2981 1458 3047 7,
1480 2979 1805 3051 improbata
1820 2980 1919 3034 illa
1942 2982 2093 3051 ejus-

443 3054 575 3107 dem
603 3051 708 3105 loci
739 3050 1210 3120 interpretatione
1237 3066 1411 3119 quam
1440 3050 1635 3115 refert,
1666 3055 1727 3104 ut
1755 3066 1885 3105 eam
1915 3050 2089 3105 etiam

442 3123 633 3177 minus
662 3122 922 3191 probavit
949 3122 1013 3175 D.
1045 3120 1429 3190 Augustinum
1480 3122 1725 3175 Retract.
1751 3122 1837 3176 23.

514 3193 566 3246 4.
601 3194 684 3246 Ad
713 3207 842 3245 eum
865 3207 1001 3261 ergo
1030 3196 1279 3254 modum,
1303 3192 1491 3246 locum
1524 3192 1776 3262 Apostoli
1798 3191 2093 3262 usurpavit

443 3262 802 3323 Valerianus.
831 3277 1010 3332 eoque
1032 3277 1200 3316 sensu
1229 3278 1359 3315 cum
1382 3263 1650 3332 Apostolo
1676 3262 1912 3332 loquens
1926 3262 2085 3326 dixit,

440 3342 697 3389 nostrum
714 3348 832 3390 esse
847 3336 1009 3396 velte,
1030 3334 1132 3387 Dei
1162 3340 1355 3387 autem
1372 3334 1663 3402 perﬁcere.
1680 3334 1741 3386 ld
1753 3339 1839 3387 est
1853 3349 2089 3388 consen-

439 3422 567 3460 sum
590 3405 823 3482 quidem
853 3419 956 3476 per
983 3419 1087 3482 nos
1112 3405 1367 3482 praesta-ri
1394 3404 1531 3482 Deo_
1559 3404 1799 3482 vocanti
1830 3405 2091 3482 (consen-

437 3474 752 3541 sumenim,
783 3474 1051 3545 praeventi
1071 3481 1128 3529 et
1151 3474 1419 3528 divinitus
1440 3474 1642 3546 adjuti,
1676 3474 2089 3546 contribuimus

436 3549 506 3603 de
542 3548 782 3618 nostro),
811 3552 872 3600 ut
902 3552 1099 3600 tamen
1128 3561 1439 3618 consensus
1468 3545 1563 3599 ille
1593 3545 1924 3600 sollicitanti
1971 3547 2086 3618 Deo

434 3616 748 3689 praestitus,
771 3617 963 3671 irritus
1004 3632 1119 3689 non
1151 3616 1242 3681 sit,
1272 3632 1375 3671 nec
1422 3616 1479 3669 in
1511 3632 1706 3689 auras
1758 3618 1946 3689 abeat,
1999 3617 2085 3672 vel

434 3687 609 3743 etiam
640 3694 773 3743 ante
802 3688 1223 3743 exsecutionem
1266 3687 1547 3759 concepti,
1571 3687 1832 3742 desiderii
1885 3704 2089 3743 evane-

434 3764 556 3813 scat
579 3778 592 3826 ;
626 3759 1010 3813 necessarium
1033 3773 1263 3829 insuper
1282 3774 1404 3813 esse
1418 3763 1480 3812 ut
1496 3758 1691 3812 divina
1711 3759 2083 3829 protectione,

428 3829 667 3912 jugique
680 3830 1075 3912 subsequentis
1099 3829 1290 3912 auxilii
1306 3829 1622 3912 munimine
1638 3829 2086 3912 ﬁr;metur._Qu_od_

434 3900 575 3955 item
602 3901 791 3955 ferunt
810 3900 909 3954 illa
939 3901 1052 3954 alia
1078 3903 1250 3955 verba
1275 3901 1378 3955 sub
1410 3900 1659 3955 humilia;
1682 3901 1855 3955 tinem
1879 3923 1890 3953 :
1910 3902 2085 3956 Habet

434 3972 657 4043 quidem
677 3987 860 4027 servus
888 3972 1133 4041 gratiam
1172 3971 1373 4025 laboris
1400 3974 1508 4037 sui,
1542 3973 1644 4043 sed
1673 3972 1898 4027 domino
1939 3972 2084 4026 debet

432 4045 691 4168 {ructum
713 4045 896 4113 operis
915 4043 1161 4113 impleti.
1199 4048 1391 4112 Itaque
1416 4042 1573 4096 nulla
1592 4042 1681 4097 hic
1711 4044 1768 4096 in
1783 4043 2083 4097 Valeriano

458 4116 592 4168 abes
617 4130 676 4168 se
706 4114 914 4168 prodit.
933 4115 1031 4168 sed
1056 4113 1234 4168 nitela
1259 4119 1315 4168 et
1353 4113 1568 4168 nuritas
1598 4114 2012 4168 undecumque.

458 4116 592 4169 abes
617 4130 676 4169 se
706 4114 914 4186 prodit,
933 4115 1031 4168 sed
1056 4113 1234 4168 nitela
1259 4119 1315 4168 et
1353 4113 1568 4184 puritas
1598 4114 2012 4186 undecumque.

507 4186 560 4239 5.
578 4187 638 4239 Id
662 4192 724 4239 ut
740 4185 1060 4239 distinctius
1079 4190 1372 4255 appareat,
1406 4186 1870 4254 quandoquidem
1890 4185 1978 4239 hic
2000 4189 2086 4239 est

436 4256 865 4327 potentissimus
892 4256 1203 4327 adversarii
1232 4255 1400 4317 aries,
1435 4271 1561 4327 quo
1586 4256 1807 4325 dejecto
1864 4256 2085 4325 reliqua

436 4325 663 4398 pessum
685 4328 867 4391 ibunt,
887 4326 1236 4381 secernenda
1262 4328 1396 4398 sunt
1417 4328 1529 4378 duo
1550 4325 1606 4378 in
1628 4326 1896 4395 praesenti
1925 4328 2085 4381 Vale-

434 4395 582 4452 riani
595 4398 895 4452 sententia.
906 4398 1161 4449 Primum
1174 4396 1327 4465 quod
1340 4395 1492 4449 dicat
1508 4403 1766 4453 nostrum
1780 4413 1898 4453 esse
1915 4397 2077 4463 velle,

435 4468 494 4523 id
526 4469 689 4522 estin
719 4467 919 4521 salutis
970 4466 1200 4536 negotio
1246 4466 1492 4520 hominis
1538 4472 1726 4537 partes
1791 4485 1913 4523 esse
1968 4470 2082 4523 Deo

434 4537 804 4610 praevenienti
830 4553 1125 4610 assensum
1154 4538 1739 4610 praestaregualterum
1793 4541 1945 4610 quod
2001 4539 2081 4593 di-

2203 1777 2334 1829 dem
2359 1776 2697 1845 Ephremum
2715 1775 2771 1828 in
2787 1776 2999 1828 decade
3016 1774 3267 1843 capitum
3294 1774 3362 1827 dc
3376 1774 3584 1839 virtute,
3601 1791 3703 1842 cap.
3724 1775 3786 1829 lit.

2203 1844 2535 1925 Macarium,
2562 1846 2762 1925 homil.
2790 1847 2877 1925 26',
2910 1845 3271 1925 interrogat.
3295 1845 3426 1925 “ult.
3460 1849 3559 1925 ὀὶ.
3584 1844 3787 1925 penult;

2204 1918 2505 1972 Paulinum
2530 1917 2744 1988 optime
2782 1916 2945 1986 epist.
2978 1915 3075 1988 30,
3127 1915 3244 1969 sive
3280 1915 3345 1988 72,
3406 1916 3477 1969 ad
3527 1917 3718 1988 Aprum
3750 1922 3789 1968 et

2202 1991 2552 2054 Amandam,
2568 1986 2638 2043 'et
2658 1988 2821 2058 epist.
2836 1988 2927 2055 35,
2941 1988 3041 2041 sub
3056 1986 3231 2041 ﬁnem
3248 2002 3261 2052 ;
3278 1986 3628 2058 Prudentium
3645 1987 3726 2058 lib.
3745 2001 3785 2058 lll

2203 2065 2403 2114 contra
2433 2056 2864 2131 Symmachum,
2891 2060 2993 2112 sub
3020 2058 3237 2131 ﬁnem,
3266 2057 3429 2111 Prius
3462 2062 3632 2131 autem
3682 2056 3787 2109 illud

2204 2130 2442 2195 dictum,
2461 2129 2559 2185 seu
2590 2131 2741 2201 quod
2769 2134 3033 2184 nostrum
3060 2130 3322 2201 sitqvelle,
3341 2137 3548 2182 castum
3565 2129 3705 2198 plane
3728 2132 3790 2181 est

2203 2201 2260 2256 in
2293 2218 2461 2256 sensu
2486 2199 2656 2271 quem
2692 2201 2994 2255 Valeriano
3024 2199 3155 2254 dedi
3192 2215 3202 2251 :
3234 2216 3359 2254 esse
3385 2204 3568 2254 autem
3607 2214 3786 2271 sensum

2210 2272 2374 2348 illum
2406 2268 2534 2348 vere
2558 2287 2922 2348 germanum,
2943 2272 3251 2348 declarato
3278 2276 3339 2348 _et
3368 2270 3579 2348 prolato
3628 2268 3787 2348 insigni

2205 2344 2328 2397 loco
2352 2360 2417 2398 ex
2449 2340 2688 2397 homilia
2711 2343 2769 2395 in
2788 2341 3185 2395 illudlsaiae:Si
3198 2340 3542 2396 volueritiset
3558 2340 3789 2394 audieritis

2204 2430 2308 2482 me,
2325 2419 2453 2477 etc.,
2481 2430 2608 2484 qua:
2624 2414 3027 2484 Chrysostomo
3045 2412 3336 2477 tribuitur,
3350 2413 3575 2484 tametsi,
3588 2410 3790 2484 fortassis

2206 2480 2383 2539 alium
2401 2490 2455 2539 et
2477 2480 2709 2554 quidem
2731 2480 2996 2538 Latinum
3009 2488 3307 2538 auctorem
3327 2485 3544 2539 habeat.
3568 2483 3641 2536 lta
3655 2480 3791 2550 loqui~

2210 2562 2297 2610 tur
2329 2557 2387 2608 in
2418 2556 2673 2610 homiliae
2700 2555 2862 2609 initio
2887 2571 2899 2609 :
2924 2556 2987 2609 Si
3009 2557 3153 2610 velle
3174 2563 3285 2610 aut
3305 2556 3450 2609 nolle
3475 2561 3791 2608 nostrumnon

2206 2634 2362 2690 esset,
2374 2627 2477 2681 hoc
2488 2634 2569 2681 est
2582 2630 2630 2681 si
2645 2628 2873 2682 vivendi
2885 2635 3139 2689 recte,an
3150 2641 3341 2688 secus,
3352 2627 3578 2681 libertas
3590 2625 3792 2688 adempta

2206 2698 2362 2752 nobis
2371 2700 2401 2766 f
2409 2700 2599 2767 uisset,
2614 2713 2722 2752 nec
2737 2696 2912 2751 bonus
2937 2713 3213 2768 umquam
3232 2698 3449 2752 caeleste
3469 2711 3657 2751 munus
3668 2694 3793 2768 digne

2202 2770 2647 2837 perciperetmec
2658 2770 2780 2823 mal
2787 2783 2852 2822 us
2864 2766 3215 2837 supplicium
3229 2776 3531 2838 competens
3545 2766 3789 2838 inveniret,

2203 2841 2303 2895 sed
2333 2845 2508 2895 totum
2530 2841 2648 2895 Deo
2663 2840 3038 2909 deputaretur
3056 2840 3314 2893 auctori.
3338 2837 3473 2903 Quae
3498 2837 3659 2891 fusius
3693 2849 3791 2886 mox

2205 2910 2467 2980 explicat,
2495 2910 2993 2965 declarateatenus
3007 2909 3113 2962 dici
3128 2917 3396 2965 nostrum
3413 2924 3526 2965 esse
3536 2909 3674 2971 velte,
3690 2920 3792 2980 qua

2204 2975 2369 3036 tenus
2385 2975 2577 3037 libera:
2586 2984 2703 3051 quis
2716 2980 3256 3053 voluntatisarbitrio
3268 2985 3634 3053 praeceptaaut
3646 2975 3791 3053 inplet

2202 3061 2303 3108 aut
2316 3060 2566 3108 contemn
2574 3050 2791 3108 it:unde
2802 3052 2915 3106 sibi
2924 3052 3160 3122 quisque
3171 3050 3317 3121 quod
3332 3059 3566 3107 meretur
3575 3050 3790 3122 instituit,

2200 3139 2306 3178 nec
2316 3127 2491 3194 potest
2511 3123 2673 3178 aliud
2683 3123 2895 3178 mereri
2906 3120 3075 3192 quani
3088 3120 3252 3179 velit:
3264 3122 3551 3193 quippccui
3563 3120 3685 3194 legis
3698 3132 3790 3194 prof

2198 3188 2408 3263 positus
2429 3196 2701 3258 tenorsit,
2727 3208 2802 3249 ea:
2832 3188 2941 3263 quo
2964 3194 3103 3263 quid
3129 3188 3535 3262 velit-eliganet
3554 3188 3787 3261 quodnolit

2200 3265 2846 3333 contemnat.utjudicio
2861 3265 3102 3318 hominis
3118 3264 3211 3318 Dei
3211 3267 3253 3333 j
3257 3265 3491 3318 udicium
3508 3264 3787 3318 celebretur;

2199 3344 2253 3391 et
2265 3332 2706 3405 quilibertatem
2718 3350 3041 3390 concessam
3052 3336 3115 3389 in
3127 3332 3461 3406 obsequium
3474 3332 3686 3406 dederit,
3697 3344 3786 3383 mu-

2196 3414 2439 3461 neretur
2454 3423 2471 3470 ;
2495 3408 2604 3476 qui
2626 3411 2687 3460 in
2715 3412 3094 3475 contemptum
3116 3405 3376 3469 duxerit,
3412 3405 3784 3459 condemnetur.

2198 3478 2359 3541 Quod
2388 3476 2477 3530 hic
2488 3480 2687 3530 auctor
2707 3481 2827 3530 tam
2841 3476 3115 3547 explicate
3136 3476 3296 3536 dicit.
3322 3480 3551 3531 eatenus
3580 3478 3786 3547 nostrum

2198 3563 2321 3602 esse
2347 3548 2490 3602 velle
2516 3548 2574 3601 in
2602 3548 2831 3618 negotio
2852 3546 3074 3613 salutis,
3102 3552 3389 3621 quatenus
3414 3548 3580 3601 libere
3609 3546 3788 3621 praesta-

2198 3634 2326 3693 mu?
2357 3634 2674 3693 ᾃβεθῦευω.
2699 3634 2870 3688 quem
2894 3634 3237 3693 negaremus
3270 3619 3313 3693 si
3336 3619 3549 3693 liberet,
3600 3619 3787 3693 omnino

2195 3689 2539 3744 catholicum
2564 3706 2630 3744 ac
2641 3686 2859 3744 certum
2876 3686 2989 3753 est,
3008 3690 3141 3759 quia
3158 3705 3278 3743 non
3301 3689 3505 3743 idcirco
3530 3686 3789 3759 excluditur

2194 3760 2381 3835 gratia
2407 3761 2776 3830 praeveniens,
2798 3762 2895 3815 sed
2916 3758 3101 3830 potius
3133 3776 3253 3814 non
3277 3758 3788 3835 obscureinsinuatur

2196 3829 2252 3886 in
2280 3829 2422 3886 voce
2443 3847 2722 3895 assensus,
2756 3848 2882 3901 quae
2915 3829 3187 3886 connotat
3209 3829 3654 3886 antecedentium
3682 3829 3788 3879 inu-

2194 3902 2472 3957 tationem
2487 3907 2543 3957 et
2559 3902 3015 3957 sollicitationem
3026 3944 3039 3969 ,
3063 3918 3195 3956 cum
3207 3919 3323 3973 qua
3336 3904 3592 3958 eumdem
3604 3908 3785 3953 sensum

2195 3977 2252 4028 et
2282 3973 2543 4045 animum
2576 3973 2763 4027 induit
2783 3974 2877 4044 qui
2904 3973 3207 4028 consentit.

2266 4044 2441 4113 Igitur
2466 4044 2702 4098 omnino
2728 4039 3040 4099 catholicus
3070 4060 3271 4099 sensus
3302 4045 3491 4099 subest
3538 4039 3787 4113 propositis

2194 4131 2262 4169 ex
2297 4115 2601 4170 Valeriano
2614 4115 2797 4170 verbis
2812 4132 2959 4185 ,qum
2974 4120 3202 4169 tantum
3225 4116 3689 4185 fueruntnostrum
3701 4117 3788 4162 esse

2193 4187 2362 4252 velle,
2392 4186 2449 4240 id
2475 4192 2577 4251 est,
2603 4191 2666 4240 ut
2690 4184 2902 4240 Auctor
2917 4187 3195 4241 adductus
3213 4203 3319 4240 sua
3344 4187 3463 4241 haec
3487 4184 3641 4239 verba
3659 4190 3789 4246 expo-

2193 4256 2326 4324 suit,
2356 4262 2615 4311 nostrum
2644 4273 2765 4312 esse
2790 4257 3133 4320 consentire,
3161 4262 3220 4312 et
3240 4256 3486 4327 exsequi,
3519 4255 3598 4309 vel
3646 4252 3788 4327 detr?

2192 4318 2346 4382 ctare
2376 4328 2633 4381 divinum
2654 4328 2981 4399 imperium.
3015 4329 3080 4381 In
3092 4318 3250 4383 nobis
3273 4318 3497 4397 namque
3525 4324 3713 4399 manet,
3730 4318 3789 4369 ait

2202 4400 2522 4453 Bernardus
2540 4400 2635 4453 lib.
2656 4401 2725 4453 de
2740 4391 2908 4453 inter.
2931 4401 3107 4453 Domo
3125 4415 3251 4469 cap.
3278 4400 3368 4465 68,
3385 4391 3461 4453 ad
3476 4391 3789 4469 quaeregduﬂf

2190 4471 2451 4534 salutem,
2467 4470 2705 4526 arbitrii
2716 4471 2958 4526 libertas
2973 4486 2989 4535 ;
3015 4471 3111 4524 sed
3125 4460 3458 4525 admonente
3471 4460 3627 4540 prius
3639 4463 3727 4516 Deo
3749 4460 3789 4511 et

2190 4541 2476 4596 invitante
2505 4542 2585 4596 ad
2598 4543 2872 4605 salutem,
2890 4545 2953 4595 ut
2971 4543 3064 4596 vel
3084 4541 3390 4611 eligamus,
3407 4541 3488 4595 vel
3509 4542 3786 4611 sequamur2

436 4600 548 4681 cat,
596 4610 882 4681 Deiﬁesse
920 4600 1212 4681 perficere,
1277 4614 1334 4664 et
1406 4600 1772 4665 difficultates
1809 4600 2087 4681 .superve-
2118 4606 2159 4662 D
2191 4600 3791 4681 Potestatisnostratestdivinaeinspirationiacquiesceth

437 4679 660 4761 nientes
687 4678 1010 4761 dispellere.
1042 4682 1119 4734 De
1160 4680 1274 4761 hoc
1295 4681 1565 4761 secundo,
1599 4678 2086 4761 negotium'Vale-

436 4751 601 4806 riano
632 4767 747 4805 non
778 4750 1123 4809 facessitur:
1183 4751 1316 4822 quia
1374 4756 1501 4807 rata
1553 4756 1639 4805 est
1682 4750 1832 4805 inter
1884 4768 2084 4807 omnes

436 4823 549 4894 61
584 4822 978 4904 subsequentis
1001 4821 1215 4904 gratiae
1243 4828 1299 4877 et
1323 4822 1455 4904 _.I_)_ei
1517 4821 1911 4904 confirmantis
1946 4839 2085 4904 quae

438 4893 706 4966 operatus
732 4899 818 4950 est
841 4894 900 4947 in
930 4894 1111 4959 nobis,
1141 4910 1256 4947 non
1279 4893 1493 4947 utilitas
1520 4897 1767 4966 tantum,
1792 4895 1889 4947 sed
1908 4893 2085 4949 etiam

437 4963 767 5021 necessitas.
796 4966 970 5035 quue
993 4970 1434 5019 utcasteranunc
1459 4963 1821 5035 extralocum
1836 4968 2079 5029 taceam,

439 5034 979 5119 perbelleexpreSSit
992 5038 1045 5119 S_.
1065 5036 1331 5119 Ephrem.
1349 5035 1584 5088 laudum
1597 5034 2085 5119 gratiae‘frequens

438 5107 789 5173 buccinator,
825 5113 988 5162 tract.
1006 5109 1075 5161 de
1095 5107 1247 5176 Fuga
1260 5122 1565 5176 pravarum
1582 5107 2083 5175 consuetudinum,

438 5180 535 5249 qui
565 5182 808 5236 habetur
838 5187 978 5234 tom.
1012 5180 1049 5232 l.
1079 5178 1416 5239 Audiamus,
1437 5178 1827 5247 inquit,ipsum
1854 5181 2086 5248 Aposto-

438 5249 556 5305 lum
571 5253 857 5307 dicentem
871 5268 891 5306 .'
907 5251 1053 5306 Cum
1067 5256 1219 5304 metu
1233 5256 1285 5304 et
1310 5255 1561 5304 tremore
1572 5256 1819 5304 vestram
1837 5252 2085 5306 salutem

436 5324 865 5388 operemini.Et
885 5338 1050 5392 neque
1060 5324 1112 5376 si
1121 5322 1252 5391 quis
1264 5320 1463 5376 adhuc
1464 5320 1703 5389 juvenis
1715 5322 1791 5375 sit
1809 5320 1911 5376 hoc
1920 5322 2087 5392 parvi

430 5392 671 5459 pendat,
692 5409 871 5462 neque
882 5408 1052 5449 senes:
1063 5395 1338 5462 negligat.
1354 5393 1663 5462 Utriusque
1673 5392 1820 5446 enim
1835 5394 2086 5447 incertus

438 5465 522 5532 est
533 5462 610 5527 ﬁn
618 5463 683 5515 is.
694 5463 1301 5532 Contemplemurergo
1314 5463 1681 5532 agricolas.H
1682 5468 1701 5516 τ
1714 5466 1865 5518 enim
1878 5470 2083 5518 terram

436 5531 809 5600 adaequantes
821 5531 1205 5601 seminant;et
1222 5531 1636 5589 virescentibus
1649 5533 2086 5597 terris,solerter

437 5616 529 5657 eas
553 5610 809 5673 servant,
837 5606 1099 5659 volucres
1109 5610 1163 5658 et
1173 5604 1569 5673 quadrupedia
1583 5604 1719 5658 inde
1729 5609 2084 5671 arcentes,ne

436 5673 577 5729 dum
590 5672 768 5727 adhuc
778 5688 956 5729 semen
969 5681 1047 5730 est
1060 5680 1306 5730 tenerum
1317 5688 1378 5729 ac
1391 5672 1600 5740 mollem
1612 5674 1815 5730 talibus
1826 5674 2087 5729 evellatur

438 5750 496 5808 et
507 5745 736 5805 nullius
752 5744 1121 5818 bona/rugis
1134 5744 1514 5804 reddaturﬂt
1524 5746 1948 5819 quandojamad
1958 5759 2084 5803 mes-

2191 4697 2321 4753 quse
2346 4683 2426 4737 ad
2452 4683 2705 4738 salutem
2721 4690 2980 4738 nostram
3006 4687 3325 4751 pertinent,
3360 4682 3786 4753 eligerc,_etsequt;

2191 4742 2383 4808 divini
2411 4768 2543 4808 vero
2563 4755 2823 4809 muneris
2844 4760 2925 4809 est
2957 4742 3021 4808 ut
3041 4742 3322 4823 possimus
3350 4742 3789 4823 adipisciquodse;

2232 4807 2697 4894 uendoicupimus
2713 4807 3015 4894 consequi.
3041 4807 3241 4877 ‘Verba
3258 4828 3393 4878 sunt
3420 4807 3484 4877 ii‘s
3521 4807 3632 4891 quae
3670 4807 3790 4882 apud

2190 4839 2571 4949 (’alerlanum
2602 4901 2859 4949 susnecta
2871 4896 3248 4949 habebantur.
3269 4895 3437 4949 nlane
3461 4890 3688 4949 gemina.
3711 4882 3788 4934 De-

2250 4882 2571 4949 alerlanuin
2602 4901 2859 4965 suspecta
2871 4882 3248 4959 habebantur,
3269 4895 3437 4964 plane
3460 4882 3688 4965 gemina.
3711 4882 3788 4934 De-

2192 4965 2417 5036 scripsit
2441 4963 2765 5038 ,Bernardus
2795 4967 2984 5020 locum
3006 4982 3071 5021 ex
3101 4982 3149 5038 c.
3179 4966 3239 5018 21
3268 4963 3339 5020 de
3363 4966 3558 5038 Eccles.
3594 4963 3787 5038 pagum;

2194 5034 2568 5101 Gen'nadii(si
2600 5042 2794 5091 tamen
2845 5037 3143 5099 Gennadii,
3206 5040 3265 5091 et
3297 5052 3410 5090 non
3460 5034 3789 5104 alicujusqu'

2194 5108 2470 5163 Gennadii
2503 5108 2713 5162 librum
2746 5125 2814 5163 ea
2845 5108 3137 5162 additione
3168 5106 3490 5170 interserit;
3547 5104 3789 5176 cumuli)“

2193 5180 2425 5249 quidem
2458 5179 2785 5233 Gennadius
2815 5195 2879 5232 ex
2914 5178 3170 5234 Cassiani
3205 5182 3261 5233 et
3316 5168 3502 5232 Fausti
3549 5168 3786 5249 laudibus:

2194 5235 2450 5318 Prosperi
2474 5255 2664 5304 autem
2695 5250 3025 5321 rejectione,
3078 5266 3191 5303 non
3250 5251 3483 5303 obscure
3528 5261 3582 5321 se
3624 5235 3790 5321 ρτράξξ

2195 5304 2773 5391 ὃθωῖροιδείειηυῐη)ῗ
2794 5322 2864 5375 Ut
2896 5326 2960 5375 ut
2988 5304 3079 5384 sit,
3132 5322 3393 5390 probant
3439 5323 3492 5372 et
3514 5304 3789 5391 des-crit)?!

2193 5374 2325 5446 eum
2346 5374 2535 5446 focum
2569 5374 2915 5455 Bernartius,
2939 5374 3189 5462 itemque
3220 5391 3484 5462 [tabanus
3513 5386 3601 5462 lib.
3635 5374 3789 5462 Διτς

2198 5462 2493 5535 Universo,
2518 5464 2744 5535 cap.lO,
2774 5466 2830 5517 et
2858 5467 3056 5535 auctor
3078 5456 3207 5516 libri
3230 5462 3300 5535 de
3328 5456 3789 5535 δρίτίιυηεςᾼηξιῖξξ

2194 5549 2319 5603 cap.
2348 5534 2435 5589 48.
2461 5518 2618 5588 Hanc
2642 5518 2889 5604 primam
2917 5518 3448 5604 interpretationem
3503 5522 3650 5604 dicti,
3695 5518 3787 5604 ((ξξο

2195 5586 2503 5659 νὲιέέίξιίιῖ
2516 5586 2695 5675 operte,
2711 5586 2767 5659 in
2794 5586 3051 5675 speciem
3067 5586 3413 5668 difﬁcillimi,
3433 5596 3672 5675 existimo
3688 5586 3787 5675 pii?

2195 5690 2333 5729 nam
2364 5682 2418 5730 et
2433 5668 2987 5743 commodissimam,
3007 5676 3370 5745 maximeque
3391 5685 3516 5726 cum
3539 5668 3787 5745 antqugfl:

2195 5728 2309 5804 tu;
2326 5728 2388 5804 fet
2404 5728 2535 5804 tuta
2556 5728 2812 5805 semina
2830 5728 3065 5807 tanta
3075 5728 3463 5806 uiuentem
3478 5757 3494 5811 ;
3508 5752 3604 5795 nec
3625 5728 3785 5791 dubito
