  <div class='ocr_page' id='page_1' title='image "/cluster/home/n/w/nwhite01/storage/ocr_20150623/52/hvd.32044054758628/409.png"; bbox 0 0 3986 6178; ppageno 0'>
   <div class='ocr_carea' id='block_1_1' title="bbox 392 192 509 296">
    <p class='ocr_par' dir='ltr' id='par_1_1' title="bbox 392 192 509 296">
     <span class='ocr_line' id='line_1_1' title="bbox 392 192 509 296; baseline 0 -1"><span class='ocrx_word' id='word_1_1' title='bbox 392 237 509 296; x_wconf 82' lang='grc'><strong>807</strong></span> 
     </span>
    </p>
   </div>
   <div class='ocr_carea' id='block_1_2' title="bbox 1226 227 2957 291">
    <p class='ocr_par' dir='ltr' id='par_1_2' title="bbox 1226 227 2957 291">
     <span class='ocr_line' id='line_1_2' title="bbox 1226 227 2957 291; baseline 0.002 -3"><span class='ocrx_word' id='word_1_2' title='bbox 1226 229 1346 290; x_wconf 84' lang='grc' dir='ltr'><strong>ΤΗ.</strong></span> <span class='ocrx_word' id='word_1_3' title='bbox 1391 227 1770 291; x_wconf 79' lang='lat' dir='ltr'><strong>RAYNAUDI</strong></span> <span class='ocrx_word' id='word_1_4' title='bbox 1810 228 2173 291; x_wconf 82' lang='lat' dir='ltr'><strong>APOLOGIA</strong></span> <span class='ocrx_word' id='word_1_5' title='bbox 2218 229 2355 291; x_wconf 85' lang='lat' dir='ltr'><strong>PRO</strong></span> <span class='ocrx_word' id='word_1_6' title='bbox 2399 230 2459 291; x_wconf 90' lang='lat' dir='ltr'><strong>S.</strong></span> <span class='ocrx_word' id='word_1_7' title='bbox 2510 230 2957 291; x_wconf 79' lang='lat' dir='ltr'><strong>VALERIANO.</strong></span> 
     </span>
    </p>
   </div>
   <div class='ocr_carea' id='block_1_3' title="bbox 3684 235 3800 294">
    <p class='ocr_par' dir='ltr' id='par_1_3' title="bbox 3684 235 3800 294">
     <span class='ocr_line' id='line_1_3' title="bbox 3684 235 3800 294; baseline 0.009 -1"><span class='ocrx_word' id='word_1_8' title='bbox 3684 235 3800 294; x_wconf 86' lang='lat'><strong>808</strong></span> 
     </span>
    </p>
   </div>
   <div class='ocr_carea' id='block_1_4' title="bbox 397 357 3804 428">
    <p class='ocr_par' dir='ltr' id='par_1_4' title="bbox 397 357 3804 428">
     <span class='ocr_line' id='line_1_4' title="bbox 397 357 3804 428; baseline -0.001 -9"><span class='ocrx_word' id='word_1_9' title='bbox 397 412 414 428; x_wconf 81' lang='grc'><em>,</em></span> <span class='ocrx_word' id='word_1_10' title='bbox 463 364 549 419; x_wconf 82' lang='grc'><strong>10.</strong></span> <span class='ocrx_word' id='word_1_11' title='bbox 583 362 892 417; x_wconf 84' lang='lat' dir='ltr'><strong>Possumus</strong></span> <span class='ocrx_word' id='word_1_12' title='bbox 922 360 1070 415; x_wconf 87' lang='lat' dir='ltr'><strong>hanc</strong></span> <span class='ocrx_word' id='word_1_13' title='bbox 1096 357 1416 414; x_wconf 80' lang='lat' dir='ltr'><strong>doctrinam</strong></span> <span class='ocrx_word' id='word_1_14' title='bbox 1440 358 1673 413; x_wconf 78' lang='lat' dir='ltr'><strong>Patrum</strong></span> <span class='ocrx_word' id='word_1_15' title='bbox 1699 360 2039 416; x_wconf 77' lang='lat' dir='ltr'><strong>auctoritate</strong></span> <span class='ocrx_word' id='word_1_16' title='bbox 2070 366 2119 424; x_wconf 82' lang='grc' dir='ltr'><strong>Α</strong></span> <span class='ocrx_word' id='word_1_17' title='bbox 2149 362 2520 417; x_wconf 84' lang='lat' dir='ltr'><strong>metuendam</strong></span> <span class='ocrx_word' id='word_1_18' title='bbox 2550 377 2671 417; x_wconf 82' lang='lat' dir='ltr'><strong>esse</strong></span> <span class='ocrx_word' id='word_1_19' title='bbox 2700 361 2756 415; x_wconf 89' lang='lat' dir='ltr'><strong>in</strong></span> <span class='ocrx_word' id='word_1_20' title='bbox 2790 378 2856 417; x_wconf 92' lang='lat' dir='ltr'><strong>eo</strong></span> <span class='ocrx_word' id='word_1_21' title='bbox 2884 362 2958 416; x_wconf 88' lang='lat' dir='ltr'><strong>ad</strong></span> <span class='ocrx_word' id='word_1_22' title='bbox 2985 361 3165 416; x_wconf 91' lang='lat' dir='ltr'><strong>Deum</strong></span> <span class='ocrx_word' id='word_1_23' title='bbox 3196 374 3425 414; x_wconf 89' lang='lat' dir='ltr'><strong>accessu</strong></span> <span class='ocrx_word' id='word_1_24' title='bbox 3454 359 3804 418; x_wconf 91' lang='lat' dir='ltr'><strong>inurbanam</strong></span> 
     </span>
    </p>
   </div>
   <div class='ocr_carea' id='block_1_5' title="bbox 391 429 2037 491">
    <p class='ocr_par' dir='ltr' id='par_1_5' title="bbox 391 429 2037 491">
     <span class='ocr_line' id='line_1_5' title="bbox 391 429 2037 491; baseline -0.004 1"><span class='ocrx_word' id='word_1_25' title='bbox 391 433 765 491; x_wconf 88' lang='lat' dir='ltr'><strong>communire.</strong></span> <span class='ocrx_word' id='word_1_26' title='bbox 777 432 1112 487; x_wconf 88' lang='lat' dir='ltr'><strong>Luculenter</strong></span> <span class='ocrx_word' id='word_1_27' title='bbox 1123 447 1251 485; x_wconf 88' lang='lat' dir='ltr'><strong>eam</strong></span> <span class='ocrx_word' id='word_1_28' title='bbox 1266 429 1442 483; x_wconf 86' lang='lat' dir='ltr'><strong>tradit</strong></span> <span class='ocrx_word' id='word_1_29' title='bbox 1456 430 1491 483; x_wconf 94' lang='lat' dir='ltr'><strong>S</strong></span> <span class='ocrx_word' id='word_1_30' title='bbox 1506 474 1518 483; x_wconf 95' lang='lat'><strong>.</strong></span> <span class='ocrx_word' id='word_1_31' title='bbox 1545 431 1824 485; x_wconf 85' lang='lat' dir='ltr'><strong>Macarius</strong></span> <span class='ocrx_word' id='word_1_32' title='bbox 1838 432 2037 486; x_wconf 90' lang='lat' dir='ltr'><strong>homil.</strong></span> 
     </span>
    </p>
   </div>
   <div class='ocr_carea' id='block_1_6' title="bbox 392 501 2041 573">
    <p class='ocr_par' dir='ltr' id='par_1_6' title="bbox 392 501 2041 573">
     <span class='ocr_line' id='line_1_6' title="bbox 392 501 2041 573; baseline -0.003 -11"><span class='ocrx_word' id='word_1_33' title='bbox 392 508 482 572; x_wconf 91' lang='lat'><strong>37,</strong></span> <span class='ocrx_word' id='word_1_34' title='bbox 514 506 725 560; x_wconf 87' lang='lat' dir='ltr'><strong>diserte</strong></span> <span class='ocrx_word' id='word_1_35' title='bbox 754 505 988 558; x_wconf 86' lang='lat' dir='ltr'><strong>tradens</strong></span> <span class='ocrx_word' id='word_1_36' title='bbox 1015 520 1048 557; x_wconf 90' lang='lat' dir='ltr'><strong>a</strong></span> <span class='ocrx_word' id='word_1_37' title='bbox 1073 502 1364 556; x_wconf 82' lang='lat' dir='ltr'><strong>voluntate</strong></span> <span class='ocrx_word' id='word_1_38' title='bbox 1395 501 1644 573; x_wconf 81' lang='lat' dir='ltr'><strong>hominis</strong></span> <span class='ocrx_word' id='word_1_39' title='bbox 1673 518 1795 557; x_wconf 90' lang='lat' dir='ltr'><strong>esse</strong></span> <span class='ocrx_word' id='word_1_40' title='bbox 1818 506 1880 557; x_wconf 89' lang='lat' dir='ltr'><strong>ut</strong></span> <span class='ocrx_word' id='word_1_41' title='bbox 1900 520 2041 573; x_wconf 89' lang='lat' dir='ltr'><strong>opus</strong></span> 
     </span>
    </p>
   </div>
   <div class='ocr_carea' id='block_1_7' title="bbox 393 572 2041 658">
    <p class='ocr_par' dir='ltr' id='par_1_7' title="bbox 393 572 2041 658">
     <span class='ocr_line' id='line_1_7' title="bbox 393 572 2041 658; baseline -0.002 -26"><span class='ocrx_word' id='word_1_42' title='bbox 393 575 826 658; x_wconf 78' lang='lat' dir='ltr'><strong>supernaturale</strong></span> <span class='ocrx_word' id='word_1_43' title='bbox 874 579 1223 658; x_wconf 59' lang='lat' dir='ltr'><strong>exerceatur:</strong></span> <span class='ocrx_word' id='word_1_44' title='bbox 1252 588 1354 658; x_wconf 73' lang='lat' dir='ltr'><strong>nec</strong></span> <span class='ocrx_word' id='word_1_45' title='bbox 1392 572 1573 658; x_wconf 76' lang='lat' dir='ltr'><strong>Deum</strong></span> <span class='ocrx_word' id='word_1_46' title='bbox 1624 573 1683 626; x_wconf 91' lang='lat' dir='ltr'><strong>in</strong></span> <span class='ocrx_word' id='word_1_47' title='bbox 1720 589 1788 627; x_wconf 92' lang='lat' dir='ltr'><strong>eo</strong></span> <span class='ocrx_word' id='word_1_48' title='bbox 1835 572 2041 653; x_wconf 77' lang='lat' dir='ltr'><strong>genere</strong></span> 
     </span>
    </p>
   </div>
   <div class='ocr_carea' id='block_1_8' title="bbox 392 642 2042 719">
    <p class='ocr_par' dir='ltr' id='par_1_8' title="bbox 392 642 2042 719">
     <span class='ocr_line' id='line_1_8' title="bbox 392 642 2042 719; baseline -0.002 -17"><span class='ocrx_word' id='word_1_49' title='bbox 392 642 978 719; x_wconf 18' lang='lat' dir='ltr'><strong>quidquamioperari,</strong></span> <span class='ocrx_word' id='word_1_50' title='bbox 1013 644 1121 719; x_wconf 77' lang='lat' dir='ltr'><strong>nisi</strong></span> <span class='ocrx_word' id='word_1_51' title='bbox 1142 643 1222 719; x_wconf 79' lang='lat' dir='ltr'><strong>ad</strong></span> <span class='ocrx_word' id='word_1_52' title='bbox 1253 642 1562 719; x_wconf 68' lang='lat' dir='ltr'><strong>voluntatis</strong></span> <span class='ocrx_word' id='word_1_53' title='bbox 1593 642 1895 719; x_wconf 65' lang='lat' dir='ltr'><strong>praeventas</strong></span> <span class='ocrx_word' id='word_1_54' title='bbox 1928 645 2042 700; x_wconf 88' lang='lat' dir='ltr'><strong>exi-</strong></span> 
     </span>
    </p>
   </div>
   <div class='ocr_carea' id='block_1_9' title="bbox 391 714 1787 791">
    <p class='ocr_par' dir='ltr' id='par_1_9' title="bbox 391 714 1787 791">
     <span class='ocr_line' id='line_1_9' title="bbox 391 714 1787 791; baseline -0.002 -18"><span class='ocrx_word' id='word_1_55' title='bbox 391 714 669 791; x_wconf 73' lang='lat' dir='ltr'><strong>gentiam.</strong></span> <span class='ocrx_word' id='word_1_56' title='bbox 699 718 923 791; x_wconf 53' lang='lat' dir='ltr'><strong>bocum</strong></span> <span class='ocrx_word' id='word_1_57' title='bbox 944 715 1282 791; x_wconf 82' lang='lat' dir='ltr'><strong>infra_dabo_</strong></span> <span class='ocrx_word' id='word_1_58' title='bbox 1307 714 1512 791; x_wconf 21' lang='lat' dir='ltr'><strong>caput),</strong></span> <span class='ocrx_word' id='word_1_59' title='bbox 1552 731 1711 791; x_wconf 78' lang='lat' dir='ltr'><strong>num.</strong></span> 
     </span>
    </p>
   </div>
   <div class='ocr_carea' id='block_1_10' title="bbox 462 784 2035 858">
    <p class='ocr_par' dir='ltr' id='par_1_10' title="bbox 462 784 2035 858">
     <span class='ocr_line' id='line_1_10' title="bbox 462 784 2035 858; baseline -0.002 -15"><span class='ocrx_word' id='word_1_60' title='bbox 462 792 669 843; x_wconf 85' lang='lat' dir='ltr'><strong>Auctor</strong></span> <span class='ocrx_word' id='word_1_61' title='bbox 687 786 887 858; x_wconf 84' lang='lat' dir='ltr'><strong>Operis</strong></span> <span class='ocrx_word' id='word_1_62' title='bbox 904 784 1226 858; x_wconf 70' lang='lat' dir='ltr'><strong>imperfecti</strong></span> <span class='ocrx_word' id='word_1_63' title='bbox 1269 784 1323 838; x_wconf 90' lang='lat' dir='ltr'><strong>in</strong></span> <span class='ocrx_word' id='word_1_64' title='bbox 1348 784 1570 858; x_wconf 68' lang='lat' dir='ltr'><strong>Matth,</strong></span> <span class='ocrx_word' id='word_1_65' title='bbox 1594 784 1795 839; x_wconf 87' lang='lat' dir='ltr'><strong>homil.</strong></span> <span class='ocrx_word' id='word_1_66' title='bbox 1823 786 1912 849; x_wconf 85' lang='grc'><strong>32,</strong></span> <span class='ocrx_word' id='word_1_67' title='bbox 1945 802 2035 841; x_wconf 86' lang='lat' dir='ltr'><strong>ex-</strong></span> 
     </span>
    </p>
   </div>
   <div class='ocr_carea' id='block_1_11' title="bbox 432 856 2040 926">
    <p class='ocr_par' dir='ltr' id='par_1_11' title="bbox 432 856 2040 926">
     <span class='ocr_line' id='line_1_11' title="bbox 432 856 2040 926; baseline -0.002 -13"><span class='ocrx_word' id='word_1_68' title='bbox 432 861 646 914; x_wconf 89' lang='lat' dir='ltr'><strong>endens</strong></span> <span class='ocrx_word' id='word_1_69' title='bbox 664 856 835 913; x_wconf 88' lang='lat' dir='ltr'><strong>verba</strong></span> <span class='ocrx_word' id='word_1_70' title='bbox 857 856 955 911; x_wconf 87' lang='lat' dir='ltr'><strong>illa</strong></span> <span class='ocrx_word' id='word_1_71' title='bbox 975 856 1176 926; x_wconf 84' lang='lat' dir='ltr'><strong>capitis</strong></span> <span class='ocrx_word' id='word_1_72' title='bbox 1198 872 1287 911; x_wconf 68' lang='lat' dir='ltr'><strong>xxx</strong></span> <span class='ocrx_word' id='word_1_73' title='bbox 1316 871 1327 910; x_wconf 90' lang='lat'><strong>:</strong></span> <span class='ocrx_word' id='word_1_74' title='bbox 1347 856 1471 911; x_wconf 88' lang='lat' dir='ltr'><strong>Non</strong></span> <span class='ocrx_word' id='word_1_75' title='bbox 1492 873 1674 911; x_wconf 87' lang='lat' dir='ltr'><strong>omnes</strong></span> <span class='ocrx_word' id='word_1_76' title='bbox 1689 858 2040 926; x_wconf 88' lang='lat' dir='ltr'><strong>capiuntver-</strong></span> 
     </span>
    </p>
   </div>
   <div class='ocr_carea' id='block_1_12' title="bbox 392 877 2037 1009">
    <p class='ocr_par' dir='ltr' id='par_1_12' title="bbox 392 877 2037 1009">
     <span class='ocr_line' id='line_1_12' title="bbox 432 877 2037 926; baseline -0.002 -13"><span class='ocrx_word' id='word_1_77' title='bbox 432 877 646 914; x_wconf 69' lang='lat' dir='ltr'><strong>COGCDS</strong></span> <span class='ocrx_word' id='word_1_78' title='bbox 664 877 835 913; x_wconf 69' lang='lat' dir='ltr'><strong>VCI&#39;DH.</strong></span> <span class='ocrx_word' id='word_1_79' title='bbox 857 877 955 911; x_wconf 72' lang='lat' dir='ltr'><strong>una</strong></span> <span class='ocrx_word' id='word_1_80' title='bbox 975 877 1176 926; x_wconf 68' lang='grc' dir='ltr'><strong>ρδριιιε</strong></span> <span class='ocrx_word' id='word_1_81' title='bbox 1198 877 1287 911; x_wconf 70' lang='lat' dir='ltr'><strong>XIX</strong></span> <span class='ocrx_word' id='word_1_82' title='bbox 1316 877 1471 911; x_wconf 70' lang='lat' dir='ltr'><strong>IlVOﬂ</strong></span> <span class='ocrx_word' id='word_1_83' title='bbox 1492 877 1674 911; x_wconf 74' lang='grc' dir='ltr'><strong>οπιηεδ</strong></span> <span class='ocrx_word' id='word_1_84' title='bbox 1689 877 2037 926; x_wconf 84' lang='lat' dir='ltr'><strong>capmmver-</strong></span> 
     </span>
     <span class='ocr_line' id='line_1_13' title="bbox 392 877 2037 1009; baseline -0.002 -24"><span class='ocrx_word' id='word_1_85' title='bbox 392 877 701 1009; x_wconf 50' lang='lat' dir='ltr'><strong>Enumistud,</strong></span> <span class='ocrx_word' id='word_1_86' title='bbox 724 928 816 983; x_wconf 87' lang='lat' dir='ltr'><strong>sed</strong></span> <span class='ocrx_word' id='word_1_87' title='bbox 828 928 1019 1009; x_wconf 75' lang='lat' dir='ltr'><strong>quibus</strong></span> <span class='ocrx_word' id='word_1_88' title='bbox 1039 928 1223 1009; x_wconf 83' lang='lat' dir='ltr'><strong>datum</strong></span> <span class='ocrx_word' id='word_1_89' title='bbox 1236 934 1329 1009; x_wconf 79' lang='lat' dir='ltr'><strong>est,</strong></span> <span class='ocrx_word' id='word_1_90' title='bbox 1349 926 1610 1009; x_wconf 44' lang='lat' dir='ltr'><strong>63Ihazc</strong></span> <span class='ocrx_word' id='word_1_91' title='bbox 1625 929 1805 1009; x_wconf 71' lang='lat' dir='ltr'><strong>verba</strong></span> <span class='ocrx_word' id='word_1_92' title='bbox 1824 928 1996 1009; x_wconf 86' lang='lat' dir='ltr'><strong>habet</strong></span> <span class='ocrx_word' id='word_1_93' title='bbox 2025 946 2037 982; x_wconf 88' lang='lat'>:</span> 
     </span>
    </p>
   </div>
   <div class='ocr_carea' id='block_1_13' title="bbox 394 998 2042 1069">
    <p class='ocr_par' dir='ltr' id='par_1_13' title="bbox 394 998 2042 1069">
     <span class='ocr_line' id='line_1_14' title="bbox 394 998 2042 1069; baseline -0.001 -14"><span class='ocrx_word' id='word_1_94' title='bbox 394 1000 543 1067; x_wconf 84' lang='lat' dir='ltr'><strong>Quod</strong></span> <span class='ocrx_word' id='word_1_95' title='bbox 562 1002 718 1062; x_wconf 89' lang='lat' dir='ltr'><strong>dicit,</strong></span> <span class='ocrx_word' id='word_1_96' title='bbox 750 998 952 1069; x_wconf 87' lang='lat' dir='ltr'><strong>quibus</strong></span> <span class='ocrx_word' id='word_1_97' title='bbox 971 1000 1171 1053; x_wconf 89' lang='lat' dir='ltr'><strong>datum</strong></span> <span class='ocrx_word' id='word_1_98' title='bbox 1203 1002 1309 1063; x_wconf 90' lang='lat' dir='ltr'><strong>est,</strong></span> <span class='ocrx_word' id='word_1_99' title='bbox 1337 1014 1442 1051; x_wconf 89' lang='lat' dir='ltr'><strong>non</strong></span> <span class='ocrx_word' id='word_1_100' title='bbox 1468 998 1563 1052; x_wconf 86' lang='lat' dir='ltr'><strong>hoc</strong></span> <span class='ocrx_word' id='word_1_101' title='bbox 1585 1000 1883 1069; x_wconf 82' lang='lat' dir='ltr'><strong>signiﬁcat,</strong></span> <span class='ocrx_word' id='word_1_102' title='bbox 1911 1015 2042 1069; x_wconf 89' lang='lat' dir='ltr'><strong>quo-</strong></span> 
     </span>
    </p>
   </div>
   <div class='ocr_carea' id='block_1_14' title="bbox 391 1068 2042 1141">
    <p class='ocr_par' dir='ltr' id='par_1_14' title="bbox 391 1068 2042 1141">
     <span class='ocr_line' id='line_1_15' title="bbox 391 1068 2042 1141; baseline -0.001 -15"><span class='ocrx_word' id='word_1_103' title='bbox 391 1073 541 1126; x_wconf 89' lang='lat' dir='ltr'><strong>niam</strong></span> <span class='ocrx_word' id='word_1_104' title='bbox 573 1068 885 1141; x_wconf 84' lang='lat' dir='ltr'><strong>quibusdam</strong></span> <span class='ocrx_word' id='word_1_105' title='bbox 905 1070 1089 1134; x_wconf 88' lang='lat' dir='ltr'><strong>datur,</strong></span> <span class='ocrx_word' id='word_1_106' title='bbox 1110 1068 1428 1139; x_wconf 70' lang='lat' dir='ltr'><strong>quibusdam</strong></span> <span class='ocrx_word' id='word_1_107' title='bbox 1443 1086 1553 1123; x_wconf 87' lang='lat' dir='ltr'><strong>non</strong></span> <span class='ocrx_word' id='word_1_108' title='bbox 1569 1068 1743 1125; x_wconf 86' lang='lat' dir='ltr'><strong>datur</strong></span> <span class='ocrx_word' id='word_1_109' title='bbox 1759 1090 1770 1137; x_wconf 89' lang='lat'><strong>;</strong></span> <span class='ocrx_word' id='word_1_110' title='bbox 1786 1070 1878 1125; x_wconf 90' lang='lat' dir='ltr'><strong>sed</strong></span> <span class='ocrx_word' id='word_1_111' title='bbox 1898 1068 2042 1124; x_wconf 80' lang='lat' dir='ltr'><strong>illud</strong></span> 
     </span>
    </p>
   </div>
   <div class='ocr_carea' id='block_1_15' title="bbox 391 1141 2041 1212">
    <p class='ocr_par' dir='ltr' id='par_1_15' title="bbox 391 1141 2041 1212">
     <span class='ocr_line' id='line_1_16' title="bbox 391 1141 2041 1212; baseline -0.002 -14"><span class='ocrx_word' id='word_1_112' title='bbox 391 1143 626 1198; x_wconf 76' lang='lat' dir='ltr'><strong>ostendit</strong></span> <span class='ocrx_word' id='word_1_113' title='bbox 655 1146 789 1212; x_wconf 85' lang='lat' dir='ltr'><strong>quia</strong></span> <span class='ocrx_word' id='word_1_114' title='bbox 827 1142 937 1195; x_wconf 85' lang='lat' dir='ltr'><strong>nisi</strong></span> <span class='ocrx_word' id='word_1_115' title='bbox 965 1142 1245 1196; x_wconf 72' lang='lat' dir='ltr'><strong>auxilium</strong></span> <span class='ocrx_word' id='word_1_116' title='bbox 1263 1142 1464 1209; x_wconf 72' lang='lat' dir='ltr'><strong>gratiae</strong></span> <span class='ocrx_word' id='word_1_117' title='bbox 1488 1142 1869 1212; x_wconf 82' lang='lat' dir='ltr'><strong>acceperimus,</strong></span> <span class='ocrx_word' id='word_1_118' title='bbox 1898 1141 2041 1195; x_wconf 82' lang='lat' dir='ltr'><strong>nihil</strong></span> 
     </span>
    </p>
   </div>
   <div class='ocr_carea' id='block_1_16' title="bbox 392 1212 2039 1282">
    <p class='ocr_par' dir='ltr' id='par_1_16' title="bbox 392 1212 2039 1282">
     <span class='ocr_line' id='line_1_17' title="bbox 392 1212 2039 1282; baseline -0.002 -13"><span class='ocrx_word' id='word_1_119' title='bbox 392 1229 462 1269; x_wconf 79' lang='lat' dir='ltr'><strong>ea:</strong></span> <span class='ocrx_word' id='word_1_120' title='bbox 489 1214 638 1267; x_wconf 89' lang='lat' dir='ltr'><strong>nobis</strong></span> <span class='ocrx_word' id='word_1_121' title='bbox 668 1214 965 1267; x_wconf 82' lang='lat' dir='ltr'><strong>valeamus.</strong></span> <span class='ocrx_word' id='word_1_122' title='bbox 1002 1212 1269 1279; x_wconf 81' lang='lat' dir='ltr'><strong>Quoniam</strong></span> <span class='ocrx_word' id='word_1_123' title='bbox 1296 1217 1481 1265; x_wconf 89' lang='lat' dir='ltr'><strong>autem</strong></span> <span class='ocrx_word' id='word_1_124' title='bbox 1523 1212 1822 1266; x_wconf 86' lang='lat' dir='ltr'><strong>volentibus</strong></span> <span class='ocrx_word' id='word_1_125' title='bbox 1850 1213 2039 1282; x_wconf 86' lang='lat' dir='ltr'><strong>gratia</strong></span> 
     </span>
    </p>
   </div>
   <div class='ocr_carea' id='block_1_17' title="bbox 394 1282 2040 1352">
    <p class='ocr_par' dir='ltr' id='par_1_17' title="bbox 394 1282 2040 1352">
     <span class='ocr_line' id='line_1_18' title="bbox 394 1282 2040 1352; baseline -0.002 -13"><span class='ocrx_word' id='word_1_126' title='bbox 394 1301 498 1339; x_wconf 89' lang='lat' dir='ltr'><strong>non</strong></span> <span class='ocrx_word' id='word_1_127' title='bbox 555 1285 869 1352; x_wconf 79' lang='lat' dir='ltr'><strong>denegatur,</strong></span> <span class='ocrx_word' id='word_1_128' title='bbox 904 1285 961 1337; x_wconf 88' lang='lat' dir='ltr'><strong>in</strong></span> <span class='ocrx_word' id='word_1_129' title='bbox 1002 1282 1283 1351; x_wconf 85' lang='lat' dir='ltr'><strong>Eeangelio</strong></span> <span class='ocrx_word' id='word_1_130' title='bbox 1332 1282 1599 1336; x_wconf 81' lang='lat' dir='ltr'><strong>Dominus</strong></span> <span class='ocrx_word' id='word_1_131' title='bbox 1634 1283 1763 1337; x_wconf 85' lang='lat' dir='ltr'><strong>dicit</strong></span> <span class='ocrx_word' id='word_1_132' title='bbox 1798 1300 1809 1336; x_wconf 88' lang='lat'>:</span> <span class='ocrx_word' id='word_1_133' title='bbox 1862 1283 2040 1337; x_wconf 87' lang='lat' dir='ltr'><strong>Petite</strong></span> 
     </span>
    </p>
   </div>
   <div class='ocr_carea' id='block_1_18' title="bbox 391 1352 2040 1434">
    <p class='ocr_par' dir='ltr' id='par_1_18' title="bbox 391 1352 2040 1434">
     <span class='ocr_line' id='line_1_19' title="bbox 391 1352 2040 1434; baseline -0.002 -25"><span class='ocrx_word' id='word_1_134' title='bbox 391 1362 444 1434; x_wconf 85' lang='lat' dir='ltr'><strong>et_</strong></span> <span class='ocrx_word' id='word_1_135' title='bbox 465 1354 887 1434; x_wconf 28' lang='lat' dir='ltr'><strong>dabiturnvobis;</strong></span> <span class='ocrx_word' id='word_1_136' title='bbox 920 1356 1154 1434; x_wconf 63' lang='lat' dir='ltr'><strong>quaerite</strong></span> <span class='ocrx_word' id='word_1_137' title='bbox 1183 1358 1231 1406; x_wconf 90' lang='lat' dir='ltr'><strong>et</strong></span> <span class='ocrx_word' id='word_1_138' title='bbox 1252 1352 1535 1434; x_wconf 68' lang='lat' dir='ltr'><strong>invenietis</strong></span> <span class='ocrx_word' id='word_1_139' title='bbox 1562 1370 1574 1433; x_wconf 60' lang='grc' dir='ltr'>ξ</span> <span class='ocrx_word' id='word_1_140' title='bbox 1604 1354 1819 1434; x_wconf 79' lang='lat' dir='ltr'><strong>pulsate</strong></span> <span class='ocrx_word' id='word_1_141' title='bbox 1843 1360 1891 1434; x_wconf 73' lang='lat' dir='ltr'><strong>et</strong></span> <span class='ocrx_word' id='word_1_142' title='bbox 1918 1370 2040 1422; x_wconf 90' lang='lat' dir='ltr'><strong>ape-</strong></span> 
     </span>
    </p>
   </div>
   <div class='ocr_carea' id='block_1_19' title="bbox 390 1424 2039 1494">
    <p class='ocr_par' dir='ltr' id='par_1_19' title="bbox 390 1424 2039 1494">
     <span class='ocr_line' id='line_1_20' title="bbox 390 1424 2039 1494; baseline 0 -16"><span class='ocrx_word' id='word_1_143' title='bbox 390 1426 571 1478; x_wconf 87' lang='lat' dir='ltr'><strong>rietur</strong></span> <span class='ocrx_word' id='word_1_144' title='bbox 590 1426 732 1479; x_wconf 90' lang='lat' dir='ltr'><strong>vobis</strong></span> <span class='ocrx_word' id='word_1_145' title='bbox 757 1441 768 1477; x_wconf 89' lang='grc'>;</span> <span class='ocrx_word' id='word_1_146' title='bbox 798 1424 970 1477; x_wconf 89' lang='lat' dir='ltr'><strong>omnis</strong></span> <span class='ocrx_word' id='word_1_147' title='bbox 989 1424 1131 1478; x_wconf 88' lang='lat' dir='ltr'><strong>enim</strong></span> <span class='ocrx_word' id='word_1_148' title='bbox 1162 1425 1265 1493; x_wconf 91' lang='lat' dir='ltr'><strong>qui</strong></span> <span class='ocrx_word' id='word_1_149' title='bbox 1285 1424 1683 1493; x_wconf 82' lang='lat' dir='ltr'><strong>petit,accipit;</strong></span> <span class='ocrx_word' id='word_1_150' title='bbox 1706 1433 1752 1478; x_wconf 92' lang='lat' dir='ltr'><strong>et</strong></span> <span class='ocrx_word' id='word_1_151' title='bbox 1780 1424 1877 1493; x_wconf 86' lang='lat' dir='ltr'><strong>qui</strong></span> <span class='ocrx_word' id='word_1_152' title='bbox 1897 1441 2039 1494; x_wconf 70' lang='lat' dir='ltr'><strong>quae-</strong></span> 
     </span>
    </p>
   </div>
   <div class='ocr_carea' id='block_1_20' title="bbox 394 1494 2041 1565">
    <p class='ocr_par' dir='ltr' id='par_1_20' title="bbox 394 1494 2041 1565">
     <span class='ocr_line' id='line_1_21' title="bbox 394 1494 2041 1565; baseline -0.001 -15"><span class='ocrx_word' id='word_1_153' title='bbox 394 1498 488 1560; x_wconf 87' lang='lat' dir='ltr'><strong>rit,</strong></span> <span class='ocrx_word' id='word_1_154' title='bbox 503 1496 710 1550; x_wconf 86' lang='lat' dir='ltr'><strong>invenit</strong></span> <span class='ocrx_word' id='word_1_155' title='bbox 728 1513 741 1559; x_wconf 87' lang='lat'><strong>;</strong></span> <span class='ocrx_word' id='word_1_156' title='bbox 761 1501 811 1548; x_wconf 89' lang='lat' dir='ltr'><strong>et</strong></span> <span class='ocrx_word' id='word_1_157' title='bbox 825 1495 1071 1565; x_wconf 80' lang='lat' dir='ltr'><strong>pulsanti</strong></span> <span class='ocrx_word' id='word_1_158' title='bbox 1084 1494 1387 1564; x_wconf 77' lang='lat' dir='ltr'><strong>aperietur.</strong></span> <span class='ocrx_word' id='word_1_159' title='bbox 1407 1495 1568 1550; x_wconf 82' lang='lat' dir='ltr'><strong>Debet</strong></span> <span class='ocrx_word' id='word_1_160' title='bbox 1581 1502 1769 1550; x_wconf 83' lang='lat' dir='ltr'><strong>autem</strong></span> <span class='ocrx_word' id='word_1_161' title='bbox 1788 1495 2041 1549; x_wconf 82' lang='lat' dir='ltr'><strong>voluntas</strong></span> 
     </span>
    </p>
   </div>
   <div class='ocr_carea' id='block_1_21' title="bbox 386 1565 2041 1637">
    <p class='ocr_par' dir='ltr' id='par_1_21' title="bbox 386 1565 2041 1637">
     <span class='ocr_line' id='line_1_22' title="bbox 386 1565 2041 1637; baseline -0.001 -15"><span class='ocrx_word' id='word_1_162' title='bbox 386 1567 711 1637; x_wconf 54' lang='lat' dir='ltr'><strong>precedere,</strong></span> <span class='ocrx_word' id='word_1_163' title='bbox 744 1573 797 1620; x_wconf 90' lang='lat' dir='ltr'><strong>et</strong></span> <span class='ocrx_word' id='word_1_164' title='bbox 817 1566 893 1620; x_wconf 88' lang='lat' dir='ltr'><strong>sic</strong></span> <span class='ocrx_word' id='word_1_165' title='bbox 907 1566 1151 1636; x_wconf 82' lang='lat' dir='ltr'><strong>sequitur</strong></span> <span class='ocrx_word' id='word_1_166' title='bbox 1187 1565 1385 1634; x_wconf 86' lang='lat' dir='ltr'><strong>gratia.</strong></span> <span class='ocrx_word' id='word_1_167' title='bbox 1418 1567 1571 1637; x_wconf 72' lang='lat' dir='ltr'><strong>Nam</strong></span> <span class='ocrx_word' id='word_1_168' title='bbox 1605 1582 1696 1620; x_wconf 90' lang='lat' dir='ltr'><strong>nec</strong></span> <span class='ocrx_word' id='word_1_169' title='bbox 1715 1568 1899 1635; x_wconf 88' lang='lat' dir='ltr'><strong>gratia</strong></span> <span class='ocrx_word' id='word_1_170' title='bbox 1926 1567 2041 1620; x_wconf 82' lang='lat' dir='ltr'><strong>sine</strong></span> 
     </span>
    </p>
   </div>
   <div class='ocr_carea' id='block_1_22' title="bbox 390 1636 2040 1708">
    <p class='ocr_par' dir='ltr' id='par_1_22' title="bbox 390 1636 2040 1708">
     <span class='ocr_line' id='line_1_23' title="bbox 390 1636 2040 1708; baseline -0.001 -15"><span class='ocrx_word' id='word_1_171' title='bbox 390 1636 670 1693; x_wconf 78' lang='lat' dir='ltr'><strong>voluntate</strong></span> <span class='ocrx_word' id='word_1_172' title='bbox 692 1636 915 1707; x_wconf 76' lang='lat' dir='ltr'><strong>aliquid</strong></span> <span class='ocrx_word' id='word_1_173' title='bbox 926 1644 1207 1706; x_wconf 78' lang='lat' dir='ltr'><strong>operatur,</strong></span> <span class='ocrx_word' id='word_1_174' title='bbox 1224 1650 1323 1691; x_wconf 85' lang='lat' dir='ltr'><strong>nec</strong></span> <span class='ocrx_word' id='word_1_175' title='bbox 1343 1636 1591 1690; x_wconf 82' lang='lat' dir='ltr'><strong>voluntas</strong></span> <span class='ocrx_word' id='word_1_176' title='bbox 1618 1637 1734 1691; x_wconf 84' lang='lat' dir='ltr'><strong>sine</strong></span> <span class='ocrx_word' id='word_1_177' title='bbox 1758 1637 2040 1708; x_wconf 86' lang='lat' dir='ltr'><strong>gratiapo-</strong></span> 
     </span>
    </p>
   </div>
   <div class='ocr_carea' id='block_1_23' title="bbox 2151 430 3806 503">
    <p class='ocr_par' dir='ltr' id='par_1_23' title="bbox 2151 430 3806 503">
     <span class='ocr_line' id='line_1_24' title="bbox 2151 430 3806 503; baseline 0.002 -17"><span class='ocrx_word' id='word_1_178' title='bbox 2151 432 2672 503; x_wconf 87' lang='lat' dir='ltr'><strong>importunitatem.</strong></span> <span class='ocrx_word' id='word_1_179' title='bbox 2700 434 2859 489; x_wconf 81' lang='lat' dir='ltr'><strong>Sicut</strong></span> <span class='ocrx_word' id='word_1_180' title='bbox 2878 432 3027 487; x_wconf 90' lang='lat' dir='ltr'><strong>enim</strong></span> <span class='ocrx_word' id='word_1_181' title='bbox 3060 430 3333 503; x_wconf 83' lang='lat' dir='ltr'><strong>respirare</strong></span> <span class='ocrx_word' id='word_1_182' title='bbox 3360 432 3678 503; x_wconf 84' lang='lat' dir='ltr'><strong>importune</strong></span> <span class='ocrx_word' id='word_1_183' title='bbox 3700 450 3806 490; x_wconf 86' lang='lat' dir='ltr'><strong>om-</strong></span> 
     </span>
    </p>
   </div>
   <div class='ocr_carea' id='block_1_24' title="bbox 2150 501 3807 574">
    <p class='ocr_par' dir='ltr' id='par_1_24' title="bbox 2150 501 3807 574">
     <span class='ocr_line' id='line_1_25' title="bbox 2150 501 3807 574; baseline 0.002 -16"><span class='ocrx_word' id='word_1_184' title='bbox 2150 501 2283 558; x_wconf 73' lang='lat' dir='ltr'><strong>nino</strong></span> <span class='ocrx_word' id='word_1_185' title='bbox 2338 521 2635 574; x_wconf 85' lang='lat' dir='ltr'><strong>numquam</strong></span> <span class='ocrx_word' id='word_1_186' title='bbox 2655 512 2750 567; x_wconf 88' lang='lat' dir='ltr'><strong>est,</strong></span> <span class='ocrx_word' id='word_1_187' title='bbox 2805 504 2889 558; x_wconf 86' lang='lat' dir='ltr'><strong>ita</strong></span> <span class='ocrx_word' id='word_1_188' title='bbox 2913 505 3075 558; x_wconf 87' lang='lat' dir='ltr'><strong>etiam</strong></span> <span class='ocrx_word' id='word_1_189' title='bbox 3102 501 3208 556; x_wconf 79' lang='lat' dir='ltr'><strong>nan</strong></span> <span class='ocrx_word' id='word_1_190' title='bbox 3235 501 3451 574; x_wconf 78' lang='lat' dir='ltr'><strong>quidem</strong></span> <span class='ocrx_word' id='word_1_191' title='bbox 3478 506 3681 572; x_wconf 77' lang='lat' dir='ltr'><strong>petere,</strong></span> <span class='ocrx_word' id='word_1_192' title='bbox 3709 506 3807 561; x_wconf 89' lang='lat' dir='ltr'><strong>sed</strong></span> 
     </span>
    </p>
   </div>
   <div class='ocr_carea' id='block_1_25' title="bbox 2150 573 3806 645">
    <p class='ocr_par' dir='ltr' id='par_1_25' title="bbox 2150 573 3806 645">
     <span class='ocr_line' id='line_1_26' title="bbox 2150 573 3806 645; baseline 0.001 -17"><span class='ocrx_word' id='word_1_193' title='bbox 2150 592 2256 628; x_wconf 88' lang='lat' dir='ltr'><strong>non</strong></span> <span class='ocrx_word' id='word_1_194' title='bbox 2304 580 2486 644; x_wconf 80' lang='lat' dir='ltr'><strong>petere</strong></span> <span class='ocrx_word' id='word_1_195' title='bbox 2507 576 2709 645; x_wconf 85' lang='lat' dir='ltr'><strong>potius,</strong></span> <span class='ocrx_word' id='word_1_196' title='bbox 2743 575 3118 645; x_wconf 87' lang='lat' dir='ltr'><strong>importunum</strong></span> <span class='ocrx_word' id='word_1_197' title='bbox 3162 580 3259 627; x_wconf 89' lang='lat' dir='ltr'><strong>est.</strong></span> <span class='ocrx_word' id='word_1_198' title='bbox 3286 573 3439 627; x_wconf 85' lang='lat' dir='ltr'><strong>Sicut</strong></span> <span class='ocrx_word' id='word_1_199' title='bbox 3467 575 3611 629; x_wconf 89' lang='lat' dir='ltr'><strong>enim</strong></span> <span class='ocrx_word' id='word_1_200' title='bbox 3636 579 3806 645; x_wconf 84' lang='lat' dir='ltr'><strong>respi-</strong></span> 
     </span>
    </p>
   </div>
   <div class='ocr_carea' id='block_1_26' title="bbox 2150 644 3807 717">
    <p class='ocr_par' dir='ltr' id='par_1_26' title="bbox 2150 644 3807 717">
     <span class='ocr_line' id='line_1_27' title="bbox 2150 644 3807 717; baseline 0.002 -18"><span class='ocrx_word' id='word_1_201' title='bbox 2150 662 2302 711; x_wconf 85' lang='lat' dir='ltr'><strong>rare,</strong></span> <span class='ocrx_word' id='word_1_202' title='bbox 2336 646 2431 699; x_wconf 86' lang='lat' dir='ltr'><strong>hoc</strong></span> <span class='ocrx_word' id='word_1_203' title='bbox 2446 644 2665 717; x_wconf 86' lang='lat' dir='ltr'><strong>jugiter</strong></span> <span class='ocrx_word' id='word_1_204' title='bbox 2690 644 3020 716; x_wconf 80' lang='lat' dir='ltr'><strong>indigemus,</strong></span> <span class='ocrx_word' id='word_1_205' title='bbox 3050 650 3128 698; x_wconf 84' lang='lat' dir='ltr'><strong>ita</strong></span> <span class='ocrx_word' id='word_1_206' title='bbox 3153 644 3319 717; x_wconf 85' lang='lat' dir='ltr'><strong>etiam</strong></span> <span class='ocrx_word' id='word_1_207' title='bbox 3345 659 3405 717; x_wconf 88' lang='lat' dir='ltr'><strong>eo</strong></span> <span class='ocrx_word' id='word_1_208' title='bbox 3434 646 3573 715; x_wconf 87' lang='lat' dir='ltr'><strong>quod</strong></span> <span class='ocrx_word' id='word_1_209' title='bbox 3584 664 3634 717; x_wconf 15' lang='grc' dir='ltr'><strong>να</strong></span> <span class='ocrx_word' id='word_1_210' title='bbox 3691 644 3807 702; x_wconf 88' lang='lat' dir='ltr'><strong>Deo</strong></span> 
     </span>
    </p>
   </div>
   <div class='ocr_carea' id='block_1_27' title="bbox 2144 716 3808 787">
    <p class='ocr_par' dir='ltr' id='par_1_27' title="bbox 2144 716 3808 787">
     <span class='ocr_line' id='line_1_28' title="bbox 2144 716 3808 787; baseline 0.002 -18"><span class='ocrx_word' id='word_1_211' title='bbox 2144 720 2444 787; x_wconf 72' lang='lat' dir='ltr'><strong>prwstatur</strong></span> <span class='ocrx_word' id='word_1_212' title='bbox 2472 717 2705 771; x_wconf 70' lang='lat' dir='ltr'><strong>auxilio.</strong></span> <span class='ocrx_word' id='word_1_213' title='bbox 2739 718 2887 781; x_wconf 83' lang='lat' dir='ltr'><strong>Quod</strong></span> <span class='ocrx_word' id='word_1_214' title='bbox 2914 718 2964 770; x_wconf 90' lang='lat' dir='ltr'><strong>si</strong></span> <span class='ocrx_word' id='word_1_215' title='bbox 2990 716 3339 779; x_wconf 79' lang='lat' dir='ltr'><strong>voluerimus,</strong></span> <span class='ocrx_word' id='word_1_216' title='bbox 3361 716 3520 785; x_wconf 86' lang='lat' dir='ltr'><strong>facile</strong></span> <span class='ocrx_word' id='word_1_217' title='bbox 3545 716 3711 771; x_wconf 87' lang='lat' dir='ltr'><strong>illum</strong></span> <span class='ocrx_word' id='word_1_218' title='bbox 3736 719 3808 773; x_wconf 84' lang='lat' dir='ltr'><strong>ad</strong></span> 
     </span>
    </p>
   </div>
   <div class='ocr_carea' id='block_1_28' title="bbox 2150 787 3804 857">
    <p class='ocr_par' dir='ltr' id='par_1_28' title="bbox 2150 787 3804 857">
     <span class='ocr_line' id='line_1_29' title="bbox 2150 787 3804 857; baseline 0.002 -16"><span class='ocrx_word' id='word_1_219' title='bbox 2150 804 2242 841; x_wconf 90' lang='lat' dir='ltr'><strong>nos</strong></span> <span class='ocrx_word' id='word_1_220' title='bbox 2262 788 2559 857; x_wconf 84' lang='lat' dir='ltr'><strong>poterimus</strong></span> <span class='ocrx_word' id='word_1_221' title='bbox 2584 789 2873 857; x_wconf 86' lang='lat' dir='ltr'><strong>inﬂectere.</strong></span> <span class='ocrx_word' id='word_1_222' title='bbox 2904 789 2977 842; x_wconf 89' lang='lat' dir='ltr'><strong>Et</strong></span> <span class='ocrx_word' id='word_1_223' title='bbox 3009 788 3108 842; x_wconf 87' lang='lat' dir='ltr'><strong>hoc</strong></span> <span class='ocrx_word' id='word_1_224' title='bbox 3120 787 3361 856; x_wconf 82' lang='lat' dir='ltr'><strong>profecto</strong></span> <span class='ocrx_word' id='word_1_225' title='bbox 3374 787 3692 853; x_wconf 83' lang='lat' dir='ltr'><strong>declarans,</strong></span> <span class='ocrx_word' id='word_1_226' title='bbox 3719 797 3804 843; x_wconf 87' lang='lat' dir='ltr'><strong>at-</strong></span> 
     </span>
    </p>
   </div>
   <div class='ocr_carea' id='block_1_29' title="bbox 2182 858 3807 940">
    <p class='ocr_par' dir='ltr' id='par_1_29' title="bbox 2182 858 3807 940">
     <span class='ocr_line' id='line_1_30' title="bbox 2182 858 3807 940; baseline 0.001 -27"><span class='ocrx_word' id='word_1_227' title='bbox 2182 875 2246 913; x_wconf 90' lang='lat' dir='ltr'><strong>ue</strong></span> <span class='ocrx_word' id='word_1_228' title='bbox 2275 860 2573 940; x_wconf 78' lang='lat' dir='ltr'><strong>ostendens,</strong></span> <span class='ocrx_word' id='word_1_229' title='bbox 2594 858 2769 940; x_wconf 83' lang='lat' dir='ltr'><strong>Deum</strong></span> <span class='ocrx_word' id='word_1_230' title='bbox 2782 863 3088 940; x_wconf 69' lang='lat' dir='ltr'><strong>promptum</strong></span> <span class='ocrx_word' id='word_1_231' title='bbox 3109 874 3216 940; x_wconf 74' lang='lat' dir='ltr'><strong>esse</strong></span> <span class='ocrx_word' id='word_1_232' title='bbox 3233 874 3443 940; x_wconf 77' lang='lat' dir='ltr'><strong>semper</strong></span> <span class='ocrx_word' id='word_1_233' title='bbox 3468 859 3540 912; x_wconf 86' lang='lat' dir='ltr'><strong>ad</strong></span> <span class='ocrx_word' id='word_1_234' title='bbox 3552 859 3807 940; x_wconf 72' lang='lat' dir='ltr'><strong>beneﬁcia</strong></span> 
     </span>
    </p>
   </div>
   <div class='ocr_carea' id='block_1_30' title="bbox 2150 876 3807 1000">
    <p class='ocr_par' dir='ltr' id='par_1_30' title="bbox 2150 876 3807 1000">
     <span class='ocr_line' id='line_1_31' title="bbox 2150 876 3807 983; baseline 0.001 -70"><span class='ocrx_word' id='word_1_235' title='bbox 2150 876 2246 983; x_wconf 68' lang='lat' dir='ltr'><strong>que</strong></span> <span class='ocrx_word' id='word_1_236' title='bbox 2275 876 2573 924; x_wconf 83' lang='lat' dir='ltr'><strong>ostendens,</strong></span> <span class='ocrx_word' id='word_1_237' title='bbox 2594 876 2769 914; x_wconf 88' lang='lat' dir='ltr'><strong>ueum</strong></span> <span class='ocrx_word' id='word_1_238' title='bbox 2782 876 3088 940; x_wconf 71' lang='lat' dir='ltr'><strong>promptum</strong></span> <span class='ocrx_word' id='word_1_239' title='bbox 3109 876 3216 912; x_wconf 86' lang='lat' dir='ltr'><strong>esse</strong></span> <span class='ocrx_word' id='word_1_240' title='bbox 3233 876 3443 927; x_wconf 87' lang='lat' dir='ltr'><strong>semper</strong></span> <span class='ocrx_word' id='word_1_241' title='bbox 3468 876 3539 912; x_wconf 87' lang='lat' dir='ltr'><strong>aa</strong></span> <span class='ocrx_word' id='word_1_242' title='bbox 3552 876 3807 928; x_wconf 70' lang='lat' dir='ltr'><strong>cene/icta</strong></span> 
     </span>
     <span class='ocr_line' id='line_1_32' title="bbox 2177 929 3807 1000; baseline 0 -15"><span class='ocrx_word' id='word_1_243' title='bbox 2177 930 2449 1000; x_wconf 87' lang='lat' dir='ltr'><strong>argienda</strong></span> <span class='ocrx_word' id='word_1_244' title='bbox 2478 930 2680 985; x_wconf 86' lang='lat' dir='ltr'><strong>dicebat</strong></span> <span class='ocrx_word' id='word_1_245' title='bbox 2705 946 2719 995; x_wconf 91' lang='lat'>;</span> <span class='ocrx_word' id='word_1_246' title='bbox 2752 934 2898 984; x_wconf 79' lang='lat' dir='ltr'><strong>Sicut</strong></span> <span class='ocrx_word' id='word_1_247' title='bbox 2940 929 3251 984; x_wconf 81' lang='lat' dir='ltr'><strong>diluculum</strong></span> <span class='ocrx_word' id='word_1_248' title='bbox 3265 929 3807 998; x_wconf 78' lang='lat' dir='ltr'><strong>paratuminvenie—</strong></span> 
     </span>
    </p>
   </div>
   <div class='ocr_carea' id='block_1_31' title="bbox 2150 1000 3808 1071">
    <p class='ocr_par' dir='ltr' id='par_1_31' title="bbox 2150 1000 3808 1071">
     <span class='ocr_line' id='line_1_33' title="bbox 2150 1000 3808 1071; baseline 0.002 -17"><span class='ocrx_word' id='word_1_249' title='bbox 2150 1016 2278 1055; x_wconf 90' lang='lat' dir='ltr'><strong>mus</strong></span> <span class='ocrx_word' id='word_1_250' title='bbox 2295 1017 2445 1054; x_wconf 91' lang='lat' dir='ltr'><strong>eum.</strong></span> <span class='ocrx_word' id='word_1_251' title='bbox 2477 1001 2926 1071; x_wconf 84' lang='lat' dir='ltr'><strong>Quotiescumque</strong></span> <span class='ocrx_word' id='word_1_252' title='bbox 2958 1001 3104 1056; x_wconf 85' lang='lat' dir='ltr'><strong>enim</strong></span> <span class='ocrx_word' id='word_1_253' title='bbox 3133 1000 3318 1071; x_wconf 87' lang='lat' dir='ltr'><strong>venire</strong></span> <span class='ocrx_word' id='word_1_254' title='bbox 3355 1005 3405 1053; x_wconf 88' lang='lat' dir='ltr'><strong>et</strong></span> <span class='ocrx_word' id='word_1_255' title='bbox 3424 1000 3495 1053; x_wconf 90' lang='lat' dir='ltr'><strong>ad</strong></span> <span class='ocrx_word' id='word_1_256' title='bbox 3523 1001 3685 1057; x_wconf 88' lang='lat' dir='ltr'><strong>illum</strong></span> <span class='ocrx_word' id='word_1_257' title='bbox 3720 1020 3808 1056; x_wconf 76' lang='lat' dir='ltr'><strong>vo-</strong></span> 
     </span>
    </p>
   </div>
   <div class='ocr_carea' id='block_1_32' title="bbox 2152 1070 3809 1140">
    <p class='ocr_par' dir='ltr' id='par_1_32' title="bbox 2152 1070 3809 1140">
     <span class='ocr_line' id='line_1_34' title="bbox 2152 1070 3809 1140; baseline 0.001 -15"><span class='ocrx_word' id='word_1_258' title='bbox 2152 1071 2343 1126; x_wconf 88' lang='lat' dir='ltr'><strong>luerim</strong></span> <span class='ocrx_word' id='word_1_259' title='bbox 2351 1088 2413 1125; x_wconf 86' lang='lat' dir='ltr'><strong>us</strong></span> <span class='ocrx_word' id='word_1_260' title='bbox 2425 1072 2687 1137; x_wconf 86' lang='lat' dir='ltr'><strong>accedere,</strong></span> <span class='ocrx_word' id='word_1_261' title='bbox 2712 1070 3044 1140; x_wconf 67' lang='lat' dir='ltr'><strong>exspectatas</strong></span> <span class='ocrx_word' id='word_1_262' title='bbox 3055 1071 3123 1126; x_wconf 90' lang='lat' dir='ltr'><strong>ab</strong></span> <span class='ocrx_word' id='word_1_263' title='bbox 3138 1070 3242 1125; x_wconf 89' lang='lat' dir='ltr'><strong>illo</strong></span> <span class='ocrx_word' id='word_1_264' title='bbox 3254 1086 3359 1124; x_wconf 85' lang='lat' dir='ltr'><strong>esse</strong></span> <span class='ocrx_word' id='word_1_265' title='bbox 3380 1087 3557 1140; x_wconf 82' lang='lat' dir='ltr'><strong>preces</strong></span> <span class='ocrx_word' id='word_1_266' title='bbox 3588 1079 3809 1126; x_wconf 85' lang='lat' dir='ltr'><strong>nostras</strong></span> 
     </span>
    </p>
   </div>
   <div class='ocr_carea' id='block_1_33' title="bbox 2148 1140 3809 1222">
    <p class='ocr_par' dir='ltr' id='par_1_33' title="bbox 2148 1140 3809 1222">
     <span class='ocr_line' id='line_1_35' title="bbox 2148 1140 3809 1222; baseline 0.001 -26"><span class='ocrx_word' id='word_1_267' title='bbox 2148 1144 2410 1198; x_wconf 86' lang='lat' dir='ltr'><strong>continuo</strong></span> <span class='ocrx_word' id='word_1_268' title='bbox 2437 1144 2723 1222; x_wconf 72' lang='lat' dir='ltr'><strong>sentiemus</strong></span> <span class='ocrx_word' id='word_1_269' title='bbox 2749 1143 2921 1222; x_wconf 63' lang='lat' dir='ltr'><strong>Yides</strong></span> <span class='ocrx_word' id='word_1_270' title='bbox 2952 1158 3125 1222; x_wconf 77' lang='lat' dir='ltr'><strong>quam</strong></span> <span class='ocrx_word' id='word_1_271' title='bbox 3148 1140 3438 1222; x_wconf 75' lang='lat' dir='ltr'><strong>perspicue</strong></span> <span class='ocrx_word' id='word_1_272' title='bbox 3459 1143 3809 1222; x_wconf 23' lang='lat' dir='ltr'><strong>Chryﬁsos-tof</strong></span> 
     </span>
    </p>
   </div>
   <div class='ocr_carea' id='block_1_34' title="bbox 2151 1211 3810 1283">
    <p class='ocr_par' dir='ltr' id='par_1_34' title="bbox 2151 1211 3810 1283">
     <span class='ocr_line' id='line_1_36' title="bbox 2151 1211 3810 1283; baseline 0.002 -17"><span class='ocrx_word' id='word_1_273' title='bbox 2151 1230 2277 1267; x_wconf 72' lang='lat' dir='ltr'><strong>mus</strong></span> <span class='ocrx_word' id='word_1_274' title='bbox 2293 1213 2725 1283; x_wconf 83' lang='lat' dir='ltr'><strong>praecessionem</strong></span> <span class='ocrx_word' id='word_1_275' title='bbox 2747 1214 2910 1268; x_wconf 87' lang='lat' dir='ltr'><strong>illam</strong></span> <span class='ocrx_word' id='word_1_276' title='bbox 2930 1211 3325 1283; x_wconf 82' lang='lat' dir='ltr'><strong>applicationis</strong></span> <span class='ocrx_word' id='word_1_277' title='bbox 3338 1211 3649 1268; x_wconf 83' lang='lat' dir='ltr'><strong>voluntatis</strong></span> <span class='ocrx_word' id='word_1_278' title='bbox 3661 1215 3810 1269; x_wconf 89' lang='lat' dir='ltr'><strong>divi-</strong></span> 
     </span>
    </p>
   </div>
   <div class='ocr_carea' id='block_1_35' title="bbox 2150 1282 3809 1355">
    <p class='ocr_par' dir='ltr' id='par_1_35' title="bbox 2150 1282 3809 1355">
     <span class='ocr_line' id='line_1_37' title="bbox 2150 1282 3809 1355; baseline 0.001 -17"><span class='ocrx_word' id='word_1_279' title='bbox 2150 1282 2305 1338; x_wconf 83' lang='lat' dir='ltr'><strong>nitus</strong></span> <span class='ocrx_word' id='word_1_280' title='bbox 2324 1289 2622 1354; x_wconf 68' lang='lat' dir='ltr'><strong>prteventa:</strong></span> <span class='ocrx_word' id='word_1_281' title='bbox 2654 1282 3021 1355; x_wconf 86' lang='lat' dir='ltr'><strong>exposcat,ut</strong></span> <span class='ocrx_word' id='word_1_282' title='bbox 3043 1285 3189 1338; x_wconf 89' lang='lat' dir='ltr'><strong>Deus</strong></span> <span class='ocrx_word' id='word_1_283' title='bbox 3220 1282 3688 1355; x_wconf 13' lang='lat' dir='ltr'><strong>illiiadjungatur</strong></span> <span class='ocrx_word' id='word_1_284' title='bbox 3714 1302 3809 1340; x_wconf 87' lang='lat' dir='ltr'><strong>co-</strong></span> 
     </span>
    </p>
   </div>
   <div class='ocr_carea' id='block_1_36' title="bbox 2149 1354 3807 1426">
    <p class='ocr_par' dir='ltr' id='par_1_36' title="bbox 2149 1354 3807 1426">
     <span class='ocr_line' id='line_1_38' title="bbox 2149 1354 3807 1426; baseline 0.001 -17"><span class='ocrx_word' id='word_1_285' title='bbox 2149 1355 2442 1426; x_wconf 90' lang='lat' dir='ltr'><strong>operarius</strong></span> <span class='ocrx_word' id='word_1_286' title='bbox 2472 1356 2529 1410; x_wconf 91' lang='lat' dir='ltr'><strong>in</strong></span> <span class='ocrx_word' id='word_1_287' title='bbox 2552 1372 2743 1426; x_wconf 90' lang='lat' dir='ltr'><strong>pugna</strong></span> <span class='ocrx_word' id='word_1_288' title='bbox 2772 1372 2903 1410; x_wconf 93' lang='lat' dir='ltr'><strong>cum</strong></span> <span class='ocrx_word' id='word_1_289' title='bbox 2935 1356 3170 1418; x_wconf 91' lang='lat' dir='ltr'><strong>Satana,</strong></span> <span class='ocrx_word' id='word_1_290' title='bbox 3192 1360 3260 1426; x_wconf 91' lang='lat' dir='ltr'><strong>et</strong></span> <span class='ocrx_word' id='word_1_291' title='bbox 3288 1354 3447 1409; x_wconf 83' lang='lat' dir='ltr'><strong>liberi</strong></span> <span class='ocrx_word' id='word_1_292' title='bbox 3489 1372 3807 1411; x_wconf 86' lang='lat' dir='ltr'><strong>consensus</strong></span> 
     </span>
    </p>
   </div>
   <div class='ocr_carea' id='block_1_37' title="bbox 2151 1425 3801 1496">
    <p class='ocr_par' dir='ltr' id='par_1_37' title="bbox 2151 1425 3801 1496">
     <span class='ocr_line' id='line_1_39' title="bbox 2151 1425 3801 1496; baseline 0.002 -16"><span class='ocrx_word' id='word_1_293' title='bbox 2151 1425 2519 1490; x_wconf 81' lang='lat' dir='ltr'><strong>formatione,</strong></span> <span class='ocrx_word' id='word_1_294' title='bbox 2553 1425 2728 1496; x_wconf 85' lang='lat' dir='ltr'><strong>quam</strong></span> <span class='ocrx_word' id='word_1_295' title='bbox 2759 1426 2938 1481; x_wconf 89' lang='lat' dir='ltr'><strong>hostis</strong></span> <span class='ocrx_word' id='word_1_296' title='bbox 2969 1430 3163 1481; x_wconf 88' lang='lat' dir='ltr'><strong>noster</strong></span> <span class='ocrx_word' id='word_1_297' title='bbox 3186 1425 3523 1495; x_wconf 88' lang='lat' dir='ltr'><strong>intercipere</strong></span> <span class='ocrx_word' id='word_1_298' title='bbox 3551 1427 3801 1496; x_wconf 80' lang='lat' dir='ltr'><strong>satagit.</strong></span> 
     </span>
    </p>
   </div>
   <div class='ocr_carea' id='block_1_38' title="bbox 2220 1496 3810 1553">
    <p class='ocr_par' dir='ltr' id='par_1_38' title="bbox 2220 1496 3810 1553">
     <span class='ocr_line' id='line_1_40' title="bbox 2220 1496 3810 1553; baseline 0.001 -3"><span class='ocrx_word' id='word_1_299' title='bbox 2220 1498 2279 1550; x_wconf 89' lang='lat' dir='ltr'><strong>In</strong></span> <span class='ocrx_word' id='word_1_300' title='bbox 2313 1498 2581 1552; x_wconf 91' lang='lat' dir='ltr'><strong>eumdem</strong></span> <span class='ocrx_word' id='word_1_301' title='bbox 2599 1514 2831 1553; x_wconf 90' lang='lat' dir='ltr'><strong>sensum</strong></span> <span class='ocrx_word' id='word_1_302' title='bbox 2849 1499 3129 1552; x_wconf 87' lang='lat' dir='ltr'><strong>sumenda</strong></span> <span class='ocrx_word' id='word_1_303' title='bbox 3151 1501 3281 1551; x_wconf 90' lang='lat' dir='ltr'><strong>sunt</strong></span> <span class='ocrx_word' id='word_1_304' title='bbox 3310 1496 3407 1551; x_wconf 89' lang='lat' dir='ltr'><strong>illa</strong></span> <span class='ocrx_word' id='word_1_305' title='bbox 3429 1514 3496 1552; x_wconf 93' lang='lat' dir='ltr'><strong>ex</strong></span> <span class='ocrx_word' id='word_1_306' title='bbox 3519 1496 3810 1552; x_wconf 68' lang='lat' dir='ltr'><strong>homil.!5</strong></span> 
     </span>
    </p>
   </div>
   <div class='ocr_carea' id='block_1_39' title="bbox 2149 1567 3808 1693">
    <p class='ocr_par' dir='ltr' id='par_1_39' title="bbox 2149 1567 3808 1693">
     <span class='ocr_line' id='line_1_41' title="bbox 2149 1567 3808 1693; baseline 0.001 -71"><span class='ocrx_word' id='word_1_307' title='bbox 2149 1567 2403 1638; x_wconf 87' lang='lat' dir='ltr'><strong>ejusdem</strong></span> <span class='ocrx_word' id='word_1_308' title='bbox 2434 1568 2620 1638; x_wconf 89' lang='lat' dir='ltr'><strong>operis</strong></span> <span class='ocrx_word' id='word_1_309' title='bbox 2650 1586 2666 1623; x_wconf 92' lang='lat'><strong>:</strong></span> <span class='ocrx_word' id='word_1_310' title='bbox 2697 1571 2769 1625; x_wconf 88' lang='lat' dir='ltr'><strong>Si</strong></span> <span class='ocrx_word' id='word_1_311' title='bbox 2796 1569 2945 1623; x_wconf 88' lang='lat' dir='ltr'><strong>modo</strong></span> <span class='ocrx_word' id='word_1_312' title='bbox 2962 1570 3192 1623; x_wconf 89' lang='lat' dir='ltr'><strong>initium</strong></span> <span class='ocrx_word' id='word_1_313' title='bbox 3214 1569 3297 1621; x_wconf 89' lang='lat' dir='ltr'><strong>rei</strong></span> <span class='ocrx_word' id='word_1_314' title='bbox 3316 1569 3424 1637; x_wconf 86' lang='lat' dir='ltr'><strong>ipse</strong></span> <span class='ocrx_word' id='word_1_315' title='bbox 3418 1570 3808 1693; x_wconf 70' lang='lat' dir='ltr'><strong>lprmstiteris,</strong></span> 
     </span>
     <span class='ocr_line' id='line_1_42' title="bbox 2149 1639 3808 1693; baseline 0.001 -1"><span class='ocrx_word' id='word_1_316' title='bbox 2149 1639 2359 1693; x_wconf 85' lang='lat' dir='ltr'><strong>habebis</strong></span> <span class='ocrx_word' id='word_1_317' title='bbox 2374 1656 2541 1693; x_wconf 78' lang='lat' dir='ltr'><strong>supra</strong></span> <span class='ocrx_word' id='word_1_318' title='bbox 2567 1643 2750 1693; x_wconf 86' lang='lat' dir='ltr'><strong>omnia</strong></span> <span class='ocrx_word' id='word_1_319' title='bbox 2774 1640 3122 1693; x_wconf 80' lang='lat' dir='ltr'><strong>ovitulantem</strong></span> <span class='ocrx_word' id='word_1_320' title='bbox 3146 1639 3249 1693; x_wconf 87' lang='lat' dir='ltr'><strong>tibi</strong></span> <span class='ocrx_word' id='word_1_321' title='bbox 3259 1641 3405 1693; x_wconf 76' lang='lat' dir='ltr'><strong>pacis</strong></span> <span class='ocrx_word' id='word_1_322' title='bbox 3472 1655 3613 1693; x_wconf 89' lang='lat' dir='ltr'><strong>eum.</strong></span> <span class='ocrx_word' id='word_1_323' title='bbox 3632 1643 3808 1693; x_wconf 84' lang='lat' dir='ltr'><strong>flam-</strong></span> 
     </span>
    </p>
   </div>
   <div class='ocr_carea' id='block_1_40' title="bbox 2148 1639 3810 1710">
    <p class='ocr_par' dir='ltr' id='par_1_40' title="bbox 2148 1639 3810 1710">
     <span class='ocr_line' id='line_1_43' title="bbox 2148 1639 3810 1710; baseline 0.001 -17"><span class='ocrx_word' id='word_1_324' title='bbox 2148 1639 2359 1693; x_wconf 84' lang='lat' dir='ltr'><strong>habebis</strong></span> <span class='ocrx_word' id='word_1_325' title='bbox 2374 1656 2541 1709; x_wconf 87' lang='lat' dir='ltr'><strong>supra</strong></span> <span class='ocrx_word' id='word_1_326' title='bbox 2567 1643 2750 1694; x_wconf 86' lang='lat' dir='ltr'><strong>omnia</strong></span> <span class='ocrx_word' id='word_1_327' title='bbox 2774 1640 3122 1710; x_wconf 87' lang='lat' dir='ltr'><strong>opitulantem</strong></span> <span class='ocrx_word' id='word_1_328' title='bbox 3146 1639 3249 1693; x_wconf 87' lang='lat' dir='ltr'><strong>tibi</strong></span> <span class='ocrx_word' id='word_1_329' title='bbox 3257 1641 3405 1708; x_wconf 85' lang='lat' dir='ltr'><strong>pacis</strong></span> <span class='ocrx_word' id='word_1_330' title='bbox 3418 1639 3613 1704; x_wconf 89' lang='lat' dir='ltr'><strong>Deum,</strong></span> <span class='ocrx_word' id='word_1_331' title='bbox 3630 1643 3810 1708; x_wconf 85' lang='lat' dir='ltr'><strong>flam-</strong></span> 
     </span>
    </p>
   </div>
   <div class='ocr_carea' id='block_1_41' title="bbox 392 1707 3813 1780">
    <p class='ocr_par' dir='ltr' id='par_1_41' title="bbox 392 1707 3813 1780">
     <span class='ocr_line' id='line_1_44' title="bbox 392 1707 3813 1780; baseline 0.001 -17"><span class='ocrx_word' id='word_1_332' title='bbox 392 1714 509 1763; x_wconf 90' lang='lat' dir='ltr'><strong>test.</strong></span> <span class='ocrx_word' id='word_1_333' title='bbox 533 1709 679 1764; x_wconf 89' lang='lat' dir='ltr'><strong>Nam</strong></span> <span class='ocrx_word' id='word_1_334' title='bbox 699 1714 748 1761; x_wconf 88' lang='lat' dir='ltr'><strong>et</strong></span> <span class='ocrx_word' id='word_1_335' title='bbox 767 1716 1045 1780; x_wconf 83' lang='lat' dir='ltr'><strong>terranon</strong></span> <span class='ocrx_word' id='word_1_336' title='bbox 1064 1710 1337 1777; x_wconf 82' lang='lat' dir='ltr'><strong>germinat</strong></span> <span class='ocrx_word' id='word_1_337' title='bbox 1358 1707 1466 1761; x_wconf 86' lang='lat' dir='ltr'><strong>nisi</strong></span> <span class='ocrx_word' id='word_1_338' title='bbox 1482 1709 1701 1780; x_wconf 87' lang='lat' dir='ltr'><strong>pluvias</strong></span> <span class='ocrx_word' id='word_1_339' title='bbox 1720 1707 2036 1780; x_wconf 80' lang='lat' dir='ltr'><strong>susceperit,</strong></span> <span class='ocrx_word' id='word_1_340' title='bbox 2075 1722 2120 1779; x_wconf 83' lang='grc' dir='ltr'>Β</span> <span class='ocrx_word' id='word_1_341' title='bbox 2148 1727 2388 1780; x_wconf 87' lang='lat' dir='ltr'><strong>mamque</strong></span> <span class='ocrx_word' id='word_1_342' title='bbox 2413 1707 2597 1774; x_wconf 78' lang='lat' dir='ltr'><strong>illam,</strong></span> <span class='ocrx_word' id='word_1_343' title='bbox 2630 1707 2867 1780; x_wconf 76' lang='lat' dir='ltr'><strong>primum</strong></span> <span class='ocrx_word' id='word_1_344' title='bbox 2896 1712 3011 1776; x_wconf 83' lang='lat' dir='ltr'><strong>ipso</strong></span> <span class='ocrx_word' id='word_1_345' title='bbox 3050 1707 3389 1779; x_wconf 78' lang='lat' dir='ltr'><strong>cooperante,</strong></span> <span class='ocrx_word' id='word_1_346' title='bbox 3420 1707 3695 1767; x_wconf 84' lang='lat' dir='ltr'><strong>discuties.</strong></span> <span class='ocrx_word' id='word_1_347' title='bbox 3738 1713 3813 1765; x_wconf 86' lang='lat' dir='ltr'><strong>Et</strong></span> 
     </span>
    </p>
   </div>
   <div class='ocr_carea' id='block_1_42' title="bbox 390 1778 2039 1849">
    <p class='ocr_par' dir='ltr' id='par_1_42' title="bbox 390 1778 2039 1849">
     <span class='ocr_line' id='line_1_45' title="bbox 390 1778 2039 1849; baseline -0.001 -15"><span class='ocrx_word' id='word_1_348' title='bbox 390 1795 487 1835; x_wconf 90' lang='lat' dir='ltr'><strong>nec</strong></span> <span class='ocrx_word' id='word_1_349' title='bbox 542 1780 726 1849; x_wconf 89' lang='lat' dir='ltr'><strong>pluvia</strong></span> <span class='ocrx_word' id='word_1_350' title='bbox 753 1779 1066 1847; x_wconf 75' lang='lat' dir='ltr'><strong>fructi/teat</strong></span> <span class='ocrx_word' id='word_1_351' title='bbox 1087 1779 1205 1832; x_wconf 87' lang='lat' dir='ltr'><strong>sine</strong></span> <span class='ocrx_word' id='word_1_352' title='bbox 1235 1785 1404 1832; x_wconf 86' lang='lat' dir='ltr'><strong>terra.</strong></span> <span class='ocrx_word' id='word_1_353' title='bbox 1450 1778 1645 1833; x_wconf 88' lang='lat' dir='ltr'><strong>Tradit</strong></span> <span class='ocrx_word' id='word_1_354' title='bbox 1691 1778 1899 1834; x_wconf 89' lang='lat' dir='ltr'><strong>diserte</strong></span> <span class='ocrx_word' id='word_1_355' title='bbox 1947 1778 2039 1833; x_wconf 91' lang='lat' dir='ltr'><strong>hic</strong></span> 
     </span>
    </p>
   </div>
   <div class='ocr_carea' id='block_1_43' title="bbox 391 1848 2038 1919">
    <p class='ocr_par' dir='ltr' id='par_1_43' title="bbox 391 1848 2038 1919">
     <span class='ocr_line' id='line_1_46' title="bbox 391 1848 2038 1919; baseline -0.001 -14"><span class='ocrx_word' id='word_1_356' title='bbox 391 1848 603 1905; x_wconf 79' lang='lat' dir='ltr'><strong>AuctOr</strong></span> <span class='ocrx_word' id='word_1_357' title='bbox 628 1850 981 1904; x_wconf 87' lang='lat' dir='ltr'><strong>individuam</strong></span> <span class='ocrx_word' id='word_1_358' title='bbox 1026 1848 1225 1919; x_wconf 64' lang='lat' dir='ltr'><strong>gratiae</strong></span> <span class='ocrx_word' id='word_1_359' title='bbox 1278 1853 1334 1903; x_wconf 89' lang='lat' dir='ltr'><strong>et</strong></span> <span class='ocrx_word' id='word_1_360' title='bbox 1386 1849 1697 1903; x_wconf 83' lang='lat' dir='ltr'><strong>voluntatis</strong></span> <span class='ocrx_word' id='word_1_361' title='bbox 1728 1850 1785 1904; x_wconf 92' lang='lat' dir='ltr'><strong>in</strong></span> <span class='ocrx_word' id='word_1_362' title='bbox 1817 1850 2038 1905; x_wconf 90' lang='lat' dir='ltr'><strong>edendo</strong></span> 
     </span>
    </p>
   </div>
   <div class='ocr_carea' id='block_1_44' title="bbox 391 1920 2041 1992">
    <p class='ocr_par' dir='ltr' id='par_1_44' title="bbox 391 1920 2041 1992">
     <span class='ocr_line' id='line_1_47' title="bbox 391 1920 2041 1992; baseline 0 -17"><span class='ocrx_word' id='word_1_363' title='bbox 391 1921 808 1992; x_wconf 89' lang='lat' dir='ltr'><strong>supernaturali</strong></span> <span class='ocrx_word' id='word_1_364' title='bbox 839 1936 1009 1990; x_wconf 88' lang='lat' dir='ltr'><strong>opere</strong></span> <span class='ocrx_word' id='word_1_365' title='bbox 1040 1920 1392 1985; x_wconf 87' lang='lat' dir='ltr'><strong>societatem,</strong></span> <span class='ocrx_word' id='word_1_366' title='bbox 1425 1922 1687 1992; x_wconf 89' lang='lat' dir='ltr'><strong>quamvis</strong></span> <span class='ocrx_word' id='word_1_367' title='bbox 1719 1936 1947 1976; x_wconf 89' lang='lat' dir='ltr'><strong>necesse</strong></span> <span class='ocrx_word' id='word_1_368' title='bbox 1967 1921 2041 1975; x_wconf 91' lang='lat' dir='ltr'><strong>sit</strong></span> 
     </span>
    </p>
   </div>
   <div class='ocr_carea' id='block_1_45' title="bbox 388 1991 2040 2070">
    <p class='ocr_par' dir='ltr' id='par_1_45' title="bbox 388 1991 2040 2070">
     <span class='ocr_line' id='line_1_48' title="bbox 388 1991 2040 2070; baseline 0.001 -25"><span class='ocrx_word' id='word_1_369' title='bbox 388 1992 637 2070; x_wconf 66' lang='lat' dir='ltr'><strong>gratiam</strong></span> <span class='ocrx_word' id='word_1_370' title='bbox 659 1992 1461 2070; x_wconf 51' lang='lat' dir='ltr'><strong>pravenientemmriusquam</strong></span> <span class='ocrx_word' id='word_1_371' title='bbox 1484 1993 1552 2046; x_wconf 91' lang='lat' dir='ltr'><strong>de</strong></span> <span class='ocrx_word' id='word_1_372' title='bbox 1574 1991 1727 2070; x_wconf 79' lang='lat' dir='ltr'><strong>facto</strong></span> <span class='ocrx_word' id='word_1_373' title='bbox 1745 1992 2040 2070; x_wconf 79' lang='lat' dir='ltr'><strong>opusillud</strong></span> 
     </span>
    </p>
   </div>
   <div class='ocr_carea' id='block_1_46' title="bbox 389 2062 2036 2133">
    <p class='ocr_par' dir='ltr' id='par_1_46' title="bbox 389 2062 2036 2133">
     <span class='ocr_line' id='line_1_49' title="bbox 389 2062 2036 2133; baseline -0.001 -14"><span class='ocrx_word' id='word_1_374' title='bbox 389 2062 1124 2129; x_wconf 87' lang='lat' dir='ltr'><strong>coefficiat,antecedere,ac</strong></span> <span class='ocrx_word' id='word_1_375' title='bbox 1148 2062 1317 2117; x_wconf 85' lang='lat' dir='ltr'><strong>veluti</strong></span> <span class='ocrx_word' id='word_1_376' title='bbox 1332 2062 1518 2133; x_wconf 91' lang='lat' dir='ltr'><strong>rigare</strong></span> <span class='ocrx_word' id='word_1_377' title='bbox 1540 2064 1850 2117; x_wconf 85' lang='lat' dir='ltr'><strong>voluntatis</strong></span> <span class='ocrx_word' id='word_1_378' title='bbox 1868 2063 2036 2118; x_wconf 87' lang='lat' dir='ltr'><strong>aridi-</strong></span> 
     </span>
    </p>
   </div>
   <div class='ocr_carea' id='block_1_47' title="bbox 390 2133 2036 2205">
    <p class='ocr_par' dir='ltr' id='par_1_47' title="bbox 390 2133 2036 2205">
     <span class='ocr_line' id='line_1_50' title="bbox 390 2133 2036 2205; baseline -0.001 -15"><span class='ocrx_word' id='word_1_379' title='bbox 390 2139 591 2199; x_wconf 90' lang='lat' dir='ltr'><strong>tatem,</strong></span> <span class='ocrx_word' id='word_1_380' title='bbox 623 2140 685 2190; x_wconf 91' lang='lat' dir='ltr'><strong>ut</strong></span> <span class='ocrx_word' id='word_1_381' title='bbox 716 2134 771 2189; x_wconf 91' lang='lat' dir='ltr'><strong>in</strong></span> <span class='ocrx_word' id='word_1_382' title='bbox 805 2134 1066 2204; x_wconf 90' lang='lat' dir='ltr'><strong>exemplo</strong></span> <span class='ocrx_word' id='word_1_383' title='bbox 1090 2133 1289 2203; x_wconf 72' lang='lat' dir='ltr'><strong>pluviae</strong></span> <span class='ocrx_word' id='word_1_384' title='bbox 1314 2150 1379 2187; x_wconf 90' lang='lat' dir='ltr'><strong>ac</strong></span> <span class='ocrx_word' id='word_1_385' title='bbox 1409 2138 1575 2189; x_wconf 60' lang='lat' dir='ltr'><strong>terra</strong></span> <span class='ocrx_word' id='word_1_386' title='bbox 1603 2134 1900 2205; x_wconf 82' lang='lat' dir='ltr'><strong>contingit.</strong></span> <span class='ocrx_word' id='word_1_387' title='bbox 1926 2135 2036 2189; x_wconf 90' lang='lat' dir='ltr'><strong>Ita-</strong></span> 
     </span>
    </p>
   </div>
   <div class='ocr_carea' id='block_1_48' title="bbox 390 2204 2040 2277">
    <p class='ocr_par' dir='ltr' id='par_1_48' title="bbox 390 2204 2040 2277">
     <span class='ocr_line' id='line_1_51' title="bbox 390 2204 2040 2277; baseline -0.001 -17"><span class='ocrx_word' id='word_1_388' title='bbox 390 2222 499 2276; x_wconf 87' lang='lat' dir='ltr'><strong>que</strong></span> <span class='ocrx_word' id='word_1_389' title='bbox 526 2208 677 2277; x_wconf 91' lang='lat' dir='ltr'><strong>quod</strong></span> <span class='ocrx_word' id='word_1_390' title='bbox 701 2205 811 2259; x_wconf 90' lang='lat' dir='ltr'><strong>ait:</strong></span> <span class='ocrx_word' id='word_1_391' title='bbox 838 2205 1034 2277; x_wconf 77' lang='lat' dir='ltr'><strong>Debere</strong></span> <span class='ocrx_word' id='word_1_392' title='bbox 1061 2205 1390 2277; x_wconf 81' lang='lat' dir='ltr'><strong>voluntatem</strong></span> <span class='ocrx_word' id='word_1_393' title='bbox 1422 2205 1743 2277; x_wconf 72' lang='lat' dir='ltr'><strong>praecedere,</strong></span> <span class='ocrx_word' id='word_1_394' title='bbox 1788 2204 1857 2259; x_wconf 86' lang='lat' dir='ltr'><strong>ne</strong></span> <span class='ocrx_word' id='word_1_395' title='bbox 1889 2204 2040 2259; x_wconf 89' lang='lat' dir='ltr'><strong>intra</strong></span> 
     </span>
    </p>
   </div>
   <div class='ocr_carea' id='block_1_49' title="bbox 389 2274 2041 2345">
    <p class='ocr_par' dir='ltr' id='par_1_49' title="bbox 389 2274 2041 2345">
     <span class='ocr_line' id='line_1_52' title="bbox 389 2274 2041 2345; baseline 0.001 -16"><span class='ocrx_word' id='word_1_396' title='bbox 389 2274 566 2331; x_wconf 78' lang='lat' dir='ltr'><strong>unam</strong></span> <span class='ocrx_word' id='word_1_397' title='bbox 590 2281 647 2332; x_wconf 93' lang='lat' dir='ltr'><strong>et</strong></span> <span class='ocrx_word' id='word_1_398' title='bbox 675 2276 915 2330; x_wconf 88' lang='lat' dir='ltr'><strong>alteram</strong></span> <span class='ocrx_word' id='word_1_399' title='bbox 942 2275 1154 2329; x_wconf 88' lang='lat' dir='ltr'><strong>lineam</strong></span> <span class='ocrx_word' id='word_1_400' title='bbox 1174 2274 1516 2345; x_wconf 85' lang='lat' dir='ltr'><strong>admittatur</strong></span> <span class='ocrx_word' id='word_1_401' title='bbox 1547 2274 1857 2329; x_wconf 88' lang='lat' dir='ltr'><strong>manifesta</strong></span> <span class='ocrx_word' id='word_1_402' title='bbox 1878 2292 2041 2345; x_wconf 87' lang='lat' dir='ltr'><strong>repu-</strong></span> 
     </span>
    </p>
   </div>
   <div class='ocr_carea' id='block_1_50' title="bbox 430 2344 2037 2426">
    <p class='ocr_par' dir='ltr' id='par_1_50' title="bbox 430 2344 2037 2426">
     <span class='ocr_line' id='line_1_53' title="bbox 430 2344 2037 2426; baseline 0.001 -27"><span class='ocrx_word' id='word_1_403' title='bbox 430 2347 646 2409; x_wconf 88' lang='lat' dir='ltr'><strong>nantia,</strong></span> <span class='ocrx_word' id='word_1_404' title='bbox 672 2362 739 2399; x_wconf 89' lang='lat' dir='ltr'><strong>ac</strong></span> <span class='ocrx_word' id='word_1_405' title='bbox 756 2350 818 2399; x_wconf 92' lang='lat' dir='ltr'><strong>ut</strong></span> <span class='ocrx_word' id='word_1_406' title='bbox 829 2345 977 2426; x_wconf 75' lang='lat' dir='ltr'><strong>ratio</strong></span> <span class='ocrx_word' id='word_1_407' title='bbox 996 2362 1117 2426; x_wconf 74' lang='lat' dir='ltr'><strong>quae</strong></span> <span class='ocrx_word' id='word_1_408' title='bbox 1130 2344 1429 2426; x_wconf 75' lang='lat' dir='ltr'><strong>subjicitur</strong></span> <span class='ocrx_word' id='word_1_409' title='bbox 1448 2344 2037 2426; x_wconf 38' lang='lat' dir='ltr'><strong>cohaereatmxponen-</strong></span> 
     </span>
    </p>
   </div>
   <div class='ocr_carea' id='block_1_51' title="bbox 433 2363 2039 2487">
    <p class='ocr_par' dir='ltr' id='par_1_51' title="bbox 433 2363 2039 2487">
     <span class='ocr_line' id='line_1_54' title="bbox 433 2363 2037 2468; baseline 0.001 -69"><span class='ocrx_word' id='word_1_410' title='bbox 433 2363 646 2409; x_wconf 86' lang='lat' dir='ltr'><strong>nanua,</strong></span> <span class='ocrx_word' id='word_1_411' title='bbox 672 2363 739 2399; x_wconf 91' lang='lat' dir='ltr'><strong>ac</strong></span> <span class='ocrx_word' id='word_1_412' title='bbox 756 2363 818 2399; x_wconf 74' lang='lat' dir='ltr'><strong>ut</strong></span> <span class='ocrx_word' id='word_1_413' title='bbox 829 2363 890 2425; x_wconf 76' lang='lat' dir='ltr'><strong>ra</strong></span> <span class='ocrx_word' id='word_1_414' title='bbox 900 2363 977 2398; x_wconf 81' lang='lat' dir='ltr'><strong>uo</strong></span> <span class='ocrx_word' id='word_1_415' title='bbox 996 2363 1117 2468; x_wconf 63' lang='lat' dir='ltr'><strong>quae</strong></span> <span class='ocrx_word' id='word_1_416' title='bbox 1130 2363 1192 2398; x_wconf 86' lang='lat' dir='ltr'><strong>su</strong></span> <span class='ocrx_word' id='word_1_417' title='bbox 1202 2363 1253 2415; x_wconf 77' lang='grc' dir='ltr'><strong>[ῃ</strong></span> <span class='ocrx_word' id='word_1_418' title='bbox 1266 2363 1429 2424; x_wconf 39' lang='lat' dir='ltr'><strong>ica-ur</strong></span> <span class='ocrx_word' id='word_1_419' title='bbox 1448 2363 2037 2426; x_wconf 75' lang='lat' dir='ltr'><strong>consereat,exponen-</strong></span> 
     </span>
     <span class='ocr_line' id='line_1_55' title="bbox 433 2416 2039 2487; baseline 0.001 -17"><span class='ocrx_word' id='word_1_420' title='bbox 433 2433 528 2470; x_wconf 92' lang='lat' dir='ltr'><strong>um</strong></span> <span class='ocrx_word' id='word_1_421' title='bbox 560 2431 880 2487; x_wconf 71' lang='lat' dir='ltr'><strong>necessario</strong></span> <span class='ocrx_word' id='word_1_422' title='bbox 898 2420 984 2469; x_wconf 85' lang='lat' dir='ltr'><strong>est</strong></span> <span class='ocrx_word' id='word_1_423' title='bbox 1040 2431 1070 2469; x_wconf 91' lang='lat' dir='ltr'><strong>e</strong></span> <span class='ocrx_word' id='word_1_424' title='bbox 1093 2420 1481 2487; x_wconf 69' lang='lat' dir='ltr'><strong>antecessxone</strong></span> <span class='ocrx_word' id='word_1_425' title='bbox 1513 2416 1610 2470; x_wconf 77' lang='lat' dir='ltr'><strong>illa</strong></span> <span class='ocrx_word' id='word_1_426' title='bbox 1637 2417 1896 2481; x_wconf 81' lang='lat' dir='ltr'><strong>rationis,</strong></span> <span class='ocrx_word' id='word_1_427' title='bbox 1926 2434 2039 2487; x_wconf 91' lang='lat' dir='ltr'><strong>qua</strong></span> 
     </span>
    </p>
   </div>
   <div class='ocr_carea' id='block_1_52' title="bbox 391 2486 2037 2555">
    <p class='ocr_par' dir='ltr' id='par_1_52' title="bbox 391 2486 2037 2555">
     <span class='ocr_line' id='line_1_56' title="bbox 391 2486 2037 2555; baseline 0.001 -13"><span class='ocrx_word' id='word_1_428' title='bbox 391 2486 747 2542; x_wconf 87' lang='lat' dir='ltr'><strong>ostendimus</strong></span> <span class='ocrx_word' id='word_1_429' title='bbox 764 2486 1117 2541; x_wconf 89' lang='lat' dir='ltr'><strong>voluntatem</strong></span> <span class='ocrx_word' id='word_1_430' title='bbox 1131 2490 1441 2555; x_wconf 88' lang='lat' dir='ltr'><strong>etgratiam</strong></span> <span class='ocrx_word' id='word_1_431' title='bbox 1456 2486 1536 2540; x_wconf 91' lang='lat' dir='ltr'><strong>ita</strong></span> <span class='ocrx_word' id='word_1_432' title='bbox 1556 2486 1726 2541; x_wconf 89' lang='lat' dir='ltr'><strong>simul</strong></span> <span class='ocrx_word' id='word_1_433' title='bbox 1743 2486 2037 2543; x_wconf 86' lang='lat' dir='ltr'><strong>coefﬁcere</strong></span> 
     </span>
    </p>
   </div>
   <div class='ocr_carea' id='block_1_53' title="bbox 391 2556 2036 2630">
    <p class='ocr_par' dir='ltr' id='par_1_53' title="bbox 391 2556 2036 2630">
     <span class='ocr_line' id='line_1_57' title="bbox 391 2556 2036 2630; baseline 0.001 -19"><span class='ocrx_word' id='word_1_434' title='bbox 391 2562 584 2630; x_wconf 86' lang='lat' dir='ltr'><strong>actum</strong></span> <span class='ocrx_word' id='word_1_435' title='bbox 609 2557 942 2630; x_wconf 86' lang='lat' dir='ltr'><strong>liberum,ut</strong></span> <span class='ocrx_word' id='word_1_436' title='bbox 952 2556 1245 2630; x_wconf 65' lang='lat' dir='ltr'><strong>praemisso</strong></span> <span class='ocrx_word' id='word_1_437' title='bbox 1266 2561 1419 2630; x_wconf 84' lang='lat' dir='ltr'><strong>tactu</strong></span> <span class='ocrx_word' id='word_1_438' title='bbox 1439 2558 1763 2630; x_wconf 66' lang='lat' dir='ltr'><strong>voluntatis</strong></span> <span class='ocrx_word' id='word_1_439' title='bbox 1794 2575 2036 2630; x_wconf 87' lang='lat' dir='ltr'><strong>pergra-</strong></span> 
     </span>
    </p>
   </div>
   <div class='ocr_carea' id='block_1_54' title="bbox 390 2628 2036 2698">
    <p class='ocr_par' dir='ltr' id='par_1_54' title="bbox 390 2628 2036 2698">
     <span class='ocr_line' id='line_1_58' title="bbox 390 2628 2036 2698; baseline 0.001 -16"><span class='ocrx_word' id='word_1_440' title='bbox 390 2628 527 2682; x_wconf 90' lang='lat' dir='ltr'><strong>tiam</strong></span> <span class='ocrx_word' id='word_1_441' title='bbox 551 2628 1018 2698; x_wconf 66' lang='lat' dir='ltr'><strong>praevenientem,</strong></span> <span class='ocrx_word' id='word_1_442' title='bbox 1044 2628 1197 2698; x_wconf 89' lang='lat' dir='ltr'><strong>quod</strong></span> <span class='ocrx_word' id='word_1_443' title='bbox 1225 2629 1299 2682; x_wconf 91' lang='lat' dir='ltr'><strong>ad</strong></span> <span class='ocrx_word' id='word_1_444' title='bbox 1323 2628 1750 2684; x_wconf 85' lang='lat' dir='ltr'><strong>coeffectionem</strong></span> <span class='ocrx_word' id='word_1_445' title='bbox 1783 2628 1852 2684; x_wconf 89' lang='lat' dir='ltr'><strong>de</strong></span> <span class='ocrx_word' id='word_1_446' title='bbox 1886 2628 2036 2684; x_wconf 79' lang='lat' dir='ltr'><strong>facto</strong></span> 
     </span>
    </p>
   </div>
   <div class='ocr_carea' id='block_1_55' title="bbox 390 2698 2037 2771">
    <p class='ocr_par' dir='ltr' id='par_1_55' title="bbox 390 2698 2037 2771">
     <span class='ocr_line' id='line_1_59' title="bbox 390 2698 2037 2771; baseline 0.001 -18"><span class='ocrx_word' id='word_1_447' title='bbox 390 2705 788 2771; x_wconf 83' lang='lat' dir='ltr'><strong>expromptam</strong></span> <span class='ocrx_word' id='word_1_448' title='bbox 834 2698 1060 2762; x_wconf 88' lang='lat' dir='ltr'><strong>attinet,</strong></span> <span class='ocrx_word' id='word_1_449' title='bbox 1114 2698 1300 2771; x_wconf 90' lang='lat' dir='ltr'><strong>prius_</strong></span> <span class='ocrx_word' id='word_1_450' title='bbox 1319 2699 1541 2754; x_wconf 89' lang='lat' dir='ltr'><strong>ratione</strong></span> <span class='ocrx_word' id='word_1_451' title='bbox 1593 2704 1727 2771; x_wconf 82' lang='lat' dir='ltr'><strong>agat</strong></span> <span class='ocrx_word' id='word_1_452' title='bbox 1775 2700 2037 2755; x_wconf 86' lang='lat' dir='ltr'><strong>voluntas</strong></span> 
     </span>
    </p>
   </div>
   <div class='ocr_carea' id='block_1_56' title="bbox 388 2769 2036 2842">
    <p class='ocr_par' dir='ltr' id='par_1_56' title="bbox 388 2769 2036 2842">
     <span class='ocr_line' id='line_1_60' title="bbox 388 2769 2036 2842; baseline -0.001 -15"><span class='ocrx_word' id='word_1_453' title='bbox 388 2769 569 2842; x_wconf 84' lang='lat' dir='ltr'><strong>libera</strong></span> <span class='ocrx_word' id='word_1_454' title='bbox 602 2788 615 2824; x_wconf 90' lang='lat'>:</span> <span class='ocrx_word' id='word_1_455' title='bbox 647 2786 713 2825; x_wconf 94' lang='lat' dir='ltr'><strong>eo</strong></span> <span class='ocrx_word' id='word_1_456' title='bbox 745 2771 897 2842; x_wconf 88' lang='lat' dir='ltr'><strong>quod</strong></span> <span class='ocrx_word' id='word_1_457' title='bbox 924 2786 1100 2842; x_wconf 85' lang='lat' dir='ltr'><strong>causa</strong></span> <span class='ocrx_word' id='word_1_458' title='bbox 1141 2786 1242 2824; x_wconf 89' lang='lat' dir='ltr'><strong>cur</strong></span> <span class='ocrx_word' id='word_1_459' title='bbox 1270 2769 1417 2842; x_wconf 84' lang='lat' dir='ltr'><strong>Deus</strong></span> <span class='ocrx_word' id='word_1_460' title='bbox 1448 2772 1521 2825; x_wconf 90' lang='lat' dir='ltr'><strong>ad</strong></span> <span class='ocrx_word' id='word_1_461' title='bbox 1563 2769 1705 2825; x_wconf 78' lang='lat' dir='ltr'><strong>illud</strong></span> <span class='ocrx_word' id='word_1_462' title='bbox 1736 2788 1875 2842; x_wconf 89' lang='lat' dir='ltr'><strong>opus</strong></span> <span class='ocrx_word' id='word_1_463' title='bbox 1906 2789 2036 2826; x_wconf 88' lang='lat' dir='ltr'><strong>cum</strong></span> 
     </span>
    </p>
   </div>
   <div class='ocr_carea' id='block_1_57' title="bbox 388 2840 2035 2911">
    <p class='ocr_par' dir='ltr' id='par_1_57' title="bbox 388 2840 2035 2911">
     <span class='ocr_line' id='line_1_61' title="bbox 388 2840 2035 2911; baseline 0.001 -16"><span class='ocrx_word' id='word_1_464' title='bbox 388 2841 682 2896; x_wconf 84' lang='lat' dir='ltr'><strong>voluntate</strong></span> <span class='ocrx_word' id='word_1_465' title='bbox 716 2840 1153 2896; x_wconf 87' lang='lat' dir='ltr'><strong>coefﬁciendum</strong></span> <span class='ocrx_word' id='word_1_466' title='bbox 1175 2858 1233 2895; x_wconf 90' lang='lat' dir='ltr'><strong>se</strong></span> <span class='ocrx_word' id='word_1_467' title='bbox 1252 2841 1512 2911; x_wconf 88' lang='lat' dir='ltr'><strong>applicet,</strong></span> <span class='ocrx_word' id='word_1_468' title='bbox 1544 2842 1617 2896; x_wconf 88' lang='lat' dir='ltr'><strong>sit</strong></span> <span class='ocrx_word' id='word_1_469' title='bbox 1633 2840 2035 2897; x_wconf 83' lang='lat' dir='ltr'><strong>determinatio</strong></span> 
     </span>
    </p>
   </div>
   <div class='ocr_carea' id='block_1_58' title="bbox 384 2911 2036 2984">
    <p class='ocr_par' dir='ltr' id='par_1_58' title="bbox 384 2911 2036 2984">
     <span class='ocr_line' id='line_1_62' title="bbox 384 2911 2036 2984; baseline 0.001 -17"><span class='ocrx_word' id='word_1_470' title='bbox 384 2911 697 2968; x_wconf 89' lang='lat' dir='ltr'><strong>voluntatis</strong></span> <span class='ocrx_word' id='word_1_471' title='bbox 722 2912 1180 2984; x_wconf 87' lang='lat' dir='ltr'><strong>conditionaliter</strong></span> <span class='ocrx_word' id='word_1_472' title='bbox 1201 2913 1647 2984; x_wconf 71' lang='lat' dir='ltr'><strong>praevisa.Atque</strong></span> <span class='ocrx_word' id='word_1_473' title='bbox 1669 2914 1749 2968; x_wconf 91' lang='lat' dir='ltr'><strong>ita</strong></span> <span class='ocrx_word' id='word_1_474' title='bbox 1769 2913 1924 2968; x_wconf 91' lang='lat' dir='ltr'><strong>locus</strong></span> <span class='ocrx_word' id='word_1_475' title='bbox 1941 2914 2036 2969; x_wconf 90' lang='lat' dir='ltr'><strong>ille</strong></span> 
     </span>
    </p>
   </div>
   <div class='ocr_carea' id='block_1_59' title="bbox 386 2983 2033 3053">
    <p class='ocr_par' dir='ltr' id='par_1_59' title="bbox 386 2983 2033 3053">
     <span class='ocr_line' id='line_1_63' title="bbox 386 2983 2033 3053; baseline 0.002 -16"><span class='ocrx_word' id='word_1_476' title='bbox 386 2984 636 3039; x_wconf 87' lang='lat' dir='ltr'><strong>auctoris</strong></span> <span class='ocrx_word' id='word_1_477' title='bbox 671 2983 867 3053; x_wconf 90' lang='lat' dir='ltr'><strong>Operis</strong></span> <span class='ocrx_word' id='word_1_478' title='bbox 888 2984 1206 3053; x_wconf 88' lang='lat' dir='ltr'><strong>Imperfecti</strong></span> <span class='ocrx_word' id='word_1_479' title='bbox 1234 2983 1607 3040; x_wconf 85' lang='lat' dir='ltr'><strong>disertissime</strong></span> <span class='ocrx_word' id='word_1_480' title='bbox 1633 2985 1887 3040; x_wconf 90' lang='lat' dir='ltr'><strong>continet</strong></span> <span class='ocrx_word' id='word_1_481' title='bbox 1916 2990 2033 3040; x_wconf 88' lang='lat' dir='ltr'><strong>tra-</strong></span> 
     </span>
    </p>
   </div>
   <div class='ocr_carea' id='block_1_60' title="bbox 386 3052 1473 3124">
    <p class='ocr_par' dir='ltr' id='par_1_60' title="bbox 386 3052 1473 3124">
     <span class='ocr_line' id='line_1_64' title="bbox 386 3052 1473 3124; baseline -0.002 -15"><span class='ocrx_word' id='word_1_482' title='bbox 386 3054 567 3109; x_wconf 88' lang='lat' dir='ltr'><strong>ditam</strong></span> <span class='ocrx_word' id='word_1_483' title='bbox 602 3053 891 3109; x_wconf 85' lang='lat' dir='ltr'><strong>Valeriani</strong></span> <span class='ocrx_word' id='word_1_484' title='bbox 918 3052 1473 3124; x_wconf 80' lang='lat' dir='ltr'><strong>interpretationem.</strong></span> 
     </span>
    </p>
   </div>
   <div class='ocr_carea' id='block_1_61' title="bbox 454 3124 2034 3205">
    <p class='ocr_par' dir='ltr' id='par_1_61' title="bbox 454 3124 2034 3205">
     <span class='ocr_line' id='line_1_65' title="bbox 454 3124 2034 3205; baseline 0.003 -27"><span class='ocrx_word' id='word_1_485' title='bbox 454 3125 631 3205; x_wconf 60' lang='lat' dir='ltr'><strong>Video</strong></span> <span class='ocrx_word' id='word_1_486' title='bbox 668 3124 844 3205; x_wconf 79' lang='lat' dir='ltr'><strong>excipi</strong></span> <span class='ocrx_word' id='word_1_487' title='bbox 873 3141 1055 3205; x_wconf 57' lang='lat' dir='ltr'><strong>posse,</strong></span> <span class='ocrx_word' id='word_1_488' title='bbox 1086 3141 1228 3195; x_wconf 92' lang='lat' dir='ltr'><strong>opus</strong></span> <span class='ocrx_word' id='word_1_489' title='bbox 1257 3124 1397 3179; x_wconf 92' lang='lat' dir='ltr'><strong>illud</strong></span> <span class='ocrx_word' id='word_1_490' title='bbox 1427 3125 1770 3205; x_wconf 76' lang='lat' dir='ltr'><strong>mendosum</strong></span> <span class='ocrx_word' id='word_1_491' title='bbox 1797 3142 1939 3191; x_wconf 86' lang='lat' dir='ltr'><strong>esse,</strong></span> <span class='ocrx_word' id='word_1_492' title='bbox 1977 3130 2034 3181; x_wconf 89' lang='lat' dir='ltr'><strong>et</strong></span> 
     </span>
    </p>
   </div>
   <div class='ocr_carea' id='block_1_62' title="bbox 384 3195 2029 3266">
    <p class='ocr_par' dir='ltr' id='par_1_62' title="bbox 384 3195 2029 3266">
     <span class='ocr_line' id='line_1_66' title="bbox 384 3195 2029 3266; baseline 0.002 -16"><span class='ocrx_word' id='word_1_493' title='bbox 384 3195 596 3251; x_wconf 86' lang='lat' dir='ltr'><strong>fartum</strong></span> <span class='ocrx_word' id='word_1_494' title='bbox 627 3195 928 3257; x_wconf 88' lang='lat' dir='ltr'><strong>erroribus,</strong></span> <span class='ocrx_word' id='word_1_495' title='bbox 960 3196 1171 3266; x_wconf 85' lang='lat' dir='ltr'><strong>Verum</strong></span> <span class='ocrx_word' id='word_1_496' title='bbox 1202 3211 1270 3250; x_wconf 87' lang='lat' dir='ltr'><strong>ea</strong></span> <span class='ocrx_word' id='word_1_497' title='bbox 1300 3196 1553 3266; x_wconf 77' lang='lat' dir='ltr'><strong>exceptio</strong></span> <span class='ocrx_word' id='word_1_498' title='bbox 1599 3196 1710 3251; x_wconf 90' lang='lat' dir='ltr'><strong>hoc</strong></span> <span class='ocrx_word' id='word_1_499' title='bbox 1746 3198 1869 3252; x_wconf 91' lang='lat' dir='ltr'><strong>loco</strong></span> <span class='ocrx_word' id='word_1_500' title='bbox 1914 3214 2029 3253; x_wconf 91' lang='lat' dir='ltr'><strong>non</strong></span> 
     </span>
    </p>
   </div>
   <div class='ocr_carea' id='block_1_63' title="bbox 380 3265 2029 3338">
    <p class='ocr_par' dir='ltr' id='par_1_63' title="bbox 380 3265 2029 3338">
     <span class='ocr_line' id='line_1_67' title="bbox 380 3265 2029 3338; baseline 0.001 -17"><span class='ocrx_word' id='word_1_501' title='bbox 380 3268 547 3322; x_wconf 89' lang='lat' dir='ltr'><strong>valet.</strong></span> <span class='ocrx_word' id='word_1_502' title='bbox 583 3267 816 3338; x_wconf 83' lang='lat' dir='ltr'><strong>NamS.</strong></span> <span class='ocrx_word' id='word_1_503' title='bbox 860 3268 1075 3321; x_wconf 86' lang='lat' dir='ltr'><strong>Bonav.</strong></span> <span class='ocrx_word' id='word_1_504' title='bbox 1103 3265 1199 3338; x_wconf 88' lang='lat' dir='ltr'><strong>lib.</strong></span> <span class='ocrx_word' id='word_1_505' title='bbox 1233 3282 1272 3321; x_wconf 84' lang='grc' dir='ltr'><strong>ιι</strong></span> <span class='ocrx_word' id='word_1_506' title='bbox 1317 3265 1550 3324; x_wconf 85' lang='lat' dir='ltr'><strong>Pharet.</strong></span> <span class='ocrx_word' id='word_1_507' title='bbox 1580 3283 1704 3338; x_wconf 89' lang='lat' dir='ltr'><strong>cap.</strong></span> <span class='ocrx_word' id='word_1_508' title='bbox 1738 3268 1828 3332; x_wconf 80' lang='lat'><strong>26,</strong></span> <span class='ocrx_word' id='word_1_509' title='bbox 1875 3273 1931 3323; x_wconf 91' lang='lat' dir='ltr'><strong>et</strong></span> <span class='ocrx_word' id='word_1_510' title='bbox 1968 3268 2029 3323; x_wconf 90' lang='lat' dir='ltr'><strong>S.</strong></span> 
     </span>
    </p>
   </div>
   <div class='ocr_carea' id='block_1_64' title="bbox 381 3337 2033 3408">
    <p class='ocr_par' dir='ltr' id='par_1_64' title="bbox 381 3337 2033 3408">
     <span class='ocr_line' id='line_1_68' title="bbox 381 3337 2033 3408; baseline 0.001 -14"><span class='ocrx_word' id='word_1_511' title='bbox 381 3339 577 3394; x_wconf 86' lang='lat' dir='ltr'><strong>Thom.</strong></span> <span class='ocrx_word' id='word_1_512' title='bbox 630 3337 690 3392; x_wconf 90' lang='lat' dir='ltr'><strong>in</strong></span> <span class='ocrx_word' id='word_1_513' title='bbox 721 3337 960 3408; x_wconf 87' lang='lat' dir='ltr'><strong>Catena,</strong></span> <span class='ocrx_word' id='word_1_514' title='bbox 1002 3337 1201 3392; x_wconf 85' lang='lat' dir='ltr'><strong>Matth.</strong></span> <span class='ocrx_word' id='word_1_515' title='bbox 1235 3353 1334 3392; x_wconf 85' lang='lat' dir='ltr'><strong>xIx</strong></span> <span class='ocrx_word' id='word_1_516' title='bbox 1375 3338 1546 3391; x_wconf 84' lang='lat' dir='ltr'><strong>verba</strong></span> <span class='ocrx_word' id='word_1_517' title='bbox 1607 3337 1896 3408; x_wconf 88' lang='lat' dir='ltr'><strong>proposita</strong></span> <span class='ocrx_word' id='word_1_518' title='bbox 1939 3340 2033 3396; x_wconf 83' lang='lat' dir='ltr'><strong>de-</strong></span> 
     </span>
    </p>
   </div>
   <div class='ocr_carea' id='block_1_65' title="bbox 383 3407 2033 3489">
    <p class='ocr_par' dir='ltr' id='par_1_65' title="bbox 383 3407 2033 3489">
     <span class='ocr_line' id='line_1_69' title="bbox 383 3407 2033 3489; baseline 0.001 -26"><span class='ocrx_word' id='word_1_519' title='bbox 383 3410 726 3489; x_wconf 71' lang='lat' dir='ltr'><strong>scribent_es,_</strong></span> <span class='ocrx_word' id='word_1_520' title='bbox 748 3408 890 3489; x_wconf 76' lang='lat' dir='ltr'><strong>nihil</strong></span> <span class='ocrx_word' id='word_1_521' title='bbox 907 3407 971 3489; x_wconf 78' lang='lat' dir='ltr'><strong>in</strong></span> <span class='ocrx_word' id='word_1_522' title='bbox 1018 3408 1097 3489; x_wconf 70' lang='lat' dir='ltr'><strong>eis</strong></span> <span class='ocrx_word' id='word_1_523' title='bbox 1123 3410 1453 3489; x_wconf 78' lang='lat' dir='ltr'><strong>corruptum</strong></span> <span class='ocrx_word' id='word_1_524' title='bbox 1480 3411 1579 3461; x_wconf 91' lang='lat' dir='ltr'><strong>aut</strong></span> <span class='ocrx_word' id='word_1_525' title='bbox 1609 3413 1813 3489; x_wconf 65' lang='lat' dir='ltr'><strong>patens</strong></span> <span class='ocrx_word' id='word_1_526' title='bbox 1846 3410 2033 3489; x_wconf 78' lang='lat' dir='ltr'><strong>subol-</strong></span> 
     </span>
    </p>
   </div>
   <div class='ocr_carea' id='block_1_66' title="bbox 384 3478 2033 3551">
    <p class='ocr_par' dir='ltr' id='par_1_66' title="bbox 384 3478 2033 3551">
     <span class='ocr_line' id='line_1_70' title="bbox 384 3478 2033 3551; baseline 0 -17"><span class='ocrx_word' id='word_1_527' title='bbox 384 3479 661 3535; x_wconf 85' lang='lat' dir='ltr'><strong>fecerunt.</strong></span> <span class='ocrx_word' id='word_1_528' title='bbox 688 3480 926 3551; x_wconf 87' lang='lat' dir='ltr'><strong>Constat</strong></span> <span class='ocrx_word' id='word_1_529' title='bbox 940 3478 1172 3549; x_wconf 91' lang='lat' dir='ltr'><strong>quidem</strong></span> <span class='ocrx_word' id='word_1_530' title='bbox 1193 3479 1435 3534; x_wconf 81' lang='lat' dir='ltr'><strong>Arianos</strong></span> <span class='ocrx_word' id='word_1_531' title='bbox 1456 3494 1598 3551; x_wconf 84' lang='lat' dir='ltr'><strong>opus</strong></span> <span class='ocrx_word' id='word_1_532' title='bbox 1615 3478 1756 3534; x_wconf 90' lang='lat' dir='ltr'><strong>illud</strong></span> <span class='ocrx_word' id='word_1_533' title='bbox 1786 3479 2033 3551; x_wconf 82' lang='lat' dir='ltr'><strong>interpo-</strong></span> 
     </span>
    </p>
   </div>
   <div class='ocr_carea' id='block_1_67' title="bbox 382 3548 2029 3614">
    <p class='ocr_par' dir='ltr' id='par_1_67' title="bbox 382 3548 2029 3614">
     <span class='ocr_line' id='line_1_71' title="bbox 382 3548 2029 3614; baseline 0.001 -10"><span class='ocrx_word' id='word_1_534' title='bbox 382 3551 552 3614; x_wconf 89' lang='lat' dir='ltr'><strong>lasse,</strong></span> <span class='ocrx_word' id='word_1_535' title='bbox 602 3556 659 3606; x_wconf 88' lang='lat' dir='ltr'><strong>et</strong></span> <span class='ocrx_word' id='word_1_536' title='bbox 688 3548 1247 3604; x_wconf 76' lang='lat' dir='ltr'><strong>admistobzereseos</strong></span> <span class='ocrx_word' id='word_1_537' title='bbox 1295 3566 1407 3603; x_wconf 66' lang='lat' dir='ltr'><strong>suae</strong></span> <span class='ocrx_word' id='word_1_538' title='bbox 1460 3548 1743 3604; x_wconf 90' lang='lat' dir='ltr'><strong>fermento</strong></span> <span class='ocrx_word' id='word_1_539' title='bbox 1783 3548 2029 3607; x_wconf 75' lang='lat' dir='ltr'><strong>vitiasse.</strong></span> 
     </span>
    </p>
   </div>
   <div class='ocr_carea' id='block_1_68' title="bbox 384 3619 2031 3742">
    <p class='ocr_par' dir='ltr' id='par_1_68' title="bbox 384 3619 2031 3742">
     <span class='ocr_line' id='line_1_72' title="bbox 384 3619 2031 3742; baseline 0.001 -67"><span class='ocrx_word' id='word_1_540' title='bbox 384 3623 457 3742; x_wconf 48' lang='grc' dir='ltr'><strong>,ξεί</strong></span> <span class='ocrx_word' id='word_1_541' title='bbox 480 3638 569 3742; x_wconf 66' lang='lat' dir='ltr'><strong>rtes</strong></span> <span class='ocrx_word' id='word_1_542' title='bbox 596 3621 664 3677; x_wconf 91' lang='lat' dir='ltr'><strong>de</strong></span> <span class='ocrx_word' id='word_1_543' title='bbox 691 3637 805 3692; x_wconf 90' lang='lat' dir='ltr'><strong>qua</strong></span> <span class='ocrx_word' id='word_1_544' title='bbox 833 3621 1056 3692; x_wconf 81' lang='lat' dir='ltr'><strong>agimus</strong></span> <span class='ocrx_word' id='word_1_545' title='bbox 1103 3619 1244 3674; x_wconf 89' lang='lat' dir='ltr'><strong>nihil</strong></span> <span class='ocrx_word' id='word_1_546' title='bbox 1272 3620 1347 3675; x_wconf 91' lang='lat' dir='ltr'><strong>ad</strong></span> <span class='ocrx_word' id='word_1_547' title='bbox 1376 3620 1653 3675; x_wconf 87' lang='lat' dir='ltr'><strong>Arianam</strong></span> <span class='ocrx_word' id='word_1_548' title='bbox 1674 3622 2031 3691; x_wconf 87' lang='lat' dir='ltr'><strong>impietatem</strong></span> 
     </span>
     <span class='ocr_line' id='line_1_73' title="bbox 412 3708 541 3742; baseline 0 0"><span class='ocrx_word' id='word_1_549' title='bbox 412 3708 492 3742; x_wconf 71' lang='lat' dir='ltr'><strong>ac}</strong></span> <span class='ocrx_word' id='word_1_550' title='bbox 530 3734 541 3742; x_wconf 89' lang='lat'><strong>.</strong></span> 
     </span>
    </p>
   </div>
   <div class='ocr_carea' id='block_1_69' title="bbox 412 3692 541 3746">
    <p class='ocr_par' dir='ltr' id='par_1_69' title="bbox 412 3692 541 3746">
     <span class='ocr_line' id='line_1_74' title="bbox 412 3692 541 3746; baseline 0.008 -1"><span class='ocrx_word' id='word_1_551' title='bbox 412 3692 541 3746; x_wconf 84' lang='lat' dir='ltr'><strong>acit.</strong></span> 
     </span>
    </p>
   </div>
   <div class='ocr_carea' id='block_1_70' title="bbox 457 3759 2035 3828">
    <p class='ocr_par' dir='ltr' id='par_1_70' title="bbox 457 3759 2035 3828">
     <span class='ocr_line' id='line_1_75' title="bbox 457 3759 2035 3828; baseline 0.003 -14"><span class='ocrx_word' id='word_1_552' title='bbox 457 3764 543 3815; x_wconf 84' lang='grc'><strong>11.</strong></span> <span class='ocrx_word' id='word_1_553' title='bbox 576 3762 691 3817; x_wconf 84' lang='lat' dir='ltr'><strong>Nec</strong></span> <span class='ocrx_word' id='word_1_554' title='bbox 717 3763 924 3816; x_wconf 88' lang='lat' dir='ltr'><strong>desunt</strong></span> <span class='ocrx_word' id='word_1_555' title='bbox 947 3759 1147 3816; x_wconf 85' lang='lat' dir='ltr'><strong>affinia</strong></span> <span class='ocrx_word' id='word_1_556' title='bbox 1175 3760 1301 3817; x_wconf 88' lang='lat' dir='ltr'><strong>loca</strong></span> <span class='ocrx_word' id='word_1_557' title='bbox 1326 3777 1393 3816; x_wconf 88' lang='lat' dir='ltr'><strong>ex</strong></span> <span class='ocrx_word' id='word_1_558' title='bbox 1415 3760 1749 3817; x_wconf 90' lang='lat' dir='ltr'><strong>indubitatis</strong></span> <span class='ocrx_word' id='word_1_559' title='bbox 1765 3766 1839 3828; x_wconf 88' lang='lat' dir='ltr'><strong>et,</strong></span> <span class='ocrx_word' id='word_1_560' title='bbox 1864 3767 1925 3817; x_wconf 90' lang='lat' dir='ltr'><strong>ut</strong></span> <span class='ocrx_word' id='word_1_561' title='bbox 1954 3763 2035 3819; x_wconf 88' lang='lat' dir='ltr'><strong>ita</strong></span> 
     </span>
    </p>
   </div>
   <div class='ocr_carea' id='block_1_71' title="bbox 385 3831 2030 3903">
    <p class='ocr_par' dir='ltr' id='par_1_71' title="bbox 385 3831 2030 3903">
     <span class='ocr_line' id='line_1_76' title="bbox 385 3831 2030 3903; baseline 0.003 -18"><span class='ocrx_word' id='word_1_562' title='bbox 385 3831 814 3903; x_wconf 78' lang='lat' dir='ltr'><strong>dicam,azymis</strong></span> <span class='ocrx_word' id='word_1_563' title='bbox 830 3832 1227 3903; x_wconf 83' lang='lat' dir='ltr'><strong>Chrysostomi</strong></span> <span class='ocrx_word' id='word_1_564' title='bbox 1245 3832 1529 3903; x_wconf 82' lang='lat' dir='ltr'><strong>Operibus.</strong></span> <span class='ocrx_word' id='word_1_565' title='bbox 1550 3834 1698 3889; x_wconf 90' lang='lat' dir='ltr'><strong>Nam</strong></span> <span class='ocrx_word' id='word_1_566' title='bbox 1722 3833 1920 3888; x_wconf 92' lang='lat' dir='ltr'><strong>homil.</strong></span> <span class='ocrx_word' id='word_1_567' title='bbox 1942 3836 2030 3901; x_wconf 88' lang='grc'><strong>23,</strong></span> 
     </span>
    </p>
   </div>
   <div class='ocr_carea' id='block_1_72' title="bbox 382 3850 2034 3986">
    <p class='ocr_par' dir='ltr' id='par_1_72' title="bbox 382 3850 2034 3986">
     <span class='ocr_line' id='line_1_77' title="bbox 385 3850 2030 3903; baseline 0.003 -18"><span class='ocrx_word' id='word_1_568' title='bbox 385 3850 814 3902; x_wconf 77' lang='lat' dir='ltr'><strong>n1cam,azymis</strong></span> <span class='ocrx_word' id='word_1_569' title='bbox 830 3850 948 3889; x_wconf 69' lang='lat' dir='ltr'><strong>unr</strong></span> <span class='ocrx_word' id='word_1_570' title='bbox 989 3850 1227 3887; x_wconf 64' lang='lat' dir='ltr'><strong>sosnomi</strong></span> <span class='ocrx_word' id='word_1_571' title='bbox 1245 3850 1698 3903; x_wconf 70' lang='lat' dir='ltr'><strong>oper:ous.1vam</strong></span> <span class='ocrx_word' id='word_1_572' title='bbox 1722 3850 1920 3888; x_wconf 87' lang='lat' dir='ltr'><strong>nomu.</strong></span> <span class='ocrx_word' id='word_1_573' title='bbox 1942 3850 2030 3901; x_wconf 62' lang='grc' dir='ltr'><strong>κδ,</strong></span> 
     </span>
     <span class='ocr_line' id='line_1_78' title="bbox 382 3850 2034 3986; baseline 0.002 -29"><span class='ocrx_word' id='word_1_574' title='bbox 382 3901 442 3986; x_wconf 76' lang='lat' dir='ltr'><strong>in</strong></span> <span class='ocrx_word' id='word_1_575' title='bbox 464 3902 707 3986; x_wconf 35' lang='lat' dir='ltr'><strong>blatta,</strong></span> <span class='ocrx_word' id='word_1_576' title='bbox 722 3901 917 3984; x_wconf 79' lang='lat' dir='ltr'><strong>Operis</strong></span> <span class='ocrx_word' id='word_1_577' title='bbox 938 3850 1577 3986; x_wconf 57' lang='lat' dir='ltr'><strong>gerfecti,_investigans</strong></span> <span class='ocrx_word' id='word_1_578' title='bbox 1606 3921 1851 3986; x_wconf 73' lang='lat' dir='ltr'><strong>causam</strong></span> <span class='ocrx_word' id='word_1_579' title='bbox 1872 3923 2034 3986; x_wconf 79' lang='lat' dir='ltr'><strong>mun-</strong></span> 
     </span>
    </p>
   </div>
   <div class='ocr_carea' id='block_1_73' title="bbox 384 3974 2033 4046">
    <p class='ocr_par' dir='ltr' id='par_1_73' title="bbox 384 3974 2033 4046">
     <span class='ocr_line' id='line_1_79' title="bbox 384 3974 2033 4046; baseline 0.003 -19"><span class='ocrx_word' id='word_1_580' title='bbox 384 3974 633 4046; x_wconf 89' lang='lat' dir='ltr'><strong>dationis</strong></span> <span class='ocrx_word' id='word_1_581' title='bbox 656 3974 948 4046; x_wconf 85' lang='lat' dir='ltr'><strong>Manassis,</strong></span> <span class='ocrx_word' id='word_1_582' title='bbox 980 3976 1287 4044; x_wconf 90' lang='lat' dir='ltr'><strong>respondet</strong></span> <span class='ocrx_word' id='word_1_583' title='bbox 1323 3974 1382 4028; x_wconf 93' lang='lat' dir='ltr'><strong>id</strong></span> <span class='ocrx_word' id='word_1_584' title='bbox 1425 3974 1643 4029; x_wconf 80' lang='lat' dir='ltr'><strong>factum</strong></span> <span class='ocrx_word' id='word_1_585' title='bbox 1680 3977 2033 4046; x_wconf 63' lang='lat' dir='ltr'><strong>poenitentiae</strong></span> 
     </span>
    </p>
   </div>
   <div class='ocr_carea' id='block_1_74' title="bbox 382 4044 2087 4129">
    <p class='ocr_par' dir='ltr' id='par_1_74' title="bbox 382 4044 2087 4129">
     <span class='ocr_line' id='line_1_80' title="bbox 382 4044 2087 4129; baseline 0.002 -30"><span class='ocrx_word' id='word_1_586' title='bbox 382 4045 519 4100; x_wconf 87' lang='lat' dir='ltr'><strong>ﬂetu</strong></span> <span class='ocrx_word' id='word_1_587' title='bbox 545 4048 603 4129; x_wconf 81' lang='lat' dir='ltr'><strong>et</strong></span> <span class='ocrx_word' id='word_1_588' title='bbox 626 4044 814 4129; x_wconf 74' lang='lat' dir='ltr'><strong>studio</strong></span> <span class='ocrx_word' id='word_1_589' title='bbox 846 4046 1174 4127; x_wconf 81' lang='lat' dir='ltr'><strong>voluntatis,</strong></span> <span class='ocrx_word' id='word_1_590' title='bbox 1200 4046 1535 4129; x_wconf 76' lang='lat' dir='ltr'><strong>subditque:</strong></span> <span class='ocrx_word' id='word_1_591' title='bbox 1568 4044 1697 4102; x_wconf 79' lang='lat' dir='ltr'><strong>Non</strong></span> <span class='ocrx_word' id='word_1_592' title='bbox 1712 4055 1786 4129; x_wconf 78' lang='lat' dir='ltr'><strong>est</strong></span> <span class='ocrx_word' id='word_1_593' title='bbox 1806 4052 2030 4129; x_wconf 79' lang='lat' dir='ltr'><strong>quippe,</strong></span> <span class='ocrx_word' id='word_1_594' title='bbox 2082 4088 2087 4091; x_wconf 50' lang='grc' dir='ltr'>μ</span> 
     </span>
    </p>
   </div>
   <div class='ocr_carea' id='block_1_75' title="bbox 382 4117 2032 4189">
    <p class='ocr_par' dir='ltr' id='par_1_75' title="bbox 382 4117 2032 4189">
     <span class='ocr_line' id='line_1_81' title="bbox 382 4117 2032 4189; baseline 0.002 -19"><span class='ocrx_word' id='word_1_595' title='bbox 382 4134 487 4171; x_wconf 89' lang='lat' dir='ltr'><strong>non</strong></span> <span class='ocrx_word' id='word_1_596' title='bbox 504 4121 578 4171; x_wconf 88' lang='lat' dir='ltr'><strong>est</strong></span> <span class='ocrx_word' id='word_1_597' title='bbox 593 4117 779 4188; x_wconf 89' lang='lat' dir='ltr'><strong>aliquo</strong></span> <span class='ocrx_word' id='word_1_598' title='bbox 796 4120 1018 4172; x_wconf 87' lang='lat' dir='ltr'><strong>omnino</strong></span> <span class='ocrx_word' id='word_1_599' title='bbox 1040 4124 1315 4186; x_wconf 83' lang='lat' dir='ltr'><strong>peccatum</strong></span> <span class='ocrx_word' id='word_1_600' title='bbox 1340 4118 1478 4188; x_wconf 89' lang='lat' dir='ltr'><strong>quod</strong></span> <span class='ocrx_word' id='word_1_601' title='bbox 1511 4135 1615 4172; x_wconf 88' lang='lat' dir='ltr'><strong>non</strong></span> <span class='ocrx_word' id='word_1_602' title='bbox 1662 4117 1827 4174; x_wconf 86' lang='lat' dir='ltr'><strong>cedat</strong></span> <span class='ocrx_word' id='word_1_603' title='bbox 1844 4117 2032 4189; x_wconf 63' lang='lat' dir='ltr'><strong>paeni-</strong></span> 
     </span>
    </p>
   </div>
   <div class='ocr_carea' id='block_1_76' title="bbox 385 4188 2032 4257">
    <p class='ocr_par' dir='ltr' id='par_1_76' title="bbox 385 4188 2032 4257">
     <span class='ocr_line' id='line_1_82' title="bbox 385 4188 2032 4257; baseline 0.001 -15"><span class='ocrx_word' id='word_1_604' title='bbox 385 4190 566 4242; x_wconf 71' lang='lat' dir='ltr'><strong>tentia:</strong></span> <span class='ocrx_word' id='word_1_605' title='bbox 591 4189 810 4250; x_wconf 84' lang='lat' dir='ltr'><strong>virtuti,</strong></span> <span class='ocrx_word' id='word_1_606' title='bbox 842 4190 1002 4243; x_wconf 84' lang='lat' dir='ltr'><strong>immo</strong></span> <span class='ocrx_word' id='word_1_607' title='bbox 1028 4188 1223 4257; x_wconf 73' lang='lat' dir='ltr'><strong>gratia:</strong></span> <span class='ocrx_word' id='word_1_608' title='bbox 1246 4189 1364 4243; x_wconf 83' lang='lat' dir='ltr'><strong>Dei.</strong></span> <span class='ocrx_word' id='word_1_609' title='bbox 1390 4189 1524 4243; x_wconf 88' lang='lat' dir='ltr'><strong>Cum</strong></span> <span class='ocrx_word' id='word_1_610' title='bbox 1566 4190 1634 4242; x_wconf 90' lang='lat' dir='ltr'><strong>ad</strong></span> <span class='ocrx_word' id='word_1_611' title='bbox 1665 4188 1886 4244; x_wconf 81' lang='lat' dir='ltr'><strong>meliora</strong></span> <span class='ocrx_word' id='word_1_612' title='bbox 1913 4207 2032 4244; x_wconf 89' lang='lat' dir='ltr'><strong>con-</strong></span> 
     </span>
    </p>
   </div>
   <div class='ocr_carea' id='block_1_77' title="bbox 384 4259 2031 4382">
    <p class='ocr_par' dir='ltr' id='par_1_77' title="bbox 384 4259 2031 4382">
     <span class='ocr_line' id='line_1_83' title="bbox 384 4259 2031 4382; baseline 0.001 -68"><span class='ocrx_word' id='word_1_613' title='bbox 384 4260 679 4323; x_wconf 86' lang='lat' dir='ltr'><strong>vertimur,</strong></span> <span class='ocrx_word' id='word_1_614' title='bbox 707 4259 859 4313; x_wconf 88' lang='lat' dir='ltr'><strong>nobis</strong></span> <span class='ocrx_word' id='word_1_615' title='bbox 884 4260 1137 4314; x_wconf 87' lang='lat' dir='ltr'><strong>continuo</strong></span> <span class='ocrx_word' id='word_1_616' title='bbox 1166 4267 1483 4328; x_wconf 87' lang='lat' dir='ltr'><strong>c00perator</strong></span> <span class='ocrx_word' id='word_1_617' title='bbox 1503 4260 1767 4382; x_wconf 44' lang='lat' dir='ltr'><strong>efficitur.</strong></span> <span class='ocrx_word' id='word_1_618' title='bbox 1796 4260 1857 4313; x_wconf 90' lang='lat' dir='ltr'><strong>Si</strong></span> <span class='ocrx_word' id='word_1_619' title='bbox 1885 4263 2031 4316; x_wconf 89' lang='lat' dir='ltr'><strong>enim</strong></span> 
     </span>
     <span class='ocr_line' id='line_1_84' title="bbox 384 4329 2031 4382; baseline 0 0"><span class='ocrx_word' id='word_1_620' title='bbox 384 4329 550 4382; x_wconf 89' lang='lat' dir='ltr'><strong>bonus</strong></span> <span class='ocrx_word' id='word_1_621' title='bbox 578 4345 688 4382; x_wconf 88' lang='lat' dir='ltr'><strong>esse</strong></span> <span class='ocrx_word' id='word_1_622' title='bbox 717 4329 1004 4382; x_wconf 82' lang='lat' dir='ltr'><strong>malueris.</strong></span> <span class='ocrx_word' id='word_1_623' title='bbox 1027 4331 1121 4382; x_wconf 89' lang='lat' dir='ltr'><strong>aui</strong></span> <span class='ocrx_word' id='word_1_624' title='bbox 1163 4329 1449 4382; x_wconf 77' lang='lat' dir='ltr'><strong>prohibeat</strong></span> <span class='ocrx_word' id='word_1_625' title='bbox 1478 4346 1551 4382; x_wconf 88' lang='lat' dir='ltr'><strong>nu</strong></span> <span class='ocrx_word' id='word_1_626' title='bbox 1578 4330 1664 4382; x_wconf 86' lang='lat' dir='ltr'><strong>lus</strong></span> <span class='ocrx_word' id='word_1_627' title='bbox 1703 4332 1926 4382; x_wconf 86' lang='lat' dir='ltr'><strong>omnino</strong></span> <span class='ocrx_word' id='word_1_628' title='bbox 1950 4338 2031 4382; x_wconf 84' lang='lat' dir='ltr'><strong>est</strong></span> 
     </span>
    </p>
   </div>
   <div class='ocr_carea' id='block_1_78' title="bbox 384 4329 2033 4398">
    <p class='ocr_par' dir='ltr' id='par_1_78' title="bbox 384 4329 2033 4398">
     <span class='ocr_line' id='line_1_85' title="bbox 384 4329 2033 4398; baseline 0.002 -15"><span class='ocrx_word' id='word_1_629' title='bbox 384 4329 550 4385; x_wconf 89' lang='lat' dir='ltr'><strong>bonus</strong></span> <span class='ocrx_word' id='word_1_630' title='bbox 578 4345 688 4384; x_wconf 87' lang='lat' dir='ltr'><strong>esse</strong></span> <span class='ocrx_word' id='word_1_631' title='bbox 717 4329 1005 4397; x_wconf 81' lang='lat' dir='ltr'><strong>malueris,</strong></span> <span class='ocrx_word' id='word_1_632' title='bbox 1027 4331 1121 4397; x_wconf 87' lang='lat' dir='ltr'><strong>qui</strong></span> <span class='ocrx_word' id='word_1_633' title='bbox 1162 4329 1449 4398; x_wconf 87' lang='lat' dir='ltr'><strong>prohibeat</strong></span> <span class='ocrx_word' id='word_1_634' title='bbox 1478 4329 1664 4383; x_wconf 87' lang='lat' dir='ltr'><strong>nullus</strong></span> <span class='ocrx_word' id='word_1_635' title='bbox 1703 4332 1926 4385; x_wconf 84' lang='lat' dir='ltr'><strong>omnino</strong></span> <span class='ocrx_word' id='word_1_636' title='bbox 1950 4338 2033 4386; x_wconf 88' lang='lat' dir='ltr'><strong>est</strong></span> 
     </span>
    </p>
   </div>
   <div class='ocr_carea' id='block_1_79' title="bbox 385 4398 2033 4470">
    <p class='ocr_par' dir='ltr' id='par_1_79' title="bbox 385 4398 2033 4470">
     <span class='ocr_line' id='line_1_86' title="bbox 385 4398 2033 4470; baseline 0.002 -17"><span class='ocrx_word' id='word_1_637' title='bbox 385 4400 548 4455; x_wconf 86' lang='lat' dir='ltr'><strong>Immo</strong></span> <span class='ocrx_word' id='word_1_638' title='bbox 574 4408 647 4453; x_wconf 90' lang='lat' dir='ltr'><strong>est</strong></span> <span class='ocrx_word' id='word_1_639' title='bbox 676 4400 886 4469; x_wconf 86' lang='lat' dir='ltr'><strong>quidem</strong></span> <span class='ocrx_word' id='word_1_640' title='bbox 912 4399 1165 4453; x_wconf 88' lang='lat' dir='ltr'><strong>diabolus</strong></span> <span class='ocrx_word' id='word_1_641' title='bbox 1187 4398 1501 4467; x_wconf 86' lang='lat' dir='ltr'><strong>prohibens,</strong></span> <span class='ocrx_word' id='word_1_642' title='bbox 1523 4400 1610 4453; x_wconf 88' lang='lat' dir='ltr'><strong>sed</strong></span> <span class='ocrx_word' id='word_1_643' title='bbox 1620 4402 1862 4470; x_wconf 86' lang='lat' dir='ltr'><strong>perfecto</strong></span> <span class='ocrx_word' id='word_1_644' title='bbox 1888 4402 2033 4456; x_wconf 88' lang='lat' dir='ltr'><strong>nihil</strong></span> 
     </span>
    </p>
   </div>
   <div class='ocr_carea' id='block_1_80' title="bbox 380 4470 2033 4540">
    <p class='ocr_par' dir='ltr' id='par_1_80' title="bbox 380 4470 2033 4540">
     <span class='ocr_line' id='line_1_87' title="bbox 380 4470 2033 4540; baseline 0.002 -16"><span class='ocrx_word' id='word_1_645' title='bbox 380 4472 586 4540; x_wconf 88' lang='lat' dir='ltr'><strong>poterit</strong></span> <span class='ocrx_word' id='word_1_646' title='bbox 603 4475 654 4523; x_wconf 88' lang='lat' dir='ltr'><strong>te</strong></span> <span class='ocrx_word' id='word_1_647' title='bbox 680 4471 903 4538; x_wconf 86' lang='lat' dir='ltr'><strong>eligente</strong></span> <span class='ocrx_word' id='word_1_648' title='bbox 925 4470 1180 4533; x_wconf 88' lang='lat' dir='ltr'><strong>meliora;</strong></span> <span class='ocrx_word' id='word_1_649' title='bbox 1208 4470 1375 4539; x_wconf 87' lang='lat' dir='ltr'><strong>magis</strong></span> <span class='ocrx_word' id='word_1_650' title='bbox 1403 4474 1602 4539; x_wconf 88' lang='lat' dir='ltr'><strong>autem,</strong></span> <span class='ocrx_word' id='word_1_651' title='bbox 1627 4473 1721 4525; x_wconf 85' lang='lat' dir='ltr'><strong>hoc</strong></span> <span class='ocrx_word' id='word_1_652' title='bbox 1739 4472 1907 4526; x_wconf 89' lang='lat' dir='ltr'><strong>Deum</strong></span> <span class='ocrx_word' id='word_1_653' title='bbox 1932 4473 2033 4528; x_wconf 90' lang='lat' dir='ltr'><strong>tibi</strong></span> 
     </span>
    </p>
   </div>
   <div class='ocr_carea' id='block_1_81' title="bbox 386 4540 2029 4614">
    <p class='ocr_par' dir='ltr' id='par_1_81' title="bbox 386 4540 2029 4614">
     <span class='ocr_line' id='line_1_88' title="bbox 386 4540 2029 4614; baseline 0.004 -21"><span class='ocrx_word' id='word_1_654' title='bbox 386 4542 440 4614; x_wconf 88' lang='lat' dir='ltr'><strong>in</strong></span> <span class='ocrx_word' id='word_1_655' title='bbox 476 4541 812 4614; x_wconf 55' lang='lat' dir='ltr'><strong>adiutorium</strong></span> <span class='ocrx_word' id='word_1_656' title='bbox 842 4540 1151 4614; x_wconf 82' lang='lat' dir='ltr'><strong>copulante.</strong></span> <span class='ocrx_word' id='word_1_657' title='bbox 1177 4540 1481 4614; x_wconf 83' lang='lat' dir='ltr'><strong>Perperam</strong></span> <span class='ocrx_word' id='word_1_658' title='bbox 1512 4541 1717 4597; x_wconf 90' lang='lat' dir='ltr'><strong>Latina</strong></span> <span class='ocrx_word' id='word_1_659' title='bbox 1752 4543 2029 4614; x_wconf 88' lang='lat' dir='ltr'><strong>interpre-</strong></span> 
     </span>
    </p>
   </div>
   <div class='ocr_carea' id='block_1_82' title="bbox 384 4609 2027 4683">
    <p class='ocr_par' dir='ltr' id='par_1_82' title="bbox 384 4609 2027 4683">
     <span class='ocr_line' id='line_1_89' title="bbox 384 4609 2027 4683; baseline 0.005 -20"><span class='ocrx_word' id='word_1_660' title='bbox 384 4609 539 4683; x_wconf 86' lang='lat' dir='ltr'><strong>tatio</strong></span> <span class='ocrx_word' id='word_1_661' title='bbox 559 4609 729 4664; x_wconf 89' lang='lat' dir='ltr'><strong>habet</strong></span> <span class='ocrx_word' id='word_1_662' title='bbox 762 4610 868 4683; x_wconf 77' lang='lat' dir='ltr'><strong>Deo</strong></span> <span class='ocrx_word' id='word_1_663' title='bbox 898 4609 1203 4683; x_wconf 77' lang='lat' dir='ltr'><strong>copulante,</strong></span> <span class='ocrx_word' id='word_1_664' title='bbox 1247 4626 1377 4665; x_wconf 90' lang='lat' dir='ltr'><strong>cum</strong></span> <span class='ocrx_word' id='word_1_665' title='bbox 1410 4612 1715 4683; x_wconf 91' lang='lat' dir='ltr'><strong>legendum</strong></span> <span class='ocrx_word' id='word_1_666' title='bbox 1747 4614 1819 4668; x_wconf 91' lang='lat' dir='ltr'><strong>sit</strong></span> <span class='ocrx_word' id='word_1_667' title='bbox 1848 4609 2027 4671; x_wconf 75' lang='lat' dir='ltr'><strong>Deum</strong></span> 
     </span>
    </p>
   </div>
   <div class='ocr_carea' id='block_1_83' title="bbox 383 4680 2030 4755">
    <p class='ocr_par' dir='ltr' id='par_1_83' title="bbox 383 4680 2030 4755">
     <span class='ocr_line' id='line_1_90' title="bbox 383 4680 2030 4755; baseline 0.004 -21"><span class='ocrx_word' id='word_1_668' title='bbox 383 4682 764 4755; x_wconf 79' lang='lat' dir='ltr'><strong>copulante,ut</strong></span> <span class='ocrx_word' id='word_1_669' title='bbox 778 4681 971 4735; x_wconf 75' lang='lat' dir='ltr'><strong>Graeca</strong></span> <span class='ocrx_word' id='word_1_670' title='bbox 995 4680 1187 4735; x_wconf 89' lang='lat' dir='ltr'><strong>ferunt</strong></span> <span class='ocrx_word' id='word_1_671' title='bbox 1206 4684 1263 4735; x_wconf 90' lang='lat' dir='ltr'><strong>et</strong></span> <span class='ocrx_word' id='word_1_672' title='bbox 1282 4680 1489 4737; x_wconf 77' lang='lat' dir='ltr'><strong>sensus</strong></span> <span class='ocrx_word' id='word_1_673' title='bbox 1501 4684 1692 4755; x_wconf 83' lang='lat' dir='ltr'><strong>exigit.</strong></span> <span class='ocrx_word' id='word_1_674' title='bbox 1722 4686 1871 4749; x_wconf 89' lang='lat' dir='ltr'><strong>Quod</strong></span> <span class='ocrx_word' id='word_1_675' title='bbox 1899 4688 1948 4740; x_wconf 87' lang='lat' dir='ltr'><strong>si</strong></span> <span class='ocrx_word' id='word_1_676' title='bbox 1970 4694 2030 4741; x_wconf 91' lang='lat' dir='ltr'><strong>tu</strong></span> 
     </span>
    </p>
   </div>
   <div class='ocr_carea' id='block_1_84' title="bbox 383 4753 2029 4824">
    <p class='ocr_par' dir='ltr' id='par_1_84' title="bbox 383 4753 2029 4824">
     <span class='ocr_line' id='line_1_91' title="bbox 383 4753 2029 4824; baseline 0.002 -17"><span class='ocrx_word' id='word_1_677' title='bbox 383 4760 523 4807; x_wconf 88' lang='lat' dir='ltr'><strong>certe</strong></span> <span class='ocrx_word' id='word_1_678' title='bbox 548 4753 816 4824; x_wconf 85' lang='lat' dir='ltr'><strong>nolueris,</strong></span> <span class='ocrx_word' id='word_1_679' title='bbox 843 4755 1104 4822; x_wconf 88' lang='lat' dir='ltr'><strong>retroque</strong></span> <span class='ocrx_word' id='word_1_680' title='bbox 1125 4755 1394 4807; x_wconf 83' lang='lat' dir='ltr'><strong>recesseris</strong></span> <span class='ocrx_word' id='word_1_681' title='bbox 1414 4753 1643 4824; x_wconf 85' lang='lat' dir='ltr'><strong>quinam</strong></span> <span class='ocrx_word' id='word_1_682' title='bbox 1662 4756 1751 4809; x_wconf 88' lang='lat' dir='ltr'><strong>ille</strong></span> <span class='ocrx_word' id='word_1_683' title='bbox 1767 4763 1811 4809; x_wconf 88' lang='lat' dir='ltr'><strong>te</strong></span> <span class='ocrx_word' id='word_1_684' title='bbox 1834 4757 2029 4810; x_wconf 82' lang='lat' dir='ltr'><strong>tutabi-</strong></span> 
     </span>
    </p>
   </div>
   <div class='ocr_carea' id='block_1_85' title="bbox 383 4823 2031 4887">
    <p class='ocr_par' dir='ltr' id='par_1_85' title="bbox 383 4823 2031 4887">
     <span class='ocr_line' id='line_1_92' title="bbox 383 4823 2031 4887; baseline 0.002 -8"><span class='ocrx_word' id='word_1_685' title='bbox 383 4831 477 4879; x_wconf 88' lang='lat' dir='ltr'><strong>tur</strong></span> <span class='ocrx_word' id='word_1_686' title='bbox 493 4824 520 4880; x_wconf 70' lang='grc' dir='ltr'><strong>ἲ)</strong></span> <span class='ocrx_word' id='word_1_687' title='bbox 548 4823 674 4879; x_wconf 82' lang='grc' dir='ltr'><strong>Νοη</strong></span> <span class='ocrx_word' id='word_1_688' title='bbox 692 4823 836 4877; x_wconf 84' lang='lat' dir='ltr'><strong>enim</strong></span> <span class='ocrx_word' id='word_1_689' title='bbox 861 4824 1180 4878; x_wconf 87' lang='lat' dir='ltr'><strong>necessitate</strong></span> <span class='ocrx_word' id='word_1_690' title='bbox 1202 4840 1263 4877; x_wconf 89' lang='lat' dir='ltr'><strong>ac</strong></span> <span class='ocrx_word' id='word_1_691' title='bbox 1288 4823 1578 4887; x_wconf 78' lang='lat' dir='ltr'><strong>violantia,</strong></span> <span class='ocrx_word' id='word_1_692' title='bbox 1605 4826 1702 4879; x_wconf 87' lang='lat' dir='ltr'><strong>sed</strong></span> <span class='ocrx_word' id='word_1_693' title='bbox 1719 4843 1837 4881; x_wconf 92' lang='lat' dir='ltr'><strong>cum</strong></span> <span class='ocrx_word' id='word_1_694' title='bbox 1863 4832 1958 4881; x_wconf 89' lang='lat' dir='ltr'><strong>tua</strong></span> <span class='ocrx_word' id='word_1_695' title='bbox 1978 4835 2031 4882; x_wconf 89' lang='lat' dir='ltr'><strong>te</strong></span> 
     </span>
    </p>
   </div>
   <div class='ocr_carea' id='block_1_86' title="bbox 382 4894 2028 4966">
    <p class='ocr_par' dir='ltr' id='par_1_86' title="bbox 382 4894 2028 4966">
     <span class='ocr_line' id='line_1_93' title="bbox 382 4894 2028 4966; baseline 0.002 -16"><span class='ocrx_word' id='word_1_696' title='bbox 382 4895 498 4950; x_wconf 86' lang='lat' dir='ltr'><strong>vult</strong></span> <span class='ocrx_word' id='word_1_697' title='bbox 528 4895 806 4949; x_wconf 84' lang='lat' dir='ltr'><strong>voluntate</strong></span> <span class='ocrx_word' id='word_1_698' title='bbox 860 4895 1094 4948; x_wconf 85' lang='lat' dir='ltr'><strong>satvare.</strong></span> <span class='ocrx_word' id='word_1_699' title='bbox 1129 4894 1369 4966; x_wconf 88' lang='lat' dir='ltr'><strong>Subjicit</strong></span> <span class='ocrx_word' id='word_1_700' title='bbox 1410 4895 1469 4949; x_wconf 92' lang='lat' dir='ltr'><strong>in</strong></span> <span class='ocrx_word' id='word_1_701' title='bbox 1517 4912 1648 4950; x_wconf 88' lang='lat' dir='ltr'><strong>eam</strong></span> <span class='ocrx_word' id='word_1_702' title='bbox 1681 4898 2028 4953; x_wconf 88' lang='lat' dir='ltr'><strong>sententiam</strong></span> 
     </span>
    </p>
   </div>
   <div class='ocr_carea' id='block_1_87' title="bbox 380 4966 2027 5038">
    <p class='ocr_par' dir='ltr' id='par_1_87' title="bbox 380 4966 2027 5038">
     <span class='ocr_line' id='line_1_94' title="bbox 380 4966 2027 5038; baseline 0.002 -17"><span class='ocrx_word' id='word_1_703' title='bbox 380 4966 809 5038; x_wconf 87' lang='lat' dir='ltr'><strong>quamplurima</strong></span> <span class='ocrx_word' id='word_1_704' title='bbox 840 4966 1044 5035; x_wconf 91' lang='lat' dir='ltr'><strong>quibus</strong></span> <span class='ocrx_word' id='word_1_705' title='bbox 1095 4966 1396 5020; x_wconf 86' lang='lat' dir='ltr'><strong>conﬁrmat</strong></span> <span class='ocrx_word' id='word_1_706' title='bbox 1427 4967 1608 5038; x_wconf 87' lang='lat' dir='ltr'><strong>Deum</strong></span> <span class='ocrx_word' id='word_1_707' title='bbox 1650 4968 1882 5038; x_wconf 90' lang='lat' dir='ltr'><strong>quidem</strong></span> <span class='ocrx_word' id='word_1_708' title='bbox 1914 4986 2027 5024; x_wconf 92' lang='lat' dir='ltr'><strong>non</strong></span> 
     </span>
    </p>
   </div>
   <div class='ocr_carea' id='block_1_88' title="bbox 382 5037 2031 5107">
    <p class='ocr_par' dir='ltr' id='par_1_88' title="bbox 382 5037 2031 5107">
     <span class='ocr_line' id='line_1_95' title="bbox 382 5037 2031 5107; baseline 0.002 -16"><span class='ocrx_word' id='word_1_709' title='bbox 382 5038 524 5093; x_wconf 90' lang='lat' dir='ltr'><strong>velle</strong></span> <span class='ocrx_word' id='word_1_710' title='bbox 558 5056 660 5093; x_wconf 91' lang='lat' dir='ltr'><strong>nos</strong></span> <span class='ocrx_word' id='word_1_711' title='bbox 704 5037 982 5091; x_wconf 90' lang='lat' dir='ltr'><strong>violenter</strong></span> <span class='ocrx_word' id='word_1_712' title='bbox 1026 5037 1342 5107; x_wconf 83' lang='lat' dir='ltr'><strong>astringere</strong></span> <span class='ocrx_word' id='word_1_713' title='bbox 1377 5059 1388 5089; x_wconf 89' lang='lat'><strong>:</strong></span> <span class='ocrx_word' id='word_1_714' title='bbox 1421 5037 1480 5092; x_wconf 90' lang='lat' dir='ltr'><strong>Si</strong></span> <span class='ocrx_word' id='word_1_715' title='bbox 1525 5037 1698 5092; x_wconf 85' lang='lat' dir='ltr'><strong>tamen</strong></span> <span class='ocrx_word' id='word_1_716' title='bbox 1745 5040 1917 5093; x_wconf 88' lang='lat' dir='ltr'><strong>solam</strong></span> <span class='ocrx_word' id='word_1_717' title='bbox 1953 5041 2031 5095; x_wconf 86' lang='lat' dir='ltr'><strong>ad</strong></span> 
     </span>
    </p>
   </div>
   <div class='ocr_carea' id='block_1_89' title="bbox 375 5109 2028 5179">
    <p class='ocr_par' dir='ltr' id='par_1_89' title="bbox 375 5109 2028 5179">
     <span class='ocr_line' id='line_1_96' title="bbox 375 5109 2028 5179; baseline 0.001 -16"><span class='ocrx_word' id='word_1_718' title='bbox 375 5110 700 5179; x_wconf 84' lang='lat' dir='ltr'><strong>placendum</strong></span> <span class='ocrx_word' id='word_1_719' title='bbox 718 5110 771 5163; x_wconf 91' lang='lat' dir='ltr'><strong>ei</strong></span> <span class='ocrx_word' id='word_1_720' title='bbox 778 5109 1168 5163; x_wconf 87' lang='lat' dir='ltr'><strong>ostenderimus</strong></span> <span class='ocrx_word' id='word_1_721' title='bbox 1183 5110 1535 5173; x_wconf 90' lang='lat' dir='ltr'><strong>voluntatem,</strong></span> <span class='ocrx_word' id='word_1_722' title='bbox 1565 5110 1717 5163; x_wconf 89' lang='lat' dir='ltr'><strong>nulla</strong></span> <span class='ocrx_word' id='word_1_723' title='bbox 1740 5111 1911 5164; x_wconf 89' lang='lat' dir='ltr'><strong>modo</strong></span> <span class='ocrx_word' id='word_1_724' title='bbox 1926 5127 2028 5166; x_wconf 90' lang='lat' dir='ltr'><strong>nos</strong></span> 
     </span>
    </p>
   </div>
   <div class='ocr_carea' id='block_1_90' title="bbox 379 5180 2031 5252">
    <p class='ocr_par' dir='ltr' id='par_1_90' title="bbox 379 5180 2031 5252">
     <span class='ocr_line' id='line_1_97' title="bbox 379 5180 2031 5252; baseline 0.002 -18"><span class='ocrx_word' id='word_1_725' title='bbox 379 5180 912 5252; x_wconf 80' lang='lat' dir='ltr'><strong>destituturum,sed</strong></span> <span class='ocrx_word' id='word_1_726' title='bbox 937 5195 1299 5252; x_wconf 86' lang='lat' dir='ltr'><strong>accessurum</strong></span> <span class='ocrx_word' id='word_1_727' title='bbox 1316 5181 1390 5233; x_wconf 91' lang='lat' dir='ltr'><strong>ad</strong></span> <span class='ocrx_word' id='word_1_728' title='bbox 1415 5183 1941 5252; x_wconf 85' lang='lat' dir='ltr'><strong>compugnandum,</strong></span> <span class='ocrx_word' id='word_1_729' title='bbox 1968 5187 2031 5237; x_wconf 89' lang='lat' dir='ltr'><strong>ut</strong></span> 
     </span>
    </p>
   </div>
   <div class='ocr_carea' id='block_1_91' title="bbox 380 5249 2026 5325">
    <p class='ocr_par' dir='ltr' id='par_1_91' title="bbox 380 5249 2026 5325">
     <span class='ocr_line' id='line_1_98' title="bbox 380 5249 2026 5325; baseline 0.002 -21"><span class='ocrx_word' id='word_1_730' title='bbox 380 5249 490 5305; x_wconf 83' lang='lat' dir='ltr'><strong>fert</strong></span> <span class='ocrx_word' id='word_1_731' title='bbox 510 5252 706 5325; x_wconf 71' lang='lat' dir='ltr'><strong>Graeca</strong></span> <span class='ocrx_word' id='word_1_732' title='bbox 723 5267 1030 5322; x_wconf 88' lang='lat' dir='ltr'><strong>vox,seque</strong></span> <span class='ocrx_word' id='word_1_733' title='bbox 1054 5250 1216 5305; x_wconf 89' lang='lat' dir='ltr'><strong>nobis</strong></span> <span class='ocrx_word' id='word_1_734' title='bbox 1235 5249 1596 5325; x_wconf 74' lang='lat' dir='ltr'><strong>poscentibus</strong></span> <span class='ocrx_word' id='word_1_735' title='bbox 1618 5249 1709 5325; x_wconf 80' lang='lat' dir='ltr'><strong>adj</strong></span> <span class='ocrx_word' id='word_1_736' title='bbox 1721 5258 2026 5309; x_wconf 89' lang='lat' dir='ltr'><strong>uncturum</strong></span> 
     </span>
    </p>
   </div>
   <div class='ocr_carea' id='block_1_92' title="bbox 379 5322 2027 5395">
    <p class='ocr_par' dir='ltr' id='par_1_92' title="bbox 379 5322 2027 5395">
     <span class='ocr_line' id='line_1_99' title="bbox 379 5322 2027 5395; baseline 0.002 -21"><span class='ocrx_word' id='word_1_737' title='bbox 379 5323 775 5395; x_wconf 88' lang='lat' dir='ltr'><strong>cooperarium</strong></span> <span class='ocrx_word' id='word_1_738' title='bbox 819 5327 876 5378; x_wconf 89' lang='lat' dir='ltr'><strong>et</strong></span> <span class='ocrx_word' id='word_1_739' title='bbox 919 5326 1319 5395; x_wconf 89' lang='lat' dir='ltr'><strong>protectorem.</strong></span> <span class='ocrx_word' id='word_1_740' title='bbox 1372 5322 1612 5389; x_wconf 87' lang='lat' dir='ltr'><strong>Utinam,</strong></span> <span class='ocrx_word' id='word_1_741' title='bbox 1670 5322 1853 5395; x_wconf 81' lang='lat' dir='ltr'><strong>inquit</strong></span> <span class='ocrx_word' id='word_1_742' title='bbox 1899 5329 2027 5395; x_wconf 92' lang='lat' dir='ltr'><strong>post</strong></span> 
     </span>
    </p>
   </div>
   <div class='ocr_carea' id='block_1_93' title="bbox 380 5394 2025 5518">
    <p class='ocr_par' dir='ltr' id='par_1_93' title="bbox 380 5394 2025 5518">
     <span class='ocr_line' id='line_1_100' title="bbox 380 5394 2025 5518; baseline 0.006 -76"><span class='ocrx_word' id='word_1_743' title='bbox 380 5394 585 5454; x_wconf 90' lang='lat' dir='ltr'><strong>multa,</strong></span> <span class='ocrx_word' id='word_1_744' title='bbox 604 5410 696 5445; x_wconf 86' lang='lat' dir='ltr'><strong>nos</strong></span> <span class='ocrx_word' id='word_1_745' title='bbox 720 5395 798 5446; x_wconf 91' lang='lat' dir='ltr'><strong>ita</strong></span> <span class='ocrx_word' id='word_1_746' title='bbox 814 5410 943 5462; x_wconf 84' lang='lat' dir='ltr'><strong>erga</strong></span> <span class='ocrx_word' id='word_1_747' title='bbox 965 5394 1118 5448; x_wconf 86' lang='lat' dir='ltr'><strong>illum</strong></span> <span class='ocrx_word' id='word_1_748' title='bbox 1144 5409 1480 5448; x_wconf 86' lang='lat' dir='ltr'><strong>servaremus</strong></span> <span class='ocrx_word' id='word_1_749' title='bbox 1501 5395 1768 5518; x_wconf 53' lang='lat' dir='ltr'><strong>agedum,</strong></span> <span class='ocrx_word' id='word_1_750' title='bbox 1786 5402 1846 5450; x_wconf 90' lang='lat' dir='ltr'><strong>ut</strong></span> <span class='ocrx_word' id='word_1_751' title='bbox 1866 5394 2025 5452; x_wconf 83' lang='lat' dir='ltr'><strong>illius</strong></span> 
     </span>
     <span class='ocr_line' id='line_1_101' title="bbox 380 5461 2024 5518; baseline 0.003 -5"><span class='ocrx_word' id='word_1_752' title='bbox 380 5461 587 5513; x_wconf 87' lang='lat' dir='ltr'><strong>viscera</strong></span> <span class='ocrx_word' id='word_1_753' title='bbox 617 5468 807 5516; x_wconf 89' lang='lat' dir='ltr'><strong>nostra</strong></span> <span class='ocrx_word' id='word_1_754' title='bbox 832 5464 1103 5517; x_wconf 86' lang='lat' dir='ltr'><strong>charitate</strong></span> <span class='ocrx_word' id='word_1_755' title='bbox 1133 5464 1499 5518; x_wconf 85' lang='lat' dir='ltr'><strong>ﬂammentur.</strong></span> <span class='ocrx_word' id='word_1_756' title='bbox 1562 5465 1625 5518; x_wconf 90' lang='lat' dir='ltr'><strong>ed</strong></span> <span class='ocrx_word' id='word_1_757' title='bbox 1651 5468 2024 5518; x_wconf 87' lang='lat' dir='ltr'><strong>tantummodo</strong></span> 
     </span>
    </p>
   </div>
   <div class='ocr_carea' id='block_1_94' title="bbox 380 5461 2024 5532">
    <p class='ocr_par' dir='ltr' id='par_1_94' title="bbox 380 5461 2024 5532">
     <span class='ocr_line' id='line_1_102' title="bbox 380 5461 2024 5532; baseline 0.005 -19"><span class='ocrx_word' id='word_1_758' title='bbox 380 5461 587 5532; x_wconf 85' lang='lat' dir='ltr'><strong>viscera</strong></span> <span class='ocrx_word' id='word_1_759' title='bbox 617 5468 807 5516; x_wconf 89' lang='lat' dir='ltr'><strong>nostra</strong></span> <span class='ocrx_word' id='word_1_760' title='bbox 832 5464 1103 5517; x_wconf 86' lang='lat' dir='ltr'><strong>charitate</strong></span> <span class='ocrx_word' id='word_1_761' title='bbox 1132 5464 1499 5532; x_wconf 87' lang='lat' dir='ltr'><strong>ﬂammentur.</strong></span> <span class='ocrx_word' id='word_1_762' title='bbox 1524 5461 1625 5519; x_wconf 87' lang='lat' dir='ltr'><strong>Sed</strong></span> <span class='ocrx_word' id='word_1_763' title='bbox 1651 5468 2024 5522; x_wconf 88' lang='lat' dir='ltr'><strong>tantummodo</strong></span> 
     </span>
    </p>
   </div>
   <div class='ocr_carea' id='block_1_95' title="bbox 380 5530 2025 5609">
    <p class='ocr_par' dir='ltr' id='par_1_95' title="bbox 380 5530 2025 5609">
     <span class='ocr_line' id='line_1_103' title="bbox 380 5530 2025 5609; baseline 0.005 -25"><span class='ocrx_word' id='word_1_764' title='bbox 380 5530 730 5609; x_wconf 63' lang='lat' dir='ltr'><strong>occasionem</strong></span> <span class='ocrx_word' id='word_1_765' title='bbox 759 5532 899 5586; x_wconf 87' lang='lat' dir='ltr'><strong>Deus</strong></span> <span class='ocrx_word' id='word_1_766' title='bbox 947 5534 1103 5609; x_wconf 72' lang='lat' dir='ltr'><strong>istius</strong></span> <span class='ocrx_word' id='word_1_767' title='bbox 1124 5530 1288 5609; x_wconf 20' lang='lat' dir='ltr'><strong>gignis</strong></span> <span class='ocrx_word' id='word_1_768' title='bbox 1318 5536 1573 5604; x_wconf 86' lang='lat' dir='ltr'><strong>requirit,</strong></span> <span class='ocrx_word' id='word_1_769' title='bbox 1605 5539 1659 5609; x_wconf 80' lang='lat' dir='ltr'><strong>et</strong></span> <span class='ocrx_word' id='word_1_770' title='bbox 1689 5538 1739 5591; x_wconf 88' lang='lat' dir='ltr'><strong>si</strong></span> <span class='ocrx_word' id='word_1_771' title='bbox 1762 5537 2025 5609; x_wconf 86' lang='lat' dir='ltr'><strong>modicam</strong></span> 
     </span>
    </p>
   </div>
   <div class='ocr_carea' id='block_1_96' title="bbox 381 5600 2024 5675">
    <p class='ocr_par' dir='ltr' id='par_1_96' title="bbox 381 5600 2024 5675">
     <span class='ocr_line' id='line_1_104' title="bbox 381 5600 2024 5675; baseline 0.005 -20"><span class='ocrx_word' id='word_1_772' title='bbox 381 5600 681 5675; x_wconf 75' lang='lat' dir='ltr'><strong>scintillam</strong></span> <span class='ocrx_word' id='word_1_773' title='bbox 709 5602 825 5675; x_wconf 84' lang='lat' dir='ltr'><strong>ipse</strong></span> <span class='ocrx_word' id='word_1_774' title='bbox 864 5600 1185 5675; x_wconf 63' lang='lat' dir='ltr'><strong>prwbucris,</strong></span> <span class='ocrx_word' id='word_1_775' title='bbox 1216 5600 1480 5675; x_wconf 72' lang='lat' dir='ltr'><strong>ingentem</strong></span> <span class='ocrx_word' id='word_1_776' title='bbox 1512 5607 1729 5660; x_wconf 89' lang='lat' dir='ltr'><strong>omnino</strong></span> <span class='ocrx_word' id='word_1_777' title='bbox 1752 5608 2024 5675; x_wconf 85' lang='lat' dir='ltr'><strong>ﬂammam</strong></span> 
     </span>
    </p>
   </div>
   <div class='ocr_carea' id='block_1_97' title="bbox 383 5671 2022 5751">
    <p class='ocr_par' dir='ltr' id='par_1_97' title="bbox 383 5671 2022 5751">
     <span class='ocr_line' id='line_1_105' title="bbox 383 5671 2022 5751; baseline 0.005 -26"><span class='ocrx_word' id='word_1_778' title='bbox 383 5671 764 5751; x_wconf 81' lang='lat' dir='ltr'><strong>beneficiorum</strong></span> <span class='ocrx_word' id='word_1_779' title='bbox 794 5674 860 5751; x_wconf 29' lang='lat' dir='ltr'><strong>in.</strong></span> <span class='ocrx_word' id='word_1_780' title='bbox 874 5680 926 5751; x_wconf 77' lang='lat' dir='ltr'><strong>te</strong></span> <span class='ocrx_word' id='word_1_781' title='bbox 956 5673 1068 5751; x_wconf 72' lang='lat' dir='ltr'><strong>ejus</strong></span> <span class='ocrx_word' id='word_1_782' title='bbox 1102 5671 1626 5751; x_wconf 22' lang='lat' dir='ltr'><strong>accendesaEt‘mox</strong></span> <span class='ocrx_word' id='word_1_783' title='bbox 1672 5671 2022 5747; x_wconf 62' lang='lat' dir='ltr'><strong>priecludens</strong></span> 
     </span>
    </p>
   </div>
   <div class='ocr_carea' id='block_1_98' title="bbox 383 5742 2023 5823">
    <p class='ocr_par' dir='ltr' id='par_1_98' title="bbox 383 5742 2023 5823">
     <span class='ocr_line' id='line_1_106' title="bbox 383 5742 2023 5823; baseline 0.005 -25"><span class='ocrx_word' id='word_1_784' title='bbox 383 5754 601 5798; x_wconf 84' lang='lat' dir='ltr'><strong>vanum</strong></span> <span class='ocrx_word' id='word_1_785' title='bbox 614 5743 837 5802; x_wconf 82' lang='lat' dir='ltr'><strong>metum</strong></span> <span class='ocrx_word' id='word_1_786' title='bbox 848 5742 1298 5803; x_wconf 87' lang='lat' dir='ltr'><strong>timentiumDeo</strong></span> <span class='ocrx_word' id='word_1_787' title='bbox 1312 5744 1485 5805; x_wconf 87' lang='lat' dir='ltr'><strong>veluti</strong></span> <span class='ocrx_word' id='word_1_788' title='bbox 1501 5742 2023 5823; x_wconf 81' lang='lat' dir='ltr'><strong>obstrépere,negat</strong></span> 
     </span>
    </p>
   </div>
   <div class='ocr_carea' id='block_1_99' title="bbox 2147 1780 3807 1850">
    <p class='ocr_par' dir='ltr' id='par_1_99' title="bbox 2147 1780 3807 1850">
     <span class='ocr_line' id='line_1_107' title="bbox 2147 1780 3807 1850; baseline 0.001 -15"><span class='ocrx_word' id='word_1_789' title='bbox 2147 1780 2247 1835; x_wconf 87' lang='lat' dir='ltr'><strong>illa</strong></span> <span class='ocrx_word' id='word_1_790' title='bbox 2296 1798 2362 1835; x_wconf 86' lang='lat' dir='ltr'><strong>ex</strong></span> <span class='ocrx_word' id='word_1_791' title='bbox 2396 1780 2585 1835; x_wconf 91' lang='lat' dir='ltr'><strong>homil.</strong></span> <span class='ocrx_word' id='word_1_792' title='bbox 2621 1780 2719 1835; x_wconf 70' lang='lat'><strong>16:</strong></span> <span class='ocrx_word' id='word_1_793' title='bbox 2779 1781 3014 1838; x_wconf 87' lang='lat' dir='ltr'><strong>Facilem</strong></span> <span class='ocrx_word' id='word_1_794' title='bbox 3043 1782 3182 1850; x_wconf 84' lang='lat' dir='ltr'><strong>facit</strong></span> <span class='ocrx_word' id='word_1_795' title='bbox 3236 1780 3378 1835; x_wconf 85' lang='lat' dir='ltr'><strong>Deus</strong></span> <span class='ocrx_word' id='word_1_796' title='bbox 3406 1798 3511 1835; x_wconf 87' lang='lat' dir='ltr'><strong>esse</strong></span> <span class='ocrx_word' id='word_1_797' title='bbox 3541 1782 3807 1837; x_wconf 81' lang='lat' dir='ltr'><strong>virtutem</strong></span> 
     </span>
    </p>
   </div>
   <div class='ocr_carea' id='block_1_100' title="bbox 2146 1851 3813 1933">
    <p class='ocr_par' dir='ltr' id='par_1_100' title="bbox 2146 1851 3813 1933">
     <span class='ocr_line' id='line_1_108' title="bbox 2146 1851 3813 1933; baseline 0.001 -27"><span class='ocrx_word' id='word_1_798' title='bbox 2146 1853 2485 1933; x_wconf 57' lang='lat' dir='ltr'><strong>cooperando</strong></span> <span class='ocrx_word' id='word_1_799' title='bbox 2514 1853 2884 1933; x_wconf 69' lang='lat' dir='ltr'><strong>nobismosque</strong></span> <span class='ocrx_word' id='word_1_800' title='bbox 2903 1868 3114 1933; x_wconf 86' lang='lat' dir='ltr'><strong>semper</strong></span> <span class='ocrx_word' id='word_1_801' title='bbox 3138 1855 3195 1906; x_wconf 89' lang='lat' dir='ltr'><strong>in</strong></span> <span class='ocrx_word' id='word_1_802' title='bbox 3221 1851 3370 1933; x_wconf 76' lang='lat' dir='ltr'><strong>bonis</strong></span> <span class='ocrx_word' id='word_1_803' title='bbox 3403 1852 3610 1933; x_wconf 39' lang='lat' dir='ltr'><strong>.actib-us</strong></span> <span class='ocrx_word' id='word_1_804' title='bbox 3635 1854 3813 1933; x_wconf 78' lang='lat' dir='ltr'><strong>adju-</strong></span> 
     </span>
    </p>
   </div>
   <div class='ocr_carea' id='block_1_101' title="bbox 2147 1922 3811 1992">
    <p class='ocr_par' dir='ltr' id='par_1_101' title="bbox 2147 1922 3811 1992">
     <span class='ocr_line' id='line_1_109' title="bbox 2147 1922 3811 1992; baseline 0.001 -16"><span class='ocrx_word' id='word_1_805' title='bbox 2147 1923 2339 1980; x_wconf 86' lang='lat' dir='ltr'><strong>vando.</strong></span> <span class='ocrx_word' id='word_1_806' title='bbox 2376 1923 2482 1979; x_wconf 91' lang='lat' dir='ltr'><strong>Ubi</strong></span> <span class='ocrx_word' id='word_1_807' title='bbox 2505 1926 2646 1977; x_wconf 89' lang='lat' dir='ltr'><strong>enim</strong></span> <span class='ocrx_word' id='word_1_808' title='bbox 2670 1922 2908 1978; x_wconf 81' lang='lat' dir='ltr'><strong>volueris</strong></span> <span class='ocrx_word' id='word_1_809' title='bbox 2937 1922 3193 1992; x_wconf 71' lang='lat' dir='ltr'><strong>exiguum</strong></span> <span class='ocrx_word' id='word_1_810' title='bbox 3220 1922 3351 1992; x_wconf 87' lang='lat' dir='ltr'><strong>quid</strong></span> <span class='ocrx_word' id='word_1_811' title='bbox 3382 1923 3676 1979; x_wconf 88' lang='lat' dir='ltr'><strong>devotionis</strong></span> <span class='ocrx_word' id='word_1_812' title='bbox 3712 1922 3811 1992; x_wconf 73' lang='lat' dir='ltr'><strong>af-</strong></span> 
     </span>
    </p>
   </div>
   <div class='ocr_carea' id='block_1_102' title="bbox 2145 1994 3813 2065">
    <p class='ocr_par' dir='ltr' id='par_1_102' title="bbox 2145 1994 3813 2065">
     <span class='ocr_line' id='line_1_110' title="bbox 2145 1994 3813 2065; baseline 0.001 -18"><span class='ocrx_word' id='word_1_813' title='bbox 2145 1995 2313 2062; x_wconf 84' lang='lat' dir='ltr'><strong>ferre,</strong></span> <span class='ocrx_word' id='word_1_814' title='bbox 2348 1995 2563 2065; x_wconf 88' lang='lat' dir='ltr'><strong>reliqua</strong></span> <span class='ocrx_word' id='word_1_815' title='bbox 2580 1995 2763 2048; x_wconf 86' lang='lat' dir='ltr'><strong>omnia</strong></span> <span class='ocrx_word' id='word_1_816' title='bbox 2778 1994 3029 2048; x_wconf 76' lang='lat' dir='ltr'><strong>celeriter</strong></span> <span class='ocrx_word' id='word_1_817' title='bbox 3053 1994 3459 2063; x_wconf 85' lang='lat' dir='ltr'><strong>subsequentur.</strong></span> <span class='ocrx_word' id='word_1_818' title='bbox 3498 1995 3813 2065; x_wconf 82' lang='lat' dir='ltr'><strong>Propterea</strong></span> 
     </span>
    </p>
   </div>
   <div class='ocr_carea' id='block_1_103' title="bbox 2147 2065 3813 2136">
    <p class='ocr_par' dir='ltr' id='par_1_103' title="bbox 2147 2065 3813 2136">
     <span class='ocr_line' id='line_1_111' title="bbox 2147 2065 3813 2136; baseline 0.002 -18"><span class='ocrx_word' id='word_1_819' title='bbox 2147 2066 2291 2119; x_wconf 88' lang='lat' dir='ltr'><strong>enim</strong></span> <span class='ocrx_word' id='word_1_820' title='bbox 2320 2066 2434 2120; x_wconf 90' lang='lat' dir='ltr'><strong>vult</strong></span> <span class='ocrx_word' id='word_1_821' title='bbox 2450 2071 2500 2121; x_wconf 90' lang='lat' dir='ltr'><strong>et</strong></span> <span class='ocrx_word' id='word_1_822' title='bbox 2517 2072 2563 2119; x_wconf 91' lang='lat' dir='ltr'><strong>te</strong></span> <span class='ocrx_word' id='word_1_823' title='bbox 2574 2066 2787 2136; x_wconf 90' lang='lat' dir='ltr'><strong>aliquid</strong></span> <span class='ocrx_word' id='word_1_824' title='bbox 2805 2065 3074 2128; x_wconf 90' lang='lat' dir='ltr'><strong>laborare,</strong></span> <span class='ocrx_word' id='word_1_825' title='bbox 3094 2071 3154 2118; x_wconf 92' lang='lat' dir='ltr'><strong>ut</strong></span> <span class='ocrx_word' id='word_1_826' title='bbox 3176 2070 3271 2118; x_wconf 89' lang='lat' dir='ltr'><strong>tua</strong></span> <span class='ocrx_word' id='word_1_827' title='bbox 3285 2081 3488 2135; x_wconf 89' lang='lat' dir='ltr'><strong>quoque</strong></span> <span class='ocrx_word' id='word_1_828' title='bbox 3498 2068 3661 2135; x_wconf 83' lang='lat' dir='ltr'><strong>possit</strong></span> <span class='ocrx_word' id='word_1_829' title='bbox 3681 2083 3813 2122; x_wconf 80' lang='lat' dir='ltr'><strong>esse</strong></span> 
     </span>
    </p>
   </div>
   <div class='ocr_carea' id='block_1_104' title="bbox 2148 2136 3809 2206">
    <p class='ocr_par' dir='ltr' id='par_1_104' title="bbox 2148 2136 3809 2206">
     <span class='ocr_line' id='line_1_112' title="bbox 2148 2136 3809 2206; baseline 0.001 -16"><span class='ocrx_word' id='word_1_830' title='bbox 2148 2138 2397 2191; x_wconf 87' lang='lat' dir='ltr'><strong>victoria.</strong></span> <span class='ocrx_word' id='word_1_831' title='bbox 2425 2139 2491 2192; x_wconf 89' lang='lat' dir='ltr'><strong>Et</strong></span> <span class='ocrx_word' id='word_1_832' title='bbox 2512 2136 2757 2206; x_wconf 90' lang='lat' dir='ltr'><strong>denique</strong></span> <span class='ocrx_word' id='word_1_833' title='bbox 2779 2136 2879 2190; x_wconf 92' lang='lat' dir='ltr'><strong>illa</strong></span> <span class='ocrx_word' id='word_1_834' title='bbox 2895 2153 2961 2192; x_wconf 89' lang='lat' dir='ltr'><strong>ex</strong></span> <span class='ocrx_word' id='word_1_835' title='bbox 2986 2136 3118 2190; x_wconf 85' lang='lat' dir='ltr'><strong>lib.1</strong></span> <span class='ocrx_word' id='word_1_836' title='bbox 3140 2137 3208 2190; x_wconf 89' lang='lat' dir='ltr'><strong>de</strong></span> <span class='ocrx_word' id='word_1_837' title='bbox 3232 2137 3809 2206; x_wconf 80' lang='lat' dir='ltr'><strong>Compunct.Cordis,</strong></span> 
     </span>
    </p>
   </div>
   <div class='ocr_carea' id='block_1_105' title="bbox 2144 2206 3809 2332">
    <p class='ocr_par' dir='ltr' id='par_1_105' title="bbox 2144 2206 3809 2332">
     <span class='ocr_line' id='line_1_113' title="bbox 2144 2206 3809 2332; baseline 0.001 -71"><span class='ocrx_word' id='word_1_838' title='bbox 2144 2224 2269 2332; x_wconf 64' lang='lat' dir='ltr'><strong>qvuaa</strong></span> <span class='ocrx_word' id='word_1_839' title='bbox 2296 2207 2447 2262; x_wconf 90' lang='lat' dir='ltr'><strong>male</strong></span> <span class='ocrx_word' id='word_1_840' title='bbox 2473 2207 2649 2277; x_wconf 89' lang='lat' dir='ltr'><strong>aliqui</strong></span> <span class='ocrx_word' id='word_1_841' title='bbox 2670 2206 2894 2262; x_wconf 79' lang='lat' dir='ltr'><strong>habent</strong></span> <span class='ocrx_word' id='word_1_842' title='bbox 2922 2224 3023 2278; x_wconf 88' lang='lat' dir='ltr'><strong>pro</strong></span> <span class='ocrx_word' id='word_1_843' title='bbox 3053 2206 3550 2262; x_wconf 90' lang='lat' dir='ltr'><strong>immedicabiliter</strong></span> <span class='ocrx_word' id='word_1_844' title='bbox 3578 2208 3767 2279; x_wconf 65' lang='lat' dir='ltr'><strong>aegris</strong></span> <span class='ocrx_word' id='word_1_845' title='bbox 3798 2227 3809 2264; x_wconf 88' lang='lat'>:</span> 
     </span>
     <span class='ocr_line' id='line_1_114' title="bbox 2206 2278 3809 2332; baseline 0.001 -1"><span class='ocrx_word' id='word_1_846' title='bbox 2206 2295 2273 2331; x_wconf 91' lang='lat' dir='ltr'><strong>on</strong></span> <span class='ocrx_word' id='word_1_847' title='bbox 2296 2278 2415 2332; x_wconf 88' lang='lat' dir='ltr'><strong>sola</strong></span> <span class='ocrx_word' id='word_1_848' title='bbox 2457 2279 2556 2332; x_wconf 91' lang='lat' dir='ltr'><strong>Dei</strong></span> <span class='ocrx_word' id='word_1_849' title='bbox 2584 2281 2773 2332; x_wconf 88' lang='lat' dir='ltr'><strong>aratia</strong></span> <span class='ocrx_word' id='word_1_850' title='bbox 2811 2279 2942 2332; x_wconf 84' lang='lat' dir='ltr'><strong>facit</strong></span> <span class='ocrx_word' id='word_1_851' title='bbox 2992 2294 3415 2332; x_wconf 88' lang='lat' dir='ltr'><strong>unumauemaue</strong></span> <span class='ocrx_word' id='word_1_852' title='bbox 3464 2279 3809 2332; x_wconf 71' lang='lat' dir='ltr'><strong>perfectum.</strong></span> 
     </span>
    </p>
   </div>
   <div class='ocr_carea' id='block_1_106' title="bbox 2206 2278 3811 2348">
    <p class='ocr_par' dir='ltr' id='par_1_106' title="bbox 2206 2278 3811 2348">
     <span class='ocr_line' id='line_1_115' title="bbox 2206 2278 3811 2348; baseline 0.001 -17"><span class='ocrx_word' id='word_1_853' title='bbox 2206 2295 2273 2331; x_wconf 91' lang='lat' dir='ltr'><strong>on</strong></span> <span class='ocrx_word' id='word_1_854' title='bbox 2296 2278 2415 2333; x_wconf 88' lang='lat' dir='ltr'><strong>sola</strong></span> <span class='ocrx_word' id='word_1_855' title='bbox 2457 2279 2556 2332; x_wconf 91' lang='lat' dir='ltr'><strong>Dei</strong></span> <span class='ocrx_word' id='word_1_856' title='bbox 2583 2281 2773 2347; x_wconf 88' lang='lat' dir='ltr'><strong>gratia</strong></span> <span class='ocrx_word' id='word_1_857' title='bbox 2808 2279 2942 2348; x_wconf 80' lang='lat' dir='ltr'><strong>facit</strong></span> <span class='ocrx_word' id='word_1_858' title='bbox 2992 2294 3415 2348; x_wconf 88' lang='lat' dir='ltr'><strong>unumquemque</strong></span> <span class='ocrx_word' id='word_1_859' title='bbox 3464 2278 3811 2348; x_wconf 81' lang='lat' dir='ltr'><strong>perfectum.</strong></span> 
     </span>
    </p>
   </div>
   <div class='ocr_carea' id='block_1_107' title="bbox 2151 2348 3812 2419">
    <p class='ocr_par' dir='ltr' id='par_1_107' title="bbox 2151 2348 3812 2419">
     <span class='ocr_line' id='line_1_116' title="bbox 2151 2348 3812 2419; baseline 0.001 -16"><span class='ocrx_word' id='word_1_860' title='bbox 2151 2348 2463 2418; x_wconf 85' lang='lat' dir='ltr'><strong>Requiritur</strong></span> <span class='ocrx_word' id='word_1_861' title='bbox 2504 2349 2649 2403; x_wconf 87' lang='lat' dir='ltr'><strong>enim</strong></span> <span class='ocrx_word' id='word_1_862' title='bbox 2682 2356 2745 2403; x_wconf 90' lang='lat' dir='ltr'><strong>ut</strong></span> <span class='ocrx_word' id='word_1_863' title='bbox 2778 2354 2829 2403; x_wconf 88' lang='lat' dir='ltr'><strong>et</strong></span> <span class='ocrx_word' id='word_1_864' title='bbox 2852 2366 2945 2403; x_wconf 90' lang='lat' dir='ltr'><strong>nos</strong></span> <span class='ocrx_word' id='word_1_865' title='bbox 2975 2349 3114 2419; x_wconf 85' lang='lat' dir='ltr'><strong>quod</strong></span> <span class='ocrx_word' id='word_1_866' title='bbox 3142 2349 3198 2402; x_wconf 86' lang='lat' dir='ltr'><strong>in</strong></span> <span class='ocrx_word' id='word_1_867' title='bbox 3220 2354 3492 2419; x_wconf 80' lang='lat' dir='ltr'><strong>proposito</strong></span> <span class='ocrx_word' id='word_1_868' title='bbox 3528 2358 3718 2405; x_wconf 84' lang='lat' dir='ltr'><strong>nostro</strong></span> <span class='ocrx_word' id='word_1_869' title='bbox 3753 2359 3812 2405; x_wconf 84' lang='lat' dir='ltr'><strong>et</strong></span> 
     </span>
    </p>
   </div>
   <div class='ocr_carea' id='block_1_108' title="bbox 2146 2419 3814 2490">
    <p class='ocr_par' dir='ltr' id='par_1_108' title="bbox 2146 2419 3814 2490">
     <span class='ocr_line' id='line_1_117' title="bbox 2146 2419 3814 2490; baseline 0.002 -19"><span class='ocrx_word' id='word_1_870' title='bbox 2146 2419 2355 2473; x_wconf 87' lang='lat' dir='ltr'><strong>viribus</strong></span> <span class='ocrx_word' id='word_1_871' title='bbox 2390 2420 2587 2473; x_wconf 85' lang='lat' dir='ltr'><strong>nostris</strong></span> <span class='ocrx_word' id='word_1_872' title='bbox 2614 2427 2691 2474; x_wconf 86' lang='lat' dir='ltr'><strong>est</strong></span> <span class='ocrx_word' id='word_1_873' title='bbox 2717 2419 3042 2490; x_wconf 69' lang='lat' dir='ltr'><strong>expleamus.</strong></span> <span class='ocrx_word' id='word_1_874' title='bbox 3073 2420 3285 2475; x_wconf 85' lang='lat' dir='ltr'><strong>Idcirco</strong></span> <span class='ocrx_word' id='word_1_875' title='bbox 3315 2421 3468 2475; x_wconf 86' lang='lat' dir='ltr'><strong>venit</strong></span> <span class='ocrx_word' id='word_1_876' title='bbox 3486 2421 3697 2490; x_wconf 87' lang='lat' dir='ltr'><strong>quidem</strong></span> <span class='ocrx_word' id='word_1_877' title='bbox 3732 2422 3814 2475; x_wconf 84' lang='lat' dir='ltr'><strong>ad</strong></span> 
     </span>
    </p>
   </div>
   <div class='ocr_carea' id='block_1_109' title="bbox 2146 2490 3814 2572">
    <p class='ocr_par' dir='ltr' id='par_1_109' title="bbox 2146 2490 3814 2572">
     <span class='ocr_line' id='line_1_118' title="bbox 2146 2490 3814 2572; baseline 0.001 -27"><span class='ocrx_word' id='word_1_878' title='bbox 2146 2507 2567 2572; x_wconf 79' lang='lat' dir='ltr'><strong>unumquemque</strong></span> <span class='ocrx_word' id='word_1_879' title='bbox 2590 2494 2776 2572; x_wconf 76' lang='lat' dir='ltr'><strong>gratia</strong></span> <span class='ocrx_word' id='word_1_880' title='bbox 2804 2490 2922 2554; x_wconf 89' lang='lat' dir='ltr'><strong>Dei,</strong></span> <span class='ocrx_word' id='word_1_881' title='bbox 2963 2490 3057 2572; x_wconf 80' lang='lat' dir='ltr'><strong>sed</strong></span> <span class='ocrx_word' id='word_1_882' title='bbox 3085 2490 3227 2572; x_wconf 82' lang='lat' dir='ltr'><strong>apud</strong></span> <span class='ocrx_word' id='word_1_883' title='bbox 3253 2507 3339 2544; x_wconf 88' lang='lat' dir='ltr'><strong>eos</strong></span> <span class='ocrx_word' id='word_1_884' title='bbox 3369 2492 3467 2560; x_wconf 85' lang='lat' dir='ltr'><strong>qui</strong></span> <span class='ocrx_word' id='word_1_885' title='bbox 3490 2492 3670 2572; x_wconf 44' lang='lat' dir='ltr'><strong>digne.</strong></span> <span class='ocrx_word' id='word_1_886' title='bbox 3698 2510 3814 2572; x_wconf 65' lang='grc' dir='ltr'><strong>ςαξ-</strong></span> 
     </span>
    </p>
   </div>
   <div class='ocr_carea' id='block_1_110' title="bbox 2142 2562 3812 2632">
    <p class='ocr_par' dir='ltr' id='par_1_110' title="bbox 2142 2562 3812 2632">
     <span class='ocr_line' id='line_1_119' title="bbox 2142 2562 3812 2632; baseline 0.002 -17"><span class='ocrx_word' id='word_1_887' title='bbox 2142 2562 2291 2631; x_wconf 86' lang='lat' dir='ltr'><strong>plent</strong></span> <span class='ocrx_word' id='word_1_888' title='bbox 2317 2579 2377 2614; x_wconf 87' lang='lat' dir='ltr'><strong>ea</strong></span> <span class='ocrx_word' id='word_1_889' title='bbox 2402 2578 2519 2632; x_wconf 69' lang='lat' dir='ltr'><strong>quas</strong></span> <span class='ocrx_word' id='word_1_890' title='bbox 2542 2562 2817 2616; x_wconf 89' lang='lat' dir='ltr'><strong>mandata</strong></span> <span class='ocrx_word' id='word_1_891' title='bbox 2848 2567 2992 2625; x_wconf 84' lang='lat' dir='ltr'><strong>sunt,</strong></span> <span class='ocrx_word' id='word_1_892' title='bbox 3026 2563 3081 2615; x_wconf 91' lang='lat' dir='ltr'><strong>in</strong></span> <span class='ocrx_word' id='word_1_893' title='bbox 3112 2562 3247 2629; x_wconf 86' lang='lat' dir='ltr'><strong>ipsis</strong></span> <span class='ocrx_word' id='word_1_894' title='bbox 3271 2569 3560 2632; x_wconf 86' lang='lat' dir='ltr'><strong>permanet.</strong></span> <span class='ocrx_word' id='word_1_895' title='bbox 3589 2562 3683 2619; x_wconf 87' lang='lat' dir='ltr'><strong>Ab</strong></span> <span class='ocrx_word' id='word_1_896' title='bbox 3712 2563 3812 2618; x_wconf 83' lang='lat' dir='ltr'><strong>his</strong></span> 
     </span>
    </p>
   </div>
   <div class='ocr_carea' id='block_1_111' title="bbox 2147 2631 3812 2702">
    <p class='ocr_par' dir='ltr' id='par_1_111' title="bbox 2147 2631 3812 2702">
     <span class='ocr_line' id='line_1_120' title="bbox 2147 2631 3812 2702; baseline 0.001 -15"><span class='ocrx_word' id='word_1_897' title='bbox 2147 2648 2279 2687; x_wconf 88' lang='lat' dir='ltr'><strong>vero</strong></span> <span class='ocrx_word' id='word_1_898' title='bbox 2311 2631 2615 2702; x_wconf 15' lang='lat' dir='ltr'><strong>quiiminus</strong></span> <span class='ocrx_word' id='word_1_899' title='bbox 2639 2633 2803 2702; x_wconf 81' lang='lat' dir='ltr'><strong>digne</strong></span> <span class='ocrx_word' id='word_1_900' title='bbox 2822 2632 3127 2702; x_wconf 87' lang='lat' dir='ltr'><strong>agunt,cito</strong></span> <span class='ocrx_word' id='word_1_901' title='bbox 3144 2631 3387 2686; x_wconf 85' lang='lat' dir='ltr'><strong>discedit.</strong></span> <span class='ocrx_word' id='word_1_902' title='bbox 3408 2633 3496 2686; x_wconf 83' lang='lat' dir='ltr'><strong>Ad</strong></span> <span class='ocrx_word' id='word_1_903' title='bbox 3516 2640 3812 2689; x_wconf 78' lang='lat' dir='ltr'><strong>eosautem</strong></span> 
     </span>
    </p>
   </div>
   <div class='ocr_carea' id='block_1_112' title="bbox 2145 2702 3810 2775">
    <p class='ocr_par' dir='ltr' id='par_1_112' title="bbox 2145 2702 3810 2775">
     <span class='ocr_line' id='line_1_121' title="bbox 2145 2702 3810 2775; baseline 0.001 -18"><span class='ocrx_word' id='word_1_904' title='bbox 2145 2702 2238 2775; x_wconf 90' lang='lat' dir='ltr'><strong>qui</strong></span> <span class='ocrx_word' id='word_1_905' title='bbox 2250 2719 2341 2757; x_wconf 87' lang='lat' dir='ltr'><strong>nec</strong></span> <span class='ocrx_word' id='word_1_906' title='bbox 2359 2703 2579 2758; x_wconf 86' lang='lat' dir='ltr'><strong>initium</strong></span> <span class='ocrx_word' id='word_1_907' title='bbox 2612 2703 2831 2771; x_wconf 87' lang='lat' dir='ltr'><strong>faciunt</strong></span> <span class='ocrx_word' id='word_1_908' title='bbox 2861 2703 3205 2757; x_wconf 88' lang='lat' dir='ltr'><strong>convertendi</strong></span> <span class='ocrx_word' id='word_1_909' title='bbox 3227 2702 3303 2775; x_wconf 82' lang='lat' dir='ltr'><strong>ad</strong></span> <span class='ocrx_word' id='word_1_910' title='bbox 3353 2704 3648 2775; x_wconf 81' lang='lat' dir='ltr'><strong>Dominum,</strong></span> <span class='ocrx_word' id='word_1_911' title='bbox 3676 2721 3810 2759; x_wconf 75' lang='lat' dir='ltr'><strong>om-</strong></span> 
     </span>
    </p>
   </div>
   <div class='ocr_carea' id='block_1_113' title="bbox 2145 2773 3808 2843">
    <p class='ocr_par' dir='ltr' id='par_1_113' title="bbox 2145 2773 3808 2843">
     <span class='ocr_line' id='line_1_122' title="bbox 2145 2773 3808 2843; baseline 0.002 -16"><span class='ocrx_word' id='word_1_912' title='bbox 2145 2773 2276 2827; x_wconf 84' lang='lat' dir='ltr'><strong>nino</strong></span> <span class='ocrx_word' id='word_1_913' title='bbox 2304 2789 2405 2828; x_wconf 92' lang='lat' dir='ltr'><strong>non</strong></span> <span class='ocrx_word' id='word_1_914' title='bbox 2438 2776 2808 2829; x_wconf 87' lang='lat' dir='ltr'><strong>venit.Rectas</strong></span> <span class='ocrx_word' id='word_1_915' title='bbox 2831 2775 2975 2828; x_wconf 89' lang='lat' dir='ltr'><strong>enim</strong></span> <span class='ocrx_word' id='word_1_916' title='bbox 3000 2780 3203 2828; x_wconf 88' lang='lat' dir='ltr'><strong>mentes</strong></span> <span class='ocrx_word' id='word_1_917' title='bbox 3228 2773 3426 2843; x_wconf 81' lang='lat' dir='ltr'><strong>diligit,</strong></span> <span class='ocrx_word' id='word_1_918' title='bbox 3452 2782 3503 2830; x_wconf 89' lang='lat' dir='ltr'><strong>et</strong></span> <span class='ocrx_word' id='word_1_919' title='bbox 3526 2775 3641 2830; x_wconf 89' lang='lat' dir='ltr'><strong>sine</strong></span> <span class='ocrx_word' id='word_1_920' title='bbox 3664 2776 3808 2843; x_wconf 82' lang='lat' dir='ltr'><strong>fuco</strong></span> 
     </span>
    </p>
   </div>
   <div class='ocr_carea' id='block_1_114' title="bbox 2140 2791 3809 2915">
    <p class='ocr_par' dir='ltr' id='par_1_114' title="bbox 2140 2791 3809 2915">
     <span class='ocr_line' id='line_1_123' title="bbox 2145 2791 3808 2843; baseline 0.002 -16"><span class='ocrx_word' id='word_1_921' title='bbox 2145 2791 2276 2827; x_wconf 80' lang='lat' dir='ltr'><strong>nino</strong></span> <span class='ocrx_word' id='word_1_922' title='bbox 2304 2791 2405 2828; x_wconf 93' lang='lat' dir='ltr'><strong>non</strong></span> <span class='ocrx_word' id='word_1_923' title='bbox 2438 2791 2808 2829; x_wconf 54' lang='lat' dir='ltr'><strong>venuatectas</strong></span> <span class='ocrx_word' id='word_1_924' title='bbox 2831 2791 2975 2828; x_wconf 82' lang='lat' dir='ltr'><strong>enim</strong></span> <span class='ocrx_word' id='word_1_925' title='bbox 3000 2791 3203 2828; x_wconf 79' lang='lat' dir='ltr'><strong>mentes</strong></span> <span class='ocrx_word' id='word_1_926' title='bbox 3228 2791 3327 2827; x_wconf 81' lang='lat' dir='ltr'><strong>am</strong></span> <span class='ocrx_word' id='word_1_927' title='bbox 3368 2791 3426 2836; x_wconf 79' lang='grc' dir='ltr'><strong>ιι,</strong></span> <span class='ocrx_word' id='word_1_928' title='bbox 3452 2791 3503 2830; x_wconf 78' lang='grc' dir='ltr'><strong>εἰ</strong></span> <span class='ocrx_word' id='word_1_929' title='bbox 3526 2791 3641 2830; x_wconf 79' lang='lat' dir='ltr'><strong>sine</strong></span> <span class='ocrx_word' id='word_1_930' title='bbox 3664 2791 3808 2843; x_wconf 71' lang='lat' dir='ltr'><strong>luco</strong></span> 
     </span>
     <span class='ocr_line' id='line_1_124' title="bbox 2140 2791 3809 2915; baseline 0.002 -17"><span class='ocrx_word' id='word_1_931' title='bbox 2140 2847 2497 2915; x_wconf 82' lang='lat' dir='ltr'><strong>propositum.</strong></span> <span class='ocrx_word' id='word_1_932' title='bbox 2526 2847 2671 2899; x_wconf 91' lang='lat' dir='ltr'><strong>Sunt</strong></span> <span class='ocrx_word' id='word_1_933' title='bbox 2700 2862 2837 2899; x_wconf 88' lang='lat' dir='ltr'><strong>sane</strong></span> <span class='ocrx_word' id='word_1_934' title='bbox 2872 2844 2991 2899; x_wconf 60' lang='lat' dir='ltr'><strong>hac</strong></span> <span class='ocrx_word' id='word_1_935' title='bbox 3018 2791 3485 2909; x_wconf 50' lang='lat' dir='ltr'><strong>immedicabilia,</strong></span> <span class='ocrx_word' id='word_1_936' title='bbox 3521 2846 3566 2900; x_wconf 89' lang='lat' dir='ltr'><strong>si</strong></span> <span class='ocrx_word' id='word_1_937' title='bbox 3588 2862 3809 2902; x_wconf 84' lang='lat' dir='ltr'><strong>sensus</strong></span> 
     </span>
    </p>
   </div>
   <div class='ocr_carea' id='block_1_115' title="bbox 2145 2915 3805 2996">
    <p class='ocr_par' dir='ltr' id='par_1_115' title="bbox 2145 2915 3805 2996">
     <span class='ocr_line' id='line_1_125' title="bbox 2145 2915 3805 2996; baseline 0.002 -27"><span class='ocrx_word' id='word_1_938' title='bbox 2145 2915 2218 2996; x_wconf 73' lang='lat' dir='ltr'><strong>sit</strong></span> <span class='ocrx_word' id='word_1_939' title='bbox 2242 2916 2493 2996; x_wconf 76' lang='lat' dir='ltr'><strong>primum</strong></span> <span class='ocrx_word' id='word_1_940' title='bbox 2510 2916 2705 2996; x_wconf 75' lang='lat' dir='ltr'><strong>gratiae</strong></span> <span class='ocrx_word' id='word_1_941' title='bbox 2727 2915 2991 2996; x_wconf 78' lang='lat' dir='ltr'><strong>auxilium</strong></span> <span class='ocrx_word' id='word_1_942' title='bbox 3016 2932 3131 2970; x_wconf 89' lang='lat' dir='ltr'><strong>non</strong></span> <span class='ocrx_word' id='word_1_943' title='bbox 3152 2915 3343 2970; x_wconf 90' lang='lat' dir='ltr'><strong>venire</strong></span> <span class='ocrx_word' id='word_1_944' title='bbox 3373 2916 3805 2996; x_wconf 63' lang='lat' dir='ltr'><strong>adhominem,</strong></span> 
     </span>
    </p>
   </div>
   <div class='ocr_carea' id='block_1_116' title="bbox 2146 2986 3806 3068">
    <p class='ocr_par' dir='ltr' id='par_1_116' title="bbox 2146 2986 3806 3068">
     <span class='ocr_line' id='line_1_126' title="bbox 2146 2986 3806 3068; baseline 0.002 -28"><span class='ocrx_word' id='word_1_945' title='bbox 2146 2986 2254 3068; x_wconf 77' lang='lat' dir='ltr'><strong>nisi</strong></span> <span class='ocrx_word' id='word_1_946' title='bbox 2280 2986 2338 3040; x_wconf 93' lang='lat' dir='ltr'><strong>in</strong></span> <span class='ocrx_word' id='word_1_947' title='bbox 2358 2986 2700 3068; x_wconf 67' lang='lat' dir='ltr'><strong>operatione</strong></span> <span class='ocrx_word' id='word_1_948' title='bbox 2729 2987 2969 3041; x_wconf 85' lang='lat' dir='ltr'><strong>honesta</strong></span> <span class='ocrx_word' id='word_1_949' title='bbox 3002 3002 3070 3068; x_wconf 76' lang='lat' dir='ltr'><strong>e_x</strong></span> <span class='ocrx_word' id='word_1_950' title='bbox 3094 2991 3317 3068; x_wconf 64' lang='lat' dir='ltr'><strong>naturae</strong></span> <span class='ocrx_word' id='word_1_951' title='bbox 3340 2986 3549 3068; x_wconf 82' lang='lat' dir='ltr'><strong>viribus</strong></span> <span class='ocrx_word' id='word_1_952' title='bbox 3577 2988 3806 3053; x_wconf 77' lang='lat' dir='ltr'><strong>elicita,</strong></span> 
     </span>
    </p>
   </div>
   <div class='ocr_carea' id='block_1_117' title="bbox 2070 3057 3807 3139">
    <p class='ocr_par' dir='ltr' id='par_1_117' title="bbox 2070 3057 3807 3139">
     <span class='ocr_line' id='line_1_127' title="bbox 2070 3057 3807 3139; baseline 0 -28"><span class='ocrx_word' id='word_1_953' title='bbox 2070 3078 2115 3137; x_wconf 72' lang='grc' dir='ltr'>ο</span> <span class='ocrx_word' id='word_1_954' title='bbox 2144 3058 2418 3139; x_wconf 64' lang='lat' dir='ltr'><strong>naturali,</strong></span> <span class='ocrx_word' id='word_1_955' title='bbox 2462 3058 2719 3139; x_wconf 81' lang='lat' dir='ltr'><strong>inquam,</strong></span> <span class='ocrx_word' id='word_1_956' title='bbox 2772 3057 3145 3139; x_wconf 75' lang='lat' dir='ltr'><strong>conversione</strong></span> <span class='ocrx_word' id='word_1_957' title='bbox 3175 3058 3478 3139; x_wconf 54' lang='lat' dir='ltr'><strong>aduDeum,</strong></span> <span class='ocrx_word' id='word_1_958' title='bbox 3511 3062 3807 3139; x_wconf 66' lang='lat' dir='ltr'><strong>tanquam</strong></span> 
     </span>
    </p>
   </div>
   <div class='ocr_carea' id='block_1_118' title="bbox 2144 3127 3809 3198">
    <p class='ocr_par' dir='ltr' id='par_1_118' title="bbox 2144 3127 3809 3198">
     <span class='ocr_line' id='line_1_128' title="bbox 2144 3127 3809 3198; baseline 0.002 -17"><span class='ocrx_word' id='word_1_959' title='bbox 2144 3128 2308 3182; x_wconf 89' lang='lat' dir='ltr'><strong>initio</strong></span> <span class='ocrx_word' id='word_1_960' title='bbox 2338 3127 2553 3183; x_wconf 83' lang='lat' dir='ltr'><strong>salutis</strong></span> <span class='ocrx_word' id='word_1_961' title='bbox 2568 3145 2635 3183; x_wconf 88' lang='lat' dir='ltr'><strong>ex</strong></span> <span class='ocrx_word' id='word_1_962' title='bbox 2660 3134 2823 3198; x_wconf 91' lang='lat' dir='ltr'><strong>parte</strong></span> <span class='ocrx_word' id='word_1_963' title='bbox 2848 3146 2952 3183; x_wconf 90' lang='lat' dir='ltr'><strong>sua</strong></span> <span class='ocrx_word' id='word_1_964' title='bbox 2982 3130 3187 3198; x_wconf 90' lang='lat' dir='ltr'><strong>posito,</strong></span> <span class='ocrx_word' id='word_1_965' title='bbox 3220 3127 3378 3182; x_wconf 88' lang='lat' dir='ltr'><strong>illam</strong></span> <span class='ocrx_word' id='word_1_966' title='bbox 3411 3127 3688 3198; x_wconf 79' lang='lat' dir='ltr'><strong>proliciat.</strong></span> <span class='ocrx_word' id='word_1_967' title='bbox 3725 3134 3809 3185; x_wconf 76' lang='lat' dir='ltr'><strong>At</strong></span> 
     </span>
    </p>
   </div>
   <div class='ocr_carea' id='block_1_119' title="bbox 2143 3198 3804 3270">
    <p class='ocr_par' dir='ltr' id='par_1_119' title="bbox 2143 3198 3804 3270">
     <span class='ocr_line' id='line_1_129' title="bbox 2143 3198 3804 3270; baseline 0.002 -17"><span class='ocrx_word' id='word_1_968' title='bbox 2143 3198 2236 3254; x_wconf 89' lang='lat' dir='ltr'><strong>hic</strong></span> <span class='ocrx_word' id='word_1_969' title='bbox 2265 3216 2465 3254; x_wconf 90' lang='lat' dir='ltr'><strong>sensus</strong></span> <span class='ocrx_word' id='word_1_970' title='bbox 2493 3204 2579 3254; x_wconf 86' lang='lat' dir='ltr'><strong>est</strong></span> <span class='ocrx_word' id='word_1_971' title='bbox 2603 3216 2637 3254; x_wconf 93' lang='lat' dir='ltr'><strong>a</strong></span> <span class='ocrx_word' id='word_1_972' title='bbox 2668 3202 3075 3270; x_wconf 79' lang='lat' dir='ltr'><strong>Chrysostomo</strong></span> <span class='ocrx_word' id='word_1_973' title='bbox 3109 3205 3165 3254; x_wconf 90' lang='lat' dir='ltr'><strong>et</strong></span> <span class='ocrx_word' id='word_1_974' title='bbox 3187 3216 3220 3253; x_wconf 90' lang='lat' dir='ltr'><strong>a</strong></span> <span class='ocrx_word' id='word_1_975' title='bbox 3250 3200 3485 3255; x_wconf 85' lang='lat' dir='ltr'><strong>veritate</strong></span> <span class='ocrx_word' id='word_1_976' title='bbox 3511 3200 3804 3256; x_wconf 81' lang='lat' dir='ltr'><strong>alienissi-</strong></span> 
     </span>
    </p>
   </div>
   <div class='ocr_carea' id='block_1_120' title="bbox 2144 3270 3806 3342">
    <p class='ocr_par' dir='ltr' id='par_1_120' title="bbox 2144 3270 3806 3342">
     <span class='ocr_line' id='line_1_130' title="bbox 2144 3270 3806 3342; baseline 0.001 -17"><span class='ocrx_word' id='word_1_977' title='bbox 2144 3271 2510 3325; x_wconf 88' lang='lat' dir='ltr'><strong>mus.Sensus</strong></span> <span class='ocrx_word' id='word_1_978' title='bbox 2527 3270 2697 3341; x_wconf 89' lang='lat' dir='ltr'><strong>igitur</strong></span> <span class='ocrx_word' id='word_1_979' title='bbox 2716 3286 3024 3342; x_wconf 83' lang='lat' dir='ltr'><strong>germanus</strong></span> <span class='ocrx_word' id='word_1_980' title='bbox 3041 3270 3382 3342; x_wconf 86' lang='lat' dir='ltr'><strong>estgratiam</strong></span> <span class='ocrx_word' id='word_1_981' title='bbox 3403 3286 3806 3342; x_wconf 83' lang='lat' dir='ltr'><strong>compugnan-</strong></span> 
     </span>
    </p>
   </div>
   <div class='ocr_carea' id='block_1_121' title="bbox 2146 3341 3801 3412">
    <p class='ocr_par' dir='ltr' id='par_1_121' title="bbox 2146 3341 3801 3412">
     <span class='ocr_line' id='line_1_131' title="bbox 2146 3341 3801 3412; baseline 0.002 -18"><span class='ocrx_word' id='word_1_982' title='bbox 2146 3344 2261 3395; x_wconf 92' lang='lat' dir='ltr'><strong>tem</strong></span> <span class='ocrx_word' id='word_1_983' title='bbox 2291 3345 2917 3412; x_wconf 69' lang='lat' dir='ltr'><strong>etc00perantem,quae</strong></span> <span class='ocrx_word' id='word_1_984' title='bbox 2940 3341 3115 3395; x_wconf 79' lang='lat' dir='ltr'><strong>efficit</strong></span> <span class='ocrx_word' id='word_1_985' title='bbox 3130 3341 3427 3396; x_wconf 91' lang='lat' dir='ltr'><strong>hominem</strong></span> <span class='ocrx_word' id='word_1_986' title='bbox 3451 3341 3801 3411; x_wconf 82' lang='lat' dir='ltr'><strong>perfectum,</strong></span> 
     </span>
    </p>
   </div>
   <div class='ocr_carea' id='block_1_122' title="bbox 2144 3412 3804 3481">
    <p class='ocr_par' dir='ltr' id='par_1_122' title="bbox 2144 3412 3804 3481">
     <span class='ocr_line' id='line_1_132' title="bbox 2144 3412 3804 3481; baseline 0.001 -15"><span class='ocrx_word' id='word_1_987' title='bbox 2144 3412 2379 3466; x_wconf 88' lang='lat' dir='ltr'><strong>omnino</strong></span> <span class='ocrx_word' id='word_1_988' title='bbox 2429 3428 2544 3466; x_wconf 92' lang='lat' dir='ltr'><strong>non</strong></span> <span class='ocrx_word' id='word_1_989' title='bbox 2583 3412 2777 3467; x_wconf 87' lang='lat' dir='ltr'><strong>venire</strong></span> <span class='ocrx_word' id='word_1_990' title='bbox 2830 3413 2903 3466; x_wconf 91' lang='lat' dir='ltr'><strong>ad</strong></span> <span class='ocrx_word' id='word_1_991' title='bbox 2925 3429 3021 3467; x_wconf 91' lang='lat' dir='ltr'><strong>eos</strong></span> <span class='ocrx_word' id='word_1_992' title='bbox 3055 3412 3148 3481; x_wconf 91' lang='lat' dir='ltr'><strong>qui</strong></span> <span class='ocrx_word' id='word_1_993' title='bbox 3182 3428 3284 3466; x_wconf 91' lang='lat' dir='ltr'><strong>nec</strong></span> <span class='ocrx_word' id='word_1_994' title='bbox 3312 3412 3540 3467; x_wconf 90' lang='lat' dir='ltr'><strong>initium</strong></span> <span class='ocrx_word' id='word_1_995' title='bbox 3573 3413 3804 3468; x_wconf 87' lang='lat' dir='ltr'><strong>faciunt</strong></span> 
     </span>
    </p>
   </div>
   <div class='ocr_carea' id='block_1_123' title="bbox 2143 3482 3801 3554">
    <p class='ocr_par' dir='ltr' id='par_1_123' title="bbox 2143 3482 3801 3554">
     <span class='ocr_line' id='line_1_133' title="bbox 2143 3482 3801 3554; baseline 0.001 -16"><span class='ocrx_word' id='word_1_996' title='bbox 2143 3483 2508 3538; x_wconf 87' lang='lat' dir='ltr'><strong>convertendi</strong></span> <span class='ocrx_word' id='word_1_997' title='bbox 2540 3484 2612 3537; x_wconf 93' lang='lat' dir='ltr'><strong>ad</strong></span> <span class='ocrx_word' id='word_1_998' title='bbox 2643 3482 2973 3537; x_wconf 90' lang='lat' dir='ltr'><strong>Dominum.</strong></span> <span class='ocrx_word' id='word_1_999' title='bbox 3009 3484 3081 3538; x_wconf 92' lang='lat' dir='ltr'><strong>Ut</strong></span> <span class='ocrx_word' id='word_1_1000' title='bbox 3100 3482 3255 3554; x_wconf 89' lang='lat' dir='ltr'><strong>enim</strong></span> <span class='ocrx_word' id='word_1_1001' title='bbox 3274 3482 3459 3554; x_wconf 88' lang='lat' dir='ltr'><strong>gratia</strong></span> <span class='ocrx_word' id='word_1_1002' title='bbox 3479 3500 3801 3554; x_wconf 86' lang='lat' dir='ltr'><strong>c00perans</strong></span> 
     </span>
    </p>
   </div>
   <div class='ocr_carea' id='block_1_124' title="bbox 2144 3553 3801 3624">
    <p class='ocr_par' dir='ltr' id='par_1_124' title="bbox 2144 3553 3801 3624">
     <span class='ocr_line' id='line_1_134' title="bbox 2144 3553 3801 3624; baseline 0.001 -17"><span class='ocrx_word' id='word_1_1003' title='bbox 2144 3558 2199 3607; x_wconf 90' lang='lat' dir='ltr'><strong>et</strong></span> <span class='ocrx_word' id='word_1_1004' title='bbox 2227 3569 2621 3624; x_wconf 89' lang='lat' dir='ltr'><strong>compugnans</strong></span> <span class='ocrx_word' id='word_1_1005' title='bbox 2646 3555 2903 3618; x_wconf 86' lang='lat' dir='ltr'><strong>accedat,</strong></span> <span class='ocrx_word' id='word_1_1006' title='bbox 2933 3558 2989 3608; x_wconf 89' lang='lat' dir='ltr'><strong>et</strong></span> <span class='ocrx_word' id='word_1_1007' title='bbox 3014 3553 3310 3608; x_wconf 86' lang='lat' dir='ltr'><strong>nobiscum</strong></span> <span class='ocrx_word' id='word_1_1008' title='bbox 3338 3553 3529 3609; x_wconf 90' lang='lat' dir='ltr'><strong>eliciat</strong></span> <span class='ocrx_word' id='word_1_1009' title='bbox 3556 3553 3801 3609; x_wconf 79' lang='lat' dir='ltr'><strong>censen-</strong></span> 
     </span>
    </p>
   </div>
   <div class='ocr_carea' id='block_1_125' title="bbox 2144 3624 3800 3695">
    <p class='ocr_par' dir='ltr' id='par_1_125' title="bbox 2144 3624 3800 3695">
     <span class='ocr_line' id='line_1_135' title="bbox 2144 3624 3800 3695; baseline 0.001 -17"><span class='ocrx_word' id='word_1_1010' title='bbox 2144 3640 2271 3679; x_wconf 87' lang='lat' dir='ltr'><strong>sum</strong></span> <span class='ocrx_word' id='word_1_1011' title='bbox 2302 3641 2412 3695; x_wconf 91' lang='lat' dir='ltr'><strong>quo</strong></span> <span class='ocrx_word' id='word_1_1012' title='bbox 2444 3624 2772 3695; x_wconf 87' lang='lat' dir='ltr'><strong>dispositive</strong></span> <span class='ocrx_word' id='word_1_1013' title='bbox 2800 3624 3002 3679; x_wconf 90' lang='lat' dir='ltr'><strong>ultimo</strong></span> <span class='ocrx_word' id='word_1_1014' title='bbox 3028 3624 3609 3694; x_wconf 84' lang='lat' dir='ltr'><strong>perﬁcimur,necesse</strong></span> <span class='ocrx_word' id='word_1_1015' title='bbox 3634 3630 3720 3680; x_wconf 89' lang='lat' dir='ltr'><strong>est</strong></span> <span class='ocrx_word' id='word_1_1016' title='bbox 3737 3632 3800 3681; x_wconf 89' lang='lat' dir='ltr'><strong>ut</strong></span> 
     </span>
    </p>
   </div>
   <div class='ocr_carea' id='block_1_126' title="bbox 2145 3694 3799 3767">
    <p class='ocr_par' dir='ltr' id='par_1_126' title="bbox 2145 3694 3799 3767">
     <span class='ocr_line' id='line_1_136' title="bbox 2145 3694 3799 3767; baseline 0.002 -18"><span class='ocrx_word' id='word_1_1017' title='bbox 2145 3695 2298 3765; x_wconf 89' lang='lat' dir='ltr'><strong>prius</strong></span> <span class='ocrx_word' id='word_1_1018' title='bbox 2324 3694 2564 3767; x_wconf 10' lang='lat' dir='ltr'><strong>ratione?</strong></span> <span class='ocrx_word' id='word_1_1019' title='bbox 2597 3694 2876 3750; x_wconf 89' lang='lat' dir='ltr'><strong>faciamus</strong></span> <span class='ocrx_word' id='word_1_1020' title='bbox 2914 3695 3300 3767; x_wconf 89' lang='lat' dir='ltr'><strong>conversionis</strong></span> <span class='ocrx_word' id='word_1_1021' title='bbox 3332 3695 3583 3750; x_wconf 85' lang='lat' dir='ltr'><strong>initium.</strong></span> <span class='ocrx_word' id='word_1_1022' title='bbox 3619 3698 3799 3767; x_wconf 89' lang='lat' dir='ltr'><strong>quue</strong></span> 
     </span>
    </p>
   </div>
   <div class='ocr_carea' id='block_1_127' title="bbox 2144 3766 3795 3838">
    <p class='ocr_par' dir='ltr' id='par_1_127' title="bbox 2144 3766 3795 3838">
     <span class='ocr_line' id='line_1_137' title="bbox 2144 3766 3795 3838; baseline 0.001 -17"><span class='ocrx_word' id='word_1_1023' title='bbox 2144 3767 2371 3838; x_wconf 86' lang='lat' dir='ltr'><strong>abunde</strong></span> <span class='ocrx_word' id='word_1_1024' title='bbox 2384 3766 2595 3821; x_wconf 86' lang='lat' dir='ltr'><strong>sufﬁcit</strong></span> <span class='ocrx_word' id='word_1_1025' title='bbox 2608 3768 2680 3821; x_wconf 92' lang='lat' dir='ltr'><strong>ad</strong></span> <span class='ocrx_word' id='word_1_1026' title='bbox 2695 3767 3105 3821; x_wconf 90' lang='lat' dir='ltr'><strong>obstruendum</strong></span> <span class='ocrx_word' id='word_1_1027' title='bbox 3119 3783 3181 3821; x_wconf 91' lang='lat' dir='ltr'><strong>os</strong></span> <span class='ocrx_word' id='word_1_1028' title='bbox 3198 3766 3557 3836; x_wconf 90' lang='lat' dir='ltr'><strong>loquentium</strong></span> <span class='ocrx_word' id='word_1_1029' title='bbox 3570 3766 3795 3838; x_wconf 87' lang='lat' dir='ltr'><strong>iniqua.</strong></span> 
     </span>
    </p>
   </div>
   <div class='ocr_carea' id='block_1_128' title="bbox 2144 3837 3797 3908">
    <p class='ocr_par' dir='ltr' id='par_1_128' title="bbox 2144 3837 3797 3908">
     <span class='ocr_line' id='line_1_138' title="bbox 2144 3837 3797 3908; baseline 0.001 -16"><span class='ocrx_word' id='word_1_1030' title='bbox 2144 3837 2575 3908; x_wconf 69' lang='lat' dir='ltr'><strong>Hmreticorum,</strong></span> <span class='ocrx_word' id='word_1_1031' title='bbox 2616 3838 2871 3908; x_wconf 89' lang='lat' dir='ltr'><strong>inquam,</strong></span> <span class='ocrx_word' id='word_1_1032' title='bbox 2907 3839 3177 3892; x_wconf 86' lang='lat' dir='ltr'><strong>adversus</strong></span> <span class='ocrx_word' id='word_1_1033' title='bbox 3206 3854 3345 3907; x_wconf 91' lang='lat' dir='ltr'><strong>quos</strong></span> <span class='ocrx_word' id='word_1_1034' title='bbox 3372 3837 3797 3908; x_wconf 27' lang='lat' dir='ltr'><strong>postremo’illo</strong></span> 
     </span>
    </p>
   </div>
   <div class='ocr_carea' id='block_1_129' title="bbox 2143 3907 3801 3979">
    <p class='ocr_par' dir='ltr' id='par_1_129' title="bbox 2143 3907 3801 3979">
     <span class='ocr_line' id='line_1_139' title="bbox 2143 3907 3801 3979; baseline 0.002 -17"><span class='ocrx_word' id='word_1_1035' title='bbox 2143 3907 2267 3963; x_wconf 92' lang='lat' dir='ltr'><strong>loco</strong></span> <span class='ocrx_word' id='word_1_1036' title='bbox 2321 3909 2504 3963; x_wconf 87' lang='lat' dir='ltr'><strong>obiter</strong></span> <span class='ocrx_word' id='word_1_1037' title='bbox 2551 3909 2670 3978; x_wconf 88' lang='lat' dir='ltr'><strong>agit</strong></span> <span class='ocrx_word' id='word_1_1038' title='bbox 2699 3907 3156 3979; x_wconf 81' lang='lat' dir='ltr'><strong>Chrysostomus,</strong></span> <span class='ocrx_word' id='word_1_1039' title='bbox 3179 3912 3236 3962; x_wconf 89' lang='lat' dir='ltr'><strong>et</strong></span> <span class='ocrx_word' id='word_1_1040' title='bbox 3267 3907 3609 3979; x_wconf 81' lang='lat' dir='ltr'><strong>ignavorum</strong></span> <span class='ocrx_word' id='word_1_1041' title='bbox 3641 3910 3801 3965; x_wconf 87' lang='lat' dir='ltr'><strong>Chri-</strong></span> 
     </span>
    </p>
   </div>
   <div class='ocr_carea' id='block_1_130' title="bbox 2143 3978 3802 4050">
    <p class='ocr_par' dir='ltr' id='par_1_130' title="bbox 2143 3978 3802 4050">
     <span class='ocr_line' id='line_1_140' title="bbox 2143 3978 3802 4050; baseline 0.001 -17"><span class='ocrx_word' id='word_1_1042' title='bbox 2143 3978 2589 4049; x_wconf 89' lang='lat' dir='ltr'><strong>stianorum,qui</strong></span> <span class='ocrx_word' id='word_1_1043' title='bbox 2615 3978 2844 4050; x_wconf 89' lang='lat' dir='ltr'><strong>culpam</strong></span> <span class='ocrx_word' id='word_1_1044' title='bbox 2876 3995 2989 4034; x_wconf 91' lang='lat' dir='ltr'><strong>non</strong></span> <span class='ocrx_word' id='word_1_1045' title='bbox 3020 3980 3237 4050; x_wconf 65' lang='lat' dir='ltr'><strong>adeptas</strong></span> <span class='ocrx_word' id='word_1_1046' title='bbox 3264 3978 3627 4050; x_wconf 76' lang='lat' dir='ltr'><strong>perfectionis</strong></span> <span class='ocrx_word' id='word_1_1047' title='bbox 3652 3981 3802 4035; x_wconf 81' lang='lat' dir='ltr'><strong>refe-</strong></span> 
     </span>
    </p>
   </div>
   <div class='ocr_carea' id='block_1_131' title="bbox 2144 4049 3799 4121">
    <p class='ocr_par' dir='ltr' id='par_1_131' title="bbox 2144 4049 3799 4121">
     <span class='ocr_line' id='line_1_141' title="bbox 2144 4049 3799 4121; baseline 0.002 -17"><span class='ocrx_word' id='word_1_1048' title='bbox 2144 4051 2346 4105; x_wconf 89' lang='lat' dir='ltr'><strong>rebant</strong></span> <span class='ocrx_word' id='word_1_1049' title='bbox 2375 4050 2432 4104; x_wconf 91' lang='lat' dir='ltr'><strong>in</strong></span> <span class='ocrx_word' id='word_1_1050' title='bbox 2461 4049 2721 4120; x_wconf 86' lang='lat' dir='ltr'><strong>gratiam</strong></span> <span class='ocrx_word' id='word_1_1051' title='bbox 2739 4050 2959 4120; x_wconf 90' lang='lat' dir='ltr'><strong>aliquos</strong></span> <span class='ocrx_word' id='word_1_1052' title='bbox 2987 4049 3145 4105; x_wconf 82' lang='lat' dir='ltr'><strong>velut</strong></span> <span class='ocrx_word' id='word_1_1053' title='bbox 3169 4049 3596 4121; x_wconf 86' lang='lat' dir='ltr'><strong>aspernantem,</strong></span> <span class='ocrx_word' id='word_1_1054' title='bbox 3643 4057 3702 4107; x_wconf 89' lang='lat' dir='ltr'><strong>et</strong></span> <span class='ocrx_word' id='word_1_1055' title='bbox 3726 4053 3799 4107; x_wconf 87' lang='lat' dir='ltr'><strong>ad</strong></span> 
     </span>
    </p>
   </div>
   <div class='ocr_carea' id='block_1_132' title="bbox 2142 4120 3801 4194">
    <p class='ocr_par' dir='ltr' id='par_1_132' title="bbox 2142 4120 3801 4194">
     <span class='ocr_line' id='line_1_142' title="bbox 2142 4120 3801 4194; baseline 0.001 -18"><span class='ocrx_word' id='word_1_1056' title='bbox 2142 4137 2238 4176; x_wconf 81' lang='lat' dir='ltr'><strong>eos</strong></span> <span class='ocrx_word' id='word_1_1057' title='bbox 2262 4138 2376 4175; x_wconf 92' lang='lat' dir='ltr'><strong>non</strong></span> <span class='ocrx_word' id='word_1_1058' title='bbox 2410 4120 2752 4176; x_wconf 90' lang='lat' dir='ltr'><strong>venientem.</strong></span> <span class='ocrx_word' id='word_1_1059' title='bbox 2781 4123 2896 4194; x_wconf 86' lang='lat' dir='ltr'><strong>Hoc</strong></span> <span class='ocrx_word' id='word_1_1060' title='bbox 2926 4137 3225 4191; x_wconf 89' lang='lat' dir='ltr'><strong>perperam</strong></span> <span class='ocrx_word' id='word_1_1061' title='bbox 3247 4122 3479 4176; x_wconf 92' lang='lat' dir='ltr'><strong>obtendi</strong></span> <span class='ocrx_word' id='word_1_1062' title='bbox 3510 4122 3594 4176; x_wconf 88' lang='lat' dir='ltr'><strong>ait</strong></span> <span class='ocrx_word' id='word_1_1063' title='bbox 3626 4123 3801 4194; x_wconf 80' lang='lat' dir='ltr'><strong>Chry-</strong></span> 
     </span>
    </p>
   </div>
   <div class='ocr_carea' id='block_1_133' title="bbox 2141 4192 3798 4263">
    <p class='ocr_par' dir='ltr' id='par_1_133' title="bbox 2141 4192 3798 4263">
     <span class='ocr_line' id='line_1_143' title="bbox 2141 4192 3798 4263; baseline 0.001 -17"><span class='ocrx_word' id='word_1_1064' title='bbox 2141 4198 2448 4257; x_wconf 88' lang='lat' dir='ltr'><strong>sostomus,</strong></span> <span class='ocrx_word' id='word_1_1065' title='bbox 2508 4192 2894 4263; x_wconf 90' lang='lat' dir='ltr'><strong>quodgratia</strong></span> <span class='ocrx_word' id='word_1_1066' title='bbox 2932 4208 3326 4262; x_wconf 88' lang='lat' dir='ltr'><strong>compugnans</strong></span> <span class='ocrx_word' id='word_1_1067' title='bbox 3356 4197 3412 4246; x_wconf 90' lang='lat' dir='ltr'><strong>et</strong></span> <span class='ocrx_word' id='word_1_1068' title='bbox 3456 4192 3798 4263; x_wconf 85' lang='lat' dir='ltr'><strong>perfectioni</strong></span> 
     </span>
    </p>
   </div>
   <div class='ocr_carea' id='block_1_134' title="bbox 2143 4262 3797 4344">
    <p class='ocr_par' dir='ltr' id='par_1_134' title="bbox 2143 4262 3797 4344">
     <span class='ocr_line' id='line_1_144' title="bbox 2143 4262 3797 4344; baseline 0.002 -28"><span class='ocrx_word' id='word_1_1069' title='bbox 2143 4262 3187 4344; x_wconf 11' lang='lat' dir='ltr'><strong>adipiscendzpqcoadjuvans,quantum</strong></span> <span class='ocrx_word' id='word_1_1070' title='bbox 3203 4268 3287 4317; x_wconf 89' lang='lat' dir='ltr'><strong>est</strong></span> <span class='ocrx_word' id='word_1_1071' title='bbox 3304 4279 3377 4344; x_wconf 64' lang='lat' dir='ltr'><strong>ex</strong></span> <span class='ocrx_word' id='word_1_1072' title='bbox 3390 4279 3469 4328; x_wconf 89' lang='lat' dir='ltr'><strong>se,</strong></span> <span class='ocrx_word' id='word_1_1073' title='bbox 3495 4265 3573 4344; x_wconf 78' lang='lat' dir='ltr'><strong>ad</strong></span> <span class='ocrx_word' id='word_1_1074' title='bbox 3595 4281 3797 4344; x_wconf 77' lang='lat' dir='ltr'><strong>omnes</strong></span> 
     </span>
    </p>
   </div>
   <div class='ocr_carea' id='block_1_135' title="bbox 2139 4333 3794 4403">
    <p class='ocr_par' dir='ltr' id='par_1_135' title="bbox 2139 4333 3794 4403">
     <span class='ocr_line' id='line_1_145' title="bbox 2139 4333 3794 4403; baseline 0.002 -16"><span class='ocrx_word' id='word_1_1075' title='bbox 2139 4333 2353 4389; x_wconf 89' lang='lat' dir='ltr'><strong>veniat.</strong></span> <span class='ocrx_word' id='word_1_1076' title='bbox 2388 4334 2455 4389; x_wconf 86' lang='lat' dir='ltr'><strong>Et</strong></span> <span class='ocrx_word' id='word_1_1077' title='bbox 2483 4334 2570 4388; x_wconf 90' lang='lat' dir='ltr'><strong>his</strong></span> <span class='ocrx_word' id='word_1_1078' title='bbox 2601 4333 2831 4403; x_wconf 89' lang='lat' dir='ltr'><strong>quidem</strong></span> <span class='ocrx_word' id='word_1_1079' title='bbox 2853 4333 2947 4403; x_wconf 91' lang='lat' dir='ltr'><strong>qui</strong></span> <span class='ocrx_word' id='word_1_1080' title='bbox 2979 4349 3047 4388; x_wconf 88' lang='lat' dir='ltr'><strong>ea</strong></span> <span class='ocrx_word' id='word_1_1081' title='bbox 3100 4334 3182 4388; x_wconf 89' lang='lat' dir='ltr'><strong>uti</strong></span> <span class='ocrx_word' id='word_1_1082' title='bbox 3228 4334 3453 4389; x_wconf 88' lang='lat' dir='ltr'><strong>assidue</strong></span> <span class='ocrx_word' id='word_1_1083' title='bbox 3484 4335 3794 4399; x_wconf 88' lang='lat' dir='ltr'><strong>voluerint,</strong></span> 
     </span>
    </p>
   </div>
   <div class='ocr_carea' id='block_1_136' title="bbox 2067 4404 3793 4529">
    <p class='ocr_par' dir='ltr' id='par_1_136' title="bbox 2067 4404 3793 4529">
     <span class='ocr_line' id='line_1_146' title="bbox 2067 4404 3793 4529; baseline 0.001 -70"><span class='ocrx_word' id='word_1_1084' title='bbox 2067 4422 2110 4480; x_wconf 84' lang='grc' dir='ltr'><strong>ι)</strong></span> <span class='ocrx_word' id='word_1_1085' title='bbox 2140 4408 2407 4529; x_wconf 64' lang='lat' dir='ltr'><strong>prompta</strong></span> <span class='ocrx_word' id='word_1_1086' title='bbox 2426 4421 2651 4475; x_wconf 89' lang='lat' dir='ltr'><strong>semper</strong></span> <span class='ocrx_word' id='word_1_1087' title='bbox 2674 4404 2993 4459; x_wconf 88' lang='lat' dir='ltr'><strong>subserviat</strong></span> <span class='ocrx_word' id='word_1_1088' title='bbox 3008 4408 3178 4475; x_wconf 91' lang='lat' dir='ltr'><strong>atque</strong></span> <span class='ocrx_word' id='word_1_1089' title='bbox 3199 4410 3546 4460; x_wconf 91' lang='lat' dir='ltr'><strong>constanter.</strong></span> <span class='ocrx_word' id='word_1_1090' title='bbox 3577 4406 3793 4463; x_wconf 84' lang='lat' dir='ltr'><strong>Utenti-</strong></span> 
     </span>
     <span class='ocr_line' id='line_1_147' title="bbox 2180 4475 3793 4529; baseline 0 0"><span class='ocrx_word' id='word_1_1091' title='bbox 2180 4493 2243 4529; x_wconf 89' lang='lat' dir='ltr'><strong>us</strong></span> <span class='ocrx_word' id='word_1_1092' title='bbox 2277 4492 2407 4529; x_wconf 89' lang='lat' dir='ltr'><strong>vero</strong></span> <span class='ocrx_word' id='word_1_1093' title='bbox 2431 4475 2699 4529; x_wconf 81' lang='lat' dir='ltr'><strong>primum.</strong></span> <span class='ocrx_word' id='word_1_1094' title='bbox 2725 4477 2824 4529; x_wconf 93' lang='lat' dir='ltr'><strong>sed</strong></span> <span class='ocrx_word' id='word_1_1095' title='bbox 2842 4492 2973 4529; x_wconf 89' lang='lat' dir='ltr'><strong>mox</strong></span> <span class='ocrx_word' id='word_1_1096' title='bbox 2993 4476 3397 4529; x_wconf 87' lang='lat' dir='ltr'><strong>resilientibus.</strong></span> <span class='ocrx_word' id='word_1_1097' title='bbox 3430 4481 3487 4529; x_wconf 90' lang='lat' dir='ltr'><strong>et</strong></span> <span class='ocrx_word' id='word_1_1098' title='bbox 3517 4476 3793 4529; x_wconf 82' lang='lat' dir='ltr'><strong>aliorsum</strong></span> 
     </span>
    </p>
   </div>
   <div class='ocr_carea' id='block_1_137' title="bbox 2180 4476 3793 4547">
    <p class='ocr_par' dir='ltr' id='par_1_137' title="bbox 2180 4476 3793 4547">
     <span class='ocr_line' id='line_1_148' title="bbox 2180 4476 3793 4547; baseline 0.001 -16"><span class='ocrx_word' id='word_1_1099' title='bbox 2180 4493 2243 4531; x_wconf 90' lang='lat' dir='ltr'><strong>us</strong></span> <span class='ocrx_word' id='word_1_1100' title='bbox 2277 4492 2407 4531; x_wconf 87' lang='lat' dir='ltr'><strong>vero</strong></span> <span class='ocrx_word' id='word_1_1101' title='bbox 2431 4476 2699 4547; x_wconf 89' lang='lat' dir='ltr'><strong>primum,</strong></span> <span class='ocrx_word' id='word_1_1102' title='bbox 2722 4477 2824 4547; x_wconf 87' lang='lat' dir='ltr'><strong>sed</strong></span> <span class='ocrx_word' id='word_1_1103' title='bbox 2842 4492 2973 4547; x_wconf 89' lang='lat' dir='ltr'><strong>mox</strong></span> <span class='ocrx_word' id='word_1_1104' title='bbox 2993 4476 3487 4547; x_wconf 12' lang='lat' dir='ltr'><strong>resilientibus,ret</strong></span> <span class='ocrx_word' id='word_1_1105' title='bbox 3517 4476 3793 4532; x_wconf 88' lang='lat' dir='ltr'><strong>aliorsum</strong></span> 
     </span>
    </p>
   </div>
   <div class='ocr_carea' id='block_1_138' title="bbox 2140 4546 3791 4617">
    <p class='ocr_par' dir='ltr' id='par_1_138' title="bbox 2140 4546 3791 4617">
     <span class='ocr_line' id='line_1_149' title="bbox 2140 4546 3791 4617; baseline 0.001 -16"><span class='ocrx_word' id='word_1_1106' title='bbox 2140 4546 2330 4601; x_wconf 86' lang='lat' dir='ltr'><strong>studia</strong></span> <span class='ocrx_word' id='word_1_1107' title='bbox 2359 4546 2463 4601; x_wconf 83' lang='lat' dir='ltr'><strong>sua</strong></span> <span class='ocrx_word' id='word_1_1108' title='bbox 2488 4546 2861 4613; x_wconf 89' lang='lat' dir='ltr'><strong>vertentibus,</strong></span> <span class='ocrx_word' id='word_1_1109' title='bbox 2894 4546 3017 4617; x_wconf 91' lang='lat' dir='ltr'><strong>ipsa</strong></span> <span class='ocrx_word' id='word_1_1110' title='bbox 3041 4563 3264 4617; x_wconf 90' lang='lat' dir='ltr'><strong>quoque</strong></span> <span class='ocrx_word' id='word_1_1111' title='bbox 3304 4546 3543 4601; x_wconf 89' lang='lat' dir='ltr'><strong>desistat</strong></span> <span class='ocrx_word' id='word_1_1112' title='bbox 3569 4550 3791 4613; x_wconf 87' lang='lat' dir='ltr'><strong>adesse,</strong></span> 
     </span>
    </p>
   </div>
   <div class='ocr_carea' id='block_1_139' title="bbox 2140 4617 3792 4690">
    <p class='ocr_par' dir='ltr' id='par_1_139' title="bbox 2140 4617 3792 4690">
     <span class='ocr_line' id='line_1_150' title="bbox 2140 4617 3792 4690; baseline 0.001 -18"><span class='ocrx_word' id='word_1_1113' title='bbox 2140 4617 2442 4690; x_wconf 87' lang='lat' dir='ltr'><strong>donecipsi</strong></span> <span class='ocrx_word' id='word_1_1114' title='bbox 2460 4620 2647 4690; x_wconf 83' lang='lat' dir='ltr'><strong>denuo</strong></span> <span class='ocrx_word' id='word_1_1115' title='bbox 2668 4617 2818 4690; x_wconf 88' lang='lat' dir='ltr'><strong>illius</strong></span> <span class='ocrx_word' id='word_1_1116' title='bbox 2840 4617 3276 4673; x_wconf 85' lang='lat' dir='ltr'><strong>coefﬂcientiam</strong></span> <span class='ocrx_word' id='word_1_1117' title='bbox 3313 4618 3545 4688; x_wconf 88' lang='lat' dir='ltr'><strong>exigant</strong></span> <span class='ocrx_word' id='word_1_1118' title='bbox 3572 4636 3585 4683; x_wconf 91' lang='lat'>;</span> <span class='ocrx_word' id='word_1_1119' title='bbox 3614 4636 3792 4690; x_wconf 87' lang='lat' dir='ltr'><strong>eaque</strong></span> 
     </span>
    </p>
   </div>
   <div class='ocr_carea' id='block_1_140' title="bbox 2140 4688 3791 4759">
    <p class='ocr_par' dir='ltr' id='par_1_140' title="bbox 2140 4688 3791 4759">
     <span class='ocr_line' id='line_1_151' title="bbox 2140 4688 3791 4759; baseline 0 -16"><span class='ocrx_word' id='word_1_1120' title='bbox 2140 4688 2426 4759; x_wconf 90' lang='lat' dir='ltr'><strong>exigentia</strong></span> <span class='ocrx_word' id='word_1_1121' title='bbox 2446 4688 2753 4743; x_wconf 88' lang='lat' dir='ltr'><strong>voluntatis</strong></span> <span class='ocrx_word' id='word_1_1122' title='bbox 2771 4690 3149 4759; x_wconf 70' lang='lat' dir='ltr'><strong>operabundaa</strong></span> <span class='ocrx_word' id='word_1_1123' title='bbox 3164 4690 3443 4759; x_wconf 87' lang='lat' dir='ltr'><strong>advocent</strong></span> <span class='ocrx_word' id='word_1_1124' title='bbox 3456 4688 3718 4744; x_wconf 82' lang='lat' dir='ltr'><strong>divinam</strong></span> <span class='ocrx_word' id='word_1_1125' title='bbox 3730 4690 3791 4743; x_wconf 87' lang='lat' dir='ltr'><strong>il-</strong></span> 
     </span>
    </p>
   </div>
   <div class='ocr_carea' id='block_1_141' title="bbox 2138 4758 3785 4831">
    <p class='ocr_par' dir='ltr' id='par_1_141' title="bbox 2138 4758 3785 4831">
     <span class='ocr_line' id='line_1_152' title="bbox 2138 4758 3785 4831; baseline 0.001 -18"><span class='ocrx_word' id='word_1_1126' title='bbox 2138 4758 2255 4831; x_wconf 81' lang='lat' dir='ltr'><strong>lam</strong></span> <span class='ocrx_word' id='word_1_1127' title='bbox 2272 4758 2518 4831; x_wconf 85' lang='lat' dir='ltr'><strong>gratiam</strong></span> <span class='ocrx_word' id='word_1_1128' title='bbox 2532 4760 2603 4814; x_wconf 89' lang='lat' dir='ltr'><strong>ad</strong></span> <span class='ocrx_word' id='word_1_1129' title='bbox 2616 4758 3119 4831; x_wconf 82' lang='lat' dir='ltr'><strong>compugnandum</strong></span> <span class='ocrx_word' id='word_1_1130' title='bbox 3136 4758 3322 4831; x_wconf 59' lang='grc' dir='ltr'><strong>εἰδῶ.</strong></span> <span class='ocrx_word' id='word_1_1131' title='bbox 3336 4763 3785 4830; x_wconf 88' lang='lat' dir='ltr'><strong>cooperandum.</strong></span> 
     </span>
    </p>
   </div>
   <div class='ocr_carea' id='block_1_142' title="bbox 2138 4777 3785 4901">
    <p class='ocr_par' dir='ltr' id='par_1_142' title="bbox 2138 4777 3785 4901">
     <span class='ocr_line' id='line_1_153' title="bbox 2138 4777 3785 4884; baseline 0.001 -71"><span class='ocrx_word' id='word_1_1132' title='bbox 2138 4777 2255 4814; x_wconf 78' lang='lat' dir='ltr'><strong>iam</strong></span> <span class='ocrx_word' id='word_1_1133' title='bbox 2272 4777 2518 4884; x_wconf 60' lang='lat' dir='ltr'><strong>gratiam</strong></span> <span class='ocrx_word' id='word_1_1134' title='bbox 2532 4777 2603 4814; x_wconf 85' lang='lat' dir='ltr'><strong>au</strong></span> <span class='ocrx_word' id='word_1_1135' title='bbox 2616 4777 3119 4831; x_wconf 79' lang='lat' dir='ltr'><strong>compugnandum</strong></span> <span class='ocrx_word' id='word_1_1136' title='bbox 3136 4777 3322 4831; x_wconf 57' lang='lat' dir='ltr'><strong>eia“.</strong></span> <span class='ocrx_word' id='word_1_1137' title='bbox 3336 4777 3785 4830; x_wconf 77' lang='lat' dir='ltr'><strong>cooperandum.</strong></span> 
     </span>
     <span class='ocr_line' id='line_1_154' title="bbox 2138 4830 3785 4901; baseline 0.001 -18"><span class='ocrx_word' id='word_1_1138' title='bbox 2138 4830 2251 4884; x_wconf 89' lang='lat' dir='ltr'><strong>Illis</strong></span> <span class='ocrx_word' id='word_1_1139' title='bbox 2314 4830 2536 4900; x_wconf 90' lang='lat' dir='ltr'><strong>enique,</strong></span> <span class='ocrx_word' id='word_1_1140' title='bbox 2566 4831 2661 4900; x_wconf 93' lang='lat' dir='ltr'><strong>qui</strong></span> <span class='ocrx_word' id='word_1_1141' title='bbox 2693 4830 2905 4886; x_wconf 89' lang='lat' dir='ltr'><strong>inertes</strong></span> <span class='ocrx_word' id='word_1_1142' title='bbox 2932 4848 3180 4901; x_wconf 89' lang='lat' dir='ltr'><strong>prorsus,</strong></span> <span class='ocrx_word' id='word_1_1143' title='bbox 3198 4848 3265 4885; x_wconf 90' lang='lat' dir='ltr'><strong>ac</strong></span> <span class='ocrx_word' id='word_1_1144' title='bbox 3292 4830 3409 4885; x_wconf 87' lang='lat' dir='ltr'><strong>otio</strong></span> <span class='ocrx_word' id='word_1_1145' title='bbox 3444 4838 3785 4895; x_wconf 81' lang='lat' dir='ltr'><strong>marcentes,</strong></span> 
     </span>
    </p>
   </div>
   <div class='ocr_carea' id='block_1_143' title="bbox 2138 4901 3789 4971">
    <p class='ocr_par' dir='ltr' id='par_1_143' title="bbox 2138 4901 3789 4971">
     <span class='ocr_line' id='line_1_155' title="bbox 2138 4901 3789 4971; baseline 0.001 -16"><span class='ocrx_word' id='word_1_1146' title='bbox 2138 4901 2390 4971; x_wconf 89' lang='lat' dir='ltr'><strong>primum</strong></span> <span class='ocrx_word' id='word_1_1147' title='bbox 2409 4906 2600 4956; x_wconf 90' lang='lat' dir='ltr'><strong>actum</strong></span> <span class='ocrx_word' id='word_1_1148' title='bbox 2630 4901 2870 4957; x_wconf 90' lang='lat' dir='ltr'><strong>liberum</strong></span> <span class='ocrx_word' id='word_1_1149' title='bbox 2889 4901 3275 4956; x_wconf 89' lang='lat' dir='ltr'><strong>conversionis</strong></span> <span class='ocrx_word' id='word_1_1150' title='bbox 3298 4904 3371 4957; x_wconf 92' lang='lat' dir='ltr'><strong>ad</strong></span> <span class='ocrx_word' id='word_1_1151' title='bbox 3388 4904 3567 4956; x_wconf 88' lang='lat' dir='ltr'><strong>Deum</strong></span> <span class='ocrx_word' id='word_1_1152' title='bbox 3591 4904 3789 4959; x_wconf 86' lang='lat' dir='ltr'><strong>elicere</strong></span> 
     </span>
    </p>
   </div>
   <div class='ocr_carea' id='block_1_144' title="bbox 2139 4971 3790 5044">
    <p class='ocr_par' dir='ltr' id='par_1_144' title="bbox 2139 4971 3790 5044">
     <span class='ocr_line' id='line_1_156' title="bbox 2139 4971 3790 5044; baseline 0.001 -18"><span class='ocrx_word' id='word_1_1153' title='bbox 2139 4971 2689 5044; x_wconf 89' lang='lat' dir='ltr'><strong>renuerint,prorsus</strong></span> <span class='ocrx_word' id='word_1_1154' title='bbox 2716 4990 2775 5027; x_wconf 89' lang='lat' dir='ltr'><strong>se</strong></span> <span class='ocrx_word' id='word_1_1155' title='bbox 2806 4977 2991 5043; x_wconf 87' lang='lat' dir='ltr'><strong>neget:</strong></span> <span class='ocrx_word' id='word_1_1156' title='bbox 3017 4990 3082 5029; x_wconf 88' lang='lat' dir='ltr'><strong>eo</strong></span> <span class='ocrx_word' id='word_1_1157' title='bbox 3109 4973 3259 5042; x_wconf 91' lang='lat' dir='ltr'><strong>quod</strong></span> <span class='ocrx_word' id='word_1_1158' title='bbox 3282 4973 3475 5027; x_wconf 91' lang='lat' dir='ltr'><strong>divina</strong></span> <span class='ocrx_word' id='word_1_1159' title='bbox 3496 4974 3790 5044; x_wconf 88' lang='lat' dir='ltr'><strong>Sapientia</strong></span> 
     </span>
    </p>
   </div>
   <div class='ocr_carea' id='block_1_145' title="bbox 2140 5043 3786 5107">
    <p class='ocr_par' dir='ltr' id='par_1_145' title="bbox 2140 5043 3786 5107">
     <span class='ocr_line' id='line_1_157' title="bbox 2140 5043 3786 5107; baseline 0.001 -10"><span class='ocrx_word' id='word_1_1160' title='bbox 2140 5048 2201 5097; x_wconf 92' lang='lat' dir='ltr'><strong>ut</strong></span> <span class='ocrx_word' id='word_1_1161' title='bbox 2225 5043 2437 5098; x_wconf 90' lang='lat' dir='ltr'><strong>tumori</strong></span> <span class='ocrx_word' id='word_1_1162' title='bbox 2465 5048 2660 5097; x_wconf 90' lang='lat' dir='ltr'><strong>nostro</strong></span> <span class='ocrx_word' id='word_1_1163' title='bbox 2692 5045 2865 5098; x_wconf 89' lang='lat' dir='ltr'><strong>simul</strong></span> <span class='ocrx_word' id='word_1_1164' title='bbox 2898 5048 2955 5097; x_wconf 89' lang='lat' dir='ltr'><strong>et</strong></span> <span class='ocrx_word' id='word_1_1165' title='bbox 2984 5045 3185 5098; x_wconf 90' lang='lat' dir='ltr'><strong>honori</strong></span> <span class='ocrx_word' id='word_1_1166' title='bbox 3217 5043 3663 5107; x_wconf 26' lang='lat' dir='ltr'><strong>consuleret,’ut</strong></span> <span class='ocrx_word' id='word_1_1167' title='bbox 3697 5063 3786 5100; x_wconf 92' lang='lat' dir='ltr'><strong>sa-</strong></span> 
     </span>
    </p>
   </div>
   <div class='ocr_carea' id='block_1_146' title="bbox 2138 5113 3788 5184">
    <p class='ocr_par' dir='ltr' id='par_1_146' title="bbox 2138 5113 3788 5184">
     <span class='ocr_line' id='line_1_158' title="bbox 2138 5113 3788 5184; baseline 0.001 -17"><span class='ocrx_word' id='word_1_1168' title='bbox 2138 5113 2492 5184; x_wconf 87' lang='lat' dir='ltr'><strong>pientissime</strong></span> <span class='ocrx_word' id='word_1_1169' title='bbox 2543 5115 2825 5184; x_wconf 89' lang='lat' dir='ltr'><strong>ponderat</strong></span> <span class='ocrx_word' id='word_1_1170' title='bbox 2879 5115 2969 5168; x_wconf 89' lang='lat' dir='ltr'><strong>hic</strong></span> <span class='ocrx_word' id='word_1_1171' title='bbox 3024 5115 3142 5184; x_wconf 92' lang='lat' dir='ltr'><strong>ipse</strong></span> <span class='ocrx_word' id='word_1_1172' title='bbox 3175 5114 3232 5168; x_wconf 85' lang='lat' dir='ltr'><strong>S.</strong></span> <span class='ocrx_word' id='word_1_1173' title='bbox 3288 5115 3349 5171; x_wconf 89' lang='lat' dir='ltr'><strong>P.</strong></span> <span class='ocrx_word' id='word_1_1174' title='bbox 3390 5115 3596 5171; x_wconf 90' lang='lat' dir='ltr'><strong>homil.</strong></span> <span class='ocrx_word' id='word_1_1175' title='bbox 3635 5116 3788 5171; x_wconf 88' lang='lat' dir='ltr'><strong>83in</strong></span> 
     </span>
    </p>
   </div>
   <div class='ocr_carea' id='block_1_147' title="bbox 2138 5184 3785 5255">
    <p class='ocr_par' dir='ltr' id='par_1_147' title="bbox 2138 5184 3785 5255">
     <span class='ocr_line' id='line_1_159' title="bbox 2138 5184 3785 5255; baseline -0.001 -15"><span class='ocrx_word' id='word_1_1176' title='bbox 2138 5186 2357 5249; x_wconf 71' lang='lat' dir='ltr'><strong>Matth,</strong></span> <span class='ocrx_word' id='word_1_1177' title='bbox 2392 5189 2443 5240; x_wconf 88' lang='lat' dir='ltr'><strong>et</strong></span> <span class='ocrx_word' id='word_1_1178' title='bbox 2470 5186 2539 5239; x_wconf 83' lang='lat'><strong>60</strong></span> <span class='ocrx_word' id='word_1_1179' title='bbox 2566 5186 2639 5239; x_wconf 90' lang='lat' dir='ltr'><strong>ad</strong></span> <span class='ocrx_word' id='word_1_1180' title='bbox 2672 5202 2825 5255; x_wconf 90' lang='lat' dir='ltr'><strong>pop.,</strong></span> <span class='ocrx_word' id='word_1_1181' title='bbox 2849 5185 2906 5239; x_wconf 90' lang='lat' dir='ltr'><strong>in</strong></span> <span class='ocrx_word' id='word_1_1182' title='bbox 2938 5185 3059 5254; x_wconf 89' lang='lat' dir='ltr'><strong>ipso</strong></span> <span class='ocrx_word' id='word_1_1183' title='bbox 3094 5184 3277 5246; x_wconf 91' lang='lat' dir='ltr'><strong>initio,</strong></span> <span class='ocrx_word' id='word_1_1184' title='bbox 3308 5186 3554 5241; x_wconf 90' lang='lat' dir='ltr'><strong>voluerit</strong></span> <span class='ocrx_word' id='word_1_1185' title='bbox 3579 5203 3687 5243; x_wconf 92' lang='lat' dir='ltr'><strong>nec</strong></span> <span class='ocrx_word' id='word_1_1186' title='bbox 3711 5191 3785 5240; x_wconf 87' lang='lat' dir='ltr'><strong>to-</strong></span> 
     </span>
    </p>
   </div>
   <div class='ocr_carea' id='block_1_148' title="bbox 2138 5255 3788 5329">
    <p class='ocr_par' dir='ltr' id='par_1_148' title="bbox 2138 5255 3788 5329">
     <span class='ocr_line' id='line_1_160' title="bbox 2138 5255 3788 5329; baseline 0.001 -20"><span class='ocrx_word' id='word_1_1187' title='bbox 2138 5260 2261 5329; x_wconf 88' lang='lat' dir='ltr'><strong>tum</strong></span> <span class='ocrx_word' id='word_1_1188' title='bbox 2293 5255 2726 5329; x_wconf 83' lang='lat' dir='ltr'><strong>libertatisesse,</strong></span> <span class='ocrx_word' id='word_1_1189' title='bbox 2752 5273 2824 5329; x_wconf 81' lang='lat' dir='ltr'><strong>ne</strong></span> <span class='ocrx_word' id='word_1_1190' title='bbox 2843 5256 3295 5326; x_wconf 85' lang='lat' dir='ltr'><strong>superbiremus;</strong></span> <span class='ocrx_word' id='word_1_1191' title='bbox 3326 5272 3429 5311; x_wconf 90' lang='lat' dir='ltr'><strong>nec</strong></span> <span class='ocrx_word' id='word_1_1192' title='bbox 3458 5261 3648 5312; x_wconf 88' lang='lat' dir='ltr'><strong>totum</strong></span> <span class='ocrx_word' id='word_1_1193' title='bbox 3670 5273 3788 5329; x_wconf 88' lang='lat' dir='ltr'><strong>gra-</strong></span> 
     </span>
    </p>
   </div>
   <div class='ocr_carea' id='block_1_149' title="bbox 2137 5326 3784 5397">
    <p class='ocr_par' dir='ltr' id='par_1_149' title="bbox 2137 5326 3784 5397">
     <span class='ocr_line' id='line_1_161' title="bbox 2137 5326 3784 5397; baseline 0.002 -17"><span class='ocrx_word' id='word_1_1194' title='bbox 2137 5327 2254 5392; x_wconf 67' lang='lat' dir='ltr'><strong>tiae,</strong></span> <span class='ocrx_word' id='word_1_1195' title='bbox 2289 5332 2351 5381; x_wconf 91' lang='lat' dir='ltr'><strong>ut</strong></span> <span class='ocrx_word' id='word_1_1196' title='bbox 2378 5326 2558 5381; x_wconf 90' lang='lat' dir='ltr'><strong>virtus</strong></span> <span class='ocrx_word' id='word_1_1197' title='bbox 2589 5332 2737 5382; x_wconf 85' lang='lat' dir='ltr'><strong>esset</strong></span> <span class='ocrx_word' id='word_1_1198' title='bbox 2754 5327 2946 5397; x_wconf 90' lang='lat' dir='ltr'><strong>aliqua</strong></span> <span class='ocrx_word' id='word_1_1199' title='bbox 2976 5344 3041 5382; x_wconf 92' lang='lat' dir='ltr'><strong>ex</strong></span> <span class='ocrx_word' id='word_1_1200' title='bbox 3060 5330 3221 5397; x_wconf 87' lang='lat' dir='ltr'><strong>parte</strong></span> <span class='ocrx_word' id='word_1_1201' title='bbox 3253 5328 3466 5381; x_wconf 88' lang='lat' dir='ltr'><strong>bonum</strong></span> <span class='ocrx_word' id='word_1_1202' title='bbox 3502 5326 3784 5393; x_wconf 78' lang='lat' dir='ltr'><strong>nostrum,</strong></span> 
     </span>
    </p>
   </div>
   <div class='ocr_carea' id='block_1_150' title="bbox 2137 5397 3787 5468">
    <p class='ocr_par' dir='ltr' id='par_1_150' title="bbox 2137 5397 3787 5468">
     <span class='ocr_line' id='line_1_162' title="bbox 2137 5397 3787 5468; baseline 0.001 -18"><span class='ocrx_word' id='word_1_1203' title='bbox 2137 5401 2419 5468; x_wconf 91' lang='lat' dir='ltr'><strong>quatenus</strong></span> <span class='ocrx_word' id='word_1_1204' title='bbox 2446 5397 2658 5452; x_wconf 89' lang='lat' dir='ltr'><strong>scilicet</strong></span> <span class='ocrx_word' id='word_1_1205' title='bbox 2677 5400 2936 5453; x_wconf 83' lang='lat' dir='ltr'><strong>voluntas</strong></span> <span class='ocrx_word' id='word_1_1206' title='bbox 2967 5402 3260 5468; x_wconf 71' lang='lat' dir='ltr'><strong>praeventa</strong></span> <span class='ocrx_word' id='word_1_1207' title='bbox 3284 5397 3520 5452; x_wconf 86' lang='lat' dir='ltr'><strong>admisit</strong></span> <span class='ocrx_word' id='word_1_1208' title='bbox 3541 5399 3720 5455; x_wconf 87' lang='lat' dir='ltr'><strong>libere</strong></span> <span class='ocrx_word' id='word_1_1209' title='bbox 3738 5403 3787 5453; x_wconf 86' lang='lat' dir='ltr'><strong>et</strong></span> 
     </span>
    </p>
   </div>
   <div class='ocr_carea' id='block_1_151' title="bbox 2137 5468 3787 5540">
    <p class='ocr_par' dir='ltr' id='par_1_151' title="bbox 2137 5468 3787 5540">
     <span class='ocr_line' id='line_1_163' title="bbox 2137 5468 3787 5540; baseline 0.002 -19"><span class='ocrx_word' id='word_1_1210' title='bbox 2137 5469 2437 5540; x_wconf 82' lang='lat' dir='ltr'><strong>advocavit</strong></span> <span class='ocrx_word' id='word_1_1211' title='bbox 2456 5468 2723 5540; x_wconf 89' lang='lat' dir='ltr'><strong>gratiam,</strong></span> <span class='ocrx_word' id='word_1_1212' title='bbox 2758 5473 2924 5540; x_wconf 89' lang='lat' dir='ltr'><strong>prout</strong></span> <span class='ocrx_word' id='word_1_1213' title='bbox 2944 5473 3073 5523; x_wconf 93' lang='lat' dir='ltr'><strong>actu</strong></span> <span class='ocrx_word' id='word_1_1214' title='bbox 3106 5474 3514 5539; x_wconf 89' lang='lat' dir='ltr'><strong>cooperantem</strong></span> <span class='ocrx_word' id='word_1_1215' title='bbox 3557 5476 3616 5525; x_wconf 89' lang='lat' dir='ltr'><strong>et</strong></span> <span class='ocrx_word' id='word_1_1216' title='bbox 3642 5469 3787 5525; x_wconf 86' lang='lat' dir='ltr'><strong>coef-</strong></span> 
     </span>
    </p>
   </div>
   <div class='ocr_carea' id='block_1_152' title="bbox 2135 5538 3783 5621">
    <p class='ocr_par' dir='ltr' id='par_1_152' title="bbox 2135 5538 3783 5621">
     <span class='ocr_line' id='line_1_164' title="bbox 2135 5538 3783 5621; baseline 0.001 -28"><span class='ocrx_word' id='word_1_1217' title='bbox 2135 5538 2916 5621; x_wconf 35' lang='lat' dir='ltr'><strong>ﬁcientemiquiavoluntas</strong></span> <span class='ocrx_word' id='word_1_1218' title='bbox 2974 5539 3129 5621; x_wconf 83' lang='lat' dir='ltr'><strong>prius</strong></span> <span class='ocrx_word' id='word_1_1219' title='bbox 3182 5538 3425 5621; x_wconf 72' lang='lat' dir='ltr'><strong>ratione,</strong></span> <span class='ocrx_word' id='word_1_1220' title='bbox 3493 5542 3783 5611; x_wconf 64' lang='lat' dir='ltr'><strong>pramisso</strong></span> 
     </span>
    </p>
   </div>
   <div class='ocr_carea' id='block_1_153' title="bbox 2135 5610 3545 5683">
    <p class='ocr_par' dir='ltr' id='par_1_153' title="bbox 2135 5610 3545 5683">
     <span class='ocr_line' id='line_1_165' title="bbox 2135 5610 3545 5683; baseline 0.001 -18"><span class='ocrx_word' id='word_1_1221' title='bbox 2135 5610 2357 5683; x_wconf 68' lang='lat' dir='ltr'><strong>caelesti</strong></span> <span class='ocrx_word' id='word_1_1222' title='bbox 2380 5610 3017 5683; x_wconf 79' lang='lat' dir='ltr'><strong>afflatu,determinavit</strong></span> <span class='ocrx_word' id='word_1_1223' title='bbox 3041 5627 3101 5683; x_wconf 84' lang='lat' dir='ltr'><strong>se</strong></span> <span class='ocrx_word' id='word_1_1224' title='bbox 3130 5611 3205 5666; x_wconf 89' lang='lat' dir='ltr'><strong>ad</strong></span> <span class='ocrx_word' id='word_1_1225' title='bbox 3231 5610 3545 5683; x_wconf 88' lang='lat' dir='ltr'><strong>agendum.</strong></span> 
     </span>
    </p>
   </div>
   <div class='ocr_carea' id='block_1_154' title="bbox 2211 5680 3781 5752">
    <p class='ocr_par' dir='ltr' id='par_1_154' title="bbox 2211 5680 3781 5752">
     <span class='ocr_line' id='line_1_166' title="bbox 2211 5680 3781 5752; baseline 0 -16"><span class='ocrx_word' id='word_1_1226' title='bbox 2211 5680 2299 5737; x_wconf 80' lang='grc'><strong>12.</strong></span> <span class='ocrx_word' id='word_1_1227' title='bbox 2333 5681 2495 5736; x_wconf 79' lang='lat' dir='ltr'><strong>Addo</strong></span> <span class='ocrx_word' id='word_1_1228' title='bbox 2522 5685 2813 5752; x_wconf 90' lang='lat' dir='ltr'><strong>postremo</strong></span> <span class='ocrx_word' id='word_1_1229' title='bbox 2846 5682 2970 5737; x_wconf 93' lang='lat' dir='ltr'><strong>loco</strong></span> <span class='ocrx_word' id='word_1_1230' title='bbox 2998 5680 3293 5752; x_wconf 75' lang='lat' dir='ltr'><strong>insignem</strong></span> <span class='ocrx_word' id='word_1_1231' title='bbox 3314 5683 3369 5737; x_wconf 90' lang='lat' dir='ltr'><strong>S.</strong></span> <span class='ocrx_word' id='word_1_1232' title='bbox 3405 5682 3680 5739; x_wconf 86' lang='lat' dir='ltr'><strong>Bernardi</strong></span> <span class='ocrx_word' id='word_1_1233' title='bbox 3705 5682 3781 5737; x_wconf 85' lang='lat' dir='ltr'><strong>lo-</strong></span> 
     </span>
    </p>
   </div>
   <div class='ocr_carea' id='block_1_155' title="bbox 2134 5752 3781 5830">
    <p class='ocr_par' dir='ltr' id='par_1_155' title="bbox 2134 5752 3781 5830">
     <span class='ocr_line' id='line_1_167' title="bbox 2134 5752 3781 5830; baseline 0.001 -22"><span class='ocrx_word' id='word_1_1234' title='bbox 2134 5766 2287 5810; x_wconf 87' lang='lat' dir='ltr'><strong>cum.</strong></span> <span class='ocrx_word' id='word_1_1235' title='bbox 2321 5755 2488 5812; x_wconf 84' lang='lat' dir='ltr'><strong>tract.</strong></span> <span class='ocrx_word' id='word_1_1236' title='bbox 2521 5752 2591 5811; x_wconf 86' lang='lat' dir='ltr'><strong>de</strong></span> <span class='ocrx_word' id='word_1_1237' title='bbox 2620 5752 2820 5813; x_wconf 88' lang='lat' dir='ltr'><strong>Gratia</strong></span> <span class='ocrx_word' id='word_1_1238' title='bbox 2843 5756 2900 5812; x_wconf 88' lang='lat' dir='ltr'><strong>et</strong></span> <span class='ocrx_word' id='word_1_1239' title='bbox 2927 5752 3048 5814; x_wconf 88' lang='lat' dir='ltr'><strong>Lib.</strong></span> <span class='ocrx_word' id='word_1_1240' title='bbox 3068 5754 3274 5824; x_wconf 81' lang='lat' dir='ltr'><strong>Arbit.,</strong></span> <span class='ocrx_word' id='word_1_1241' title='bbox 3306 5752 3725 5830; x_wconf 81' lang='lat' dir='ltr'><strong>aliquantulum</strong></span> <span class='ocrx_word' id='word_1_1242' title='bbox 3748 5768 3781 5810; x_wconf 74' lang='grc' dir='ltr'><strong>ι</strong></span> 
     </span>
    </p>
   </div>
  </div>
