3986 6178
374 260 489 323 819

1213 258 1335 319 ΤΗ.
1378 251 1760 319 RAYNAUDI
1804 247 2172 314 APOLOGIA
2212 249 2351 311 PRO
2388 250 2451 311 S.
2496 249 2943 323 VALERIANO.

3673 251 3792 312 820

377 412 547 451 εκιτιε
573 392 740 449 dixit.
781 392 930 449 Unde
953 397 1031 449 est
1060 406 1189 461 ergo
1210 389 1349 461 quod
1386 388 1536 442 vobis
1582 388 1880 457 perfectam
1908 400 2030 439 san-
2061 387 2109 447 Α
2137 382 2222 453 fre
2259 389 2455 437 uenter
2469 382 2656 438 adesse
2684 402 2705 438 :
2735 384 2974 438 homines
3000 398 3127 436 vero
3145 382 3371 437 virtutis
3404 381 3481 436 vis
3503 397 3608 451 per
3622 398 3794 436 senon

377 469 631 523 ctitatem
652 465 713 519 de
742 464 993 524 superbia
1026 461 1353 516 vindicatis?
1376 461 1605 513 Frustra
1635 457 1919 512 anniteret
1935 456 2029 509 de-
2138 399 2348 524 stt/(lict!
2367 453 2436 506 ad
2475 456 2603 509 vitae
2624 457 2878 523 formam
2921 453 3215 509 absolutam
3268 452 3636 508 extollendos,
3682 456 3794 508 Nm

374 469 631 523 ctitatem
652 465 713 519 de
742 464 993 538 superbia
1026 456 1310 516 vindicatis
1370 456 1605 538 .Frustra
1635 457 1919 538 anniteret
1935 456 2029 535 d_e-

377 542 722 599 monstrare,
756 530 928 605 quam
962 534 1081 587 haec
1127 530 1485 605 consentiant
1544 546 1673 584 cum
1707 530 1773 582 iis
1814 544 1934 605 quae
1966 530 2024 605 i_n

377 609 684 664 Valeriano
716 598 975 675 su'specta
1007 604 1395 675 habebantur.
1430 602 1703 675 Nec‘vero
1757 602 1941 675 potest
1967 598 2023 653 S.

379 680 565 752 Optati
590 671 1209 752 auctoritasdeclinari,
1242 672 1602 752 admittendo
1622 672 1747 752 ejhus
1767 671 1991 752 lla-psum
2012 686 2025 735 ;

376 741 515 807 nam
543 751 597 804 S.
629 752 857 817 August.
893 746 987 799 lib.
1018 762 1033 799 1
1062 744 1622 817 contra_Parmen.A_cA.
1652 741 1712 817 ‘3,
1745 745 1801 797 et
1818 741 1931 817 lib._
1948 755 2028 817 _m

377 823 446 876 de
472 822 659 874 Doctr.
694 811 896 871 Christ.
932 833 1055 886 cap.
1090 816 1141 881 4,
1169 832 1234 870 ac
1262 815 1518 885 Fulgent.
1554 814 1648 868 lib.
1682 815 1721 867 i1
1779 814 1853 867 ad
1914 811 2027 866 Mo-

375 892 541 947 nim..
574 906 705 945 eum
724 905 853 943 cum
876 888 1042 942 laude
1073 887 1337 958 allegant,
1359 891 1662 957 tamquam
1690 886 2027 955 scriptorem

375 977 783 1031 usquequaque
802 958 1171 1031 catholicum.

443 1024 494 1086 5.
532 1024 589 1087 Si
619 1024 861 1102 Cyrinus
902 1029 1179 1102 Ilierosol.
1233 1028 1290 1082 in
1345 1027 1496 1082 calce
1549 1024 1901 1097 praefationis
1938 1024 2028 1102 _ad_

374 1095 709 1159 Catechcsés
743 1118 754 1155 :
789 1103 963 1156 Meum
998 1105 1074 1156 est
1104 1101 1309 1164 dicere;
1346 1106 1502 1154 tuum
1530 1095 1651 1152 vero
1706 1113 1885 1168 agere,
1930 1095 2031 1150 Dei

374 1183 557 1230 autem
590 1174 869 1243 perﬁcere.
896 1173 959 1227 Et
988 1171 1201 1226 catech.
1237 1172 1288 1233 1,
1318 1186 1447 1243 cum
1469 1168 1835 1243 praemisisset
1857 1183 2028 1243 appa-

375 1246 555 1301 ruisse
588 1238 959 1313 mysticarum
992 1243 1319 1313 plantarum
1351 1238 1535 1304 ﬂores,
1558 1258 1633 1313 iac
1682 1238 2029 1313 desiderium

376 1333 543 1373 suum
574 1308 1080 1382 sub_iunxisset,'ut
1110 1318 1165 1368 et
1196 1312 1410 1367 fructus
1441 1310 1769 1382 perficiatur
1812 1308 2030 1381 (utique

377 1405 411 1443 a
441 1388 579 1456 Deo)
609 1382 801 1440 subdit
835 1401 845 1439 :
882 1384 1154 1439 Liberalis
1183 1400 1407 1453 namque
1427 1389 1503 1437 est
1536 1382 1702 1456 Deus,
1736 1388 1783 1435 et
1828 1396 2030 1456 pronus

374 1459 443 1512 ad
463 1452 854 1527 beneﬁcentiam
872 1469 894 1525 ;
914 1462 1195 1527 exspectat
1216 1452 1422 1527 tantum
1437 1457 1533 1523 cuj
1538 1453 1725 1527 ustibet
1733 1452 2030 1527 propriam

373 1522 737 1584 voluntatem.
772 1522 1064 1597 Propterea
1101 1525 1327 1595 subjecit
1358 1525 1665 1595 Apostolus,
1722 1522 2030 1597 secundum

372 1600 713 1670 propositum
732 1594 931 1653 vocatis
946 1598 1166 1670 sanctis.
1195 1594 1550 1670 Propositum
1566 1612 1695 1670 cum
1722 1594 1869 1670 adest
1889 1608 2030 1670 pro:

368 1644 597 1742 prium,
632 1674 877 1724 vocatum
907 1676 957 1723 te
984 1669 1135 1734 facit.
1185 1644 1345 1742 Quod
1384 1665 1706 1742 exspectari
1730 1683 1763 1742 a
1803 1644 1919 1720 Dei)
1951 1664 2030 1742 ait
2066 1644 2111 1702 Β

372 1736 737 1813 prOpositum_
764 1743 1043 1813 nostrum,
1075 1743 1131 1794 et
1161 1736 1551 1813 voluntatem,_
1566 1737 1712 1813 illud
1743 1736 1929 1813 ipeum
1948 1738 2033 1789 est

375 1809 526 1883 quod
552 1810 1350 1883 Valerianus‘dixit,nostrum
1371 1815 1452 1883 est
1474 1809 1619 1883 velte.
1656 1809 1817 1883 Quod
1836 1812 2029 1883 autem

376 1877 617 1951 Cyrillus
652 1899 685 1935 a
741 1882 840 1935 Dei
893 1880 1237 1936 liberalitate
1285 1885 1342 1935 et
1393 1878 1790 1951 beneﬁcentia,
1846 1877 2029 1951 posito

376 1948 607 2027 assensu
642 1956 1039 2027 nostro_atque
1073 1953 1381 2027 proposito,
1410 1949 1596 2021 perﬁci
1622 1948 2032 2027 desideratinif

376 2025 456 2079 tia
489 2028 704 2087 nostra,
739 2028 795 2078 et
838 2020 1051 2078 fructus
1074 2020 1150 2077 ex
1178 2020 1728 2091 ﬂoribus’consequi,
1777 2020 2033 2091 agnoscit

376 2096 529 2168 quod
559 2094 896 2168 Valerianus
928 2092 1264 2168 afﬁrmavit.
1292 2094 1398 2168 Dei
1411 2110 1519 2149 esse
1538 2093 1807 2168 perﬁcere.
1828 2092 2034 2168 Exspef

377 2164 517 2222 clari
544 2183 712 2237 porro
739 2165 1105 2237 voluntatem
1124 2165 1205 2219 ait
1232 2164 1491 2237 Cyrillus,
1526 2181 1641 2237 non
1674 2164 1891 2237 nudam
1933 2165 2033 2216 aut

378 2255 444 2292 ex
466 2255 524 2292 se
545 2234 785 2291 initium
817 2237 1053 2293 dantem
1094 2234 1364 2289 humana:
1395 2234 1584 2298 saluti,
1632 2234 1733 2288 sed
1787 2249 2033 2304 praevene

378 2313 522 2373 tam,
556 2312 611 2362 et
636 2323 764 2361 cum
808 2306 997 2377 gratia
1028 2310 1435 2377 praeoperante
1488 2303 1946 2377 cooperantem._
1969 2303 2031 2357 Ei

380 2378 535 2434 enim
566 2377 645 2431 sic
672 2375 1327 2445 subs‘équenti’divinam
1373 2375 1839 2446 praeventionem,
1894 2375 2033 2429 ube-

381 2450 534 2504 riora
563 2447 777 2502 auxilia
808 2452 864 2502 et
896 2446 1183 2516 perfectio,
1218 2451 1274 2502 et
1304 2446 1501 2501 omnia
1532 2447 1683 2501 bona
1714 2446 2033 2515 rependuno

379 2526 470 2576 tur
500 2536 535 2574 a
560 2522 924 2573 muneratore
955 2517 1379 2581 liberalissimo,
1408 2536 1442 2572 a
1472 2534 1583 2588 quo
1619 2534 1738 2572 esse
1764 2516 2033 2571 humanae

379 2590 691 2647 voluntatis
721 2590 1169 2660 praeventionem
1200 2588 1661 2659 splendidissime
1688 2588 2033 2642 traditidem

382 2662 643 2731 Cyrillus.
674 2661 892 2715 catech.
929 2662 1016 2723 16,
1040 2677 1215 2731 agens
1246 2661 1315 2715 de
1346 2660 1559 2730 Spiritu
1592 2663 1810 2731 sancto,
1862 2675 2034 2731 quem

444 2736 647 2803 agnum
680 2732 977 2787 Prxsulem
1007 2738 1059 2787 et
1086 2730 1403 2803 gratiarum
1430 2730 1733 2803 parochum
1752 2730 2035 2803 (appella-

381 2801 538 2859 tione
566 2802 646 2859 illi
669 2804 898 2875 gemina
923 2820 1035 2873 qua
1066 2801 1218 2875 apud
1246 2803 1300 2857 S.
1324 2803 1531 2875 AAmbr.
1562 2802 1699 2875 lib._i
1732 2802 1799 2875 de
1823 2801 2034 2875 Spiritu

381 2880 598 2941 sancto,
637 2871 868 2930 vbcatur
898 2871 1121 2929 Praesul
1176 2873 1603 2930 benedictionum
1649 2873 1775 2943 Dei)
1827 2871 2035 2927 nostris

382 2946 771 3002 voluntatibus
804 2946 1125 3012 amantem,
1157 2950 1214 3000 et
1239 2946 1313 2999 ad
1356 2945 1553 2999 omnia
1582 2943 1811 3015 pietatis
1864 2960 2037 3015 opera

383 3016 826 3090 praevenientem
858 3016 1294 3090 elegantissime
1313 3015 1599 3090 describit.

455 3088 507 3142 6.
542 3090 598 3141 S.
634 3087 895 3151 Basilius,
930 3087 987 3140 in
1020 3104 1143 3156 cap.
1176 3104 1230 3141 v1
1276 3086 1453 3151 Isaiae,
1491 3088 1564 3140 ad
1612 3085 1754 3140 illud
1788 3102 1800 3139 :
1864 3086 2034 3152 Quem

384 3159 636 3222 mittam,
660 3157 741 3211 ita
765 3157 1050 3227 loquitur:
1082 3157 1378 3213 Observaet
1403 3163 1651 3213 exactam
1680 3156 2032 3226 disciplinam

386 3233 436 3283 et
459 3228 901 3297 circumspectum
930 3229 1291 3298 prudentiam
1319 3228 1549 3293 dicendi,
1586 3244 1702 3298 qua:
1730 3228 2035 3283 veridicum

383 3300 705 3371 prophetam
746 3299 989 3371 addecet.
1022 3299 1240 3354 Duobus
1261 3300 1406 3371 enim
1441 3299 1732 3371 propositis
1766 3300 2035 3371 sermoni-

390 3371 505 3435 bus,
538 3370 701 3425 unica
726 3370 993 3440 satisfecit
1045 3370 1417 3440 responsione.
1471 3370 1637 3436 Quem
1695 3370 1931 3440 mittam,
1989 3373 2037 3422 et

387 3443 505 3514 quis
538 3440 684 3496 ibit?
704 3442 842 3514 Ecce
872 3457 966 3514 ego
995 3439 1148 3511 sum,
1178 3441 1461 3514 mitteme.
1502 3440 1626 3495 Non
1647 3440 1775 3514 jam
1820 3439 2035 3514 adjecit,

388 3510 453 3569 ἑτ
474 3529 578 3567 eoo
608 3529 713 3569 lBO.
746 3512 1023 3584 Siquidem
1046 3512 1308 3583 susceptio
1330 3513 1489 3566 istius
1540 3510 1857 3584 apostolicae
1897 3512 2038 3580 lega-

389 3585 555 3640 tionis
578 3600 738 3654 penes
766 3581 861 3639 nos
886 3585 994 3638 sita
1014 3592 1112 3651 est,
1142 3581 1256 3638 ot'a
1286 3587 1466 3637 nostra
1514 3582 1714 3653 pendet
1755 3581 2037 3651 arbitrio;

388 3656 712 3725 conﬁrmare
735 3662 913 3709 autem
941 3655 1010 3708 ad
1036 3655 1443 3723 perfectionem,
1476 3656 1595 3723 ejus
1636 3658 1838 3725 estqui
1892 3654 2040 3725 infuf

388 3724 531 3780 sione
552 3728 753 3795 gratiae
781 3744 875 3780 nos
897 3725 1206 3781 corroborat
1248 3725 1366 3780 Dei.
1401 3726 1588 3795 Itaque
1623 3724 1793 3779 Isaias
1849 3741 1947 3793 per
1981 3724 2038 3779 id

389 3798 531 3867 quod
554 3797 742 3851 liberas
766 3804 813 3850 et
835 3799 1213 3853 electiveeerat
1230 3797 1551 3863 voluntatis,
1574 3795 1852 3863 respondit
1874 3815 1893 3850 :
1906 3797 2037 3850 Ecce

390 3885 478 3939 ego
506 3884 645 3932 sum,
682 3868 836 3923 mitte
862 3886 959 3922 me.
997 3868 1145 3936 Quod
1171 3876 1346 3939 autem
1377 3875 1496 3922 erat
1533 3868 1750 3939 gratiae,
1807 3867 2037 3937 reliquit

392 3939 634 4004 Domino,
660 3945 723 3993 ut
750 3940 842 4009 qui
863 3940 1114 4010 prapriaz
1139 3938 1382 3995 conscius
1412 3938 1758 4010 inﬁrmitatis
1804 3954 1914 3993 non
1962 3944 2039 4010 est

390 4027 552 4092 ausus
569 4008 818 4092 polliceri
844 4027 900 4092 se
926 4008 1154 4092 iturum.
1184 4012 1307 4092 Hoc
1329 4008 1477 4092 quid
1496 4008 1670 4092 aliud,
1696 4025 1867 4092 qaam
1886 4009 2039 4092 quod

392 4080 732 4136 Valerianus
762 4082 923 4147 dixit,
956 4090 1206 4138 nostrum
1232 4086 1309 4138 est
1339 4080 1482 4145 velle,
1520 4082 1613 4137 Dei
1634 4080 1932 4151 perﬁcere?

460 4153 513 4206 7.
547 4154 844 4225 Gregorius
872 4155 1059 4225 Nysa,
1099 4153 1293 4208 Basilii
1336 4152 1523 4225 Magn_i
1570 4150 1766 4225 frater,
1802 4150 1864 4225 is
1888 4167 2039 4221 quem

390 4238 584 4303 omnes
615 4221 1082 4303 Patrumpatrem
1114 4231 1300 4303 vocant
1333 4221 1452 4303 (ait
1484 4222 1783 4303 Epiphan._
1813 4221 2033 4276 diacon.

390 4294 449 4349 in
503 4296 741 4365 synodo,
786 4293 957 4351 actio.
1020 4296 1070 4357 6,
1124 4295 1315 4365 partit.
1365 4295 1442 4365 5),
1506 4293 1699 4365 libello
1752 4294 1820 4347 de
1868 4309 2036 4365 scopo

391 4364 717 4431 Christiani,
755 4366 942 4421 liberas
969 4364 1275 4419 voluntatis
1305 4368 1362 4418 et
1393 4364 1590 4434 gratia)
1651 4364 2037 4419 necessarium

389 4452 599 4491 nexum
626 4436 847 4506 egregie
878 4437 1131 4499 tradens,
1166 4438 1427 4516 nostrum
1454 4450 1578 4515 esse
1602 4435 1764 4501 velle,
1792 4434 1888 4489 Dei
1916 4452 2037 4506 per-
2068 4468 2112 4525 D

389 4505 577 4559 ﬁcere.
606 4507 871 4559 praeclare
923 4508 1106 4559 docet.
1138 4506 1324 4559 Multis
1375 4522 1531 4559 enim
1582 4506 1899 4559 adhortans
1963 4506 2038 4559 ad

389 4505 577 4573 ﬁcere,
606 4504 871 4575 praeclare
923 4508 1106 4561 docet.
1138 4506 1324 4560 Multis
1375 4504 1531 4561 enim
1582 4504 1930 4561 adhortans'
1963 4522 1995 4559 a

390 4578 762 4632 crescendum
789 4577 846 4631 in
874 4576 1196 4641 sanctitate,
1231 4581 1286 4632 et
1311 4576 1783 4633 collaborandum
1814 4576 2035 4641 spiritui

388 4646 583 4717 gratiae
609 4648 927 4719 adjuvanti,
964 4649 1086 4704 haec
1115 4648 1286 4704 habet
1319 4653 1519 4719 praeter
1548 4653 1751 4705 caetera
1786 4666 1796 4701 :
1830 4646 2036 4719 Corpo-

388 4718 470 4772 ris
487 4724 629 4775 certe
659 4718 1015 4789 augmentum
1035 4721 1111 4775 ad
1134 4718 1543 4775 increscendum
1574 4738 1675 4774 non
1698 4720 1757 4773 in
1802 4718 1949 4774 nobis
1965 4720 2035 4773 si-

388 4798 500 4862 tum
531 4797 608 4845 est
624 4807 641 4855 ;
674 4790 1083 4862 haudquaquam
1106 4800 1313 4847 natura
1337 4807 1407 4848 ex
1436 4792 1671 4846 hominis
1694 4790 1959 4845 sententia
1984 4797 2035 4846 et

388 4861 613 4916 libidine
639 4861 907 4917 staturam
934 4861 1179 4933 metitur,
1202 4864 1292 4917 sed
1316 4879 1413 4917 suo
1439 4862 1714 4932 ipsiusmet
1757 4862 1960 4933 impetu
1984 4869 2033 4916 et

386 4937 700 4989 necessitate
726 4954 744 4989 .·
767 4936 950 4991 animi
968 4952 1092 4990 vero
1119 4936 1180 4989 in
1211 4941 1366 4988 ortus
1392 4935 1737 4988 renovatione
1768 4932 1953 4987 modus
1984 4940 2031 4986 et

382 5004 560 5070 decus,
590 5023 705 5077 qua:
732 5007 960 5075 spiritus
1002 5006 1181 5076 gratia
1231 5005 1488 5077 largitur,
1516 5020 1617 5074 per
1635 5005 1750 5077 ejus
1803 5006 2030 5077 quiac-

382 5085 568 5146 ceptus
596 5075 671 5132 est
704 5077 963 5141 studium,
1005 5075 1037 5130 a
1080 5076 1310 5131 consilio
1362 5082 1541 5129 nostro
1583 5075 1835 5146 pendent.
1887 5075 2032 5129 Nam

381 5157 579 5217 quanto
604 5150 773 5220 magis
807 5149 1027 5203 labores
1051 5164 1156 5220 pro
1180 5146 1378 5220 pietate
1403 5146 1658 5220 extendit,
1685 5152 1837 5201 tanto
1866 5148 2029 5220 etiam

379 5223 559 5291 magis
577 5218 750 5275 animi
775 5218 1093 5291 magnitudo
1120 5219 1283 5272 simul
1299 5219 1615 5291 extenditur
1633 5232 1653 5287 ,'
1674 5224 1722 5272 et
1750 5218 2031 5291 sempiter-

378 5289 506 5361 nam
530 5293 693 5347 vitam
712 5298 873 5361 atque
900 5289 1237 5361 ineffabilem
1255 5305 1376 5360 qua
1400 5290 1456 5343 in
1489 5290 1643 5361 ctBlis
1662 5297 1739 5344 est
1752 5290 2025 5353 laetitiam,

381 5360 620 5427 ejusdem
638 5360 872 5431 spiritus
901 5362 1085 5432 gratia
1108 5361 1343 5417 concedit
1376 5378 1391 5414 :
1416 5360 1723 5432 accipiendi
1764 5378 1884 5415 vero
1916 5378 2026 5415 mu-

378 5446 517 5503 nera
543 5440 591 5485 et
620 5433 935 5501 dignitatem
954 5434 1153 5503 gratia
1180 5432 1420 5503 fruendi,
1440 5449 1589 5486 amor
1612 5449 1709 5502 per
1761 5432 1914 5495 ﬁdem
1948 5433 2028 5487 la-

380 5489 593 5575 boribus
623 5489 839 5575 obtinet.
864 5489 986 5557 Jam
1025 5522 1146 5559 vero
1176 5489 1244 5558 ad
1271 5489 1418 5558 idem,
1438 5489 1768 5575 pi'ogresste,
1807 5518 2027 5573 aperum

368 5571 588 5642 justitia
614 5581 663 5626 et
684 5574 768 5642 spi
809 5574 915 5627 itus
940 5584 1148 5643 gratia,
1182 5576 1236 5628 in
1263 5592 1368 5643 qua
1395 5571 1577 5629 anima
1606 5571 2023 5638 concurrerunt,

374 5658 489 5721 eam
513 5644 674 5721 beata
699 5644 819 5721 cita
848 5648 1095 5721 certatim
1112 5644 1396 5721 complent,
1417 5646 1513 5699 sed
1532 5663 1564 5698 a
1579 5646 1886 5721 sedinvice_m
1909 5645 2023 5721 dis-

364 5712 577 5780 juncta,
610 5712 823 5765 nullum
852 5715 1049 5767 anima:
1079 5712 1487 5771 emolumentum
1512 5715 1778 5770 exhibent.
1808 5715 2026 5770 Etenim

374 5778 481 5836 Dei
500 5783 692 5853 gratia
716 5783 775 5839 in
800 5783 1004 5840 animis
1040 5786 1143 5856 qui
1166 5786 1402 5841 salutem
1441 5787 1661 5858 fugiunt
1694 5804 1800 5843 non
1850 5792 2026 5858 potest

2138 452 2348 523 sufﬁcit
2367 453 2436 506 ad
2475 456 2603 509 vitae
2624 457 2878 523 formam
2921 453 3215 509 absolutam
3268 452 3636 508 extollendos.
3682 456 3795 508 Nisi

2140 524 2403 580 Dominus
2435 524 2787 594 auiiﬁcaverit
2810 526 3016 578 domum
3058 532 3107 578 et
3130 523 3447 578 custodierit
3496 525 3792 587 civitatem,

2140 596 2195 650 in
2226 611 2425 649 vanum
2459 596 2833 651 laboraverunt
2863 598 2957 667 qui
2976 595 3251 665 aediﬁcant
3282 612 3421 667 eam.
3458 596 3568 650 Hic
3610 596 3795 652 edoce-

2136 684 2273 722 mur
2300 682 2407 721 non
2436 683 2543 721 esse
2564 669 2620 721 in
2644 666 3272 731 menteminducendu-m,
3302 667 3357 719 in
3403 666 3637 721 humano
3682 675 3795 721 stu-

2136 738 2226 791 dio
2251 743 2416 793 totam
2440 741 2599 792 sitam
2628 756 2733 792 esse
2762 755 3045 801 coronam;
3068 754 3251 792 verum
3277 736 3345 791 ad
3377 736 3479 791 Dei
3534 738 3796 792 volunta-

2138 813 2238 863 tem
2270 809 2771 879 referendamspem
2793 811 2859 863 de
2884 811 2991 880 ﬁne
3019 808 3302 863 obtinendo
3333 809 3459 863 Haec
3480 809 3791 880 Nyssenus,

2139 880 2452 935 admodum
2486 887 2867 936 consentanea
2900 881 3217 935 Valeriano.
3272 880 3428 937 Nam
3460 884 3518 934 et
3542 897 3576 934 a
3631 880 3795 935 nobis

2140 954 2427 1023 praemotis
2454 954 2694 1021 pendere
2721 953 2977 1023 agnoscit
3002 951 3437 1006 advocationem
3465 951 3565 1007 Dei
3585 952 3659 1006 ad
3692 968 3795 1006 nos

2140 1022 2521 1095 adjuvandos,
2574 1028 2631 1078 et
2684 1022 3093 1095 perfectionem
3146 1040 3181 1078 a
3234 1024 3349 1078 Deo
3403 1038 3526 1078 esse
3582 1023 3796 1079 diserte

2139 1094 2357 1149 statuit.

2207 1167 2260 1219 8.
2300 1167 2379 1230 S.,
2415 1165 2716 1236 Gregorius
2751 1164 3159 1232 Nazianzenus,
3195 1165 3353 1233 cujus
3374 1180 3438 1219 ea
3470 1170 3550 1217 est
3572 1180 3636 1219 in
3669 1164 3795 1220 doc-

2138 1237 2289 1291 trina
2318 1237 2645 1292 Christiana
2680 1239 3003 1301 auctoritas,
3033 1242 3095 1290 ut
3144 1236 3332 1290 nullus
3379 1253 3638 1306 umquam
3685 1237 3795 1306 ejus

2136 1308 2303 1379 dictis
2332 1308 2659 1363 calumniam
2692 1310 2897 1377 inferre
2908 1308 3322 1379 praesumpserit
3350 1306 3550 1376 (verba
3575 1312 3714 1379 sunt
3731 1309 3789 1379 D.

2138 1378 2403 1433 Thomeei
2433 1397 2485 1449 p.
2520 1397 2574 1449 q.
2600 1381 2663 1432 61
2701 1382 2807 1433 art.
2837 1377 2922 1449 3),
2951 1383 3009 1435 et
3046 1395 3218 1449 quem
3244 1378 3591 1432 nominatim
3622 1377 3793 1434 Semi-

2178 1450 2449 1521 elagianis
2476 1452 2665 1521 quoad
2696 1450 2893 1505 salutis
2920 1449 3147 1504 initium
3177 1450 3414 1521 opponit
3439 1451 3496 1505 S.
3532 1452 3792 1520 August,

2167 1562 2177 1574 .
2212 1520 2291 1575 de
2308 1522 2464 1575 Dono
2487 1520 2711 1576 Persev.
2744 1538 2790 1576 c.
2818 1522 2905 1585 19,
2938 1520 3018 1576 ita
3040 1520 3252 1585 scribit,
3305 1524 3453 1577 orat.
3509 1520 3600 1586 31,
3656 1525 3794 1575 trac-

2140 1596 2269 1645 tans
2304 1593 2444 1646 illud
2478 1592 2700 1657 Christi,
2720 1591 2812 1648 sed
2841 1593 3027 1662 quibus
3048 1593 3236 1646 datum
3264 1598 3361 1655 est,
3393 1590 3794 1661 multiplicem-

2142 1680 2249 1733 que
2276 1663 2603 1718 hzereticum
2657 1664 2923 1719 allectum
2953 1663 3136 1718 verbis
3186 1662 3296 1717 illis
3337 1679 3507 1732 prave
3555 1662 3791 1717 detortis

2142 1735 2534 1805 subjacentem
2555 1734 3262 1805 depellenszAptitudinem
3276 1734 3499 1804 quidem
3519 1734 3663 1788 alios
3674 1734 3792 1788 aliis

2142 1752 2534 1805 suDJacentem
2555 1752 2929 1805 aepeuensza
2962 1752 3499 1804 muaznemquzaem
3519 1752 3792 1788 auosams

2141 1806 2221 1858 vel
2251 1808 2511 1877 majorem
2533 1808 2613 1861 vel
2634 1807 2898 1859 minorem
2919 1752 3113 1859 liabere
3149 1806 3259 1877 ipse
3284 1820 3503 1875 quoque
3528 1805 3792 1877 concedo:

2141 1883 2391 1931 cxterum
2422 1878 2491 1930 ad
2525 1879 2904 1947 perfectionem
2951 1876 3368 1947 adipiscendam,
3422 1876 3793 1946 aptitudinem

2140 1948 2314 2003 solum
2356 1948 2587 2003 minime
2616 1949 2857 2018 sufﬁcere
2886 1948 3162 2003 contemta.
3199 1948 3476 2003 Rationem
3515 1949 3664 2001 enim
3697 1964 3793 2001 esse

2141 2036 2263 2089 qua:
2294 2036 2411 2074 eam
2440 2022 2655 2083 excitet,
2685 2026 2746 2073 ut
2780 2026 2989 2074 natura
3017 2020 3073 2073 in
3095 2036 3229 2087 opus
3255 2018 3517 2089 prodeat;
3549 2019 3795 2088 quemad-

2142 2090 2357 2145 modum
2384 2091 2523 2144 silex
2546 2092 2698 2160 ferro
2716 2091 2986 2160 pulsatus,
3007 2098 3163 2160 atque
3186 2092 3265 2143 ita
3275 2091 3496 2158 ferrum
3510 2094 3637 2155 ﬁat.
3661 2090 3791 2145 Cum

2142 2161 2384 2217 audieris
2409 2161 2607 2227 Quibus
2636 2161 2833 2216 datum
2863 2168 2957 2226 est,
2988 2160 3120 2215 adde
3145 2160 3465 2216 Veientibus
3493 2161 3685 2215 datum
3702 2166 3791 2215 est.

2141 2235 2300 2303 atque
2328 2233 2399 2285 iis
2427 2232 2519 2303 qui
2542 2249 2605 2287 ea
2630 2234 2802 2286 animi
2816 2233 3169 2303 propensione
3214 2239 3375 2299 sunt;
3432 2234 3636 2286 etenim
3683 2249 3791 2285 cum

2143 2303 2293 2357 illud
2322 2303 2505 2367 audis,
2538 2321 2639 2357 non
2662 2311 2736 2359 est
2760 2305 2984 2358 volentis
3015 2320 3176 2374 neque
3221 2305 3522 2373 currentis,
3584 2304 3676 2357 sed
3707 2304 3793 2357 mi-

2141 2375 2380 2429 serentis
2408 2374 2527 2435 Dei,
2554 2375 2693 2428 idem
2725 2375 2822 2427 tibi
2848 2375 3275 2429 existimandum
3297 2390 3497 2429 censeo.
3525 2375 3693 2438 Quod
3716 2391 3795 2428 sa-

2143 2445 2275 2499 lutis
2301 2446 2667 2516 adeptionem
2701 2445 2781 2499 ait
2806 2446 2929 2500 dari
2956 2463 2990 2500 a
3019 2447 3131 2500 Deo
3158 2444 3498 2509 volentibus,
3532 2446 3689 2499 idem
3719 2448 3799 2499 est

2144 2532 2208 2570 ac
2239 2516 2285 2569 si
2318 2517 2548 2598 diceret,
2579 2521 2851 2598 nostrum‘
2872 2534 2993 2572 esse
3023 2517 3186 2579 velle,
3237 2516 3335 2571 Dei
3388 2520 3584 2598 autem
3635 2517 3798 2598 perti-

2143 2588 2386 2659 cere._Et
2417 2592 2609 2642 tamen
2632 2605 2807 2658 quam
2840 2590 2956 2643 haec
2991 2604 3104 2643 non
3160 2592 3413 2659 pugnent
3440 2604 3570 2641 cum
3636 2588 3796 2641 initio

2145 2657 2343 2712 salutis
2369 2675 2435 2713 ex
2466 2660 2599 2723 Deo,
2629 2657 2806 2729 liquet
2838 2677 2903 2714 ex
2936 2658 3047 2713 illis
3079 2657 3199 2729 qua:
3246 2657 3443 2713 statim
3479 2659 3795 2730 subjungit,

2145 2730 2409 2800 probans,
2444 2734 2499 2784 et
2524 2747 2589 2784 ex
2621 2731 2890 2800 Apostolo
2920 2732 3083 2785 Rom.
3115 2748 3189 2795 ιι,
3216 2747 3419 2785 eruens
3449 2730 3641 2801 ipsum
3669 2748 3801 2801 quo-

2144 2816 2251 2871 que
2282 2801 2425 2855 velle
2452 2806 2713 2855 nostrum
2736 2819 2801 2855 ex
2836 2803 2946 2856 Deo
2975 2818 3116 2857 esse.

2214 2870 2265 2925 9.
2300 2873 2354 2925 S.
2390 2873 2723 2927 Ambrosius
2752 2873 2840 2927 cui
2873 2873 2929 2927 in
2964 2873 3185 2928 sincera
3223 2872 3418 2943 gratia:
3480 2872 3801 2926 assertione

2144 2943 2256 3014 71
2296 2943 2680 2998 testimonium
2715 2960 2864 3014 saepe
2895 2945 3226 3014 perhibetS.
3260 2946 3495 3014 August.
3531 2948 3593 2998 ut
3636 2943 3799 3014 epist.

2147 3013 2267 3068 107.
2302 3020 2358 3069 et
2380 3014 2418 3068 l.
2455 3015 2523 3069 de
2550 3017 2704 3069 Grat.
2733 3013 2940 3070 Christi
2966 3033 3013 3069 c.
3040 3016 3127 3081 44,
3155 3015 3267 3070 etl.
3303 3013 3375 3069 de
3395 3016 3554 3069 Dono
3572 3013 3795 3069 Per’sev.

2144 3100 2268 3154 cap.
2309 3085 2340 3141 8
2372 3091 2423 3140 et
2457 3087 2542 3151 13,
2577 3092 2634 3140 et
2660 3085 2745 3149 19,
2781 3092 2835 3141 et
2864 3086 2930 3141 23
2989 3085 3504 3141 accommodatisse
3564 3085 3623 3140 in
3679 3102 3798 3140 rem

2145 3160 2402 3211 nostram
2430 3157 2680 3226 loquitur
2707 3173 2877 3211 scrin.
2912 3158 2979 3211 10
3008 3157 3065 3211 in
3099 3157 3238 3227 psal.
3272 3173 3470 3219 cxvm,
3498 3156 3570 3211 ad
3623 3175 3676 3210 v.
3722 3158 3755 3227 ﬁ
3786 3174 3796 3211 :

2071 3211 2114 3271 C
2143 3227 2319 3309 Moysi
2330 3211 2659 3309 dicit-Deus
2690 3246 2710 3280 .·
2742 3229 3031 3309 Miserebor
3054 3211 3220 3309 citjus
3256 3211 3517 3309 misertus
3544 3222 3735 3309 fuero;
3755 3235 3799 3281 et

2146 3300 2587 3353 misericordiam
2614 3300 2900 3369 prcestabo,
2924 3300 3072 3354 cuim
3084 3299 3461 3355 isericordiam
3472 3299 3797 3369 prrestitero.

2144 3369 2329 3441 Igitur
2356 3387 2460 3424 non
2485 3376 2561 3424 est
2588 3372 2832 3434 volentis,
2856 3388 3017 3441 neque
3062 3371 3348 3438 currentis,
3379 3371 3467 3425 sed
3494 3371 3801 3425 miserentis

2199 3440 2255 3495 ei
2281 3446 2373 3494 est.
2406 3442 2578 3496 Forte
2606 3441 2775 3508 dicas,
2809 3440 2956 3512 Ergo
2982 3460 3087 3496 non
3123 3442 3375 3496 debemus
3420 3442 3499 3495 vel
3550 3442 3688 3497 velle
3728 3441 3799 3494 vel

2144 3527 2385 3583 currere.
2436 3514 2617 3583 Atqui
2668 3512 2989 3583 negligentes
3035 3514 3175 3568 Deus
3221 3513 3461 3567 deserere
3509 3513 3793 3567 consuerit.

2146 3531 2385 3565 currere.
2436 3531 2613 3583 Atqut
2668 3531 2811 3583 negti
2848 3531 2989 3567 entes
3035 3531 3175 3568 ueus
3221 3531 3461 3567 aeserere
3509 3531 3793 3567 consuerit.

2146 3582 2269 3637 Non
2292 3598 2417 3653 ergo
2438 3583 2535 3639 hoc
2560 3583 2718 3652 dicit,
2742 3531 2844 3637 set?
2860 3584 2993 3654 quid
3021 3584 3165 3639 dicat
3206 3585 3633 3640 consideremus.
3684 3584 3795 3637 Non

2146 3654 2390 3715 volentis,
2424 3671 2591 3724 neque
2631 3658 2916 3711 currentis
2966 3656 3195 3709 hominis
3246 3656 3660 3725 perseverantia
3700 3660 3793 3709 est.

2146 3725 2267 3778 Non
2294 3732 2367 3778 est
2392 3727 2531 3779 enim
2563 3726 2621 3779 in
2647 3726 2878 3780 hominis
2901 3733 3174 3797 potestate,
3206 3727 3304 3781 sed
3336 3728 3646 3782 miserentis
3701 3727 3797 3780 Dei

2146 3802 2223 3851 est
2244 3802 2301 3849 ut
2329 3797 2493 3865 possit
2512 3797 2776 3864 complere
2798 3814 2916 3866 qux
2944 3801 3177 3866 creperit.
3210 3797 3375 3852 Vides
3394 3799 3464 3852 ab
3496 3797 3795 3852 Ambrosio

2146 3866 2281 3939 velle
2309 3866 2479 3921 tribui
2514 3868 2779 3938 potestati
2806 3866 3075 3932 hominis,
3126 3870 3389 3939 complere
3438 3873 3636 3923 autem
3686 3869 3794 3922 sive

2148 3937 2414 4011 perficere
2434 3937 2896 4011 etperseverare.
2925 3937 3291 4011 ascribiiDeo.
3339 3943 3459 3995 Non
3514 3940 3659 4011 plus,
3704 3944 3795 3993 aut

2147 4008 2312 4063 aliter
2338 4008 2473 4064 dicit
2504 4010 2856 4065 Valerianus.
2890 4012 2986 4065 Est
3016 4015 3071 4065 et
3097 4010 3241 4064 alius
3272 4012 3422 4080 apud
3452 4008 3527 4065 Sf
3554 4012 3792 4065 Ambro-

2146 4080 2294 4135 sium
2325 4081 2583 4152 egregius
2605 4081 2760 4136 locus
2790 4082 2847 4135 in
2878 4081 3030 4135 calce
3057 4082 3310 4152 epistolm
3338 4084 3413 4136 ad
3462 4081 3691 4135 Justum
3720 4084 3793 4152 (et

2146 4156 2229 4206 est
2259 4151 2422 4221 epist.
2465 4153 2553 4216 63,
2576 4151 2716 4206 alias
2748 4152 2843 4206 lib.
2879 4169 2913 4216 ι,
2948 4151 3110 4221 epist.
3142 4153 3230 4221 10)
3266 4170 3277 4206 :
3308 4154 3679 4217 Incrementa,
3713 4151 3792 4206 in-

2146 4222 2285 4292 quit,
2315 4240 2409 4291 per
2438 4229 2693 4278 naturam
2719 4239 2838 4293 quae
2862 4223 3051 4279 divini
3076 4224 3227 4277 habet
3252 4226 3495 4294 gratiam
3528 4225 3790 4285 muneris,

2146 4294 2662 4349 consummationem
2691 4301 2740 4348 et
2760 4295 3141 4363 perfectionem
3176 4297 3322 4349 Deus
3348 4294 3463 4360 dat,
3508 4296 3566 4349 id
3586 4302 3664 4350 est
3696 4295 3792 4350 illa

2144 4366 2606 4434 praestantissima
2638 4370 2687 4419 et
2717 4366 2916 4421 divina
2936 4366 3233 4421 Trinitatis
3256 4372 3461 4421 natura
3482 4374 3529 4420 et
3548 4367 3790 4421 substan-

2146 4435 2243 4507 tia.
2278 4435 2398 4489 Non
2419 4437 2596 4490 sumit
2619 4439 2943 4490 incrementa
2960 4454 3057 4507 pro
3088 4442 3401 4505 augmento
3423 4437 3791 4507 autprofectu

2143 4506 2361 4587 reijam
2387 4507 2648 4570 conditae,
2682 4508 2779 4562 sed
2801 4524 2903 4578 pro
2921 4506 3081 4587 initio
3104 4512 3167 4587 et_
3186 4506 3789 4587 prima-productione,

2144 4578 2285 4650 et_in
2318 4594 2449 4632 eum
2482 4595 2713 4633 sensum
2732 4578 3024 4648 usurpavit
3041 4578 3207 4649 paulo
3228 4584 3359 4634 ante
3381 4578 3521 4633 illud
3538 4578 3791 4650 Apostoli

2144 4650 2161 4702 Ι
2193 4648 2321 4731 Cor.
2348 4665 2405 4731 ιι)
2442 4667 2452 4702 :
2486 4650 2664 4730 Neque
2693 4652 2785 4719 qui
2816 4648 3137 4731 plantaria}
3164 4648 3691 4731 aliquidmequequi
3718 4650 3790 4702 ri-

2141 4726 2262 4800 gat,
2296 4720 2392 4773 eed
2414 4722 2507 4800 qui
2536 4721 2929 4800 incrementum
2955 4721 3048 4774 dat
3080 4720 3250 4800 Deus,
3282 4720 3617 4800 Huiusmodi
3643 4737 3788 4800 _ergo

2143 4791 2496 4844 incrementa
2528 4797 2856 4846 sanctorum
2889 4809 3127 4847 onerum
3178 4791 3389 4847 fatetur
3415 4794 3471 4847 S.
3528 4794 3785 4847 Ambros.

2144 4878 2265 4917 esse
2289 4879 2386 4932 per
2410 4867 2697 4925 naturam,
2731 4863 2905 4917 divini
2936 4863 3242 4917 habentem
3261 4863 3509 4933 gratiam
3540 4864 3787 4920 muneris

2144 4937 2269 5003 lpsa
2299 4933 2453 4987 enim
2486 4933 2716 4987 libertas
2744 4952 2855 5004 qua
2881 4951 3047 5004 agere
3074 4934 3355 4998 volumus,
3385 4940 3442 4989 et
3470 4936 3656 4989 Deum
3709 4952 3782 4989 se-

2142 5004 2258 5075 qui,
2274 5008 2359 5058 est
2380 5021 2653 5075 magnum
2680 5003 2844 5075 plane
2858 5022 3066 5059 munus
3084 5005 3199 5069 Dei,
3217 5006 3446 5060 tametsi
3462 5006 3629 5060 nobis
3643 5022 3786 5061 com-

2183 5079 2367 5149 ertum
2396 5092 2429 5129 a
2457 5080 2695 5149 natura;
2724 5076 3285 5149 consummationem
3320 5083 3511 5149 autem
3568 5083 3625 5132 et.
3672 5093 3785 5149 per-

2144 5094 2367 5200 pertum
2396 5094 2429 5129 a
2457 5094 2695 5141 natura;
2724 5094 3285 5131 consummationem
3320 5094 3511 5131 autem
3568 5094 3625 5132 et.
3672 5094 3785 5149 per-

2169 5148 2451 5221 ectionem
2464 5148 2607 5221 Deus
2620 5149 2735 5201 dat.
2758 5147 2901 5214 Quia
2927 5165 2986 5202 su
2998 5148 3248 5217 praillud
3267 5148 3629 5221 quodnatura
3641 5166 3785 5221 spon-

2144 5224 2299 5273 taneo
2326 5219 2544 5288 ingenio
2570 5226 2848 5288 operatur,
2880 5226 2935 5273 ut
2956 5221 3401 5288 surgantsemina
3416 5219 3684 5273 divinitus
3709 5222 3783 5273 in-

2140 5288 2259 5360 dita
2288 5290 2374 5359 (ut
2401 5289 2568 5358 paulo
2600 5294 2730 5342 ante
2758 5290 2974 5343 dixerat
3004 5290 3385 5360 Ambrosius),
3418 5290 3475 5343 id
3506 5296 3592 5345 est
3622 5306 3785 5360 supra

2141 5358 2198 5413 id
2223 5358 2371 5430 quOd
2404 5365 2591 5431 potest
2618 5362 2685 5415 de
2713 5377 2813 5414 suo
2841 5360 3101 5415 conferre
3146 5358 3354 5415 natura
3400 5360 3647 5431 exigitur
3694 5358 3782 5415 Dei

2139 5430 2721 5504 gratiapraaveniens,
2754 5431 2973 5486 ratione
3024 5433 3186 5504 cujus
3218 5434 3382 5504 Deus
3425 5430 3785 5486 consummat

2140 5506 2197 5556 et
2222 5501 2859 5574 perﬁcitimperfectum
2888 5501 3142 5557 nostrum
3176 5521 3184 5558 :
3219 5520 3336 5567 nos,
3374 5502 3630 5574 inquam,
3666 5518 3781 5573 pro-

2139 5578 2333 5645 movet
2354 5575 2425 5627 ad
2461 5573 2648 5644 fruges
2674 5590 2921 5645 operum
2953 5573 3493 5644 supernaturalium,
3520 5592 3660 5645 quas
3704 5588 3778 5645 ne

2139 5644 2194 5698 in
2223 5645 2561 5699 cboaremus
2587 5644 2818 5714 quidem
2849 5662 2949 5715 per
2969 5651 3235 5699 naturam
3260 5646 3499 5699 nudam.
3540 5644 3658 5700 illoc
3699 5644 3775 5713 ip-

2139 5732 2264 5770 sum
2290 5719 2371 5769 est
2403 5716 2555 5785 quod
2587 5716 2923 5770 Valerianus
2955 5716 3115 5781 dixit,
3172 5721 3430 5771 nostrum
3481 5720 3566 5772 est
3623 5715 3771 5778 velle,

2139 5787 2238 5842 Dei
2269 5786 2561 5858 perﬁcere.
2590 5788 2718 5843 Non
2749 5792 2834 5844 est
2862 5804 3034 5843 ovum
3067 5804 3171 5845 ovo
3203 5787 3467 5844 similius.
