3986 6178
182 243 316 306 829.

1056 249 1173 310 ΤΠ.
1224 247 1602 326 ΒΔΥΝΑΗῙΠ
1646 253 2007 320 APOLOGIA
2048 255 2188 316 PRO
2227 255 2288 318 S.
2333 254 2773 326 VALERIANO.

3497 264 3616 336 830.

183 382 330 431 tura
357 375 614 464 insitum,
641 392 746 464 qua
771 377 996 464 “absente
1036 397 1102 435 ne
1130 381 1274 437 Deus
1315 384 1853 464 quidemguidpiam
1883 393 1932 458 Α
1964 387 2182 464 auditio
2207 405 2328 464 quae
2359 389 2720 464 vocationem
2751 385 3024 464 assectari
3055 386 3276 464 videtur
3299 396 3618 464 postposita

180 454 478 527 operatur,
512 454 732 527 tametsi
759 448 1160 527 facultatenon
1190 448 1393 519 careat,
1424 457 1560 526 quod
1574 448 1651 527 ’βε
1682 448 1747 512 ob
1762 475 1851 511 ar-

182 517 609 596 bitriihumani
622 517 949 596 iiberlatem.
964 525 986 576 Ι
988 523 1046 592 gi
1051 530 1144 577 tur
1159 527 1333 595 operis
1340 517 1626 596 perfectio,
1639 529 1740 583 Dei
1745 545 1825 584 :vo
1837 561 1848 568 -

178 590 376 666 lunias
405 590 1004 666 autem,hominis.Nori
1022 599 1106 649 est
1121 590 1260 666 opus
1285 590 1454 651 Marci
1486 590 1848 656 etValeriaui

173 661 362 716 verba
381 661 662 726 conferre,
691 667 810 716 tam
827 664 1078 733 genuina
1099 661 1250 732 sunt,
1277 667 1457 723 immo
1477 674 1596 724 tam
1621 672 1844 726 eadem.

177 733 441 809 Tantum
483 733 688 809 opponi
715 736 1087 809 potestbunc
1117 755 1338 809 quoque
1367 741 1622 795 Marcum
1644 743 1847 796 admo-

177 804 346 880 dum,
361 804 1070 880 morbosumcenserilloc
1091 804 1194 880 ego
1221 804 1409 880 quoad
1428 812 1543 866 alia
1561 829 1710 867 nunc
1733 830 1846 868 non

176 874 446 950 excutio:
471 875 532 930 in
573 874 679 950 hoc
703 874 1330 950 tamenpuncto'plane
1362 898 1535 938 sanus
1567 890 1669 939 est.
1699 885 1847 938 Nam

176 945 280 1001 ubi
313 946 711 1024 SLIQacarium
751 945 949 1024 homil.
975 945 1187 1024 37_fere
1217 953 1538 1024 exscripsit,
1572 955 1629 1009 in
1663 956 1846 1011 verbis

177 1033 316 1096 _qua-‘i
348 1017 466 1088 76
497 1021 629 1096 ante
649 1023 1000 1096 postremam
1039 1021 1190 1096 hanc
1210 1017 1721 1096 interrogationem
1749 1027 1845 1082 ha-

174 1089 416 1164 bentur,
437 1092 628 1164 aperte
651 1089 888 1164 tradidit
907 1092 1155 1163 gratiam
1179 1089 1644 1164 praeveniéntem.
1674 1099 1824 1153 Num

178 1176 372 1240 quam,
400 1159 604 1240 inquit,
634 1159 984 1240 existimes'te
999 1159 1320 1240 pravenisse
1334 1167 1623 1224 Dominum
1651 1171 1710 1223 in
1733 1171 1846 1224 vir-

174 1237 315 1310 tute,
342 1247 409 1310 ea:
438 1234 561 1310 ejus
587 1234 862 1310 sententia
889 1236 984 1310 qui
1012 1235 1146 1290 dicit
1172 1238 1324 1310 :inse
1353 1246 1431 1293 est
1459 1243 1557 1310 qui
1579 1248 1846 1309 operatur

173 1303 239 1355 in
271 1301 426 1356 nobis
456 1309 504 1356 et
537 1302 675 1359 velle
700 1309 748 1357 et
775 1301 1036 1376 perficere
1063 1324 1164 1377 pro
1195 1301 1329 1362 bona
1350 1301 1651 1366 voluntate.

255 1381 349 1462 1
372 1382 945 1462 δςτιῢιξεῇιΙΙᾴΘιλ-ξίε,
970 1384 1027 1439 in
1052 1385 1253 1462 Glossa
1269 1388 1563 1446 ordinaria
1584 1391 1641 1444 in
1659 1391 1843 1462 capite

171 1468 236 1527 in
271 1452 478 1527 Bacchi
511 1454 584 1506 ad
615 1453 791 1508 illud:
819 1456 892 1510 Et
916 1452 1108 1527 aperui
1130 1475 1185 1512 os
1205 1476 1403 1525 meum,
1434 1452 1756 1518 describens
1775 1480 1842 1518 eo

172 1524 308 1600 loco
324 1525 385 1600 .
417 1523 849 1600 Hieronymum,
872 1523 1170 1600 ita-scribit
1201 1547 1214 1584 :
1243 1523 1446 1600 Aperta
1467 1549 1560 1588 ore
1577 1534 1774 1588 Do-min
1784 1551 1844 1588 us

172 1595 326 1674 cibos
351 1594 598 1674 largiiur
621 1594 719 1674 {at
737 1599 920 1674 _initia
952 1600 1247 1674 uoluntatis
1270 1594 1497 1657 innubis
1515 1605 1702 1668 si-nt,et
1719 1620 1844 1674 per-

172 1666 466 1743 fectione-ni
499 1666 807 1743 beatitudin
817 1669 862 1723 is
890 1685 926 1725 a
949 1672 1169 1727 Domino
1189 1690 1593 1743 consequamur.
1613 1666 1738 1729 Non
1765 1683 1840 1730 est

1963 459 2034 512 ab
2066 457 2178 512 illis
2209 463 2294 512 est
2324 459 2596 514 volitioni.
2634 457 2807 524 Quasi
2838 457 3033 512 volitio
3065 457 3618 521 vocationem-advo-

1968 533 2055 583 cet
2087 535 2186 584 aut
2211 530 2494 592 impetret,
2527 535 2586 585 ut
2613 530 2756 584 dixit
2786 529 2961 584 etiam
2995 531 3052 583 S.
3088 531 3350 586 Ambros.
3380 533 3475 589 lib.
3505 554 3519 588 ι
3547 539 3617 592 de

1962 599 2100 674 _Cain
2131 617 2253 670 cap.
2289 599 2339 669 8,
2376 619 2551 671 agens
2583 603 2651 656 de
2700 600 2998 674 vocatione
3036 601 3285 674 iZachzei,
3337 622 3508 674 quem
3539 608 3617 662 ait

1959 670 2296 740 impetrasse
2326 677 2387 726 ut
2418 670 2732 727 vocaretur.
2768 673 2906 736 Quae
2929 672 3112 726 multo
3140 670 3370 729 duriora
3395 682 3528 731 sunt
3549 678 3616 733 iis

1959 758 2023 796 ex
2057 743 2428 817 parte‘aliqua
2449 743 2730 817 similibus
2757 760 2884 813 quae
2908 748 3028 797 tam
3055 760 3247 799 severe
3265 747 3618 817 accipiuntur

1957 814 2109 894 apud
2139 813 2531 894 Valerianum.
2565 816 2622 894 lii
2654 815 2861 894 horum
2893 831 3029 881 ergo
3045 813 3613 894 _auctorumlocutio-

1957 885 2124 938 nibus
2148 885 2297 960 velle,
2315 888 2466 960 quod
2487 886 2701 960 jacitur
2718 891 3012 960 tamquam
3040 885 3482 960 fundamentum
3503 892 3614 960 pri-

1959 972 2119 1009 mum
2149 956 2324 1031 totius
2351 956 3116 1031 substructionisulterioris,
3146 974 3255 1012 non
3289 960 3475 1015 estita
3500 956 3612 1031 pri-

1956 1043 2139 1091 mum,
2169 1027 2304 1101 quin
2333 1027 2538 1101 divina:
2570 1028 2809 1082 motioni
2830 1027 3116 1101 anteriori
3149 1045 3230 1101 ex
3259 1047 3371 1100 qua
3403 1027 3610 1101 pro-du-

1956 1101 2110 1152 ctum
2143 1103 2229 1153 est
2279 1098 2690 1174 inaediﬁcatur;
2749 1100 2845 1155 sed
2897 1102 3124 1174 tantum
3181 1098 3606 1174 dicitur—prius

1955 1174 2213 1239 respectu
2265 1170 2468 1224 divina
2497 1170 2695 1244 gratiae
2726 1170 3106 1244 cooperantis,
3153 1175 3207 1225 et
3239 1170 3604 1244 reliqui—pro.

1953 1256 2181 1311 gressus
2212 1241 2610 1311 consequentis
2645 1259 2656 1295 :
2688 1248 2770 1296 est
2796 1245 2984 1296 autem
3013 1241 3180 1311 plane
3209 1241 3494 1305 posterius
3525 1245 3606 1299 di-

1954 1311 2088 1366 vina
2126 1313 2310 1383 gratia
2341 1314 2626 1368 excitante
2656 1313 2727 1367 ad
2776 1313 3104 1379 volendum,
3161 1315 3276 1366 sive
3306 1316 3605 1372 vocatione

1955 1398 2081 1453 quae
2101 1399 2214 1438 non
2241 1383 2582 1454 impetratur
2602 1389 2768 1454 prout
2786 1384 3021 1438 omnino
3043 1383 3355 1454 prima,sed
3379 1389 3604 1441 tantum

1953 1458 2121 1526 prout
2149 1455 2468 1525 expressior
2497 1455 2583 1510 vel
2610 1455 2878 1524 uberior;
2908 1459 3006 1509 aut
3035 1462 3199 1526 prout
3226 1456 3495 1512 sollicitat
3534 1460 3607 1514 ad

1952 1525 2224 1579 ulteriora
2249 1543 2423 1596 opera
2445 1527 2616 1590 bona,
2647 1542 2902 1581 connexa
2928 1543 3057 1580 cum
3086 1527 3292 1596 primo,
3329 1545 3394 1582 ex
3417 1528 3608 1584 divina

1949 1596 2145 1670 gratia
2163 1613 2317 1652 mere
2341 1597 2652 1670 liberaliter
2667 1614 2960 1670 concessa,
3002 1601 3058 1651 et
3083 1597 3254 1652 nullis
3285 1599 3447 1654 bonis
3478 1617 3604 1670 ope-

1951 1667 2108 1740 ribus
2134 1666 2461 1740 impetrata,
2487 1668 2814 1738 przeelicito.
2848 1669 2906 1722 Ei
2926 1673 3118 1723 autem
3144 1675 3380 1724 eatenus
3404 1666 3603 1740 prima:

366 1739 612 1821 volentis,
660 1756 831 1810 neque
879 1745 1178 1821 currentis,
1225 1737 1456 1821 seq-DQ;
1485 1747 1817 1821 _{nisermus
1879 1759 1922 1816 Β
1950 1737 2680 1821 γοὶίϋουίᾕθρὲεᾱξυρείὶ
2705 1741 2858 1809 quod
2889 1757 3065 1821 suum.
3087 1745 3192 1804 est,
3221 1744 3276 1794 et
3305 1737 3601 1821 perfectio-

186 1809 336 1886 Velle
367 1814 537 1886 tamen
552 1816 600 1863 et
631 1826 871 1886 currere,
902 1813 1077 1886 nostri
1101 1820 1174 1868 est
1201 1816 1457 1870 arbitrii.
1484 1817 1617 1870 Hth
1647 1821 1839 1886 aperte

182 1883 327 1956 sunt
343 1880 538 1956 eadem
552 1898 680 1956 cum
701 1881 810 1936 illis
831 1901 958 1952 quae
981 1883 1248 1956 leguntur
1269 1887 1420 1956 apud
1444 1880 1834 1954 Valerianum;

177 1954 240 2026 et
269 1967 407 2026 cum
426 1952 662 2006 Strabus
685 1956 930 2026 eaapud
972 1952 1379 2026 Hieronymum
1399 1957 1544 2012 lecta
1566 1975 1669 2013 sua
1689 1952 1838 2015 fece-l

173 2021 272 2084 rit,
299 2022 441 2076 satis
458 2021 1032 2080 monstravitnullum
1055 2044 1114 2080 se
1136 2021 1196 2081 in
1216 2027 1296 2083 eis
1317 2044 1571 2084 errorem
1591 2031 1836 2085 subodo-

177 2097 400 2148 ratum.

248 2162 739 2240 Theophylactus,
785 2167 902 2240 qui,
959 2170 1021 2221 ut
1069 2166 1248 2240 liquet
1291 2185 1359 2223 ex
1398 2169 1734 2240 praefatione
1776 2171 1834 2226 in

175 2234 554 2311 Evangelium
578 2234 857 2311 Matthtei,
887 2242 944 2293 et
971 2255 1036 2292 ex
1063 2234 1474 2311 Cdmmentfin
1503 2247 1675 2311 caput
1699 2260 1830 2308 xxu,

173 2305 251 2358 ad
273 2305 420 2360 illud
456 2325 466 2360 :
497 2307 658 2360 Multi
681 2316 807 2362 sunt
834 2312 1026 2370 vocati,
1061 2310 1505 2368 catholicissime
1535 2305 1604 2368 de
1634 2305 1835 2369 salutis

175 2375 348 2455 initio
369 2382 436 2455 et
461 2378 646 2447 gratia
677 2380 1056 2455 praevenienie
1087 2383 1280 2436 sensit.
1311 2385 1527 2455 Tamen
1570 2384 1625 2438 in
1651 2386 1834 2455 capite

172 2463 234 2519 ix
262 2449 338 2502 ad
366 2449 677 2513 Romanos,
701 2451 772 2503 ad
796 2450 934 2505 illud
962 2469 974 2505 :
997 2452 1118 2506 Non
1145 2460 1217 2507 est
1243 2453 1487 2519 volentis,
1516 2457 1633 2511 hinc
1666 2449 1835 2511 verba

173 2518 348 2598 habet
374 2536 388 2598 ς
421 2520 663 2598 [videtur
688 2521 774 2574 hic
799 2521 1027 2598 liber_u_m
1058 2523 1367 2598 arbitrium
1397 2527 1583 2598 tollere
1613 2528 1837 2598 Aposto-

174 2590 284 2665 lus.
314 2595 380 2645 At
409 2591 554 2665 illud
577 2608 685 2646 non
715 2593 830 2663 agit
874 2595 1049 2665 :iNon
1086 2597 1533 2665 quemadmodum
1575 2598 1636 2652 de
1666 2590 1836 2653 .domo

172 2661 441 2736 dicimus:
472 2664 664 2717 Totum
685 2661 762 2717 est
791 2664 1044 2733 artiﬁcis,
1077 2661 1198 2720 cum
1232 2667 1453 2722 interim.
1491 2685 1624 2736 opus
1648 2670 1835 2724 habeat

174 2735 432 2808 materia,
467 2741 514 2788 et
545 2736 982 2808 cooperatoribus
1015 2738 1198 2804 ipsum
1237 2735 1661 2808 adjuvantibus;
1695 2745 1836 2794 atta-

173 2821 296 2880 r_nen
330 2806 460 2880 quia
497 2807 589 2880 rei
623 2807 1010 2880 consummatio
1049 2808 1118 2880 ab
1151 2809 1248 2863 illo
1295 2806 1509 2880 pendet,
1559 2811 1830 2866 dicimus:

175 2875 486 2948 Totum/ioc
519 2877 700 2942 illius,
738 2878 1001 2932 nimirum
1028 2878 1179 2948 fabri
1203 2875 1311 2943 est,
1349 2881 1431 2936 vel
1472 2897 1588 2935 eam
1613 2883 1834 2938 domum

176 2949 273 3001 iste
299 2947 461 3016 faber
481 2947 749 3003 condidit.
785 2951 906 3003 .‘v'on
933 2947 1204 3005 disSimili
1234 2955 1448 3007 ratione
1467 2959 1516 3006 et
1545 2961 1732 3007 nostra
1754 2971 1832 3007 eo-

178 3021 394 3076 luntate
425 3019 630 3088 indiget
661 3020 822 3076 Deus.
844 3021 1101 3075 Attamen
1119 3022 1246 3088 quia
1269 3023 1361 3076 ille
1403 3031 1746 3079 consummat
1780 3030 1832 3079 et

209 3089 416 3166 φοβεῖς,
449 3089 714 3166 dicimus,
745 3091 940 3146 Totum
961 3093 1069 3166 _hoc
1097 3089 1199 3166 Dei
1226 3101 1320 3146 est.
1357 3095 1437 3148 En
1471 3095 1638 3159 Deus,
1665 3095 1832 3166 juxta

217 3159 758 3236 h_eophylactum,_in
784 3163 1011 3234 negotio
1034 3164 1234 3218 salutis
1255 3170 1620 3236 consummat
1637 3159 1691 3220 et
1712 3183 1834 3236 per-

175 3230 293 3306 ﬁcit
317 3230 471 3286 :non
505 3231 713 3306 accedi]
741 3230 936 3289 tam'en
964 3240 1398 3290 consummator
1427 3236 1561 3306 quin
1584 3230 1831 3293 interve-

177 3302 299 3357 niat
320 3308 521 3358 nostra
545 3304 826 3378 voluntas,
846 3321 954 3375 qua
979 3321 1089 3360 non
1115 3302 1553 3378 praesupposita,
1589 3321 1702 3362 non
1743 3325 1834 3363 co-

177 3379 514 3449 operaretur
542 3375 720 3437 nobis,
755 3393 936 3449 neque
963 3375 1392 3449 consummaret
1417 3383 1514 3433 aut
1538 3380 1834 3449 perﬁceret

177 3445 424 3499 salutem
467 3450 746 3500 nostram.
781 3445 926 3510 Quid
952 3448 1105 3503 aliud
1150 3449 1283 3503 dicit
1313 3445 1644 3505 Valerianus
1670 3449 1695 3502 *Ρ
1721 3453 1832 3507 Re-

175 3515 397 3594 colatur
426 3515 806 3594 locus_supra,
846 3535 1004 3573 num.
1062 3521 1114 3586 9,
1154 3522 1440 3594 adductus
1495 3538 1560 3576 ex
1587 3521 1832 3594 Chryse.

176 3587 347 3673 sto-Ini
369 3587 529 3673 hom.
549 3589 636 3673 i2,
668 3587 741 3644 ad
770 3606 923 3660 pop.,
948 3607 1121 3662 quam
1151 3591 1608 3673 Theophylactus
1635 3587 1831 3673 aperte

177 3659 496 3722 deﬂoravit,
529 3665 586 3714 et
608 3677 730 3716 esse
761 3659 935 3731 quam
967 3659 1234 3734 proposui
1265 3659 1400 3736 ejus
1435 3659 1691 3719 mentem
1724 3666 1832 3720 erit

177 3735 336 3784 extra
369 3731 628 3784 dubium.

176 3735 336 3784 extra
369 3731 628 3785 dubium.

243 3809 334 3887 19.
355 3810 685 3887 Fhilo_theu_s
703 3810 1230 3887 Constantinopol.,
1255 3805 1402 3887 orat.
1427 3813 1485 3868 in
1508 3814 1830 3887 tertiamje-

169 3881 478 3962 juni‘ogu‘m'
506 3881 884 3962 Dominicam,
905 3885 973 3962 d_e
1002 3881 1182 3962 cru—cis
1202 3886 1463 3962 Adorai.,
1502 3881 1828 3962 expendéns

174 3952 313 4034 illud
341 3952 592 4035 Christi”:
626 3953 824 4035 Siquis
855 3955 967 4035 vult
1001 3957 1200 4035 venire,
1230 3956 1368 4035 satis
1388 3955 1512 4035 _fuse
1544 3952 1727 4035 aperit
1748 3958 1830 4010 di-

175 4025 373 4096 vinum
391 4024 693 4096 consilium
712 4024 768 4079 in
794 4025 1168 4096 relinquenda
1183 4026 1398 4081 homini
1417 4024 1693 4096 potestate
1711 4046 1826 4083 sua:

176 4095 490 4168 voluntatis
519 4095 575 4149 in
599 4096 826 4168 negotio
859 4095 1059 4151 salutis
1086 4095 1583 4168 suae,tandeinque
1605 4099 1828 4154 conclu-

174 4167 285 4220 dit:
311 4181 608 4238 summam
630 4167 971 4238 dignitatem
991 4185 1056 4222 ac
1079 4167 1506 4238 pretiositatem’
1523 4171 1824 4232 bonorum,

173 4253 300 4307 qua:
331 4237 506 4309 nobis
532 4239 646 4292 Deo
679 4237 1118 4294 obaudientibus
1145 4244 1348 4309 parata
1377 4245 1529 4305 sunt,
1566 4240 1622 4294 in
1653 4258 1827 4297 causa

175 4325 294 4363 esse
324 4308 511 4382 curvi
545 4309 806 4365 trahendi
850 4327 965 4364 non
1008 4308 1208 4377 simus,
1249 4312 1571 4382 praesertim
1601 4329 1732 4366 cum
1759 4329 1827 4368 ea

172 4397 296 4451 quae
319 4379 680 4453 accipiuntur
709 4399 838 4435 cum
865 4381 1202 4437 necessitate
1224 4379 1290 4436 ac
1313 4383 1362 4437 vi
1388 4400 1505 4437 non
1527 4383 1619 4438 diu
1641 4400 1822 4453 perse-

175 4455 387 4536 verent.
421 4451 563 4532 Tum
586 4453 812 4536 subditi:
839 4454 955 4508 Hac
980 4453 1040 4508 de
1061 4470 1221 4536 causa
1252 4471 1354 4507 non
1385 4451 1827 4536 cogit-Christus:
1861 4479 1901 4536 η

172 4522 328 4595 sedsi
358 4523 486 4595 quis
508 4524 620 4576 vult
650 4526 821 4593 sequi,
856 4540 980 4580 eum
1011 4531 1178 4590 vocat,
1223 4522 1456 4595 eumque
1473 4525 1734 4580 admittit.
1764 4525 1827 4580 Si

171 4593 480 4664 volueritis,
513 4594 718 4664 inquit,
750 4602 799 4650 et
831 4597 1132 4652 audieritis
1154 4611 1255 4651 me.
1290 4593 1461 4652 Prius
1489 4604 1563 4652 est
1597 4597 1750 4660 velle,
1775 4605 1823 4652 et

173 4671 283 4717 tum
311 4663 522 4739 demum
551 4663 762 4719 audire.
793 4666 852 4719 Si
892 4684 997 4720 non
1044 4667 1391 4731 voluerimus,
1432 4685 1598 4739 neque
1622 4669 1825 4725 audire

168 4735 463 4809 poterimus
489 4755 498 4792 :
529 4752 705 4790 omnes
738 4753 883 4791 enim
933 4739 1155 4792 virtutis
1177 4747 1228 4793 et
1280 4740 1405 4793 uitii
1433 4735 1732 4809 [unctiones
1765 4741 1824 4794 in

170 4807 460 4882 gclnniate
483 4813 673 4882 nostra
692 4809 811 4882 siue
841 4817 995 4882 sunt.
1020 4809 1134 4863 Nec
1165 4809 1332 4882 aliter
1361 4807 1611 4866 Joannes
1631 4812 1822 4882 Xiphi-

172 4877 320 4950 linus
347 4876 486 4931 item
520 4879 1011 4950 Constantinopol.
1060 4880 1405 4950 patriarcha,
1457 4887 1603 4936 orat.
1637 4876 1716 4937 de.
1739 4899 1821 4936 eo-

172 4949 303 5021 dem
333 4953 693 5021 argumento,
740 4949 943 5004 iisdem
994 4949 1165 5021 prOpe
1213 4953 1399 5005 verbis
1441 4952 1628 5007 locum
1661 4953 1822 5006 illum

172 4987 303 5002 ac...
333 4987 693 5012 ιιιηιυιυυυυν,
740 4987 943 5004 usus".
995 4987 1165 5021 γιυιυυ
1221 4987 1399 5005 ηιυιο
1441 4987 1628 5007 ww...
1661 4987 1822 5006 mu...

172 5018 328 5074 lsaize
356 4987 650 5074 adducens
676 5021 748 5074 ad
771 5021 1190 5091 propositorum
1221 5022 1428 5076 Christi
1454 5023 1822 5078 consiliorum

168 5090 652 5163 illustrationem:
687 5090 790 5146 Per
815 5090 1420 5163 Isaiam,inquit.dicit.
1445 5095 1514 5150 Si
1542 5094 1823 5149 volueritis

170 5169 221 5216 et
248 5161 544 5216 audieritis
574 5178 676 5216 me.
721 5165 888 5218 Prius
908 5165 1053 5218 enim
1091 5161 1224 5219 velle
1247 5171 1448 5234 oportet
1473 5183 1533 5219 ac
1573 5172 1686 5219 tum
1725 5183 1820 5220 au-

167 5234 309 5299 dire,
336 5239 398 5286 ut
413 5249 517 5304 pro
545 5241 727 5287 nostra
742 5242 900 5304 parte
935 5235 1095 5288 liberi
1121 5236 1306 5289 simus.
1340 5235 1428 5290 Ibi
1468 5237 1610 5290 enim
1659 5253 1726 5291 ex
1765 5254 1822 5290 eo

167 5304 314 5376 quod
331 5304 655 5376 nolimusﬁt
688 5313 743 5359 ut
777 5323 880 5359 non
905 5306 1316 5360 a-udiamus.Sic
1342 5308 1513 5361 omnis
1543 5307 1820 5363 beatitudo

167 5375 216 5432 et
237 5393 397 5446 paena
419 5375 768 5446 dolorumque
793 5377 1064 5447 perpessio
1090 5395 1122 5429 a
1139 5384 1325 5431 nostra
1357 5377 1528 5432 libera
1558 5386 1820 5446 potestate

165 5447 849 5521 proﬁciscitur._Uterque
897 5451 1090 5518 aperte
1142 5447 1384 5517 profecit
1431 5465 1499 5503 ex
1549 5449 1819 5521 Chrysos-

167 5522 343 5576 tomo.
382 5522 526 5571 orat.
557 5517 625 5572 de
657 5520 859 5572 eodem
891 5517 1253 5589 argumento.

235 5590 296 5643 ln
329 5589 540 5660 horum
574 5593 871 5644 auctorum
899 5588 1062 5644 dictis
1090 5607 1212 5660 qua:
1254 5589 1442 5654 retuli,
1478 5607 1590 5646 non
1642 5592 1815 5646 modo

164 5660 350 5733 primo
374 5659 496 5733 loco
526 5659 796 5733 statuitur
829 5660 968 5715 velle
989 5659 1410 5733 liberum,quod
1431 5661 1488 5716 in
1513 5662 1817 5718 Valeriano

165 5731 400 5807 vocatur
429 5731 1053 5807 in_suspicionem,ised
1084 5731 1284 5797 etiam,
1313 5734 1682 5807 quoddurius
1708 5739 1812 5807 est,

165 5803 387 5860 vacatio
412 5801 634 5870 videtur
680 5803 946 5878 subjungi
985 5803 1177 5862 liberae
1222 5801 1500 5873 voli'tioni,
1533 5801 1816 5879 quatenus

1951 1824 2082 1862 nem
2112 1809 2291 1862 nostri
2323 1809 2665 1878 illiusinitii,
2689 1827 2894 1880 nempe
2919 1810 3170 1879 gratiam
3196 1809 3602 1880 cooperantem

1949 1895 2014 1932 ac
2036 1881 2493 1951 subsequentem,
2516 1881 2718 1950 quibus
2746 1886 3003 1935 nostrum
3039 1881 3178 1934 illud
3207 1883 3602 1937 rudimentum

1948 1967 2015 2004 ex
2054 1951 2250 2005 divina
2279 1953 2663 2021 prmventione
2709 1953 3015 2006 excitatum
3046 1953 3400 2018 confovetur,
3435 1958 3491 2007 et
3529 1955 3601 2007 ad

1947 2021 2263 2094 perfectum
2289 2022 2608 2078 adducitur.
2645 2023 2853 2088 Quidni
2885 2022 3053 2094 longe
3086 2023 3316 2094 mollius
3343 2023 3598 2079 locutum

1947 2092 2317 2166 Valerianum
2345 2095 2547 2148 eodem
2599 2095 2772 2148 modo
2825 2092 3080 2164 accipere
3112 2093 3297 2159 liceat,
3333 2095 3598 2166 equidem

1946 2179 2061 2218 non
2089 2164 2276 2220 video.

2013 2253 2100 2306 20.
2131 2252 2190 2306 S.
2217 2254 2561 2318 Bernardus,
2608 2251 2701 2324 lib.
2729 2253 2797 2307 de
2833 2252 3095 2307 Interiori
3121 2255 3302 2308 Domo
3345 2269 3465 2324 cap.
3494 2254 3593 2310 68:

1943 2323 2228 2377 Potestatis
2253 2331 2446 2378 nostra:
2473 2331 2551 2379 est
2595 2323 2795 2378 divina:
2841 2324 3200 2392 inspirationi
3244 2323 3596 2394 acquiescere,

1947 2400 1999 2449 et
2032 2411 2147 2464 quia
2177 2395 2244 2449 ad
2268 2395 2490 2449 salutem
2519 2402 2766 2450 nostram
2791 2393 3095 2465 pertinent,
3131 2393 3328 2465 eligere
3357 2403 3406 2449 et
3430 2393 3597 2465 sequi.

1946 2466 2146 2519 Divi‘ni
2181 2483 2299 2520 vero
2328 2467 2571 2520 muneris
2600 2473 2672 2520 est
2705 2473 2764 2521 ut
2793 2467 3053 2536 possimus
3083 2465 3319 2536 adipisci
3365 2465 3506 2536 quod
3525 2483 3603 2521 se-

1945 2537 2156 2606 quendo
2175 2538 2417 2607 cupimus
2450 2539 2711 2607 consequi.
2759 2537 2888 2591 Haec
2931 2553 3061 2590 cum
3111 2536 3396 2592 sententia
3425 2555 3601 2607 quam

1945 2608 2094 2676 apud
2128 2608 2497 2662 Valerianum
2539 2609 2691 2662 male
2722 2607 2919 2661 audire
2955 2607 3154 2661 volunt
3178 2611 3299 2662 tam
3328 2608 3600 2678 genuina

1944 2682 2096 2749 sunt,
2131 2681 2192 2730 ut
2217 2695 2328 2732 non
2359 2678 2433 2732 sit
2461 2678 2724 2732 facienda
2753 2678 3062 2749 contentio.
3096 2679 3210 2732 Nec
3249 2677 3422 2732 refert
3448 2681 3602 2749 quod

1945 2748 2148 2803 eodem
2166 2748 2350 2818 capite
2370 2751 2690 2804 Bernardus
2713 2753 2833 2802 tam
2871 2748 3078 2802 diserte
3109 2752 3329 2802 astruat
3361 2748 3600 2804 necessi-

1945 2823 2123 2873 tatem
2178 2820 2376 2889 gratiee
2428 2819 2843 2889 praevenientis,
2889 2821 3203 2889 doceatque
3231 2819 3439 2873 nullam
3492 2835 3600 2876 esse

1942 2891 2238 2944 humanam
2266 2891 2598 2945 industriam
2624 2891 2742 2944 sine
2766 2890 2863 2944 Dei
2880 2891 3065 2960 gratia
3091 2907 3106 2954 ;
3142 2898 3190 2944 et
3211 2906 3320 2945 esse
3352 2892 3413 2943 in
3451 2891 3600 2944 nobis

1945 2961 2246 3016 libertatem
2269 2968 2328 3016 ut
2351 2963 2438 3018 vel
2454 2962 2717 3032 eligamus
2741 2960 2818 3014 vel
2842 2977 3155 3030 sequamur,
3179 2962 3267 3015 sed
3282 2962 3599 3016 admonente

1937 3033 2098 3102 prius
2127 3034 2234 3088 Deo
2264 3039 2315 3086 et
2347 3033 2619 3088 invita-nte
2637 3033 2706 3086 ad
2735 3033 2987 3086 salutem.
3021 3032 3168 3085 Nam
3194 3033 3349 3102 quod
3371 3033 3434 3086 D.
3464 3034 3596 3086 Ber-

1864 3121 1907 3180 C
1946 3104 2159 3180 nardus
2180 3103 2441 3180 explicite
2469 3103 2755 3180 dixit,_iioc
2779 3103 2873 3180 alii
2897 3104 3094 3158 Patres
3117 3103 3316 3180 eodem
3336 3103 3600 3180 modolo:

1943 3174 2058 3229 cuti
2075 3173 2268 3245 quoad
2287 3176 2601 3245 posteriora
2620 3175 2720 3229 illa
2741 3175 2915 3229 verba
2951 3190 3065 3227 non
3087 3173 3466 3238 excluserunt,
3499 3174 3600 3229 sed

1943 3245 2471 3310 subintellexerunt,
2505 3251 2567 3302 ut
2596 3263 2746 3317 saepe
2780 3245 3159 3317 ostendimus.

2014 3318 2175 3388 Hugo
2202 3318 2541 3383 Victorinus,
2570 3318 2606 3371 1.
2641 3315 2709 3372 de
2728 3315 2940 3388 Spiritu
2969 3320 3025 3371 et
3049 3315 3418 3388 Anima_(ipse
3441 3315 3596 3388 enim

1943 3385 2206 3444 censetur
2235 3406 2399 3444 verus
2425 3389 2548 3461 ejus
2573 3385 3042 3461 operis—parens),
3075 3404 3198 3461 cap.
3250 3385 3338 3451 48,
3391 3387 3595 3461 eadem

1941 3461 2113 3514 verba
2157 3478 2282 3531 quae
2314 3457 2470 3515 nunc
2491 3477 2557 3515 ex
2591 3457 2881 3515 Bernardo
2915 3457 3318 3531 descripsimus
3362 3457 3598 3512 adhibet

1943 3547 2008 3585 ac
2027 3530 2262 3609 proinde
2285 3531 2340 3586 in
2365 3533 2640 3609 eamdem
2652 3548 2776 3586 rem
2790 3530 2975 3609 urgeri
2989 3532 3359 3609 potesii_Ante
3379 3535 3595 3609 utrum-

1941 3600 2048 3672 que
2073 3605 2278 3658 eodem
2302 3605 2474 3657 modo
2499 3603 2719 3658 locutus
2753 3607 2840 3656 est
2858 3600 3126 3672 Rabanus
3153 3600 3248 3653 lib.
3275 3617 3326 3654 iv
3361 3601 3431 3653 de
3463 3600 3596 3672 Uni-

1939 3670 2122 3742 verso,
2157 3691 2204 3728 c.
2241 3675 2326 3728 10.
2353 3673 2584 3742 Omnes,
2614 3679 2676 3728 ut
2697 3689 2869 3744 supra
2895 3671 3088 3733 etiam,
3115 3688 3238 3744 cap.
3283 3672 3508 3744 7inum.
3539 3670 3592 3736 5,

1939 3741 2238 3809 notabam,
2290 3741 2655 3814 profecerunt
2707 3741 2783 3798 ex'
2811 3743 2908 3798 lib.
2944 3744 3012 3798 de
3065 3741 3292 3814 Eccles._
3322 3742 3590 3812 Dogmat.

1937 3830 1988 3871 c.
2016 3816 2104 3886 2t,
2129 3812 2521 3886 cujus—auctor
2539 3815 2644 3869 fuit
2670 3814 3018 3886 Gennadius,
3050 3813 3143 3884 qui
3173 3812 3412 3884 proinde
3434 3830 3593 3886 aeque

1940 3885 2216 3956 potuisset
2244 3887 2468 3952 adduci,
2505 3886 2549 3940 si
2581 3890 2870 3941 constaret
2911 3885 3051 3940 illud
3094 3889 3264 3955 caput
3306 3901 3422 3939 non
3471 3885 3594 3941 esse

1937 3956 2180 4028 alicujus
2205 3957 2468 4028 catholici
2489 3957 2776 4027 scriptoris
2793 3956 3252 4028 additamentum
3270 3956 3588 4028 _ad_Genna-

1937 4024 2116 4106 diuiti,
2153 4027 2239 4082 vel
2261 4024 2660 4106 corrigendum
2700 4029 2809 4106 (esi
2836 4026 2991 4106 enim
3022 4024 3592 4106 deﬁemipelagiana

1939 4099 2173 4169 fuligine
2204 4095 2544 4168 suspectus),
2575 4097 2659 4152 vel
2683 4095 3044 4169 explendum.
3077 4095 3252 4169 Viden
3281 4112 3375 4149 me
3397 4112 3427 4148 a
3448 4095 3591 4169 peri-

1936 4169 2006 4224 tis
2035 4166 2359 4232 ridendum,
2380 4169 2423 4223 si
2453 4170 2800 4223 admoneam
2827 4167 2978 4221 hunc
2999 4167 3358 4223 Gennadium
3383 4183 3504 4220 esse
3523 4166 3586 4221 il-

1935 4241 2054 4295 lum
2080 4240 2488 4295 Massiliensem
2509 4239 2604 4310 qui
2635 4241 2739 4295 sub
2770 4255 2983 4310 annum
3013 4237 3220 4293 Christi
3242 4238 3344 4310 490
3373 4238 3586 4298 ﬂoruit.

1934 4317 2246 4367 nonautem
2261 4311 2422 4366 illum
2439 4309 2796 4368 Gennadium
2813 4309 3184 4372 Scholarium.
3201 4309 3296 4380 qui
3313 4310 3589 4364 Constan-

1935 4383 2170 4454 tinopoli
2199 4383 2345 4438 sedit
2371 4388 2505 4439 ante
2537 4400 2718 4438 annos
2762 4383 2887 4454 plus
2931 4381 3122 4436 minus
3142 4383 3447 4454 ducentos,
3481 4382 3585 4436 sub

1935 4452 2153 4510 annum
2177 4454 2388 4509 scilicet
2413 4454 2618 4509 Christi
2652 4452 2810 4517 1440,
2829 4458 2884 4509 et
2901 4469 3000 4523 pro
3034 4452 3292 4508 Ecclesiae
3313 4453 3587 4510 Romanae

1935 4542 2000 4580 ac
2027 4527 2239 4581 Graeca).
2267 4526 2573 4580 concordia
2603 4530 2832 4580 strenue
2861 4524 2975 4596 egit
3012 4523 3069 4578 in
3098 4523 3338 4579 concilio
3358 4523 3586 4580 Floren-

1933 4596 2074 4653 tino.
2096 4597 2412 4662 Quominus
2431 4601 2622 4652 tamen
2643 4597 2699 4650 id
2717 4596 2900 4652 obiter
2912 4613 3148 4651 monere
3169 4612 3587 4666 supervacuum

1934 4684 2048 4723 non
2077 4667 2170 4732 sit,
2198 4667 2337 4723 facit
2367 4668 2568 4738 peritia
2591 4667 2999 4732 criminatoris,
3032 4669 3184 4737 apud
3215 4684 3388 4738 quem
3426 4668 3587 4724 mille

1934 4738 2068 4794 anni
2089 4737 2387 4809 tamquam
2416 4741 2527 4810 77
2556 4739 2675 4795 dies
2705 4757 2883 4806 unus;
2909 4744 2965 4793 et
2996 4737 3204 4794 idcirco
3225 4737 3587 4795 Gennadium

1934 4811 2060 4864 libri
2101 4812 2170 4866 de
2215 4811 2621 4866 Ecclesiasticis
2658 4811 3031 4882 Dogmatibus
3071 4814 3388 4874 auctorem,
3421 4813 3586 4865 vocat

1934 4882 2295 4939 Gennadium
2329 4883 2710 4938 Scholarium.

2002 4954 2305 5029 Rupertus,
2339 4955 2480 5008 libro
2511 4955 2568 5029 in
2597 4955 2769 5029 Josue
2798 4952 2980 5029 capite
3006 4968 3064 5029 _x,
3110 4954 3364 5029 tractans
3393 4948 3584 5029 explo-

1932 5022 2152 5080 ratores
2186 5043 2219 5079 a
2253 5027 2422 5080 Josue
2467 5025 2693 5085 missos,
2727 5023 2807 5077 sic
2852 5022 3063 5077 habet:
3110 5023 3223 5076 Non
3261 5035 3400 5089 ergo
3439 5022 3586 5089 quis-

1931 5113 2095 5170 quam
2125 5096 2237 5170 ullo
2265 5096 2322 5148 in
2352 5096 2563 5170 negotio
2601 5101 2814 5170 tantum
2844 5093 2904 5170 de
2956 5092 3584 5170 cwiestibusiprwsumat

1925 5161 2227 5242 prasidiis,
2256 5173 2318 5220 ut
2358 5161 2461 5242 non
2487 5168 2655 5242 etiam
2681 5166 2793 5242 ipse
2820 5165 2928 5242 sibi
2954 5163 3117 5234 prior
3145 5161 3285 5242 adsit
3307 5161 3584 5242 vigilando

1927 5232 2028 5307 pro
2050 5236 2324 5307 facultate
2365 5236 2589 5306 ingenii,
2637 5232 3069 5307 laborando—pro
3115 5233 3364 5307 portione
3395 5232 3581 5287 virili.

1929 5303 2072 5363 Nam
2098 5306 2236 5362 sicut
2289 5303 2527 5360 minima:
2555 5307 2681 5377 ﬁdei
2714 5313 2787 5360 est
2817 5306 2878 5358 de
2916 5303 3120 5358 divinis
3158 5303 3414 5377 dubitare
3458 5321 3584 5374 pro-

1927 5378 2134 5444 missis,
2152 5379 2231 5431 sic
2259 5379 2444 5431 minim
2473 5375 2796 5432 temeritatis
2825 5377 2904 5431 vel
2928 5375 3367 5447 prcesumptionis
3398 5381 3474 5430 est
3487 5393 3582 5430 cae-

1930 5449 2107 5504 lestem
2132 5464 2235 5519 per
2266 5449 2532 5503 miracula
2584 5448 2890 5518 prastolari
2927 5464 3096 5516 opem,
3151 5448 3318 5502 otiose
3359 5447 3583 5502 sede-udo

1927 5520 2180 5574 manibus
2209 5521 2536 5590 compositis.
2567 5519 2804 5574 Hominis
2836 5535 3060 5590 namque
3081 5526 3154 5573 est
3182 5520 3444 5590 incipere,
3480 5519 3583 5574 Dei

1928 5599 2108 5646 autent
2134 5589 2404 5662 perﬁcere
2431 5590 2576 5656 Quid
2611 5590 2865 5646 clarius?
2913 5589 3048 5662 quid
3099 5589 3387 5662 Valeriani
3419 5590 3580 5646 dictis

1928 5681 2054 5734 qua:
2072 5663 2126 5718 in
2156 5659 2537 5734 suspicionem
2561 5667 2835 5717 vocantur
2861 5659 3093 5734 afﬁnius
3114 5659 3141 5715 ?
3163 5662 3358 5732 Neque
3383 5664 3578 5734 tamen

1931 5731 2216 5816 Rupertus
2256 5731 2566 5816 umquam
2593 5731 3452 5816 Semipeiagianismi.Incitatus.
3490 5731 3577 5790 vel

1929 5804 2236 5880 utcumque
2277 5804 2644 5865 insimulatus
2691 5804 2796 5882 est.
2830 5804 3015 5864 Immo
3046 5804 3485 5879 explicatissime
3512 5821 3580 5859 ac
