3986 6178
181 267 303 332 853

1299 276 1394 336 DE
1434 274 1760 336 SPIRITUS
1799 273 2067 338 SANCTI
2107 281 2490 346 POTENTIA.

3482 298 3598 358 834
3621 338 3626 342 ~

179 407 3594 446 _____________________________________

1187 557 1831 667 SANCTI
1905 561 2607 678 NICETXE

1387 736 1765 802 EPISCOPI
1824 739 2400 816 AQUILEIENSIS

230 873 484 1018 DE
600 877 1480 1026 SPIRITUS

1595 881 1798 1022 SA

1936 884 2388 1033 lCTlS
2427 897 2464 937 ⁸
2519 896 3532 1038 ΡΟΤΕΝΤΙΑ.

1687 1137 2092 1152 -——_

253 1228 303 1280 ί.
343 1228 634 1324 Sequitur,
668 1232 886 1324 utquid
917 1233 991 1287 de
1022 1233 1190 1289 tertia
1219 1249 1498 1306 persona,
1523 1237 1581 1291 id
1608 1240 1696 1292 est
1713 1238 1830 1308 Spio
1860 1242 1904 1299 A
1940 1247 2152 1297 cautus
2181 1245 2370 1315 fuerit,
2409 1249 2666 1304 nescium
2689 1252 3025 1323 praecipitat
3048 1253 3106 1308 in
3142 1252 3590 1324 blasphemiam.

175 1315 332 1370 ritus
363 1318 972 1393 sancti,sentiam,pro
994 1328 1173 1395 captu
1201 1325 1404 1379 mentis
1418 1328 1830 1397 exponam:si-

176 1405 421 1475 quidem
451 1409 520 1463 de
541 1410 656 1465 hoc
673 1409 762 1466 vel
790 1412 1050 1466 maxime
1073 1411 1102 1453 δ
1126 1412 1399 1469 dubitare
1423 1415 1643 1471 multos
1668 1417 1832 1472 intel-

173 1494 318 1562 ligo.
365 1499 430 1552 Et
469 1497 602 1554 licet
627 1501 1004 1556 temerarium
1038 1501 1202 1556 sitde
1239 1503 1351 1558 hoc
1383 1503 1686 1574 disputare
1725 1504 1832 1576 qui

177 1583 340 1638 Patri
367 1591 423 1640 et
447 1586 583 1642 Filio
605 1589 663 1642 in
684 1590 1065 1644 confessione
1100 1593 1708 1655 sociatur,secundum
1726 1597 1833 1648 Do-

178 1673 332 1728 mini
349 1677 722 1733 traditionem
738 1687 793 1734 et
823 1686 1092 1735 nostram
1113 1682 1173 1735 in
1195 1681 1492 1752 baptismo
1515 1683 1832 1739 confessio-

180 1777 347 1828 nem,
379 1770 573 1821 tamen
597 1767 738 1837 quia
777 1768 944 1823 multi
975 1768 1213 1824 diversa
1236 1770 1511 1838 sentiunt,
1539 1776 1595 1826 et
1623 1771 1770 1827 ratio
1801 1787 1834 1825 a

180 1854 359 1910 nobis
382 1855 700 1925 inquiritur,
725 1858 1059 1913 necessario
1074 1859 1508 1925 reddendaest;
1527 1875 1636 1914 nec
1650 1859 1834 1916 aliun-

176 1942 253 1997 de
283 1943 608 2008 reddenda,
645 1944 757 1998 nisi
782 1961 852 2000 ex
873 1946 1486 2002 divinarumfontibus
1510 1948 1832 2019 Scriptura-

174 2047 323 2086 rum.
348 2031 544 2087 Certus
558 2038 758 2089 autem
791 2051 944 2098 sum;
974 2040 1426 2108 praeoccupatas
1441 2052 1615 2092 aures
1631 2041 1687 2092 et
1703 2053 1831 2092 sen-

175 2135 280 2174 sus
317 2120 437 2176 alia
465 2121 744 2193 opinione
774 2129 1076 2193 gravatos,
1105 2124 1339 2180 difﬁcile
1371 2142 1546 2197 posse
1561 2126 1784 2198 placari
1811 2142 1825 2182 :

172 2210 513 2279 perniciosa
544 2218 632 2265 est
654 2214 812 2267 enim
841 2215 1178 2282 prmventio.
1205 2217 1348 2269 Nam
1391 2214 1502 2270 hoc
1525 2215 1585 2268 in
1617 2222 1831 2270 natura

171 2296 445 2353 humana
491 2305 597 2364 est,
631 2307 693 2355 ut
723 2303 772 2356 si
803 2301 876 2356 de
899 2301 1106 2373 aliquo
1138 2303 1258 2356 viro
1290 2302 1445 2358 bono
1468 2303 1625 2357 male
1655 2303 1830 2358 nobis

173 2385 766 2454 fueritsusurratum.
810 2396 866 2446 et
901 2392 1250 2463 praevenerit
1283 2393 1672 2461 cognitionem
1707 2392 1827 2446 veri

173 2475 414 2529 nuntius
436 2478 715 2542 mendax,
740 2478 975 2534 difﬁcile
993 2485 1048 2535 et
1064 2480 1362 2536 laboriose
1380 2484 1711 2552 susceptam
1729 2480 1829 2536 de-

1941 1331 2003 1384 Et
2021 1330 2155 1386 inde
2171 1341 2254 1388 est
2272 1337 2432 1406 quod
2452 1345 2773 1407 praemonet
2793 1341 3041 1399 Paulus:
3069 1340 3260 1397 Videte
3276 1343 3489 1412 nequis
3502 1358 3592 1397 vos

1937 1421 2140 1486 spoliet
2157 1438 2254 1490 per
2268 1425 2703 1495 philosophiam
2723 1436 2775 1483 et
2795 1431 3024 1485 inanem
3046 1433 3433 1498 deceptionem
3466 1431 3595 1500 (Co-

1946 1509 2151 1577 £033.11,
2167 1515 2793 1584 8).!nterrogantenim
2814 1519 3056 1573 rebelles
3073 1519 3322 1590 Spiritus
3348 1518 3539 1574 sancti
3573 1538 3585 1576 :

1939 1603 2114 1651 natus
2140 1605 2226 1653 est
2251 1603 2496 1672 Spiritus
2525 1611 2780 1673 sanctus,
2804 1622 2876 1660 an
2909 1607 3188 1661 innatus?
3221 1611 3363 1662 Ecce
3395 1607 3593 1678 laquei

1940 1684 2062 1739 duo
2099 1686 2306 1744 dextra
2335 1689 2604 1763 ltevaque
2633 1695 2895 1764 protensi
2924 1712 2934 1750 :
2964 1695 3023 1750 in
3055 1712 3238 1766 quam
3269 1697 3429 1751 enim
3457 1711 3589 1766 par-

1943 1779 2048 1827 tem
2066 1774 2318 1830 volueris
2337 1779 2540 1847 pedem
2553 1782 2960 1852 responsionis
2974 1784 3592 1856 extendere,capieris.

1943 1864 1997 1917 Si
2020 1863 2260 1933 dixeris,
2285 1872 2460 1921 natus
2483 1874 2602 1934 est;
2631 1870 2784 1924 dicet
2805 1871 3000 1942 etjam
3028 1887 3143 1925 non
3162 1887 3296 1926 esse
3329 1872 3593 1939 unigeni-

1939 1955 2066 2006 tum
2096 1951 2301 2008 Filium
2325 1955 2446 2022 Dei,
2481 1972 2550 2011 eo
2581 1959 2744 2028 quod
2776 1959 2917 2012 sitet
2938 1959 3081 2013 alter
3102 1963 3308 2013 natus.
3351 1960 3405 2015 Si
3434 1959 3594 2013 dixe-

1940 2041 2020 2094 ris
2043 2055 2164 2095 non
2197 2047 2282 2096 est
2323 2048 2527 2110 natus;
2561 2045 2714 2101 dicet
2743 2046 2869 2114 tibi,
2887 2061 3024 2115 ergo
3051 2052 3106 2100 et
3131 2046 3275 2102 alter
3298 2048 3404 2102 erit
3426 2047 3593 2103 Pater

1938 2129 2268 2198 ingenitus:
2303 2137 2358 2187 et
2380 2135 2506 2204 jam
2535 2150 2651 2188 non
2675 2139 2767 2189 est
2792 2151 2941 2190 unus
2972 2138 3128 2189 Deus
3160 2136 3343 2199 Pater,
3369 2151 3442 2190 ex
3472 2151 3590 2206 quo

1937 2220 2154 2275 omnia.
2178 2224 2491 2292 Potsquam
2504 2238 2644 2277 vero
2668 2224 2967 2293 utrimque
3005 2224 3168 2277 viam
3190 2223 3590 2294 responsionis

1937 2307 2311 2374 obstruxerit,
2335 2312 2465 2382 jam
2487 2317 2540 2364 te
2570 2312 2748 2382 quasi
2780 2316 2937 2366 recto
2955 2327 3134 2365 cursu
3164 2311 3480 2367 deducitin
3507 2312 3589 2367 fo-

1936 2411 2104 2451 veam
2139 2399 2364 2454 utdicat
2389 2415 2401 2453 :
2433 2399 2486 2452 Si
2506 2415 2648 2467 ergo
2667 2414 2861 2470 neque
2879 2405 3055 2455 natus
3069 2403 3157 2454 est
3179 2399 3248 2454 de
3276 2400 3444 2456 Patre
3465 2400 3589 2471 Spi-

1934 2485 2299 2558 ritus,neque
2324 2487 2921 2558 ingenitus,superest
2957 2492 3302 2543 utcreatura
3335 2488 3586 2543 dicatur.

171 2567 1060 2636 ponamusOpinionem,etiamsi
1079 2569 1828 2625 idoneisassertoribusdo—
1856 2592 1901 2648 Β
2006 2577 2057 2629 3.
2092 2576 2241 2638 Quid
2267 2575 2439 2630 faciet
2464 2576 2614 2630 inter
2644 2576 2754 2628 has
2777 2575 3076 2630 clausulas
3095 2576 3242 2630 ﬁdes
3273 2576 3541 2630 Ecclesia
3562 2576 3588 2629 ?

173 2667 439 2708 ceamur.
472 2655 636 2720 Quod
656 2672 814 2711 nunc
836 2657 1034 2713 multis
1054 2658 1330 2729 suspicor
1347 2659 1828 2729 eventurum,qui

175 2758 364 2814 prava
386 2743 701 2799 doctorum
724 2745 1201 2818 interpretatione
1215 2745 1828 2817 anticipati,Spiritum

173 2838 451 2889 sanctum
487 2838 823 2890 creaturam
847 2836 1246 2902 crediderunt,
1292 2841 1348 2892 et
1376 2841 1681 2907 tamquam
1721 2837 1828 2890 mi-

169 2923 426 2977 nistrum
454 2923 863 2996 despexerunt.
897 2925 985 2980 Ad
1018 2925 1391 2996 propositum
1423 2924 1596 2994 igitur
1625 2924 1826 2980 redee-

170 3026 329 3065 ωυε.

240 3104 292 3154 2.
319 3100 382 3154 In
417 3100 914 3157 Nicmnotractetu
928 3102 1192 3173 positum
1219 3101 1826 3172 estsecundumsym—

166 3187 283 3244 boli
310 3189 589 3253 formam,
613 3190 915 3246 Credimus
942 3197 996 3246 et
1023 3193 1314 3260 Spiritum
1338 3199 1628 3247 sanctum.
1653 3190 1824 3257 Quod

167 3277 375 3348 utique
404 3278 736 3334 sufﬁciebat
754 3279 1045 3344 ﬁdelibus,
1067 3281 1208 3352 quia
1230 3280 1288 3334 in
1316 3281 1414 3335 illo
1433 3285 1725 3334 conventu
1749 3280 1823 3334 de

170 3367 311 3421 Filio
345 3369 602 3438 quaestio
626 3367 833 3430 fuerat,
876 3384 996 3422 non
1023 3369 1095 3422 de
1130 3369 1345 3440 Spiritu
1372 3375 1602 3424 sancto.
1634 3374 1822 3439 Atque

167 3456 402 3511 utinam
432 3461 492 3511 ut
519 3456 712 3511 fuerat
733 3457 1180 3526 traditum,cum
1201 3459 1363 3514 Patre
1394 3463 1448 3513 et
1482 3458 1614 3513 Filio
1645 3457 1822 3529 Spiri-

164 3550 294 3600 tum
311 3552 585 3599 sanctum
610 3546 950 3616 simpliciter
966 3547 1438 3602 credidissentilli
1456 3548 1556 3618 qui
1571 3555 1822 3619 postmo-

161 3634 312 3687 dum
355 3635 746 3706 quaestionem
788 3635 862 3690 de
892 3635 1108 3705 Spiritu
1145 3635 1536 3691 induxeruntl
1570 3642 1630 3690 ut
1659 3642 1817 3706 puta,

160 3723 573 3778 Macedoniani
598 3723 686 3778 vel
704 3740 897 3779 eorum
917 3723 976 3778 in
997 3725 1107 3778 hac
1125 3725 1458 3779 curiositate
1480 3725 1818 3796 participes.

158 3811 316 3865 Dum
341 3812 500 3866 enim
531 3817 810 3884 quaerunt
836 3817 892 3867 et
926 3813 1043 3878 isti,
1085 3812 1279 3883 qualis
1309 3819 1363 3867 et
1404 3813 1652 3884 Spiritus
1673 3828 1818 3868 san-

154 3899 336 3956 ctus?
371 3900 526 3955 unde
542 3903 665 3957 est?
697 3908 957 3972 quantus
981 3901 1104 3957 est?
1136 3909 1313 3958 natus
1359 3900 1490 3957 est?
1520 3918 1596 3958 an
1625 3904 1818 3958 factus

151 3989 286 4044 est?
303 3990 388 4043 sic
403 3991 612 4044 iterum
630 3991 934 4046 sciderunt
949 3991 1819 4062 populnm,etvere,secundum

149 4079 420 4149 Apostoli
456 4079 679 4133 dictum
714 4081 753 4132 tl
789 4080 933 4134 Tim.
965 4097 1002 4143 ι,
1034 4080 1109 4150 4),
1139 4079 1639 4134 interminabilem
1664 4097 1819 4151 quae-

148 4167 413 4222 stionem
462 4167 736 4221 Ecclesiis
777 4168 1158 4222 induxerunt.
1230 4170 1433 4223 Nonne
1476 4172 1818 4238 oportuerat

147 4272 332 4327 quem
347 4255 521 4311 semel
535 4263 798 4312 sanctum
815 4263 871 4311 et
890 4270 913 4297 ε
937 4262 1133 4312 natum
1150 4261 1415 4312 sanctum
1430 4255 1813 4312 crediderant:

149 4361 297 4399 eum
317 4361 455 4398 cum
482 4346 651 4399 Patre
673 4346 860 4414 magis
875 4352 930 4400 et
962 4345 1098 4400 Filio
1116 4346 1598 4410 honoriﬁcarent,
1629 4361 1814 4416 quam

151 4433 447 4488 creaturis
461 4433 902 4489 sociarent?Sed
918 4435 1115 4488 adhuc
1129 4435 1230 4488 ind
1242 4440 1419 4487 ucunt
1433 4435 1812 4504 quaestiones,

151 4529 214 4576 et
232 4524 518 4576 tortuosis
535 4522 953 4591 interrogation
965 4522 1093 4576 ibus
1110 4522 1411 4593 simplices
1426 4539 1684 4593 quosque
1699 4522 1815 4577 ﬁde

153 4610 418 4682 spoliare
445 4612 830 4666 contendunt.
865 4610 1010 4665 Nulli
1027 4616 1228 4666 autem
1251 4611 1482 4666 dibium
1499 4619 1638 4682 puto
1660 4627 1812 4681 esse,

152 4701 306 4771 quia
338 4698 489 4754 mala
531 4699 913 4768 interrogatio
944 4713 1082 4753 eum
1119 4698 1224 4770 qui
1252 4699 1667 4770 interrogatur,
1699 4700 1816 4754 nisi

231 4836 258 4864 ι
290 4821 628 4884 Victorinus,
660 4821 716 4875 in
731 4822 883 4876 edito
900 4838 1036 4876 eme
1061 4821 1443 4892 superioribus
1467 4823 1632 4876 annis
1663 4839 1816 4877 com-

154 4894 450 4947 mentario
473 4893 634 4962 epist.
663 4895 734 4946 ad
765 4894 992 4946 Galatas
1023 4910 1148 4962 cap.
1180 4910 1253 4956 iv,
1281 4894 1314 4946 6
1346 4894 1424 4961 (et
1441 4894 1566 4946 adv.
1616 4894 1811 4947 Arian.

152 4982 237 5027 ιιι,
314 4966 404 5032 i7)
459 4980 729 5034 personas
779 4966 877 5019 SS.
939 4963 1252 5027 Trinitatis,
1306 4972 1474 5016 vocat
1519 4967 1813 5033 potentias.

156 5051 309 5105 nrgo
342 5035 565 5090 Nicetes
597 5036 676 5088 sic
704 5040 788 5090 est
819 5036 874 5089 in
908 5035 1012 5089 hoc
1039 5035 1203 5088 titulo
1231 5034 1657 5104 intelligendus.

230 5107 259 5147 ι)
288 5106 381 5161 Sic
412 5105 856 5178 loquituretiam
891 5105 1195 5178 Gregorius
1239 5105 1623 5159 Nazianzenus
1667 5105 1817 5159 circa

152 5178 336 5232 ﬁnem
368 5177 715 5232 laudationis
739 5180 792 5232 S.
828 5177 1148 5231 Athanasii.
1183 5177 1351 5230 Porro
1380 5181 1630 5230 veterum
1664 5193 1817 5231 erro-

151 5266 290 5304 rum
323 5251 594 5303 adversus
612 5249 884 5318 Spiritum
907 5252 1171 5302 sanctum
1191 5247 1509 5309 historiam,
1527 5249 1696 5301 ducto
1715 5248 1819 5302 ini-

1936 2662 2558 2732 ecquiescattortuosm
2585 2663 3063 2734 philosophiae,et
3082 2669 3287 2718 contra
3314 2664 3583 2718 omnium

1935 2749 2273 2819 Opinionem
2302 2751 2728 2820 scripturarum
2744 2755 2861 2805 tam
2882 2750 3093 2805 veteris
3111 2767 3296 2820 quam
3321 2751 3460 2806 novi
3481 2753 3580 2805 Te-

1935 2841 2203 2893 stamenti
2232 2838 2258 2878 ἀ
2282 2839 2484 2894 credat
2529 2854 2656 2893 esse
2695 2843 2950 2893 creatum
3003 2839 3283 2910 Spiritum
3323 2839 3424 2893 Dei
3449 2854 3584 2893 san-

1934 2931 2114 2991 ctum,
2139 2943 2320 2998 quem
2339 2943 2634 2998 nusquam
2655 2933 2986 2982 creaturam
3003 2927 3197 2998 legere
3219 2927 3453 2998 potuit?
3472 2927 3583 2982 Ab-

1933 3013 2026 3070 sit.
2053 3015 2250 3071 Melius
2267 3017 2439 3086 plane
2455 3015 2704 3079 faciet,si
2720 3017 2928 3086 spretis
2940 3015 3280 3085 hujusmodi
3302 3015 3583 3072 humanis

1933 3104 2401 3162 conclusionibus
2413 3110 2468 3159 et
2483 3104 2721 3159 vinculis
2733 3104 3348 3171 interrogationum,ad
3361 3105 3583 3160 Domini

1933 3193 2026 3248 sui
2047 3211 2108 3248 se
2131 3194 2310 3248 verba
2327 3200 2650 3248 convertat.
2687 3195 2818 3264 lpse
2841 3194 2999 3248 enim
3019 3194 3080 3248 in
3103 3192 3422 3262 Evangelio
3441 3193 3583 3250 dicit

1933 3283 2090 3337 unde
2110 3282 2182 3337 sit
2197 3284 2446 3354 Spiritus
2459 3288 2700 3337 sanctus
2712 3283 2856 3353 ,ipse
2871 3281 3041 3336 ﬁnem
3057 3281 3252 3336 statuit
3267 3282 3582 3352 quaestioni

1929 3372 2031 3442 qui
2050 3371 2232 3426 ﬁnem
2250 3388 2370 3426 non
2391 3372 2590 3426 habet.
2609 3371 2905 3439 Dicitergo
2924 3370 2999 3426 ad
3019 3370 3583 3442 apostolos:Mittam

1931 3460 2697 3516 vobisaPatreParaclitum
2713 3459 3001 3528 Spiritum
3019 3460 3266 3514 veritatis
3286 3459 3576 3527 (Joan.xv,

1928 3552 2038 3618 26).
2073 3549 2185 3604 Sed
2219 3549 2376 3603 unde
2395 3549 2504 3603 sit?
2535 3549 2793 3603 nescitis.
2822 3548 2877 3600 Si
2899 3549 2986 3602 vis
3019 3548 3190 3615 scire,
3222 3546 3359 3602 audi
3390 3546 3581 3616 ipsum

1929 3638 2214 3692 dicentem
2239 3639 2386 3691 :Hic
2397 3637 2468 3691 de
2486 3639 2661 3691 Patre
2679 3636 3129 3704 procedit.Quid
3149 3651 3309 3690 nunc
3323 3639 3576 3705 oportet,

1928 3724 2478 3780 fratres?Christum
2502 3725 2729 3788 audire,
2747 3741 2823 3779 an
2846 3723 3157 3779 homines?
3185 3724 3448 3779 Christus
3483 3738 3581 3778 ne-

1928 3831 2044 3886 que
2064 3814 2284 3869 factum
2312 3813 2455 3868 dixit
2484 3813 2766 3884 Spiritum
2799 3820 3096 3880 sanctum,
3127 3813 3230 3868 sed
3257 3813 3372 3869 hoc
3392 3813 3578 3869 solum

1928 3904 2069 3974 quia
2082 3902 2155 3957 de
2170 3906 2332 3957 Patre
2352 3903 2620 3973 procedit
2647 3917 2669 3944 ο
2693 3945 2704 3956 .
2737 3903 2980 3958 Cntrarii
3000 3904 3372 3974 dicunt,quia
3385 3903 3576 3958 factus

1928 3998 2036 4052 est,
2074 3996 2131 4045 et
2160 3997 2414 4045 creatus.
2454 3995 2596 4044 Puto
2627 3991 2839 4045 melius
2872 3997 3024 4044 esset
3057 3992 3167 4045 ista
3210 3991 3468 4059 credere,
3513 3994 3580 4044 ut

1929 4081 2187 4136 Christus
2214 4080 2499 4133 Dominus
2526 4078 2825 4141 revelavit,
2847 4093 3032 4147 quam
3063 4077 3409 4132 utliumana
3431 4091 3578 4146 prm-

1926 4168 2177 4239 sumptio
2191 4166 2644 4222 concinnavit.Si
2660 4170 2851 4221 autem
2864 4166 3284 4234 interrogemus
3301 4180 3401 4220 eos
3419 4163 3575 4219 unde

1926 4257 2154 4328 possint
2171 4255 2417 4327 probare
2434 4255 2709 4326 Spiritum
2728 4259 2992 4309 sanctum
3009 4252 3028 4294 τ
3056 4253 3269 4309 factum
3284 4269 3438 4323 ;cum
3453 4268 3576 4308 non

1923 4344 2271 4400 habeantde
2297 4344 2613 4415 Scripturis
2639 4349 2864 4398 certum
2896 4342 3134 4397 evidens
3153 4342 3574 4407 testimonium,

1925 4446 1955 4487 8
1980 4439 2293 4488 assumant
2315 4431 2459 4486 illud
2477 4432 2641 4504 quod
2656 4432 2881 4486 dictum
2897 4437 2986 4485 est
3005 4431 3061 4484 in
3079 4433 3234 4485 Evan
3245 4430 3397 4498 gelio
3415 4446 3425 4484 :
3446 4430 3576 4485 07n-

1924 4523 2027 4576 nia
2050 4537 2152 4589 per
2175 4524 2367 4589 ipsum
2389 4521 2560 4591 facta
2579 4527 2794 4584 sunt,et
2812 4521 3074 4588 sineipso
3087 4522 3304 4589 factum
3330 4525 3407 4574 est
3425 4519 3577 4576 nihil

1925 4610 2119 4680 (Joan.
2153 4627 2190 4674 ι,
2223 4609 2526 4681 3).Dicunt
2547 4625 2720 4678 ergo:
2759 4611 2814 4664 Si
2845 4608 3052 4664 omnia
3069 4609 3391 4679 peripsum
3423 4608 3580 4665 facta

1925 4705 2080 4762 sunt,
2114 4705 2170 4754 et
2188 4699 2434 4771 Spiritus
2456 4705 2698 4754 sanctus
2721 4697 2910 4752 factus
2935 4698 3086 4752 inter
3115 4698 3321 4752 omnia
3337 4700 3579 4752 creden-

1924 4823 2040 4877 sius
2068 4823 2474 4886 Theodoretus,
2511 4823 2567 4876 S.
2597 4820 2833 4892 Cyrillus
2865 4821 3048 4882 Alex.,
3080 4820 3422 4892 Paschasius
3474 4821 3580 4873 Ro-

1927 4911 2116 4949 manae
2150 4895 2410 4948 Ecclesiae
2443 4890 2733 4947 diaconus.
2758 4891 2851 4945 His
2883 4907 3033 4944 nunc
3091 4891 3308 4944 accedit
3353 4890 3579 4944 Nicetes

1926 4966 2323 5036 Aquileiensis.
2356 4968 2548 5034 Nuper
2580 4979 2785 5036 veroa
2806 4977 2894 5036 me
2926 4960 3111 5015 editus
3138 4965 3222 5014 est
3250 4960 3308 5013 in
3341 4961 3449 5036 hoc
3488 4975 3580 5036 vo-

1926 5031 2141 5092 lumine
2166 5031 2498 5105 Hieronymi
2523 5033 2730 5088 Donati
2756 5035 2826 5086 de
2845 5031 2952 5086 hoc
2990 5035 3328 5100 argumento
3374 5032 3580 5082 tracta-

1926 5112 2016 5161 tus
2047 5107 2456 5178 amplissimus.
2609 5173 2621 5178 _
2774 5172 2804 5178 __
2847 5171 2858 5178 _
3340 5173 3348 5178 ,
3441 5168 3474 5178 ..

1997 5171 2256 5230 cNatum
2290 5177 2558 5230 dicebant
2609 5171 2882 5234 haeretici,
2937 5187 3182 5241 quorum
3232 5171 3578 5224 sententiam

1926 5253 2026 5302 aut
2051 5247 2220 5300 verba
2245 5263 2394 5300 nunc
2420 5245 2595 5300 refert
2622 5245 2868 5298 Nicetes.

150 5323 240 5376 tio
268 5338 302 5374 e
335 5307 681 5382 Sadduczeis',
712 5320 990 5373 habemus
1031 5319 1181 5386 apud
1214 5307 1507 5372 Patavium
1540 5319 1608 5373 de
1650 5319 1807 5374 Trin.
1851 5307 1894 5363 Ῑ)
1999 5319 2024 5358 d
2056 5318 2217 5381 Cod.,
2245 5317 2444 5371 credit.

149 5394 256 5447 lib.
294 5410 333 5456 1,
371 5392 451 5444 14.
490 5391 901 5460 Legeturidem
920 5394 1118 5444 auctor
1145 5389 1318 5442 etiam
1342 5388 1438 5442 lib.
1464 5406 1520 5453 ιι,
1582 5391 1673 5455 l3;
1733 5407 1815 5454 ιιι,

149 5467 209 5519 7.
249 5465 328 5517 Ex
361 5462 618 5516 Patribus
644 5461 1061 5525 ecclesiasticis,
1088 5460 1183 5531 qui
1207 5460 1449 5531 Spiritus
1476 5461 1658 5514 sancti
1680 5461 1819 5514 divi-

150 5534 402 5590 nitatem
419 5532 763 5587 nominatim
792 5532 1192 5598 defenderunt,
1221 5537 1523 5602 supersunt
1551 5531 1607 5585 hi
1628 5531 1832 5602 praeci-_

148 5605 281 5682 pui,
317 5604 615 5679 Didymus,
643 5605 700 5660 S.
725 5603 990 5672 Basilius,
1016 5605 1078 5664 S.
1107 5601 1461 5674 Ambrosius,
1489 5603 1547 5661 S.
1570 5601 1822 5661 Athana-

1998 5401 2024 5429 ο
2053 5387 2346 5458 Repetitur
2367 5387 2425 5441 in
2449 5385 2598 5449 cod.,
2629 5382 2763 5458 quid
2780 5397 2924 5436 nunc
2946 5387 3156 5452 oportet
3185 5382 3422 5453 fratres;
3457 5387 3582 5439 tum

1929 5455 2247 5528 subscripta
2277 5458 2427 5512 linea
2446 5455 2805 5528 expungitur.

2001 5533 2021 5571 ι’
2043 5532 2100 5584 ln
2127 5525 2250 5584 c'od.
2284 5525 2837 5590 additur’dominum,
2867 5530 2990 5581 tum
3023 5525 3383 5598 expungitur.

2000 5611 2032 5656 8
2060 5600 2251 5658 Malim
2277 5605 2579 5659 assumunt.
