3986 6178
219 240 327 299 885

946 241 1010 303 P.
1054 242 1346 304 BRAIDIE
1386 242 1857 305 DISSERTATIO
1896 239 1972 302 IN
2013 240 2073 301 S.
2121 241 2470 306 NICETAM.
2492 274 2574 289 —
2601 244 2764 307 CAP.
2812 240 2884 305 II.

3494 242 3622 313 .886

219 385 406 464 manna
422 368 897 464 seJdisltamquyam
920 376 1531 464 metropeliscoloni‘as
1556 377 1867 459 funderent
1894 377 1942 437 A
1973 373 2189 445 Scupis,
2208 375 2715 464 lipsius‘Dardai‘iiaa
2748 394 2845 464 seu
2868 374 3079 464 Mmsiee
3109 377 3413 464 superioris
3424 382 3622 464 premi.

222 442 277 519 i_n
339 441 662 519 Occidente.
704 441 956 519 {Unum
1012 441 1310 519 propterea
1341 466 1407 503 ex
1461 450 1551 506 his
1587 447 1863 519 episcopis

220 514 499 583 lavangelii'
530 517 826 569 emissariis
854 514 1028 573 fuisse
1076 514 1472 574 existimamus
1507 514 1680 575 etiam
1714 514 1863 574 hunc

216 585 470 661 Nicetam
496 602 508 647 ;
533 590 588 640 et
618 587 849 661 quidem
880 594 1042 645 certe
1061 594 1231 660 gentis
1260 592 1534 646 Dacorum
1560 591 1863 661 probabili-

217 660 296 710 ter
334 656 1177 732 episcopumordinatum,'qm'
1204 664 1477 719 Romam?
1527 656 1683 726 sidis,
1732 666 1862 717 tam-

247 743 369 781 uam
400 728 982 815 metr0poli'.s,eqloniq:s
1008 728 1203 815 inuillis
1231 733 1558 815 regionibus
1581 734 1855 815 (undaret.

254 814 348 879 uin
364 802 907 879 verosenctusidem
934 802 1562 879 P_auli_nus,epistolaad
1585 806 1858 879 Severum

212 871 410 947 ordine
467 871 575 947 29,_
612 888 773 947 num.
823 873 911 937 14,
966 873 1022 928 in
1052 874 1227 929 citata
1262 871 1429 932 illius
1465 878 1713 947 Operum
1745 876 1859 931 edi-

212 941 637 1019 tione,appellet
656 943 911 1019 Nicetam
943 947 1309 1002 venerabilem
1352 941 1657 1019 episcopum
1702 956 1858 1018 atque

211 1015 607 1086 doctissimum,
659 1016 752 1086 qui
790 1032 855 1068 ea:
883 1018 1046 1070 Dacia
1074 1020 1323 1072 Romanis
1342 1015 1544 1076 ’ἡενίιὸ
1570 1015 1854 1073 admiran-

210 1083 303 1169 das
344 1083 680 1169 advenere!
722 1085 1039 1169 quidnihic
1081 1090 1331 1169 indicare
1358 1091 1599 1169 voluerit
1646 1090 1853 1169 Nicetag

209 1156 414 1210 itinera
441 1173 507 1211 ex
543 1157 715 1211 Dacia
746 1156 802 1212 in
837 1158 1083 1223 Italiam,
1118 1161 1294 1215 etiam
1319 1163 1391 1216 ad
1424 1162 1548 1227 hoc,
1584 1162 1763 1216 immo
1782 1162 1855 1216 ad

208 1227 310 1282 hoc
336 1227 699 1298 potissimum
733 1230 804 1283 ab
832 1232 1036 1285 eodem
1060 1232 1339 1297 instituta,
1368 1238 1431 1287 ut
1488 1235 1733 1287 Romam
1764 1250 1855 1287 ve-

208 1299 387 1373 niens,
426 1299 557 1353 ﬁdei
588 1316 918 1371 progressus
950 1302 1158 1357 ibidem
1193 1304 1307 1357 suis
1339 1304 1629 1359 laboribus
1660 1307 1854 1373 partos

206 1370 275 1424 ad
332 1372 659 1445 Romanam
702 1370 902 1445 sedem
952 1374 1212 1439 referret,
1241 1379 1518 1445 tanquam
1553 1377 1624 1429 ad
1650 1370 1777 1429 eam
1820 1392 1855 1430 a

238 1458 311 1495 ua
343 1441 576 1497 illarum
622 1444 882 1512 gentium
914 1447 1202 1515 apostolus
1228 1441 1437 1501 missus
1465 1447 1651 1501 fuerat
1691 1464 1851 1501 novae

229 1514 513 1568 undandze
531 1530 703 1569 causa
724 1514 1456 1572 coloni'w’Christianorum?
1479 1519 1640 1583 Quod
1658 1522 1850 1573 autem

201 1590 367 1659 certae
396 1584 735 1659 illiusgentis
751 1587 977 1642 noviter
999 1589 1055 1641 in
1079 1590 1190 1659 ﬁde
1215 1590 1535 1645 erudiendae
1556 1590 1851 1659 episcopus

202 1656 497 1731 ordinatus
526 1656 698 1711 fuerit
740 1659 968 1713 Nicetes
1015 1656 1086 1714 ex
1115 1660 1364 1715 indicato
1400 1656 1847 1731 apostolicoriim

1972 462 2085 515 pua
2138 448 2273 501 urbe
2316 450 2506 502 natale
2550 449 2733 502 solum
2790 448 3072 513 habuerit,
3106 448 3394 505 ex’eodem
3421 448 3620 509 itidem

1970 522 2215 571 constat.
2246 518 2338 572 Vir
2365 520 2573 573 scilicet
2595 522 2667 573 ad
2700 520 3069 588 Evangelium
3095 520 3151 573 in
3173 521 3347 575 Dacia
3376 524 3623 580 Barbara

1971 589 2401 661 praedicendum
2429 607 2461 643 a
2497 591 2762 645 Romana
2795 590 3044 646 Ecclesia
3066 591 3488 661 sapientissime
3513 596 3620 650 ele-

1971 662 2093 712 ctus
2150 659 2340 734 fuerit,
2367 732 2374 734 _
2397 660 2491 730 qui
2524 678 2635 734 non
2666 666 2785 715 tam
2829 663 3025 732 procul
3060 659 3273 717 abillis
3300 665 3628 734 regionibus

1971 733 2121 802 esset
2176 731 2489 799 oriundus;
2524 732 2617 802 qui
2661 731 2840 786 decus
2862 737 2917 787 et
2946 733 3061 802 ipse
3112 731 3538 800 audiretflicet
3559 753 3628 793 ex

1970 800 2143 877 Dacia
2197 802 2459 877 Romana
2484 800 2562 857 cis
2588 804 2911 877 Danubium
2944 800 3163 877 posita;
3186 804 3280 877 qui
3309 812 3626 877 propterea

1970 876 2026 926 et
2046 871 2274 945 illorum
2304 873 2683 929 Barbarorum
2715 871 2993 945 linguam,
3027 871 3625 945 veluti'ﬁni'tim'ornm,

1970 942 2109 1017 satis
2160 944 2423 1017 calleret,
2444 946 2706 1001 instituta
2732 942 3029 1001 ac'mores
3056 963 3169 1000 non
3198 946 3494 1017 ignoraret
3526 964 3538 1015 ;
3567 942 3625 1005 et

1969 1012 2091 1095 ipsa
2134 1032 2359 1095 quoque
2414 1016 2539 1095 loca
2572 1012 3623 1095 facile_habe_re_tperspecta,_rqua:es-

1971 1089 2094 1139 sent
2117 1088 2379 1160 maxime
2409 1088 2715 1160 adlzevam
2742 1089 2983 1142 Danubii
3013 1089 3198 1159 ripam
3230 1088 3435 1160 posita.
3490 1092 3621 1147 Per-

1971 1156 2227 1281 sequitur
2257 1158 2448 1227 itaque
2474 1158 2623 1212 illius
2644 1160 3034 1215 terrestreiter
3056 1156 3326 1216 Paulinus
3361 1166 3487 1232 post
3517 1179 3621 1233 ap-

1976 1244 2048 1281 Du
2075 1245 2199 1281 sum
2226 1230 2297 1281 ad
2319 1230 2515 1281 urbem
2549 1230 3108 1281 Thessalonicensem
3132 1248 3144 1281 :
3173 1249 3417 1281 eiimmie
3444 1233 3616 1281 veluti

1974 1230 2199 1302 pulsum
2226 1230 2297 1282 ad
2319 1230 2515 1283 urbem
2549 1230 3108 1302 Thessalonicensem
3132 1248 3145 1295 ;
3173 1230 3417 1302 eumque
3444 1230 3618 1289 veluti

1965 1299 2270 1373 comitatur
2300 1300 2757 1371 progredientem
2810 1319 2908 1372 per
2938 1319 3103 1373 agros
3140 1299 3473 1373 Philippicas
3504 1306 3619 1360 Ma-

1964 1370 2314 1445 cedoniae,ac
2345 1370 2655 1445 perurbem
2678 1370 3417 1445 Tom‘itaiia'm,eunteniq'ue
3441 1376 3616 1431 etiam

1964 1441 2036 1525 ad
2069 1442 2302 1525 seupos,
2334 1441 2532 1498 urbem
2565 1445 2888 1525 promixem
2920 1446 3118 1514 patria}
3150 1462 3282 1525 suae,
3307 1441 3616 1525 antequam

1964 1513 2038 1586 ad_
2067 1513 2315 1586 (citarem
2347 1513 2643 1584 perveniat
2674 1516 2765 1570 ubi
2789 1513 3021 1586 rigentes
3053 1516 3288 1586 populos
3340 1513 3618 1573 edocebat

1963 1583 2087 1636 miti
2116 1583 2362 1638 Christo’
2386 1586 2626 1641 subdere
2675 1587 2797 1641 fera
2827 1583 2992 1641 colla.
3046 1583 3191 1652 Quid
3232 1605 3365 1642 vero
3397 1589 3617 1645 interea

1964 1652 2236 1739 Paulinus
2257 1654 2286 1708 ?
2310 1657 2536 1739 Po_e_t.ico
2550 1657 2975 1739 spiritudiictus
2997 1658 3317 1739 exclamat:
3343 1660 3386 1715 0
3413 1661 3615 1739 quibus

203 1727 927 1813 episcoporum-margpon
954 1736 1144 1813 autem
1169 1731 1411 1813 alicqjus
1436 1724 1738 1813 ῥεεξυιίω-ίε
1764 1748 1844 1787 se.
1878 1735 1924 1795 Β
1962 1724 2071 1813 ίῳη
2106 1730 2233 1813 tune
2250 1728 2480 1813 gaadiis
2512 1724 2779 1813 resona'blit
2810 1729 3112 1813 ίιιᾳβειιμς,
3139 1731 3239 1784 ubi
3269 1734 3341 1813 tu.
3380 1724 3615 1813 rigentes

206 1797 294 1852 dis
317 1800 442 1871 jam
467 1799 997 1883 institutaetquasi
1022 1802 1267 1883 ἐξίοι-ψη)
1292 1797 1346 1857 in
1363 1797 1845 1883 ea'episcopnorum

206 1886 507 1935 successor,
543 1871 622 1925 uti
647 1871 989 1927 Remesiana
1022 1873 1119 1928 illa
1152 1874 1350 1929 civitas
1382 1871 1525 1939 erat,
1551 1871 1847 1929 vel‘Remi-

200 1940 495 2015 sianaiseu
511 1943 858 2015 Bomatiana
879 1946 981 1999 sub
1002 1946 1307 2015 metropoli
1332 1946 1675 2011 Sardicensi,
1692 1945 1844 2000 idem

196 2011 314 2082 ipse
366 2013 634 2087 Paulinus
691 2014 929 2070 innuere
984 2011 1209 2071 videtur
1236 2036 1250 2086 ;
1284 2017 1379 2086 qui
1407 2017 1463 2070 in
1486 2018 1689 2071 eodem
1716 2033 1847 2087 poe-

196 2088 370 2160 mate,
406 2086 541 2139 dum
570 2084 968 2160 locumﬂtangit
992 2084 1332 2160 episcopalis
1371 2105 1519 2143 cura:
1554 2084 1732 2160 hujus
1756 2088 1847 2142 Ni-

194 2158 473 2229 cettepon
508 2173 685 2229 unum
709 2157 960 2228 aliquem
991 2157 1202 2229 signat,
1235 2160 1333 2214 sed
1353 2157 1698 2229 generaliter
1717 2176 1845 2214 oras

194 2226 464 2307 appellat,
522 2228 724 2298 quibus
774 2226 901 2284 erat
930 2226 1066 2300 ipse'
1090 2226 1378 2301 premitus
1427 2231 1710 2302 sacerdos;
1764 2231 1845 2285 ait

195 2314 346 2352 enim
374 2315 387 2353 ζ

344 2412 441 2478 §ed
478 2413 601 2463 freto
632 2428 827 2464 emenso
852 2425 1073 2478 superest
1096 2418 1287 2465 viarum

344 2475 540 2525 Rursus
571 2478 624 2526 in
656 2486 785 2526 terra
814 2475 968 2534 labor,
1000 2488 1051 2527 ut
1081 2479 1280 2528 veheris

342 2539 509 2604 Usque
533 2539 711 2604 felices,
740 2540 923 2604 quibus
957 2556 1010 2590 es
1029 2542 1257 2590 sacerdos

479 2602 690 2651 uestitus
718 2602 851 2656 oras.
871 2645 882 2656 .
902 2646 913 2657 .

260 2706 591 2790 Quinimmo
618 2724 685 2764 ex
724 2710 925 2764 eodem
968 2709 1189 2792 Paulini
1214 2714 1478 2792 poemate
1496 2710 1837 2792 jureniufal-

185 2777 290 2841 lor,
324 2781 683 2848 assequimur
713 2797 912 2851 agrum
938 2777 1233 2850 apostolici
1260 2782 1467 2835 laboris
1494 2777 1654 2836 istius
1683 2782 1837 2838 Nice-

184 2854 277 2914 tae,
302 2867 416 2904 non
440 2850 517 2905 cis
537 2850 981 2916 Danubium,ubi
1002 2853 1347 2907 Romesiana
1367 2869 1460 2907 seu
1476 2852 1836 2908 Remissiana

183 2925 281 2975 aut
314 2923 596 2977 Romania
639 2923 837 2977 civitas
864 2924 974 2978 sita
995 2928 1136 2991 erat,
1168 2925 1267 2978 sed
1314 2928 1473 2978 trans
1508 2924 1833 2978 Danubium

182 2992 464 3065 exstitisse
490 3012 501 3055 ;
534 2998 593 3065 et
624 3011 822 3065 reapse
852 2995 1427 3049 Transdanubianam
1465 2995 1719 3060 Daciam,
1750 2996 1831 3049 ni-

181 3064 395 3147 mirum
411 3064 643 3147 Daciam
660 3083 784 3135 qua:
802 3066 1032 3147 Trajani
1053 3066 1225 3147 Dacie
1242 3066 1831 3147 appellabatur,longe

180 3134 411 3205 lateque
436 3134 771 3209 protensam
799 3134 1093 3209 regionem
1112 3139 1183 3192 ad
1208 3134 1415 3192 laevam
1436 3138 1677 3192 Danubii
1708 3134 1832 3209 pa'r-

177 3207 609 3288 tem,variisque
627 3207 1254 3290 Barbaro'rumpopulis
1271 3207 1830 3290 c3ns_tantem_,_illum

176 3278 495 3347 suscepisse
538 3279 912 3334 excolendam
976 3278 1254 3335 Videatur
1285 3280 1587 3335 Daciarum
1620 3281 1834 3336 Mnasia-

174 3365 423 3422 rumque
445 3350 641 3422 tabula
658 3351 1055 3422 geographica,
1088 3352 1237 3420 apud
1271 3352 1614 3416 Cluverium,
1642 3354 1831 3407 Intro-

176 3421 370 3476 ductio
407 3420 462 3474 in
494 3420 821 3476 universam
866 3420 973 3493 12
1003 3423 1411 3493 geographiam
1430 3428 1549 3477 tam
1580 3427 1830 3479 veterem

174 3508 352 3564 quam
370 3508 579 3546 novam
598 3512 610 3561 ;
627 3509 848 3547 necnon
865 3500 920 3548 et
936 3494 1049 3548 alia
1063 3494 1257 3548 tabula
1274 3494 1479 3564 Illyrici
1494 3494 1829 3549 universalis

175 3568 229 3635 et
244 3562 521 3635 hodierni
562 3568 720 3619 tomo
744 3565 985 3635 Illlyrici
1003 3566 1160 3620 Sacri
1176 3562 1425 3621 Danielis
1443 3566 1830 3631 Farlati.Quid

174 3634 355 3701 igitur
377 3640 607 3690 sanctus
638 3634 905 3691 Paulinus
925 3635 954 3690 ?

336 3740 435 3790 Ibis
451 3743 652 3792 Arctoos
677 3744 845 3807 procul
874 3757 1030 3806 usque
1057 3743 1210 3791 Dacos
1236 3758 1245 3790 :

170 3837 258 3891 ita
281 3838 455 3907 paulo
482 3842 609 3908 post
634 3838 860 3893 initium
892 3838 1164 3894 carminis
1196 3838 1447 3894 Nicetam
1494 3855 1661 3893 suum
1693 3838 1830 3893 allo-

172 3908 375 3979 quitur
427 3909 717 3964 Paulinus.
768 3910 1015 3975 Quinem
1072 3926 1215 3965 vero
1236 3914 1368 3964 sunt
1398 3910 1607 3964 hiDaci
1640 3910 1828 3965 Arctoi

169 3986 298 4034 tam
329 3981 519 4051 procul
548 3981 784 4045 siti,nisi
812 3982 978 4051 plane
996 3981 1720 4036 TransdanubianieDaciie
1747 3982 1830 4035 in-

168 4052 340 4116 cola,
363 4052 459 4122 qui
480 4054 603 4124 jam
621 4054 1042 4124 tunctemporis
1073 4054 1144 4107 ad
1179 4054 1501 4124 Romanum
1523 4052 1827 4122 imperium

165 4140 295 4179 non
324 4123 683 4194 pertinebant
706 4123 944 4195 ;quique
968 4124 1157 4178 Arctoi
1188 4123 1392 4177 merito
1416 4124 1830 4195 nuncupabane

168 4199 269 4249 tur
302 4212 336 4249 a
354 4196 610 4257 Paulino,
639 4194 971 4266 comparate
985 4196 1256 4249 nimirum
1282 4196 1354 4249 ad
1377 4194 1519 4249 alios
1544 4194 1829 4266 Dacosqui

164 4266 253 4320 cis
297 4267 620 4321 Danubium
651 4266 743 4321 siti
765 4265 929 4322 erant
958 4267 1108 4322 inter
1132 4271 1437 4337 utramque
1458 4265 1738 4337 Moesiam,
1772 4266 1829 4321 in

165 4337 273 4391 illa
298 4337 555 4393 videlicet
589 4338 796 4393 Maesia:
814 4343 973 4409 parte
999 4356 1033 4393 a
1063 4336 1423 4409 superioriet
1452 4336 1704 4409 inferiori
1736 4338 1830 4392 de-

166 4412 364 4492 t‘racta
387 4407 1012 4492 quae‘DaciaAureliani
1036 4407 1487 4492 .appellatafuit,
1520 4407 1730 4492 quique
1755 4409 1825 4463 ad

164 4480 476 4552 dexteram
494 4480 735 4552 Danubii
752 4497 916 4535 oram
930 4479 1098 4552 positi
1111 4479 1356 4535 Romani
1368 4479 1592 4551 imperii
1611 4483 1828 4550 partem

163 4550 654 4605 constituebant?

248 4622 539 4676 Praeterea
570 4623 722 4692 quod
754 4625 904 4677 certe
932 4623 1062 4677 Daci
1093 4621 1586 4677 Transdanubiani
1621 4620 1831 4677 fuerint

167 4692 234 4755 ii,
262 4710 410 4762 quos
440 4693 665 4748 Nicetes
696 4693 1069 4748 Peulinianus
1104 4694 1442 4749 excolendos
1481 4698 1828 4764 susceperat,

166 4764 297 4837 alia
324 4768 457 4817 sunt
486 4764 541 4818 in
570 4764 1014 4837 eodemPaulini
1041 4765 1294 4820 carmine
1322 4782 1448 4837 quae
1500 4765 1682 4837 magis
1713 4782 1832 4819 ma-

164 4836 380 4905 gisque
409 4837 672 4891 suadent.
725 4836 928 4890 Aiebat
958 4852 1208 4907 namque
1235 4838 1306 4890 ad
1353 4836 1619 4893 Nicetam
1665 4852 1831 4892 suum

169 4907 421 4961 Daciam
446 4908 781 4963 redeuntem
806 4925 818 4958 :

338 5020 411 5085 Tu
438 5020 745 5085 Pihilippeaos
774 5020 1031 5085 Macedum
1058 5035 1133 5085 rer
1154 5033 1293 5081 agros

338 5081 433 5145 Per
460 5081 766 5132 Tom'il'anam
794 5083 1035 5145 gradieris
1059 5082 1248 5145 urbem,

339 5143 447 5209 Ibis,
466 5154 511 5194 et
533 5143 920 5209 Scupospa'triea
952 5144 1257 5209 propinquos

434 5208 693 5271 Dardanus
722 5208 811 5257 bos
820 5222 921 5271 pes.

336 5268 377 5334 ρ
407 5270 592 5334 quibus
614 5272 718 5334 jam
753 5268 865 5334 tunc
896 5268 1143 5334 resonabit
1178 5268 1262 5315 illa

340 5331 546 5381 Gaudiis
582 5332 744 5387 tellus,
779 5332 863 5380 ubi
895 5341 942 5380 tu
974 5333 1181 5394 rigentes

338 5394 525 5445 Edoces
555 5394 748 5443 Christo
780 5395 882 5443 fera
904 5393 1032 5444 colla
1050 5393 1155 5442 miti

434 5456 655 5508 Subdere
683 5466 852 5519 gentes
870 5458 882 5504 l

248 5546 417 5611 Quod
448 5546 748 5601 Dardanus
780 5544 949 5599 fuerit
972 5545 1059 5599 liic
1093 5544 1315 5601 Nicetes
1343 5542 1618 5598 nimirum
1640 5560 1669 5599 e
1700 5544 1834 5599 Dar-

164 5617 359 5673 dania
386 5618 678 5682 oriundus,
722 5635 893 5688 quam
929 5616 1278 5687 provinciam
1304 5632 1465 5670 novae
1504 5615 1687 5688 Daciae
1707 5615 1838 5687 jun-

162 5694 347 5746 xerat
397 5686 759 5753 Aurelianus,
814 5686 956 5743 teste
1005 5688 1291 5742 Jornande
1320 5704 1352 5741 a
1413 5686 1637 5741 Farlato
1668 5686 1835 5755 snpra

162 5761 390 5823 relato,
418 5776 486 5816 ex
519 5760 744 5817 Paulini
775 5759 938 5816 dictis
967 5764 1223 5832 apparet.
1259 5758 1423 5825 Quod
1445 5774 1560 5815 non
1585 5757 1780 5830 procul
1808 5774 1842 5813 a

1857 4457 1904 4516 D

1960 1794 2134 1850 edaces
2163 1794 2418 1870 __Ch_ri'st0
2448 1802 2572 1865 fera
2621 1799 2771 1870 colla
2808 1800 2933 1870 miti
2955 1800 3190 1855 subdere
3216 1806 3397 1870 gentes
3420 1794 3612 1867 vauid

1959 1883 2128 1936 porro
2160 1867 2425 1935 illudjam
2454 1874 2584 1922 tunc
2616 1868 2671 1922 in
2694 1868 2913 1923 Paulini
2942 1867 3231 1933 carmine,
3254 1871 3299 1923 si
3324 1888 3453 1925 cum
3480 1875 3613 1926 Scu-

1959 1937 2043 2007 pis
2082 1942 2231 2010 esset
2258 1939 2504 2002 Nicetes,
2540 1955 2653 1993 non
2688 1940 2881 2010 procul
2923 1940 3109 1994 adhuc
3166 1940 3363 1995 fuisset
3400 1943 3471 1995 ab
3498 1942 3610 1996 illis

1955 2008 2385 2079 gentibus,quas
2408 2008 2825 2065 edocebatfera
2856 2011 3001 2065 colla
3022 2012 3267 2065 subdere
3298 2012 3422 2066 miti
3454 2012 3609 2066 Chri«

1955 2080 2088 2155 sto?_
2120 2080 2370 2155 Et_Scupi
2400 2085 2573 2145 certe,
2600 2081 3035 2155 siveDardanAiae
3058 2082 3173 2137 sive
3206 2082 3413 2155 Mtesiaa
3445 2100 3609 2155 supe-

1952 2150 2090 2222 riori
2113 2150 2454 2218 tribuantur,
2492 2152 2735 2222 proximi
2767 2157 2933 2207 erant
2961 2153 3349 2208 Romessianaa
3380 2171 3479 2209 seu
3506 2150 3606 2210 Re-

1954 2221 2227 2295 mesianaa
2269 2226 2327 2295 et
2366 2221 2742 2295 Remissianae
2770 2224 3009 2295 civitati,
3036 2241 3162 2294 quae
3200 2226 3362 2279 sedes
3394 2225 3606 2295 episco-

1950 2292 2096 2362 palis
2126 2310 2249 2347 esse
2274 2294 2482 2348 dicitur
2526 2295 2737 2349 Nicetes
2768 2292 3112 2359 Pauliniani,
3158 2295 3240 2349 uti
3298 2312 3363 2350 ex
3398 2292 3605 2352 tabulis

1951 2366 2318 2436 constatJam
2344 2372 2477 2419 tunc
2505 2365 2697 2436 itaque
2728 2365 2784 2418 in
2812 2366 3031 2420 Paulini
3061 2382 3227 2420 sensu
3252 2366 3391 2419 illud
3418 2367 3605 2421 innuit

1950 2434 2147 2505 procul
2176 2435 2365 2499 dubio,
2398 2438 2547 2507 quod
2579 2434 2752 2491 etiam
2784 2452 2915 2490 cum
2942 2436 3138 2507 Scupis
3165 2440 3314 2491 esset
3355 2437 3599 2501 Nicetes,

1951 2522 2061 2578 non
2092 2523 2293 2576 parum
2330 2506 2517 2565 adhuc
2548 2508 2801 2562 distabat
2824 2508 2897 2562 ab
2920 2506 3018 2562 illa
3043 2506 3268 2563 telluris
3294 2512 3477 2578 parte,
3507 2509 3602 2564 ubi

1948 2577 2188 2648 docebat
2226 2582 2421 2648 gentes
2472 2578 2594 2633 fera
2630 2578 2779 2633 colla
2818 2580 3060 2633 subdere
3089 2577 3338 2634 Christo.
3373 2580 3603 2635 Deside-

1948 2647 2097 2700 rium
2124 2647 2329 2718 nempe
2360 2648 2591 2701 illorum
2623 2648 2960 2718 populorum
2995 2650 3065 2703 de
3114 2649 3321 2703 Nicetes
3348 2651 3597 2705 adventu

1946 2718 3081 2800 exprimerevolensPau_linus,.gaudium
3103 2736 3303 2774 eorum
3338 2720 3493 2800 canit
3526 2722 3597 2800 de

1945 2789 2206 2869 proximo
2238 2789 2387 2843 illius
2419 2791 2685 2870 adventu,
2725 2789 2894 2844 etiam
2935 2807 3068 2844 cum
3110 2806 3225 2870 non
3261 2790 3479 2846 modice
3522 2792 3593 2846 ab

1945 2858 2058 2913 illis
2085 2860 2344 2914 distaret.
2376 2862 2431 2915 Si
2455 2865 2576 2914 tam
2608 2862 2900 2930 proximus
2926 2861 3037 2914 illis
3071 2860 3268 2915 fuisset
3289 2878 3419 2915 cum
3454 2862 3593 2917 Scu-

1945 2930 2029 3000 pis
2076 2935 2263 3013 esset,‘
2296 2930 2486 3012 minus
2540 2932 2796 3013 profecto
2826 2932 3085 3002 apposite
3127 2931 3269 2985 illud
3309 2934 3433 3000 jam
3462 2939 3594 3013 τιέῃο

1944 3006 2303 3071 usurpasset;
2337 3002 2471 3072 quia
2502 3002 2641 3056 nihil
2676 3003 2883 3058 mirum
2933 3018 3202 3057 resonare
3237 3019 3341 3056 nos
3370 3003 3591 3073 gaudiis

1944 3073 2429 3145 cumproximum
2458 3073 2621 3128 nobis
2638 3074 2885 3145 aliquem
2905 3073 3277 3145 intelligimus
3303 3089 3474 3143 quem
3502 3091 3587 3129 ar-

1943 3144 2100 3199 denti
2118 3145 2313 3199 animo
2335 3144 2761 3211 desideramus;
2785 3146 2881 3201 sed
2903 3144 3043 3199 illud
3076 3160 3215 3199 sane
3245 3145 3480 3209 mirum,
3507 3161 3589 3200 re-

1942 3232 2147 3288 sonare
2159 3216 2385 3288 gandiis
2398 3216 2695 3287 etiamjam
2708 3224 2834 3271 tunc
2854 3218 2895 3286 1
2910 3216 2961 3286 3
2976 3232 3101 3270 cum
3114 3216 3302 3288 adhuc
3314 3220 3588 3288 remotum

1941 3286 2227 3354 novimus,
2267 3303 2438 3358 quem
2469 3289 2542 3341 ad
2584 3286 2690 3341 nos
2727 3291 3149 3358 properantem,
3176 3286 3408 3358 scimus.
3463 3286 3588 3342 Non

1940 3358 2113 3430 igitur
2140 3357 2600 3422 Cisdanubianaa,
2639 3357 2738 3413 sed
2760 3357 3287 3430 Transdanubianae
3319 3357 3589 3430 fugisservi-

1941 3428 2150 3485 dentur
2172 3430 2284 3485 illae
2305 3430 2907 3500 gentes,quasNicetas
2928 3428 3296 3484 Paulinianus
3316 3429 3589 3483 edocebat

1941 3501 2063 3555 fera
2089 3501 2235 3556 colla
2266 3502 2509 3556 subdere
2536 3501 2661 3555 miti
2692 3500 3169 3556 Christo.Minime
3188 3516 3320 3553 vero
3352 3503 3584 3568 prseter-

1940 3574 2193 3626 eundum
2219 3578 2275 3627 et
2312 3573 2450 3627 illud
2480 3574 2607 3640 fera
2628 3572 2782 3636 colla,
2839 3588 2950 3643 quo
2986 3587 3176 3643 mores
3206 3574 3263 3625 et
3286 3569 3586 3643 ingenium

1939 3643 2168 3697 illorum
2225 3644 2564 3713 populorum
2606 3640 2873 3698 Paulinus
2904 3641 3195 3712 exprimit,
3226 3642 3301 3713 ad
3326 3640 3587 3713 quosNij

1940 3719 2094 3768 cetas
2138 3711 2550 3769 revertebatur.
2615 3715 2759 3768 Fara
2790 3714 2925 3769 colla
2956 3711 3125 3783 porro
3179 3711 3586 3766 Cisdanubiani

1939 3785 2067 3838 Daci
2102 3784 2338 3839 minime
2369 3784 2779 3854 praeferebant;
2832 3788 3027 3855 utpote
3057 3783 3152 3855 qui
3183 3800 3299 3838 non
3329 3783 3584 3855 Barbari,

1938 3857 2036 3911 sed
2066 3855 2327 3919 Romani,
2351 3860 2405 3909 et
2421 3871 2486 3910 ex
2510 3855 2785 3910 Romanis
2811 3854 3027 3912 colunis
3044 3854 3174 3918 orti,
3193 3856 3263 3909 ab
3280 3854 3587 3910 Aureliano

1939 3927 2285 3996 imperatore
2316 3942 2346 3981 e
2374 3927 2888 3983 Transdanubiana
2912 3928 3082 3983 Dacia
3099 3925 3316 3982 evocati
3337 3926 3581 3990 fuerant,

1938 4014 2110 4069 quam
2136 4002 2317 4069 totam
2347 3998 2627 4052 veteribus
2655 3998 2854 4069 incolis
2885 3999 3256 4069 reliquerunt,
3290 4013 3431 4064 quos
3459 4010 3586 4049 vere

1936 4066 2059 4138 fera
2085 4069 2223 4123 colla
2254 4068 2521 4123 habuisse
2568 4068 2775 4122 merito
2812 4066 3355 4138 cecinitgPaulinus,
3385 4081 3453 4119 ex
3486 4081 3586 4138 _eo-

1940 4134 2067 4194 rum
2099 4138 2271 4194 veluti
2301 4140 2498 4192 innata
2523 4138 2807 4203 barbarie,
2841 4143 3010 4209 atque
3035 4136 3096 4190 in
3135 4138 3462 4191 Romanum
3482 4134 3587 4191 im-

1942 4210 2163 4282 perium
2197 4209 2572 4265 aversatione.

2009 4281 2198 4352 Pergit
2221 4284 2415 4336 autem
2446 4279 2753 4335 Paulinus:

2095 4396 2298 4460 Quaque
2323 4395 2558 4460 Pipliazis
2594 4394 2773 4460 Boreas
2804 4394 2987 4460 inoris

2098 4457 2277 4521 Alligat
2308 4457 2478 4507 den—sis
2504 4457 2683 4521 ﬂuvios
2712 4458 2919 4521 pruinis,

2098 4520 2185 4569 Hic
2202 4520 2307 4584 gelu
2336 4528 2520 4584 mentes
2542 4520 2725 4582 rigidas
2751 4534 2963 4583 superno

2188 4582 2311 4645 lgne
2345 4582 2570 4638 resolvis,

1941 4694 2067 4747 Jam
2086 4695 2253 4746 antea
2269 4691 2489 4745 dixerat
2502 4689 2775 4745 Paulinus
2800 4692 3030 4761 rigentes
3046 4689 3284 4761 populos
3304 4687 3431 4744 illos
3445 4703 3588 4752 esse,

1942 4764 2038 4842 qui
2086 4765 2155 4842 de
2208 4762 2418 4842 Nicetae
2464 4762 2739 4842 proximo
2769 4763 3017 4842 adventu
3043 4762 3364 4842 gestiebant
3400 4778 3411 4813 :
3441 4774 3593 4840 nunc

1943 4830 2171 4910 uberius
2219 4834 2369 4910 illius
2396 4830 2501 4910 s_ol‘i
2533 4830 3200 4910 rigiditaterriexprimit,
3217 4848 3287 4910 ae
3309 4830 3591 4910 praecipue

1944 4908 2001 4962 in
2042 4907 2242 4980 fluvios
2272 4906 2384 4980 vim
2411 4901 2607 4980 Boreae
2628 4905 2816 4980 signat
2862 4901 3052 4980 ﬂeptis
3082 4903 3139 4980 in
3166 4901 3412 4980 Biphaais
3444 4901 3582 4980 oris.

1943 4982 2013 5032 At
2042 4978 2225 5032 Daciae
2249 4971 2869 5031 Cisdanubianze'intra
2891 4974 2960 5027 43
2989 4978 3045 5029 et
3074 4974 3141 5027 44
3172 4971 3492 5027 latitudinis
3510 4984 3594 5023 se-

1982 5048 2336 5103 tentrionalis
2377 5048 2635 5119 gradum
2661 5045 3005 5119 constitutae,
3038 5044 3131 5119 uti
3146 5060 3213 5119 ex
3243 5042 3363 5119 ipsa
3403 5038 3594 5119 Anvil-

1982 5066 2336 5103 tentrionaiis
2377 5066 2620 5119 granum
2661 5066 3005 5109 consumite,
3039 5066 3120 5098 uu
3146 5066 3213 5097 ex
3243 5066 3363 5112 ipsa
3403 5066 3593 5094 Alnu-

1941 5066 2033 5174 ﬁci
2066 5119 2259 5173 tabula
2286 5121 2531 5182 constat,
2570 5117 2825 5185 adeoque
2846 5115 3037 5170 minus
3063 5115 3135 5169 ad
3154 5112 3443 5185 borealem
3474 5110 3593 5185 pla:

1942 5206 2075 5260 gem
2117 5189 2314 5259 positae
2330 5204 2504 5260 quam
2524 5204 2625 5241 nos
2642 5181 3060 5260 Forojulienses
3090 5184 3184 5255 qui
3215 5181 3594 5260 intgalﬁetﬂ

1944 5253 2036 5314 siti
2063 5253 2521 5335 sumus,_qiiique
2544 5253 2817 5335 tanquam
2845 5257 2959 5310 vim
2992 5253 3180 5335 Borea:
3212 5255 3269 5308 in
3292 5253 3478 5335 fluviis
3501 5269 3595 5334 no-

1944 5331 2215 5385 stratibus
2245 5326 2619 5383 nihilominus
2650 5326 2890 5382 minime
2912 5326 3267 5397 experimur;
3302 5326 3487 5397 Daciae
3514 5326 3598 5379 in-

1945 5400 2585 5481 quam,Ci‘sdanu.biei_ia;
2613 5395 3057 5481 haudquaquam
3089 5395 3437 5481 conveniunt
3471 5410 3597 5481 quae

1946 5468 2039 5528 hic
2079 5472 2347 5527 Paulinus
2370 5472 2439 5525 de
2458 5470 2705 5541 Riphaeis
2728 5468 2843 5524 oris
2874 5468 3056 5541 notat,
3094 5468 3187 5523 ubi
3218 5470 3430 5541 Boreas
3461 5468 3602 5523 alli-

1946 5552 2035 5617 gat
2058 5545 2251 5617 ﬂuvios
2280 5544 2463 5597 densis
2489 5540 2728 5617 pruinis,
2762 5546 2819 5597 et
2848 5540 2943 5596 ubi
2966 5540 3194 5617 Nicetes
3246 5540 3421 5617 etiam
3437 5555 3601 5617 Amen-

1952 5609 2024 5692 tes
2054 5609 2421 5692 ibidenigelu
2450 5609 2663 5692 rigidas
2686 5630 2933 5685 superno
2964 5612 3090 5692 igne
3118 5610 3367 5692 resolvit.
3430 5609 3603 5692 Quin-

1950 5687 2131 5743 immo
2187 5686 2408 5742 telluris
2459 5683 3295 5757 ri'giditas,'quam'Paulinus
3351 5683 3602 5757 notatin

1954 5759 2165 5815 Nicetes
2192 5757 2277 5814 sui
2301 5752 2607 5833 episcopali
2629 5752 2982 5827 cura,minus
2999 5756 3174 5817 etiam
3204 5752 3469 5811 convenit
3492 5753 3603 5807 Da-
