4004 6182
140 224 253 294 903

858 222 922 290 P.
969 222 1262 292 BRAIDE
1302 220 1773 291 DISSER’I‘ATIO
1815 218 1888 287 IN
1930 230 1990 291 S.
2039 224 2386 297 NICETAM.
2417 269 2493 281 ——
2521 232 2682 297 CAP.
2730 237 2829 295 III.

3435 246 3550 303 906

136 363 253 419 ruit
277 358 562 436 duplicem
591 358 761 436 plena
790 360 1168 436 descriptione
1199 366 1486 436 naturam.
1516 362 1701 417 Unam
1731 360 1791 436 in
1821 364 1869 423 A
1899 362 2111 419 Eodem
2143 368 2297 422 enim
2320 368 2547 423 annoin
2574 383 2841 423 concessu
2866 366 3260 436 episcOporum
3294 375 3350 425 et
3381 374 3548 429 abba-

138 451 251 507 qua
283 430 992 507 seéundumﬂivinitatern
1014 432 1195 507 factor
1214 440 1299 488 est
1323 433 1605 496 omnium,
1630 436 1686 507 et
1716 432 1795 487 al-

136 501 319 562 teram
352 503 409 556 in
440 518 551 573 qua
583 501 766 556 factus
798 508 883 557 est
919 520 986 558 ex
1007 505 1224 559 semine
1258 506 1435 559 David
1474 506 1788 559 secundum

132 591 385 632 carnem.
410 575 471 627 In
502 589 744 646 quarum
762 579 972 646 neutra
988 576 1307 630 substantia
1337 575 1579 646 suspicio
1606 578 1790 645 potest

131 644 552 720 phantasmatis
582 644 823 720 inveniri
846 662 879 720 _:_
903 646 1035 720 quia
1064 646 1209 700 sicut
1257 664 1358 720 per
1382 644 1450 720 se
1492 644 1787 720 invisibilis

132 715 256 775 erat
287 715 566 771 Divinitas
598 732 724 785 qua
753 715 1134 771 inclinabatur
1164 733 1193 771 e
1220 715 1385 784 calo,
1409 717 1490 771 ita
1510 719 1580 771 de
1610 717 1791 771 David

132 790 308 871 stirpe
335 788 687 871 descendens
709 786 851 871 nihil
889 787 1335 871 ludiﬁcatorium
1368 789 1577 843 habere
1608 789 1791 871 p‘ot‘uit

130 856 341 916 veritas
372 858 561 913 carnis
593 856 797 912 Christi
828 880 839 910 :
869 875 997 929 qua
1022 876 1135 913 non
1167 859 1351 914 solum
1382 876 1559 929 usque
1580 856 1653 913 ad
1686 861 1791 913 Da-

130 932 224 985 vid
256 947 357 1001 per
384 946 626 999 proavos
647 945 797 991 suos,
831 930 930 985 sed
955 946 1053 1000 per
1084 931 1271 1001 ipsum
1318 930 1495 986 David
1525 946 1701 1000 usque
1731 930 1787 983 in

131 1004 340 1064 Adam,
365 1017 634 1071 expressa
674 1005 975 1070 parentum
1014 1001 1409 1057 nominatione
1452 1001 1778 1056 resolvitur.

135 1074 201 1128 Et
228 1073 360 1127 ideo
391 1072 528 1125 dicit
556 1072 875 1141 Apostolus,
912 1088 1034 1127 esse
1065 1090 1131 1127 ex
1150 1074 1368 1127 semine
1400 1072 1577 1127 David
1594 1088 1790 1127 secun-

132 1146 270 1199 dum
304 1159 561 1206 carnem,
594 1147 656 1196 ut
697 1159 828 1197 eum
877 1145 1423 1201 consubstantialem
1484 1146 1792 1213 exponeret

132 1215 328 1295 matri,
362 1215 433 1268 de
464 1230 578 1283 qua
604 1214 799 1295 utique
822 1216 1065 1294 sumpsit
1082 1219 1138 1268 et
1166 1220 1436 1295 mortem;
1467 1216 1790 1295 cumphan-

132 1291 325 1341 tasma
351 1301 457 1339 nec
502 1284 816 1355 nasciLnec
846 1284 989 1339 mori
1050 1286 1246 1355 possit,
1300 1288 1399 1339 sed
1447 1284 1790 1355 principium

132 1358 256 1429 ejus
278 1356 570 1429 deludere,
599 1354 714 1426 34
742 1377 761 1404 ι
793 1355 1033 1429 finisque
1054 1354 1319 1429 vanuisse
1350 1354 1499 1410 sitﬁ»
1520 1357 1647 1410 Hac
1664 1372 1791 1429 san-

132 1425 256 1484 ctus
280 1426 480 1481 Avitus
507 1425 847 1481 Viennensis
864 1426 919 1480 in
944 1425 1301 1497 fragmentis,
1323 1430 1456 1497 etc.,
1478 1442 1717 1481 numero
1736 1426 1787 1489 1,

132 1516 198 1554 ex
222 1499 430 1554 eodem
456 1501 616 1551 tomo
644 1496 1078 1569 XiBibliotheca
1101 1496 1382 1552 Gallandii
1412 1514 1540 1569 pag.
1570 1498 1691 1551 749.

199 1570 333 1624 Jam
360 1568 1026 1650 igiturconcludendum,
1048 1568 1323 1650 N‘icetam.
1354 1567 1616 1623 uestrum
1648 1567 1790 1650 epis-

131 1656 341 1711 copum
365 1638 623 1711 civitatis
632 1640 995 1711 Bomatiana
1016 1657 1049 1694 a
1068 1639 1363 1694 Gennadio
1378 1644 1783 1711 memoratum,

1898 439 2019 489 tum
2044 437 2240 514 habito
2268 438 2777 514 Constantinopoli
2796 439 2865 492 ab
2886 437 3034 491 illius
3064 441 3236 509 regia
3268 442 3421 514 urbis
3440 446 3552 514 epi-

1900 523 2070 581 scopo
2089 510 2381 580 Flaviano,
2398 512 2673 581 Eutyches
2697 509 2947 579 primum
2963 515 3260 564 accusatus
3277 511 3384 565 fuit
3401 509 3552 567 novi-

1900 577 2050 662 illius
2076 577 2570 662 dogmatis,.q_i‘16d
2596 577 3368 662 ‘ipsehpermonasterialibro
3400 584 3553 638 edito

1900 650 2329 714 disseminabat,
2358 650 2687 707 ab’Eusebio
2711 650 2956 723 Dorylai
2979 651 3263 723 episcopo,
3283 653 3433 709 illius
3456 672 3555 709 an-

1899 724 2223 799 teaamico,
2254 740 2287 778 a
2313 724 2629 799 quo_etiam
2664 723 2877 799 frustra
2904 724 3160 799 monitus
3195 723 3407 790 fuerat;
3436 727 3551 799 35

1900 795 1955 846 et
1976 793 2251 863 Eutyches
2279 793 2484 849 erroris
2522 794 2831 859 convictus,
2861 798 2918 848 et
2946 794 3002 848 in
3022 810 3213 849 errore
3244 793 3553 852 contuma'x

1900 864 2209 935 damnatus
2239 865 2362 930 fuit,
2388 883 2454 920 ac
2478 866 2779 920 sacerdotii
2813 865 3029 920 honore
3058 866 3329 935 privatus.
3387 872 3552 923 Anno

1902 934 2219 1015 insequenti
2250 937 2631 1015 449,3anctus
2656 938 2763 1015 [nec
2796 953 2942 1015 papa
2966 936 3249 1015 celebrem
3298 938 3447 993 illam
3480 941 3552 993 ad

1900 1004 2236 1060 Flavianum
2250 1008 2553 1077 epistolam
2572 1008 2729 1061 dedit
2744 1004 2847 1061 con
2858 1004 2946 1061 t’ra
2966 1006 3380 1077 Eutychianum
3400 1027 3553 1065 erro-

1900 1091 2044 1149 rem,
2078 1094 2188 1146 qua
2207 1082 2327 1131 tam
2360 1078 2652 1148 perspicue
2669 1078 3011 1149 catholicum
3036 1079 3244 1149 dogma
3272 1082 3338 1135 de
3371 1080 3552 1135 incar-

1901 1146 2133 1202 natione
2160 1146 2406 1214 Domini,
2441 1146 2507 1203 et'
2527 1150 2595 1203 de
2627 1150 2846 1203 duabus
2888 1150 2944 1202 in
2968 1146 3190 1203 Christo
3220 1151 3440 1205 naturis
3468 1169 3554 1207 os-

1902 1218 2465 1291 tendi_t,eterrorem
2528 1220 2741 1291 ipsum,
2772 1219 3100 1291 Eutychetis
3155 1224 3273 1273 tam
3323 1230 3554 1277 strenue

1901 1289 2243 1359 profligavit.
2279 1292 2441 1345 Anno
2460 1291 2691 1345 demum
2721 1290 2848 1350 451.
2876 1289 3225 1345 celebratum
3259 1291 3364 1345 fuit
3394 1293 3555 1347 Chal-

1900 1361 2219 1415 cedonense
2242 1362 2544 1415 concilium
2576 1362 3009 1423 acumenicum,
3042 1361 3098 1413 in
3145 1379 3276 1431 quo.
3306 1364 3555 1418 rescissis

1903 1430 2168 1502 omnibus
2199 1449 2325 1501 qua
2356 1432 2412 1487 in
2437 1432 2735 1487 latrocinio
2769 1431 3048 1502 Ephesino
3081 1430 3181 1501 per
3222 1432 3555 1489 violentiam

1902 1505 1958 1572 et
1978 1500 2241 1557 fraudem
2274 1504 2344 1557 ab
2372 1503 2696 1572 Eutychetis
2740 1500 2968 1557 asseclis
3022 1500 3095 1557 ac,
3115 1504 3371 1572 patronis
3430 1511 3559 1561 acta

1902 1522 2241 1557 eurauuem
2274 1522 2344 1557 an
2372 1522 2477 1557 ωλι
2502 1522 2696 1557 'cneus
2740 1522 2968 1557 assecus
3022 1522 3087 1557 ac
3115 1522 3371 1572 patronis
3430 1522 3558 1561 acta

1902 1571 2147 1637 fuerant,
2191 1574 2437 1644 epistola
2467 1522 2566 1629 illa
2597 1574 2777 1629 sancti
2812 1574 3013 1628 Leonis
3046 1590 3203 1643 papa
3234 1576 3307 1628 ad
3339 1576 3558 1632 Flavia-

1901 1659 2059 1706 num,
2088 1645 2214 1715 jam
2244 1661 2342 1713 per
2363 1645 2691 1699 universum
2722 1646 2917 1699 orbem
2947 1644 3172 1708 diﬁ‘usa,
3208 1649 3265 1699 et
3308 1647 3558 1715 undique

133 1712 188 1792 i_n
206 1710 319 1766 sua
339 1710 581 1792 Symboli
602 1710 1025 1792 Explanatt'one,
1049 1711 1233 1792 capite
1250 1712 1302 1778 4,
1325 1710 1789 1792 ubincatholicum
1824 1725 1865 1778 Β
1900 1710 2313 1792 venerabiliter
2334 1721 2587 1792 accepta,
2622 1732 2686 1769 ac
2726 1715 2899 1769 veluti
2924 1716 3259 1792 Symbolum
3282 1716 3414 1792 fidei
3463 1710 3559 1792 ha-

133 1784 353 1851 dogma
380 1780 555 1835 tradit
582 1781 1037 1851 competentibus
1053 1780 1168 1836 suis
1190 1798 1318 1836 vere
1345 1782 1402 1835 in
1422 1782 1666 1847 Christo,
1686 1780 1788 1835 sic-

135 1800 207 1837 ao
250 1800 353 1835 ma
380 1800 555 1835 tradit
582 1800 1037 1851 competentibus
1053 1800 1168 1836 suns
1190 1800 1318 1836 vere
1345 1800 1402 1835 ID
1422 1800 1666 1847 ωπιειο,
1686 1800 1788 1835 SIC-

135 1800 574 1914 utﬁﬁvinitatis,
606 1852 685 1906 ita
714 1852 889 1907 etiam
932 1853 1330 1917 humanitatis,
1360 1857 1416 1907 et
1442 1853 1534 1907 ubi
1581 1851 1790 1906 refellit

133 1940 385 2005 erroneus
410 1922 536 2005 illos
563 1923 845 2005 nareticos
859 1924 1231 2005 et_magistros
1259 1924 1533 2005 fallacia,
1562 1922 1657 2005 qui
1685 1939 1790 2005 non

132 2011 282 2059 vere,
307 1998 371 2049 ut
401 1994 610 2055 aiebat,
630 1995 729 2049 sed
746 1997 989 2062 putative
1022 1993 1375 2050 z’ncarnatum
1401 1993 1691 2049 Christum
1709 1993 1791 2046 di-

131 2068 360 2127 cebant,
390 2064 630 2134 ideoque
653 2065 716 2119 in
746 2066 1118 2135 phantasmate
1129 2066 1343 2133 factam
1372 2064 1593 2118 Domini
1607 2066 1791 2118 incar-

134 2138 431 2204 nationem,
464 2153 593 2206 quia
617 2151 723 2189 non
738 2152 858 2191 vere
869 2136 1038 2206 fuerit
1064 2136 1199 2206 quod
1230 2135 1543 2197 videbatur,
1562 2136 1651 2189 sed
1662 2152 1789 2189 ocu-

136 2154 431 2204 nationem,
464 2154 593 2206 quza
617 2154 723 2189 non
738 2154 1038 2206 vere/uera
1100 2154 1198 2190 uoa
1230 2154 1789 2197 vzaeoamr,seaocu-

136 2210 209 2263 los
224 2207 486 2278 fefellerit
517 2207 822 2275 hominum;
851 2154 1328 2274 conclugendum,
1347 2207 1605 2278 inquam,
1638 2206 1793 2261 Nice-

134 2277 257 2333 tam
286 2279 437 2333 hunc
457 2294 574 2332 non
599 2278 911 2348 respexisse
947 2280 1019 2333 ad
1049 2278 1345 2333 hareticos
1368 2277 1493 2331 illos
1550 2280 1787 2348 veteres,

168 2350 227 2404 ui
262 2349 324 2403 in
352 2347 856 2404 adinventionibus
886 2353 942 2404 et
958 2348 1454 2419 phantasmatibus
1481 2347 1596 2402 suis
1626 2348 1793 2417 Euty-

168 2368 227 2404 ιιι
262 2368 324 2403 in
352 2368 856 2404 amnvenuomous
886 2368 942 2404 et
958 2368 1454 2419 pnantasmaunus
1481 2368 1596 2402 SlllS
1627 2368 1793 2417 nuny-

132 2368 280 2476 (tamen
308 2424 732 2491 pracesserunt,
766 2420 864 2474 sed
895 2420 1063 2490 plane
1100 2419 1387 2491 Eutychen
1418 2419 1603 2491 ipsum
1645 2419 1794 2489 ejus-

170 2508 245 2547 ue
278 2489 586 2546 sectatores
617 2489 931 2545 intendisse
960 2496 1050 2557 ;et
1067 2489 1475 2562 quia‘errorem
1500 2489 1664 2562 illum
1692 2505 1793 2562 un-

170 2510 245 2547 ue
278 2510 586 2546 senatores
617 2510 931 2545 intenulsse
960 2510 1198 2562 ;etqu1a
1223 2510 1475 2546 errorem
1500 2510 1664 2543 luum
1692 2510 1790 2543 un-

133 2510 439 2634 gequaque
478 2562 711 2634 exponit
739 2577 805 2617 eo
837 2578 1069 2632 prorsus
1095 2563 1266 2634 modo
1299 2561 1545 2634 ipsisque
1569 2560 1790 2634 formis,

133 2632 639 2705 qui—busieumdem
664 2633 941 2705 habemus
968 2634 1149 2705 apud,
1177 2633 1371 2705 divum
1404 2632 1651 2686 Leonem
1682 2632 1793 2705 lita-

132 2701 324 2785 gnum
354 2704 411 2759 in
427 2709 527 2785 tot
547 2703 820 2785 epistolis,
843 2701 1182 2785 quas—dedit
1235 2705 1309 2757 ad
1349 2702 1543 2785 ipsum
1567 2701 1793 2785 _proﬂi:

169 2777 397 2831 andum
424 2780 545 2829 tum
577 2771 633 2829 in
664 2771 894 2829 Oriente
921 2776 1071 2830 unde
1101 2771 1394 2844 eruperat,
1419 2778 1542 2827 tum
1566 2772 1623 2825 in
1642 2771 1795 2826 Occi-

171 2846 331 2903 entis
365 2846 619 2917 partibus
644 2845 738 2901 ubi
770 2846 1043 2915 sutTragia
1072 2844 1177 2900 sibi
1204 2860 1539 2917 comparare
1574 2846 1794 2913 satage-

130 2920 235 2974 bat
263 2936 279 2983 ;
312 2914 532 2988 et'quia
552 2917 764 2972 eisdem
788 2914 1047 2972 sensibus
1068 2934 1133 2971 ac
1160 2916 1489 2984 momentis,
1523 2914 1702 2969 immo
1735 2916 1796 2988 et

168 3005 286 3045 ene
316 2983 500 3043 verbis
517 2988 863 3043 utituridem
892 2988 1117 3043 Nicetas
1148 2989 1420 3042 adversus
1452 3000 1703 3041 errorem
1732 2983 1795 3038 il-

150 3077 282 3125 um,
318 3058 520 3130 quibus
543 3058 661 3129 ipse
692 3064 921 3114 sanctus
952 3058 1212 3130 pontifex,
1243 3075 1376 3113 usus
1408 3057 1517 3111 fuit
1544 3056 1603 3111 in
1655 3054 1796 3110 cele-
1832 3070 1876 3130 ο

126 3133 213 3186 bri
241 3129 574 3202 dogmatica
599 3146 701 3185 sua
713 3129 965 3201 epistola,
980 3131 1048 3185 ad
1064 3129 1420 3202 Flavianum,
1447 3144 1573 3202 qua
1599 3144 1698 3202 p_e_r
1715 3130 1796 3181 to-

127 3206 259 3257 tum
276 3197 623 3257 catholicum
638 3197 830 3257 orbem
846 3202 1070 3264 diffusa,
1096 3218 1196 3256 ceu
1211 3201 1341 3256 fidei
1369 3197 1567 3271 regula
1589 3197 1796 3271 ubique

128 3274 339 3329 habita
372 3272 665 3327 fuitetiam
689 3278 820 3327 ante
834 3272 1295 3328 Chalcedonense
1324 3269 1592 3342 generale
1609 3270 1795 3342 conci—

126 3345 302 3408 lium,
334 3342 432 3399 ubi
455 3344 687 3398 demum
712 3343 1034 3414 Eutychetis
1064 3360 1222 3398 error
1251 3340 1587 3414 supremum
1620 3340 1796 3414 ictum

128 3415 357 3486 accepit
385 3432 398 3479 ;
423 3418 480 3469 et
499 3414 632 3484 quia
663 3412 940 3484 praterea
964 3415 1165 3486 eadem
1198 3412 1337 3484 ipsa
1352 3430 1479 3484 qua
1510 3412 1569 3467 in
1599 3412 1799 3486 Niceta

128 3482 755 3559 apparet‘occurrendi
786 3486 934 3559 ratio
963 3482 1235 3559 gliscenti
1256 3482 1532 3559 erroriex
1558 3482 1799 3554 epistola

126 3554 227 3614 illa
264 3558 345 3612 ad
368 3556 730 3629 Flavianum,
760 3556 877 3611 sive
904 3554 1260 3629 ex'fejusdem
1293 3554 1551 3629 sensibus
1583 3571 1649 3609 ac
1680 3572 1797 3629 mo-

127 3628 377 3709 mentis:~
386 3645 451 3709 ac
482 3644 623 3709 p_ene
645 3626 1055 3709 etiamverbis,
1082 3628 1267 3709 elucet
1287 3628 1463 3709 etiam
1481 3626 1800 3709 eommuni-

128 3707 214 3757 ter
245 3702 311 3755 in
341 3697 603 3755 Patribus
632 3699 720 3755 vel
746 3699 980 3771 Eutychi
1007 3700 1233 3764 coavis,
1271 3700 1379 3771 Avel
1403 3698 1498 3769 qui
1550 3714 1666 3751 non
1720 3697 1801 3771 ita

126 3774 312 3845 longe
328 3776 457 3845 post
470 3772 737 3826 eumdem
754 3767 1090 3835 ﬂoruerunt,
1107 3772 1175 3845 de
1188 3769 1389 3845 quibus
1403 3767 1629 3845 constat
1649 3767 1799 3838 quod

124 3840 566 3915 Eutivchianum
598 3858 796 3915 reapse
831 3855 1084 3897 errorem
1114 3840 1653 3915 insecutiufueru‘nt.

199 3910 365 3981 Quid
384 3929 535 3968 nunc
551 3910 726 3983 igitur
749 3918 878 4038 Eost
893 3917 1011 3968 tam
1038 3911 1319 3984 prolixam
1342 3910 1801 3981 disquisitionem

228 4002 379 4038 vero
402 4001 469 4038 ac
497 3983 721 4038 nroorio
795 3983 1100 4038 utvchiano
1133 3999 1325 4038 errore
1354 3998 1388 4036 a
1430 3981 1630 4036 Niceta
1674 3996 1801 4035 nos-

124 3988 194 4042 de
228 4002 379 4041 vero
402 4001 469 4040 ac
494 3981 721 4056 proprio
749 3981 1100 4056 Eutycbiano
1133 3999 1325 4039 errore
1349 3998 1388 4056 _a
1430 3981 1654 4056 Nice_ta_
1674 3996 1804 4056 nos-

122 4062 215 4112 tro
252 4057 322 4110 in
354 4072 458 4109 sua
480 4051 715 4126 Symboli
744 4051 1146 4125 Exp'lanatione
1199 4052 1531 4125 exagitato?
1559 4051 1692 4105 Inde
1718 4052 1799 4126 ni-

121 4130 357 4182 mirum
391 4119 665 4196 sequ'itur,
711 4119 862 4196 quod
894 4126 1244 4196 Eutychiano
1275 4119 1491 4196 re'rrore
1550 4119 1804 4196 anterior

121 4216 255 4254 esse
296 4193 549 4266 nequeat
588 4193 811 4251 Nicetas
839 4197 932 4251 hic
978 4193 1401 4266 Exclanatt'onis
1430 4193 1667 4266 Symboli
1704 4209 1797 4266 au-

122 4274 277 4324 ctor.
321 4261 488 4331 Quod
519 4267 564 4321 si
593 4267 943 4338 Eutychiano
966 4284 1157 4323 errore
1187 4265 1439 4338 anterior
1466 4261 1693 4338 Nicetas
1716 4261 1805 4338 hic

120 4357 255 4395 esse
288 4352 413 4392 non
436 4341 640 4408 potest,
660 4334 783 4409 jam
804 4338 937 4393 inde
956 4338 1154 4408 liquet,
1182 4336 1543 4393 Romatiana
1561 4334 1809 4391 civitatis

120 4411 477 4487 episcopum
500 4409 729 4487 Niceam
744 4426 843 4487 ceu
872 4410 1177 4487 Nicetama
1201 4409 1495 4487 Gennadio
1522 4422 1805 4462 memora-
1839 4429 1884 4487 Ι)

122 4480 260 4537 tum
292 4499 311 4547 ;
346 4480 407 4535 et
424 4480 841 4550 Explanalionis
870 4480 1119 4550 Symboli
1176 4484 1491 4550 auctorem.
1525 4494 1639 4550 non
1664 4493 1810 4550 esse

119 4555 382 4610 Niceam
416 4548 514 4606 seu
545 4551 799 4606 Nicetam
818 4548 980 4605 illum
1016 4554 1228 4606 Dacum
1247 4549 1426 4605 sancti
1456 4548 1675 4603 Paulini
1703 4551 1810 4603 No—

120 4626 253 4704 lani
292 4622 853 4704 episcopi_amicum,
886 4622 1259 4704 ejusdemque
1282 4620 1545 4704 laudibus
1561 4619 1811 4675 celebra-

120 4701 263 4774 tu_m
289 4711 308 4761 ;
337 4691 465 4765 qua
493 4691 769 4774 esthujus
802 4691 951 4774 tertii
986 4691 1204 4774 “capitis
1244 4691 1578 4774 pr0p‘ositio‘,
1632 4707 1806 4761 quam

124 4763 427 4822 adversus
441 4764 769 4834 Opinionem
784 4763 1083 4819 clarissimi
1098 4763 1263 4818 Zabei
1282 4763 1679 4819 sustinendam
1693 4776 1813 4834 sus-

124 4838 263 4909 cepi
298 4856 313 4890 :
346 4831 489 4890 nam
512 4836 733 4909 Nicetas
754 4835 849 4890 ille
888 4836 1071 4909 Dacus
1104 4834 1326 4889 Paulini
1358 4831 1812 4909 Nolaniamicus

122 4903 529 4991 ejusdemque
562 4905 827 4991 laudibus
861 4905 1198 4991 celebratus,
1233 4903 1626 4991 proculdubio
1654 4907 1815 4991 ante:

124 4974 259 5035 rior
292 4977 406 5033 fuit
430 4974 782 5047 Eutychiano
815 4989 1026 5041 errore,
1052 4975 1147 5046 qui
1173 4974 1417 5047 nonnisi
1436 4974 1811 5047 NiicetaADaco

114 5053 265 5134 jam
286 5049 515 5120 pridem
536 5044 653 5103 vita
666 5048 861 5103 functo
873 5044 1122 5119 primum
1139 5046 1339 5117 erupit.
1357 5045 1441 5099 Ab
1460 5044 1812 5126 Eutychiano

122 5128 350 5177 itaque
380 5136 572 5175 errore
594 5120 1051 5174 descendendum
1076 5135 1226 5173 nunc
1247 5120 1331 5173 est
1357 5117 1431 5170 ad
1458 5115 1629 5177 hujus
1659 5118 1812 5169 Nice-

122 5133 216 5177 ita
271 5137 350 5175 ue
380 5136 572 5175 errore
594 5133 1051 5174 descendendum
1076 5135 1226 5173 nunc
1247 5133 1331 5173 est
1357 5133 1431 5170 au
1458 5133 1629 5187 οιῃυε
1659 5133 1812 5169 mce-

124 5139 670 5269 tai)aci_Pau_lino
703 5190 919 5269 Nolano
943 5190 1197 5269 amicitia
1236 5181 1812 5269 conjunctihdil‘igen-

124 5270 224 5320 ter
245 5262 666 5333 inquirendam
688 5266 916 5333 atatem
941 5281 955 5331 ;
981 5264 1131 5332 quod
1148 5262 1218 5315 ab
1234 5256 1398 5314 initio
1421 5257 1622 5333 capitis
1644 5256 1816 5329 hujus

123 5330 408 5391 secundo
443 5334 565 5388 loco
598 5332 736 5386 mihi
761 5338 885 5387 erat
914 5330 1288 5403 propositum,
1319 5333 1376 5386 et
1427 5330 1579 5403 quod
1638 5343 1815 5403 unum

123 5410 339 5463 restat
364 5406 437 5459 ad
468 5420 591 5459 rem
632 5399 1047 5459 conficiendam
1080 5405 1148 5459 de
1169 5418 1283 5474 qua
1344 5401 1517 5454 modo
1567 5399 1812 5469 agimus.

210 5477 455 5533 Nicetas
488 5473 677 5547 itaque
694 5476 873 5530 Dacus
900 5475 1146 5547 amplius
1164 5473 1222 5547 in
1246 5473 1384 5547 vivis
1398 5487 1512 5547 non
1544 5475 1667 5525 erat
1684 5485 1815 5524 cum

124 5546 515 5618 Eutycbiana
544 5542 775 5618 haeresis
806 5542 1017 5618 ortum‘
1045 5544 1263 5618 habuit,
1298 5542 1538 5598 Haresis
1566 5556 1817 5618 namque

122 5612 275 5675 hac
296 5616 653 5691 _abEutyche
679 5616 1219 5691 archimandritaet
1243 5616 1540 5691 jamsene,
1566 5612 1651 5691 uti
1662 5612 1820 5691 patet

121 5709 202 5748 ex
245 5685 528 5761 pluribus
552 5688 687 5761 locis
719 5688 1106 5761 Epistolarum
1138 5685 1321 5743 sancti
1351 5685 1567 5761 Leonis
1602 5685 1815 5761 Magni,

121 5752 361 5820 ortum
383 5759 438 5815 in
471 5760 701 5816 Oriente
726 5752 929 5816 habuit
961 5760 1111 5815 circa
1159 5775 1377 5816 annum
1408 5754 1634 5813 Domini
1688 5752 1814 5810 448.

418 5849 657 5906 ParacL.
700 5848 819 5907 LII.

1901 1784 2020 1858 bita
2046 1789 2246 1858 contra
2274 1786 2714 1858 Eutychiagnumh
2740 1801 3015 1858 errorem,
3064 1786 3224 1858 quasi
3265 1802 3333 1858 ex
3384 1788 3558 1858 ipsius

1900 1856 2074 1926 Petri
2097 1872 2193 1911 ore
2218 1858 2451 1926 prolata
2484 1874 2516 1909 a
2546 1856 2808 1926 Patribus
2849 1856 3169 1909 acclamata
3201 1856 3325 1909 fuit.

1974 1925 2051 1979 De
2074 1925 2276 1981 Niceta
2302 1927 2433 1981 Daci
2466 1925 2769 1981 emortuali
2796 1942 2949 1981 anno
2980 1925 3120 1979 nihil
3176 1926 3407 1996 quidem
3467 1944 3555 1981 ex.

1901 1996 2187 2121 ﬁloratum
2215 1997 2493 2078 habemus
2525 1999 2664 2079 {sed
2694 1997 3139 2078 NicetasDacus
3154 1997 3347 2066 procul
3385 1998 3558 2079 dubio

1945 2071 2095 2121 oruit
2141 2072 2311 2121 atate
2338 2069 2557 2121 Paulini
2594 2067 2819 2121 Nolam.
2854 2084 3015 2121 emus
3067 2072 3244 2121 etiam
3286 2085 3558 2121 811110188]-

1945 2068 2095 2121 oruit
2141 2072 2311 2123 atate
2338 2067 2557 2123 Paulini
2594 2067 2819 2134 Nolani,
2854 2067 3015 2138 cujus
3067 2066 3244 2122 etiam
3286 2068 3561 2123 amicissi-

1902 2155 2029 2191 mus
2061 2143 2201 2201 erat,
2234 2143 2291 2192 et
2321 2141 2391 2192 ad
2419 2155 2587 2209 quem
2622 2138 2983 2209 invisendum
3011 2154 3044 2209 e_
3071 2138 3241 2209 Dacia
3275 2140 3476 2194 Nolam
3502 2156 3560 2194 se

1902 2209 1986 2262 bis
2017 2209 2351 2272 contulerat,
2378 2207 2521 2263 ut‘ex
2544 2209 2803 2279 ejusdem
2830 2207 3051 2262 Paulini
3067 2208 3291 2278 scriptis
3313 2215 3557 2265 constat.

1905 2279 2082 2333 Porro
2114 2279 2381 2333 Paulinus
2415 2280 2671 2334 Nolanus
2703 2280 2775 2333 ad
2830 2294 3066 2348 superos
3117 2279 3364 2333 evolavit
3408 2298 3561 2335 anno

1901 2350 2024 2421 431,
2059 2350 2238 2404 atrtis
2270 2367 2387 2404 sua
2417 2353 2505 2417 78,
2532 2366 2661 2404 cum
2685 2351 2979 2421 presbyter
3010 2349 3165 2421 Nola
3200 2350 3399 2405 fuisset
3430 2356 3563 2406 ante

1903 2420 2290 2491 episcopatum
2323 2422 2511 2491 plures
2544 2438 2750 2487 annos,
2774 2425 2831 2475 et
2864 2422 2947 2491 ad
2997 2420 3380 2491 episcopalem
3432 2440 3560 2477 eam

1902 2492 2096 2546 sedem
2129 2490 2457 2562 assumptus
2474 2496 2621 2547 esset
2646 2507 2798 2545 anno
2825 2490 3045 2545 circiter
3073 2490 3203 2555 409,
3230 2493 3309 2545 uti
3339 2495 3408 2547 ab
3440 2511 3565 2549 eru-

1903 2562 2035 2616 ditis
2055 2563 2190 2634 _ejus
2213 2563 2457 2631 Operum
2487 2563 2802 2634 editoribus
2833 2563 3197 2634 observatum
3256 2562 3383 2634 fuit.
3408 2565 3564 2620 Nice-

1904 2638 2017 2686 tam
2052 2632 2203 2686 hunc
2228 2634 2441 2687 Dacum
2470 2640 2605 2687 natu
2639 2632 2886 2690 Paulino
2919 2632 3207 2703 majorem
3244 2633 3435 2700 fuisse,
3495 2652 3562 2690 ex

1904 2703 2178 2784 pluribus,
2222 2703 2443 2784 Paulini
2467 2703 2741 2784 ipsiusde
2759 2704 2986 2784 eodem
3007 2703 3389 2784 locutionibus
3445 2722 3558 2784 non

1904 2773 2192 2828 immerito
2231 2774 2584 2845 conjicimus.
2616 2774 2909 2844 Siquidem
2940 2777 2996 2828 et
3016 2781 3293 2841 parentem
3325 2791 3480 2833 eum.
3509 2781 3566 2830 et

1904 2846 2226 2915 magistrum
2258 2845 2472 2915 passim
2508 2845 2778 2915 appellat,
2808 2848 2860 2899 et
2889 2861 2948 2898 se
2970 2860 3085 2897 non
3115 2846 3287 2899 modo
3320 2863 3431 2915 pra
3465 2846 3565 2901 hu-

1909 2916 2151 2971 militate
2171 2932 2469 2985 pauperem
2498 2922 2554 2971 et
2584 2916 2954 2986 insipientem,
2974 2916 3074 2970 sed
3106 2916 3281 2970 etiam
3312 2917 3462 2971 illius
3481 2934 3564 2973 rc—

1907 2992 2101 3057 spectu
2130 2988 2456 3055 parvulum,
2475 2992 2738 3058 poemate
2763 3003 2894 3041 xxvi
2917 2987 2986 3058 de
3008 2991 3205 3041 sancto
3232 2987 3431 3054 Felice,
3459 2992 3565 3043 Na-

1906 3056 2007 3112 tal.
2035 3058 2087 3121 9,
2126 3059 2277 3128 quod
2309 3056 2487 3113 edidit
2517 3059 2572 3111 in
2609 3058 2857 3114 secundo
2902 3056 3111 3112 Niceta
3170 3058 3417 3113 adventu
3462 3063 3566 3114 No-

1908 3130 2026 3184 lam
2054 3128 2207 3201 circa
2236 3146 2454 3184 annum
2504 3129 2626 3193 402,
2666 3128 3132 3201 cumﬂPaulinus
3189 3133 3345 3201 tunc,
3370 3134 3567 3201 ageret

1908 3200 2096 3256 atatis
2123 3217 2342 3255 annum
2372 3201 2593 3255 circiter
2643 3200 2730 3254 49.
2786 3199 3037 3269 Idipsum
3095 3215 3228 3254 vero
3275 3200 3390 3255 alia
3414 3199 3567 3257 _sunt

1909 3289 2031 3343 qua
2064 3272 2405 3327 luculentius
2433 3272 2619 3325 adhuc
2645 3270 2931 3343 evincunt.

1979 3346 2128 3398 Ante
2154 3360 2338 3398 annos
2364 3348 2625 3413 quatuor,
2660 3342 2935 3396 nimirum
2970 3357 3121 3413 anno
3153 3341 3275 3410 398,
3312 3342 3563 3412 primum

1908 3414 2124 3472 Nolam
2149 3411 2463 3470 advenerat
2490 3414 2729 3478 Nicetas,
2763 3430 2889 3468 cum
2911 3411 3177 3467 Paulinus
3200 3411 3415 3467 annum
3437 3430 3567 3484 age-

1911 3490 2000 3540 ret
2026 3487 2116 3542 45.
2151 3486 2347 3541 Exstat
2379 3485 2594 3540 Paulini
2624 3501 2848 3555 poema,
2885 3500 3047 3555 num.
3083 3484 3170 3547 17,
3205 3486 3278 3539 ad
3304 3485 3565 3539 Nicetam

1910 3556 2245 3612 redeuntem
2263 3557 2318 3611 in
2340 3557 2598 3620 Daciam,
2622 3554 2691 3627 de
2716 3554 3143 3627 quosuperiore
3164 3555 3346 3625 capite
3368 3556 3529 3627 plura
3551 3571 3564 3621 ;

1910 3630 2060 3698 quod
2093 3630 2166 3682 ad
2192 3628 2459 3689 reditum,
2495 3644 2561 3682 ex
2588 3626 2775 3697 primo
2801 3626 3227 3698 ejusiadventu,
3261 3626 3379 3681 non
3405 3644 3568 3683 exse-

1910 3695 2117 3769 eundo,
2148 3698 2355 3769 eruditi
2372 3695 2629 3769 spectare
2652 3695 2903 3769 censent.
2932 3697 2993 3769 In
3025 3695 3135 3769 hoc
3161 3701 3424 3767 poemate
3448 3715 3569 3769 per-

1911 3768 2168 3839 sequitur
2199 3768 2467 3823 Paulinus
2500 3767 2697 3823 fusiori
2725 3768 2870 3893 asylo
2904 3767 3341 3832 Nicetalaudes,
3366 3767 3489 3840 qua
3509 3770 3567 3824 in

1911 3856 1977 3893 eo
2002 3839 2251 3893 maxime
2278 3840 2404 3893 sita
2434 3844 2618 3893 erant.
2638 3855 2748 3893 auo
2825 3841 3128 3893 Bessorum
3146 3846 3363 3893 gentes.
3385 3846 3441 3893 et
3462 3843 3567 3893 Ge-

1910 3856 1977 3896 eo
2002 3839 2251 3895 maxime
2278 3840 2404 3895 sita
2434 3844 2618 3905 erant,
2638 3839 2789 3909 quod
2825 3841 3128 3894 Bessorum
3146 3846 3363 3910 gentes,
3385 3839 3441 3895 et
3462 3843 3567 3896 Ge-

1910 3916 2018 3976 tas,
2053 3918 2106 3965 et
2134 3911 2404 3982 Scythas,
2429 3915 2485 3966 et
2514 3915 2820 3982 utramque
2843 3910 3099 3982 Daciam,
3132 3911 3434 3980 Bipensem
3467 3910 3570 3982 sci-

1910 3982 2043 4037 licet
2067 3980 2238 4053 atque
2268 3980 2927 4053 Mediterraneam,_ipse
2981 3981 3198 4053 primus
3247 3983 3319 4034 ad
3352 3980 3569 4053 p_caulas

1913 4050 2511 4117 Domini'adduxisset,
2532 4068 2756 4122 quoque
2779 4050 3007 4122 illarum
3025 4050 3283 4122 gentium
3305 4051 3569 4106 efferata-

1912 4142 2041 4179 rum
2070 4140 2258 4179 mores
2291 4125 2365 4178 ad
2391 4123 2530 4177 mite
2550 4120 2566 4122 ⁷
2588 4120 3047 4178 Christianorum
3097 4120 3391 4192 ingenium
3431 4138 3572 4177 con-

1912 4196 2192 4252 vertisset.
2227 4198 2461 4251 Prastat
2483 4194 2611 4266 jam
2638 4193 2826 4264 ipsum
2858 4192 3076 4248 audire.

2040 4336 2078 4387 Ο
2113 4334 2298 4397 quibus
2308 4336 2414 4397 jam
2440 4343 2557 4397 tunc
2583 4331 2831 4383 resonabit
2859 4331 2949 4383 illa

2042 4395 2245 4448 Gaudiis
2265 4395 2432 4452 tellus,
2457 4395 2545 4446 ubi
2574 4406 2624 4445 tu
2654 4397 2893 4459 rigentes.

2041 4460 2232 4509 Edoces
2254 4460 2449 4509 Christo
2467 4460 2569 4507 fera
2598 4458 2721 4507 colla
2741 4458 2848 4506 miti

2136 4522 2352 4571 Subdere
2372 4522 2576 4584 ﬁgentes!

2042 4585 2262 4648 Quaque,
2275 4581 2499 4648 Itipﬁajs
2519 4582 2705 4648 Boreas
2733 4583 2782 4648 in
2794 4645 2802 4648 _
2814 4581 2910 4631 oris

2044 4644 2223 4709 Alligat
2238 4644 2403 4694 densis
2434 4644 2620 4709 ﬂuvios
2642 4644 2851 4707 pruinis,

2043 4710 2133 4758 Hic
2148 4706 2261 4770 gelu
2292 4716 2479 4770 mentes
2501 4706 2682 4770 rigidas
2712 4720 2925 4770 superno

2139 4769 2253 4834 Igne
2284 4769 2506 4834 resolvis.

2044 4828 2343 4882 Nam'simul
2374 4833 2515 4880 terris
2547 4830 2827 4893 animisque
2852 4828 2970 4879 duri

2047 4896 2108 4944 Et
2126 4909 2215 4943 sua
2249 4893 2387 4943 Bessi
2418 4894 2533 4942 nive
2566 4894 2803 4947 duriores,

2045 4956 2183 5007 Nunc
2211 4970 2327 5005 oves
2356 4956 2473 5003 facti
2502 4956 2624 5003 duce
2650 4962 2696 5004 te
2712 4960 2971 5017 gregantur

2142 5019 2286 5067 Pacis
2316 5017 2365 5064 in
2392 5018 2575 5065 aulam.

2048 5082 2276 5143 Quasque
2298 5079 2508 5143 cervices
2537 5078 2677 5143 dare
2704 5076 2935 5143 servituti

2047 5139 2249 5205 Semper
2278 5154 2308 5189 a
2328 5140 2462 5205 bello
2483 5139 2716 5205 indomiti
2748 5146 3001 5205 negarunt,

2048 5199 2187 5252 Nunc
2212 5206 2328 5265 jugo
2354 5202 2459 5250 veri
2483 5199 2680 5265 Domini
2705 5200 2931 5249 subactas

2141 5263 2366 5312 Sternere
2392 5263 2671 5323 gaudent...

2048 5324 2089 5373 Ο
2122 5325 2252 5373 vices
2278 5327 2471 5373 rerum!
2501 5324 2629 5374 bene
2660 5336 2804 5371 versa
2833 5323 3019 5372 formal

2048 5385 2173 5449 Invii
2208 5395 2396 5435 montes
2425 5386 2586 5449 prius,
2611 5393 2659 5435 et
2689 5386 2893 5449 cruenti,

2049 5447 2184 5512 Nunc
2218 5456 2385 5512 tegunt
2414 5447 2580 5497 versos
2611 5448 2867 5498 monachis
2886 5447 3102 5499 latrones

2144 5511 2284 5560 Pacis
2314 5512 2625 5561 alumnos...

2050 5573 2161 5637 Mos
2192 5572 2279 5637 ubi
2309 5573 2558 5637 quondam
2589 5574 2750 5637 fuerat
2775 5572 3003 5631 ferarum,

2052 5635 2190 5700 Nunc
2216 5635 2431 5700 ibiritus
2450 5636 2594 5700 viget
2608 5636 2890 5700 angelorum
2916 5652 2929 5686 :

2054 5699 2111 5748 Et
2138 5699 2470 5773 latet‘justus,
2491 5698 2807 5773 quibus'ipse
2835 5698 2962 5751 latro

2149 5760 2297 5811 Vixit
2317 5761 2370 5812 in
2390 5760 2610 5812 antris...
