4004 6182
363 324 478 384 927

1081 319 1142 378 P.
1191 316 1482 377 BRAIDIE
1523 310 1992 376 DISSERTATIO
2033 309 2105 369 IN
2151 308 2209 366 S.
2259 305 2604 369 NICETAM.
2641 307 2906 368 —CAP.
2955 307 3048 365 IV.

3657 313 3776 371 928

433 449 862 518 lnscriptionem
893 465 990 504 seu
1020 449 1250 502 titulum
1273 446 1524 520 Opusculi
1557 446 1828 520 falsatum
1852 447 2012 520 putat
2043 449 2089 510 Α
2119 439 2869 520 o‘mississetprzecedentem
2883 437 3126 520 episc0pi
3153 436 3468 520 titulumin
3495 438 3664 520 illum
3690 457 3783 520 aro

362 516 950 594 claris‘simusZabeus
973 522 1042 573 ab
1065 520 1220 594 illius
1233 516 1608 594 exscriptore,
1627 519 1724 594 qui
1759 516 1903 594 forte
1934 516 2008 594 1e:

399 608 498 646 ens
521 591 579 644 in
609 593 802 645 codice
833 590 1124 645 vetustiori
1170 589 1512 658 Explanatio
1564 587 1818 658 Sy’mboli
1873 587 2009 640 beati

399 610 579 646 ensm
609 610 802 645 conice
833 610 1124 645 vetusuori
1170 610 1512 658 ιπριιιηαιιο
1564 610 1815 658 oymoou
1873 610 2009 640 ueuu

360 610 564 718 glicelaa
584 663 828 732 episcopi,
881 660 1162 732 addiderit
1191 660 1309 729 ipse
1339 660 1614 732 arbitratu
1664 675 1765 714 suo
1806 674 2009 732 vocem

361 728 763 801 Aquileiensis,
797 748 862 784 ex
894 731 1098 784 notitia
1136 728 1311 800 quam
1340 730 1548 785 habere
1600 729 1864 801 potuerit,
1901 728 2008 783 ali-

361 800 531 872 quem
561 801 1009 872 Aquileiensium
1033 802 1427 870 episcoporum
1445 800 2010 872 exstitisse,Nicetam

361 870 709 926 nomineJta
734 872 791 925 in
818 871 1234 926 dissertationis
1267 877 1477 941 partei,
1504 888 1642 925 num
1665 872 1751 925 20.
1792 873 1905 925 Hoc
1935 870 2014 923 vi-

362 943 565 1014 delicet
605 942 786 998 Zabeo
815 958 1045 998 necesse
1091 947 1218 998 erat
1252 943 1572 1014 excogitare
1616 943 1687 996 ad
1721 941 2013 1014 propriam

364 1013 694 1083 opinionem
722 1015 1014 1082 tuendam,
1049 1018 1104 1068 et
1131 1017 1192 1067 ut
1221 1013 1412 1067 nimis
1447 1018 1707 1083 apertam
1769 1013 2012 1066 Romani

364 1084 574 1138 codicis
598 1085 998 1138 auctoritatem
1027 1084 1342 1139 declinaret
1375 1103 1387 1138 :
1420 1089 1479 1137 at
1508 1084 1697 1138 nescio
1730 1100 1841 1154 quo
1870 1083 2012 1136 vade

367 1157 514 1209 hanc
535 1155 887 1210 benemerito
905 1157 1263 1219 amanuensi,
1299 1154 1385 1208 cui
1418 1159 1706 1210 servatum
1738 1155 2012 1208 debemus

364 1231 483 1304 tam
516 1226 840 1294 praetiosum
872 1225 1073 1304 Nicetas
1089 1224 1444 1304 opusculum,
1480 1225 1761 1304 impingat

362 1293 623 1364 culpam;
657 1312 787 1348 cum
810 1296 984 1363 culpae
1020 1295 1249 1359 nullius,
1285 1295 1493 1349 nullius
1521 1293 1752 1349 alterius
1791 1293 2009 1348 arbitrii

360 1365 664 1444 vestigium
696 1365 752 1418 in
785 1365 1021 1419 totailla
1051 1366 1703 1444 opusculiexscriptione
1726 1368 2007 1444 occurrat.

360 1434 692 1498 Quinimmo
720 1451 900 1505 neque
941 1437 1326 1490 verosimilem
1381 1453 1501 1490 esse
1533 1453 1734 1491 censeo
1768 1435 2008 1488 arbitra-

359 1505 506 1575 riam
538 1505 698 1559 illam
716 1505 772 1558 in
801 1506 1054 1575 opusculi
1103 1507 1264 1561 titulo
1284 1507 1641 1560 additionem
1667 1508 1816 1560 vocis
1838 1507 2011 1575 Aqui-

360 1574 609 1647 leiensis;
639 1574 947 1647 etiinsuper
968 1576 1402 1647 inscriptionem
1433 1578 1612 1635 illam,
1648 1595 1745 1631 seu
1778 1574 2008 1630 titulum

358 1645 613 1718 opusculi
641 1646 818 1701 talem
859 1645 984 1701 esse
1016 1645 1170 1718 puto,
1230 1648 1324 1717 qui
1358 1649 1693 1716 primmvam
1747 1663 1910 1700 suam
1955 1651 2011 1718 et

359 1716 692 1841 pirigiinalem
743 1716 1132 1772 sinceritatem
1201 1716 1465 1773 ostendat
1493 1733 1513 1787 ,'
1549 1719 1701 1788 quod
1744 1734 1892 1771 nunc
1933 1717 2009 1770 vi-

403 1803 470 1841 en
520 1804 636 1840 um.

403 1803 636 1842 enuum.

429 1858 496 1911 Et
515 1859 854 1926 primo:aut
882 1873 1080 1912 vocem
1122 1858 1474 1927 Aquileiensis
1516 1858 1814 1913 arbitrario
1855 1857 2012 1912 addi-

356 1931 478 2008 tam
507 1931 671 2008 putat
711 1929 929 2008 labens
950 1929 1007 1982 in
1043 1929 1235 2008 codice
1256 1927 2008 2008 vetustiothujusdExpla-

357 2001 599 2070 nationis
628 1999 891 2070 Symboli,
961 1999 1058 2070 qui
1126 1999 1296 2054 fuerit
1334 2000 1578 2070 exempli
1645 1999 1831 2070 gratia
1886 1999 2006 2069 ipso

358 2069 556 2138 quinto
588 2069 794 2125 saeculo
825 2069 1091 2125 exaratus
1119 2075 1249 2136 ;aut
1273 2071 1330 2124 in
1358 2071 1468 2125 alio
1491 2069 1819 2140 posterioris
1850 2070 1956 2124 aevi
1991 2087 2003 2135 ;

360 2145 454 2194 aut
479 2142 796 2195 demumab
814 2141 1157 2211 exscriptore
1191 2148 1474 2211 postremo
1489 2143 1802 2205 StBCllliXlV,
1847 2141 2006 2210 cujus

360 2159 454 2194 aut
479 2159 796 2195 aemuman
814 2159 1157 2211 exscriptore
1187 2159 1474 2265 poszremo
1489 2159 1802 2205 seecuuxiv,
1847 2159 2006 2210 cujus

358 2214 444 2264 est
473 2213 654 2265 codex
698 2213 987 2266 Romanus
1018 2211 1074 2264 in
1127 2211 1180 2264 bi
1225 2213 1467 2266 liotheca
1508 2213 1780 2266 Ghisiana
1827 2227 2007 2279 nuper

359 2280 629 2343 detectus,
661 2284 718 2334 et
747 2281 932 2334 adhuc
983 2281 1040 2335 in
1072 2285 1190 2334 toto
1245 2283 1378 2336 orbe
1433 2282 1652 2338 unicus.
1711 2284 1839 2335 Jam
1871 2297 2004 2335 vero

358 2349 559 2430 saeculo
589 2350 823 2430 quinto,‘
861 2351 1573 2430 nimirumipsiusuNicetz-ie
1629 2351 2004 2430 Aquileiensis

358 2423 546 2482 aetate,
581 2423 637 2472 et
666 2435 780 2472 non
810 2418 977 2489 longe
1007 2421 1077 2474 ab
1109 2418 1265 2474 obitu
1294 2421 1497 2474 Nicetes
1528 2418 1848 2484 Daciftalis
1882 2437 2004 2475 esse

358 2504 471 2541 non
496 2492 738 2558 poterat,
771 2489 1016 2544 duorum
1043 2490 1316 2545 horumce
1346 2491 1691 2555 Nicetarum,
1755 2492 2005 2546 maxime

357 2563 557 2632 autem;
586 2559 644 2614 in
662 2559 1142 2632 Ecclesiisltalize,
1187 2562 1487 2631 ignoratio,
1527 2568 1587 2616 ut
1618 2579 1764 2616 unus
1798 2578 1898 2632 pro
1927 2563 2004 2616 al-

356 2632 480 2712 tero
509 2630 579 2683 ab
607 2631 1064 2712 amanuensipro
1086 2630 1325 2712 arbitrio
1339 2649 1406 2710 ex
1423 2630 2006 2712 cognitionisdefectu

354 2699 715 2754 scriberetur.
741 2703 900 2756 Certe
914 2699 1139 2775 Nicetas
1163 2699 1538 2775 Aquileiensis
1556 2705 1754 2775 Romae
1778 2704 2004 2775 ignotus

357 2786 477 2844 esse
508 2787 622 2844 non
650 2775 890 2841 poterat,
927 2777 1046 2826 tum
1075 2773 1145 2826 ob
1172 2772 1474 2842 epistolam
1493 2774 1673 2827 sancti
1696 2772 1855 2844 papae
1873 2775 2008 2828 Leo-

359 2841 444 2894 nis
476 2843 549 2896 ad
575 2842 764 2910 ipsum
806 2843 1024 2907 datam,
1059 2848 1183 2897 tum
1205 2841 1277 2898 ob
1293 2844 1576 2899 Adeodati
1608 2841 1880 2898 Romanae
1909 2846 2007 2898 Ec-

357 2911 540 2984 clesia:
566 2912 790 2967 diaconi
840 2913 1254 2976 testimonium,
1284 2913 1378 2983 qui
1405 2916 1475 2969 ab
1520 2915 1863 2984 Aquileiensi
1911 2916 2005 2969 Ec-

357 2982 528 3038 clesia
556 2984 729 3039 redux
761 2985 1169 3053 postulationes
1193 2982 1398 3039 Nicetze
1421 2982 1795 3055 Aquileiensis
1821 2985 2006 3054 ponti-

359 3055 447 3107 ﬁci
474 3055 694 3119 detulit,
729 3060 784 3108 et
811 3055 1002 3124 procul
1035 3055 1207 3109 dubio
1257 3056 1326 3110 de
1354 3057 1556 3110 eodem
1597 3057 1791 3121 etiam,
1827 3071 1892 3109 ac
1937 3056 2005 3110 de

2117 510 2459 582 chiepiscOpi
2485 515 2867 582 commutare,
2919 514 2982 564 ut
3010 509 3402 582 consuetudini
3455 515 3582 580 post
3615 511 3786 582 quin-

2120 585 2244 662 tum
2275 581 2544 662 stimulum
2576 583 2818 662 inducta?
2858 581 3172 662 inserviret,
3195 584 3266 662 “et
3317 585 3438 662 tam
3493 583 3783 662 praeclarae

2121 652 2270 707 sedis
2293 652 2572 706 honorem
2595 669 2710 707 non
2737 652 3039 707 minueret.
3066 651 3212 715 Quid
3245 655 3437 706 autem
3465 651 3512 706 si
3540 669 3783 709 censea-

2122 728 2214 778 tur
2245 727 2372 778 orta
2411 723 2650 778 intrusio
2687 724 2839 778 vocis
2869 722 3240 793 Aquileiensis
3265 721 3322 775 in
3381 724 3643 792 opusculi
3699 726 3782 779 in-

2121 794 2428 863 scriptione
2459 795 2580 864 ipso
2609 795 2809 849 seculo
2860 811 2969 861 xlv,
3020 810 3130 863 quo
3168 795 3459 864 Romanus
3482 796 3669 849 codex
3701 797 3784 849 bi-

2121 864 2413 920 bliothecee
2443 863 2730 920 Ghisianaa
2757 868 3022 919 exaratus
3056 863 3257 918 dicitur
3281 863 3308 917 ‘l
3334 864 3488 919 Tunc
3514 866 3784 921 videlicet

2122 951 2306 1005 neque
2327 936 2572 1006 episcopi
2613 953 2794 1005 neque
2823 934 3231 1005 archiepisc0pi
3274 934 3440 988 titulo
3468 937 3786 991 utebantur

2130 1006 2392 1075 praesules
2417 1007 2804 1076 Aquileienses
2834 1007 2933 1060 sed
2992 1022 3057 1059 ex
3091 1006 3407 1060 inveterata
3437 1008 3780 1060 Szeculorum

2123 1078 2570 1146 pracedentium
2591 1076 3000 1131 consuetudine
3020 1076 3476 1145 patriarcharum
3500 1079 3782 1132 vocabulo

2123 1147 2581 1216 appellabantur,
2617 1148 2696 1201 uti
2758 1163 2826 1202 ex
2891 1147 3270 1202 ecclesiastica
3322 1147 3565 1201 historia
3610 1150 3786 1217 Aqui-

2123 1217 2318 1272 leiensi
2347 1218 2484 1272 satis
2507 1223 2728 1272 notum.
2755 1218 2931 1274 Minus
2964 1217 3150 1287 itaque
3173 1218 3430 1286 apposite
3455 1219 3786 1274 intrusisset

2121 1292 2255 1342 tunc
2270 1289 2543 1360 temporis
2575 1288 2888 1358 exscriptor
2905 1289 2947 1342 Ο
2954 1288 3171 1360 pusculi
3188 1304 3381 1342 vocem
3397 1290 3788 1360 Aquileiensis

2122 1363 2250 1428 post
2275 1358 2402 1412 illas
2431 1360 2627 1415 Nicelce
2685 1361 2939 1429 episcopi,
2989 1359 3191 1413 saltem
3242 1358 3784 1428 absque‘immuta-

2121 1429 2274 1483 tione
2293 1429 2665 1498 praecedentis
2689 1431 2840 1483 vocis
2860 1431 3089 1500 episcopi
3111 1430 3168 1483 in
3187 1446 3380 1484 vocem
3412 1432 3782 1500 patriarchae,

2120 1517 2241 1569 quae
2273 1500 2396 1554 sola
2426 1505 2550 1555 erat
2589 1501 2898 1570 prassulum
2950 1500 3396 1569 Aquileiensium
3440 1502 3783 1571 appellatio,

2121 1587 2357 1651 quaeque
2389 1571 3090 1651 usurpatale-giturqup‘ad‘
3110 1571 3374 1651 Nicetam
3395 1571 3582 1651 ipsum
3598 1573 3784 1626 etiam

2120 1641 2180 1695 in
2197 1641 2545 1696 kalendariis
2577 1641 2950 1711 Aquileiensis
2973 1641 3227 1696 Ecclesiae
3260 1643 3406 1711 typis
3431 1642 3618 1702 editis.
3653 1661 3788 1712 qua:

2121 1712 2239 1781 ipse
2254 1712 2386 1775 vidi,
2417 1713 2484 1765 ab
2503 1729 2655 1766 anno
2673 1713 2878 1766 saltem
2911 1713 3037 1766 l65l
3054 1754 3064 1776 ,
3084 1728 3258 1782 usque
3276 1714 3348 1766 ad
3381 1729 3595 1766 annum
3612 1715 3786 1774 1753,

2044 1804 2088 1860 Β
2120 1783 2212 1860 ubi
2245 1783 2320 1860 ad
2348 1783 2502 1860 diem
2531 1785 2598 1860 ἓξ
2633 1783 2788 1860 _Jun_ii
2851 1782 3106 1860 officium
3156 1783 3424 1860 indic-itur
3448 1784 3632 1860 f’t’iccce
3686 1801 3793 1860 pa-

2120 1853 2390 1909 triarchae
2419 1854 2784 1923 Aquileiensis
2835 1856 3169 1921 confessoris.
3196 1853 3359 1907 Nullo
3388 1854 3558 1924 igitur
3597 1853 3790 1908 medo

2121 1924 2460 1979 verosimilis
2490 1924 2711 1978 videtur
2746 1925 2961 1978 additio
2987 1925 3138 1979 vocis
3167 1925 3536 1992 Aquileiensis
3568 1925 3621 1977 in
3669 1926 3791 1978 Ro-

2119 2011 2294 2048 mano
2311 1995 2508 2050 codice
2523 1995 2879 2049 bibliothecae
2898 1995 3205 2062 Ghisianae,
3229 2011 3356 2064 quae
3399 2012 3429 2048 a
3453 1995 3788 2049 clarissimo

2117 2066 2302 2120 Zabeo
2326 2065 2619 2136 judicatur
2643 2067 2713 2119 ab
2736 2065 2886 2119 illius
2917 2065 3259 2135 exscriptore
3295 2065 3482 2129 facta;
3537 2068 3630 2120 sed
3665 2084 3789 2120 vox

2117 2136 2218 2190 illa
2253 2135 2530 2205 primaevae
2552 2152 2681 2190 cum
2707 2136 2900 2190 codice
2930 2136 3051 2204 ipso
3075 2136 3309 2205 originis
3347 2139 3628 2190 censenda
3661 2142 3787 2190 est.

2117 2207 2281 2260 sicuti
2318 2211 2438 2260 tota
2466 2207 2564 2260 illa
2595 2206 2906 2276 inscriptio,
2940 2223 3067 2275 quae
3099 2206 3283 2261 eidem
3313 2207 3432 2261 voci
3460 2209 3680 2262 auctori
3694 2213 3787 2261 ta-

2117 2282 2234 2332 tem
2258 2277 2434 2341 addit,
2471 2278 2624 2346 quod
2657 2293 2789 2331 mox
2817 2277 3148 2330 videndum.

2189 2347 2320 2401 Hinc
2353 2347 2627 2401 nimirum
2659 2347 2904 2402 Romani
2933 2347 3140 2402 codicis
3175 2347 3462 2417 inscriptio
3495 2347 3570 2401 ita
3602 2364 3662 2402 se
3680 2348 3792 2402 ha-

2116 2419 2210 2472 bet
2243 2434 2254 2471 :
2283 2418 2622 2485 Explanatio
2676 2419 2935 2487 Symboli
2963 2418 3110 2472 beati
3150 2419 3344 2473 Nicelae
3393 2419 3789 2484 Aquileiensis

2113 2489 2349 2568 episcopi
2378 2487 2561 2568 habita
2701 2495 3062 2568 competentes.
3113 2489 3272 2568 .‘_litor
3315 2493 3371 2543 et
3398 2489 3790 2568 _simplicitas

2114 2558 2678 2629 hujusinscriptionis
2692 2559 2961 2629 quintum
2975 2559 3239 2614 saeculum
3253 2559 3500 2629 apprime
3513 2561 3786 2629 sapiunt,

2115 2633 2170 2684 et
2187 2629 2328 2684 mire
2345 2630 2698 2684 concordant
2737 2646 2866 2684 cum
2912 2631 3086 2684 nitore
3113 2647 3176 2684 ac
3213 2631 3558 2699 simplicitate
3590 2631 3790 2684 totius

2115 2700 2388 2770 opusculi,
2431 2701 2502 2754 ob
2520 2717 2661 2770 quas
2683 2702 2844 2755 dotes
2875 2717 2908 2754 a
2957 2700 3250 2755 Gennadio
3273 2702 3726 2755 commendatur
3771 2719 3783 2754 :

2114 2770 2354 2841 ideoque
2374 2770 2494 2824 htec
2526 2771 2647 2839 ipsa
2673 2770 2928 2841 opusculi
2969 2771 3486 2841 inscriptio,nitoris
3527 2787 3592 2824 ac
3632 2773 3791 2824 sim-

2115 2840 2383 2920 plicitat‘is
2411 2841 2636 2920 merito,
2681 2840 2808 2920 jure
2837 2840 3402 2920 eptimoemferri“
3423 2846 3608 2920 potest
3627 2859 3784 2920 cum

2115 2911 2961 2981 inscriptioneetiamepistola;
2987 2912 3098 2966 divi
3129 2912 3330 2966 Leonis
3357 2913 3536 2980 Magni
3571 2913 3643 2964 ad
3677 2914 3788 2966 Ni-

2115 2987 2303 3035 cetam
2335 2981 2542 3051 ipsum,
2575 2998 2696 3052 quae
2725 2982 2855 3036 talis
2900 2987 2984 3037 est
3017 2998 3028 3037 ε
3075 2985 3170 3036 Leo
3214 2987 3503 3050 episcopus
3549 2982 3789 3037 Nicetas

2115 3053 2983 3122 Aquileiensiepiscoposalutem.
3014 3053 3266 3108 Titulum
3293 3054 3461 3118 beati,
3487 3069 3655 3122 quem
3679 3054 3788 3107 Ni-

357 3124 510 3179 illius
541 3123 824 3198 Ecclesia;
850 3142 1031 3195 nuper
1068 3143 1135 3198 ex
1192 3127 1459 3180 Attilanm
1500 3127 1680 3198 eladis
1729 3126 2006 3198 angustiis
2034 3132 2077 3192 ο
2115 3127 2256 3178 cette
2279 3123 2816 3198 nominiprteﬁxum
2834 3124 3114 3198 videmus,
3149 3123 3563 3198 nonimmerito
3578 3126 3789 3198 conjef

359 3211 603 3257 emersa,
627 3213 757 3250 cum
790 3195 1048 3250 Romano
1075 3197 1223 3250 clero
1251 3214 1315 3251 ac
1345 3197 1550 3266 popolo
1591 3199 1760 3253 verba
1784 3195 2001 3251 h'abuit.

357 3267 584 3320 Nicetas
612 3267 786 3321 etiam
820 3268 1000 3320 Dacus
1049 3267 1227 3320 sancti
1257 3267 1474 3321 Paulini
1529 3268 1730 3321 Nolani
1764 3268 2001 3331 amicus,

357 3337 600 3406 qui,ipso
618 3337 854 3391 Paulino
885 3341 1026 3392 teste
1053 3336 1292 3406 epistola
1359 3338 1427 3390 29
1481 3340 1552 3391 ad
1585 3339 1877 3399 Severum,
1918 3339 2005 3392 do-

357 3407 660 3471 ctissimus,
685 3425 749 3461 ex
773 3408 949 3462 Dacia
985 3409 1247 3463 Romanis
1304 3410 1500 3462 merito
1527 3408 1884 3463 admirandus
1911 3409 2005 3461 ad-

355 3486 594 3548 uenerat,
637 3478 865 3547 ignotus
898 3478 1068 3532 homo
1099 3495 1211 3532 non
1243 3482 1380 3538 erat,
1415 3482 1476 3532 ut
1505 3479 1873 3533 amanuensis
1905 3495 2004 3548 pro

357 3547 454 3602 illo
478 3547 736 3620 i‘licetam
766 3548 1521 3620 Aquileiensemintruderet
1542 3549 1598 3602 in
1623 3547 2006 3620 Explanalio-

356 3621 442 3690 nis
465 3617 696 3690 Symboli
717 3617 1104 3690 inscriptione.
1141 3619 1197 3690 Si
1217 3619 1390 3689 igitur
1419 3635 1700 3689 ponamus
1728 3617 2007 3690 Explana-

356 3686 574 3761 tionem
602 3689 748 3761 hanc
768 3686 1290 3761 cum'inscription'e
1321 3686 1432 3744 sua
1451 3708 1483 3744 a
1508 3692 1699 3746 codice
1730 3686 2007 3761 prodiisse

356 3757 549 3836 saeculi
577 3759 778 3836 quinti,
813 3760 906 3827 qui
931 3757 1318 3836 _et_ia_mrcodex
1351 3762 1543 3836 Romae
1576 3757 1887 3836 exstiterit,
1926 3763 2005 3836 uti

356 3827 704 3896 probabilius
726 3830 942 3882 censeri
973 3832 1140 3884 debet
1169 3847 1299 3884 cum
1345 3831 1484 3885 nihil
1519 3833 1668 3885 adsit
1698 3834 1847 3901 quod
1879 3827 1882 3828 ν
1908 3834 2004 3887 ad-

360 3901 615 3952 versetur
639 3914 650 3962 ;
677 3914 1039 3968 nequaquam
1062 3901 1191 3954 talis
1215 3901 1566 3968 ignoratioin
1585 3903 1794 3956 codicis
1807 3903 2010 3957 exscri-

359 3973 520 4048 ptore
553 3969 707 4022 credi
729 3973 1016 4048 potest_,_ut
1039 3987 1215 4048 unum
1239 3969 1506 4048 Nicetam
1540 3989 1651 4048 pro,
1674 3973 1854 4028 altero
1887 3973 2008 4048 ipso

357 4041 556 4162 ἓῗίιῖῐο
582 4041 785 4094 saeculo
842 4041 1146 4096 arbitrario
1175 4043 1465 4113 scripserit
1486 4041 1553 4098 in,
1574 4043 1724 4100 illius
1756 4041 2009 4114 opusculi

385 4126 401 4162 ι
433 4127 468 4162 ιι
494 4127 546 4162 o.

358 4114 546 4164 titulo.

389 4249 399 4260 _
424 4182 609 4260 Ninus
639 4197 770 4260 vero
799 4181 1127 4260 intrusionis
1171 4183 1322 4260 illius
1353 4185 1596 4260 suspicio
1651 4201 1773 4240 esse
1801 4189 2006 4260 potest,

357 4251 403 4302 si
422 4251 896 4323 Explanationem
921 4254 1079 4307 illam
1107 4251 1709 4323 exscriptam'velimus
1732 4251 2007 4311 excedice

357 4321 765 4400 postquintum
786 4324 1058 4400 saeculum
1091 4321 1345 4400 exarato.
1378 4327 1850 4400 Cumenimﬁs
1884 4331 2010 4400 post

357 4394 622 4459 quintum
653 4394 920 4446 saeculum
943 4411 1075 4447 usus
1107 4394 1352 4448 etiamin
1383 4396 1684 4451 Occidente
1714 4394 2009 4451 inoleverit

2115 3194 2388 3248 ctaverim
2408 3193 2579 3248 fuisse
2593 3194 2842 3248 abinitio
2862 3195 3235 3264 apposituma
3275 3195 3458 3264 primo
3501 3193 3775 3264 opusculi

2113 3265 2479 3333 exscriptore,
2539 3270 2595 3318 et
2627 3265 2868 3320 fortasse
2895 3269 2965 3319 ab
3007 3265 3126 3334 ipso
3161 3267 3430 3319 Romanis
3493 3266 3772 3320 Ecclesiae

2115 3335 2355 3389 dianoco
2387 3336 2704 3398 Adeodato,
2738 3336 2832 3406 qui
2877 3336 3244 3406 probabiliter
3273 3353 3340 3390 ex
3360 3335 3620 3406 Aquileia
3659 3337 3784 3390 E1:-

2111 3406 2482 3477 planationem
2511 3406 2744 3476 Symboli
2796 3407 3005 3461 Nicetas
3036 3408 3278 3476 episcopi
3316 3423 3507 3461 secum
3551 3408 3780 3462 detulit

2118 3480 2380 3538 Romam,
2412 3476 2492 3530 uti
2519 3477 3039 3532 anteainnuebam.
3062 3481 3222 3533 Certe
3243 3477 3390 3531 beati
3419 3478 3774 3532 denomina-

2117 3547 2196 3602 tio
2228 3546 2459 3601 honoris
2488 3547 2684 3602 titulus
2710 3552 2850 3612 erat,
2876 3549 2970 3618 qui
3002 3549 3101 3602 illa
3130 3553 3301 3603 aetate
3329 3548 3504 3603 etiam
3533 3548 3780 3602 viventi-

2116 3619 2235 3699 bus‘
2252 3619 2529 3699 episcopis
2547 3618 2764 3699 passim
2782 3620 2850 3672 de
2861 3618 3334 3699 ferebatur.sicuti
3352 3620 3515 3689 plura
3538 3635 3652 3699 nos.
3671 3621 3779 3699 do-

2117 3693 2246 3744 cent
2257 3689 2306 3760 ej
2318 3691 2515 3744 usdem
2529 3689 2723 3744 saeculi
2737 3690 3394 3756 monumenta,maxime
3408 3706 3544 3744 vero
3563 3690 3751 3760 episto
3765 3722 3778 3729 -

2118 3761 2305 3841 larum
2324 3760 2729 3841 inscriptiones
2751 3777 2863 3841 non
2881 3778 3245 3841 paucaa,_quaa
3260 3761 3316 3814 in
3340 3761 3777 3841 QQOperibus

2119 3836 2448 3884 sanctorum
2479 3832 2713 3885 Patrum
2757 3832 3054 3886 habentur.
3096 3832 3388 3902 Ejusmodi
3421 3832 3590 3884 titulo
3625 3832 3777 3886 beati

2121 3902 2483 3955 donabantur
2499 3903 2701 3955 eadem
2733 3907 2902 3956 (etate
2929 3903 3105 3956 etiam
3129 3902 3380 3971 insignes
3419 3903 3685 3955 doctrina
3709 3920 3776 3955 ac

2160 3972 2329 4025 ietate
2356 3972 2458 4024 viri
2477 3972 2592 4025 vita
2623 3972 2820 4032 functi,
2855 3977 2910 4026 et
2939 3973 3018 4026 illi
3064 3973 3344 4042 praecipue
3408 3990 3660 4042 quorum
3715 3975 3774 4026 in

2164 4042 2378 4097 cclesize
2395 4042 2835 4097 aediﬁcationem
2866 4044 3166 4097 exstabant
3203 4045 3390 4112 Opera
3418 4060 3430 4096 :
3464 4049 3521 4097 et
3552 4044 3777 4098 celebre

2120 4118 2205 4166 est
2229 4114 2521 4168 decretum
2553 4114 2758 4168 Gelasii
2791 4130 2954 4184 papas
2984 4115 3058 4168 ad
3077 4131 3294 4168 annum
3329 4114 3624 4182 pertinens
3649 4115 3774 4167 494.

2121 4184 2188 4254 de
2220 4184 2571 4238 Authenticis
2603 4185 2798 4246 Libris,
2833 4189 2889 4238 et
2931 4185 3001 4238 de
3047 4185 3393 4254 Apocryphis
3443 4185 3774 4254 Scripturis,

2120 4253 2177 4307 in
2209 4255 2450 4308 concilio
2479 4255 2547 4308 70
2575 4256 2972 4324 episcoporum
3012 4253 3203 4309 nom
3229 4253 3458 4318 habito,
3503 4253 3662 4325 quod
3702 4256 3779 4307 vi-

2120 4326 2253 4379 dere
2284 4329 2369 4379 est
2412 4326 2468 4378 in
2500 4326 2751 4380 conciliis
2801 4326 3007 4379 Labbei
3041 4343 3176 4380 cura
3242 4325 3442 4389 Coleti,
3503 4331 3665 4380 tomo
3705 4327 3769 4388 ν,

2119 4397 2224 4449 col.
2251 4397 2374 4460 387,
2408 4401 2464 4450 et
2520 4400 2668 4466 apud
2735 4396 3143 4450 Fontanimum
3198 4396 3266 4467 de
3326 4397 3778 4467 Antiquitatibus

358 4454 1586 4549 grchiepiseoposlapp'ellandi‘prresulesillos
1612 4467 1707 4537 qui
1728 4473 2006 4549 metropo-
2046 4454 2087 4511 Ῑ)
2120 4468 2306 4549 llortze
2413 4454 2727 4536 appe‘ndice
2745 4468 2846 4549 sub
2878 4484 3036 4521 num.
3059 4469 3119 4548 1...
3134 4466 3228 4520 ubi
3256 4467 3444 4549 titulo“
3472 4454 3775 4522 beatorum

359 4529 750 4606 litica‘a’uctori
756 4536 871 4585 tate
885 4529 1200 4606 fulgebant,
1216 4536 1309 4605 qui
1332 4553 1464 4590 usus
1470 4539 1598 4606 jam
1617 4529 2006 4593 communissi-

359 4615 486 4653 mus
516 4599 699 4653 factus
726 4599 1124 4656 fueratsaéculo
1155 4599 1268 4663 vui,
1294 4607 1350 4658 in
1369 4599 1633 4662 universa
1659 4610 2006 4664 Occidentali

359 4670 625 4741 Ecclesia,
652 4678 711 4724 ut
737 4672 888 4739 apud
914 4673 1169 4726 eruditos
1200 4681 1445 4741 constat,
1472 4683 1526 4731 et
1567 4681 1792 4732 monuit
1819 4681 2008 4733 novis-

357 4739 501 4830 sime
521 4740 880 4830 clarissimus
901 4743 1076 4830 abbas
1095 4739 1479 4830 Eumag‘allius
1501 4748 1558 4801 in
1581 4750 1696 4830 suis
1721 4750 2008 4830 Diploma—

360 4813 483 4866 ticis
519 4813 971 4886 Institutionibus
1027 4815 1217 4870 ltalice
1247 4813 1433 4882 editis,
1468 4822 1624 4872 torno
1651 4821 1718 4882 ll,
1771 4813 1915 4874 libro
1945 4838 2001 4886 ιι,

361 4888 520 4953 parte
554 4901 603 4938 ιι.
631 4900 753 4954 cap.
803 4885 889 4948 14,
920 4901 1057 4939 num
1111 4889 1162 4948 8,
1199 4903 1301 4942 nec
1331 4904 1444 4942 non
1499 4893 1553 4942 et
1600 4890 1656 4943 in
1683 4891 1875 4945 codice
1925 4885 2006 4944 di-

360 4954 666 5030 plomatico
699 4956 1232 5030 Santambrosiano,
1283 4975 1406 5030 pag.
1447 4959 1534 5024 60,
1567 4966 1702 5015 nota
1735 4961 1836 5030 (2),
1862 4962 2006 5016 sicut

359 5025 533 5100 etiam
551 5043 742 5100 nuper
771 5026 1119 5082 clarissimus
1146 5025 1296 5084 item‘
1316 5025 1620 5100 cajetanus
1651 5025 1924 5087 Marinius
1948 5033 2006 5087 in

357 5097 757 5175 eruditissimo,
789 5115 890 5175 suo
948 5115 1114 5175 opere
1167 5097 1416 5175 [Papiri
1471 5102 1832 5175 Diplomatici
1877 5121 2002 5175 pag.

357 5166 479 5232 289,
499 5168 962 5244 _i_nranno_tatione
987 5166 1109 5244 (15)
1141 5172 1213 5225 ad
1239 5166 1515 5242 papyrum
1542 5166 1612 5230 87
1639 5191 1651 5238 ;
1693 5166 2007 5244 exscriptor

358 5239 631 5311 prmdicto
661 5241 860 5310 quinto
882 5239 1096 5296 szeculo'
1116 5239 1410 5311 posterior,
1439 5253 1490 5305 et
1520 5245 1848 5300 Nicetarum
1881 5239 2005 5300 'non

356 5309 492 5386 satis
522 5309 798 5386 conscius,
826 5320 963 5386 post
992 5309 1309 5386 voce'sgillas
1335 5315 1542 5369 Nicelw
1585 5317 1836 5386 episcopi,
1893 5333 2006 5371 non

357 5380 437 5454 ita
466 5380 633 5454 facile
667 5381 1400 5454 addidissetAquileiensis,
1432 5380 1660 5454 quando
1730 5380 2005 5441 nimirum

360 5449 746 5525 Aquileienses
805 5449 1092 5525 priesules',
1148 5455 1396 5524 jamdiu,
1449 5449 1523 5509 'et
1562 5462 1694 5511 ante
1749 5459 2004 5513 Nicetam

357 5523 568 5594 ipsum,
608 5523 1002 5594 metrOpolitie.
1056 5523 1613 5594 archiepiscoporum
1664 5529 1892 5582 inducto
1935 5530 2003 5582 ti-

359 5584 504 5673 tulo
525 5589 711 5673 etnipsi
742 5584 870 5673 cum
903 5595 1121 5673 caeteris
1169 5584 1492 5673 gaudebant
1527 5620 1536 5660 ;
1563 5599 1660 5673 sed
1690 5600 2006 5653 addidisset

359 5661 911 5738 potius'lionialianaz
956 5664 1023 5738 in_
1053 5661 1242 5738 Dacia,
1301 5668 1452 5733 quod
1485 5668 1688 5738 melius
1724 5685 1791 5722 ea
1839 5674 2003 5722 mtate

358 5739 488 5803 eum
510 5726 753 5803 simplici
780 5729 1027 5803 episcopi
1067 5726 1236 5787 titulo
1259 5726 1663 5792 conveniebat:
1701 5750 1799 5792 aut
1820 5740 1863 5791 si
1899 5755 2000 5791 vo-

359 5792 634 5848 luissetde
652 5792 932 5850 industria
951 5792 1148 5854 v'ocem
1168 5804 1319 5870 Aqui
1324 5804 1859 5872 leiensisintrudere,
1880 5825 1994 5863 non

2119 4538 2456 4607 singillatim
2480 4544 2848 4592 recensentur
2863 4554 3062 4592 omnes
3087 4538 3122 4590 ii
3143 4554 3386 4608 quorum
3408 4540 3597 4607 Opera
3620 4556 3774 4592 com-

2119 4610 2466 4662 mendantur
2488 4608 2660 4662 veluti
2675 4609 3002 4678 recipienda
3023 4629 3032 4665 :
3051 4609 3325 4662 nimirum
3342 4609 3491 4664 beati
3505 4608 3774 4679 Cypriani

2119 4679 2387 4750 martyris
2409 4683 2465 4732 et
2501 4680 2768 4749 episcopi,
2799 4679 2948 4734 beati
2989 4679 3244 4750 Gregorii
3297 4681 3635 4734 Nazianzeni
3663 4681 3776 4748 epi-

2117 4749 2448 4818 sc0pi,beati
2470 4750 2656 4803 Basilii
2697 4751 3071 4820 Cappadociae
3110 4749 3384 4820 ’episcOpi,
3421 4752 3572 4806 beati
3605 4751 3778 4804 Atha-

2118 4769 2656 4818 scop1,neauuasuu
2697 4769 3071 4820 Cappadociae
3116 4769 3304 4820 episco
3349 4769 3384 4813 ι,
3421 4769 3572 4806 oeau
3605 4769 3772 4804 Atua-

2118 4820 2262 4873 nasii
2294 4820 2662 4874 Alexandrini
2700 4821 2966 4890 episcopi,
3001 4822 3147 4875 beati
3178 4769 3368 4891 Cyrilli
3404 4821 3772 4875 Alexandrini

2117 4891 2382 4972 spissoei:
2420 4892 2823 4972 beatiiossnis
2863 4892 3451 4972 caelaminppolitapi
3499 4892 3768 4972 ςρέξςρρὶε

2118 4962 2268 5034 beati
2321 4962 2618 5034 Theophili
2667 4963 3036 5018 Alexandrini
3094 4963 3363 5034 episcopi,
3397 4962 3546 5034 beati
3581 4962 3771 5016 Hilarii

2119 5033 2487 5088 Pictaviensis
2517 5033 2781 5103 episcOpi,
2832 5034 2978 5088 beati
3021 5033 3305 5088 Ambrosii
3333 5033 3774 5088 Mediolanensis

2117 5104 2383 5176 episcopi,
2405 5104 2554 5176 beati
2595 5105 2890 5176 Augustini
2917 5104 3292 5176 Hipponensis
3323 5104 3599 5176 episc0pi.
3627 5103 3772 5176 beati

2117 5174 2443 5244 Hieronymi
2473 5174 2805 5245 presbyteri,
2840 5177 2989 5230 beati
3025 5175 3284 5244 Prosperi
3326 5174 3429 5227 viri
3474 5175 3775 5244 religiosis-

2117 5245 2434 5312 simi,beati
2450 5245 2650 5300 Leonis
2674 5246 3114 5316 papaa.Siigitur
3157 5245 3308 5300 beati
3341 5246 3509 5300 titulo
3543 5246 3776 5315 insigni-

2117 5321 2239 5370 tum
2261 5316 2518 5370 videmus
2539 5317 2798 5371 Nicetam
2818 5316 3238 5386 Aquileiensem
3264 5318 3319 5369 in
3346 5317 3613 5386 ejusdem
3648 5334 3777 5386 ορατ

2117 5387 2253 5440 sculi
2283 5387 2647 5455 inscriptione
2679 5388 2828 5450 ;sive
2851 5389 3036 5442 adhuc
3066 5388 3277 5450 vivens,
3308 5387 3423 5442 sive
3439 5389 3612 5456 paulo
3647 5391 3768 5458 post

2118 5458 2411 5512 decessum
2445 5458 2522 5511 ita
2574 5459 2744 5513 fuerit
2774 5460 2844 5511 ab
2871 5458 3220 5526 exscriptore
3241 5459 3496 5527 opusculi
3527 5459 3772 5527 appellas

2118 5529 2554 5596 tus;inscriptio
2601 5530 2698 5583 illa
2727 5529 2918 5598 procul
2972 5529 3143 5583 dubio
3200 5529 3483 5582 scribendi
3537 5530 3768 5582 modum

2120 5601 2333 5680 praebet
2358 5603 2412 5680 et
2435 5599 2809 5680 disciplinam_
2824 5601 3082 5680 ejusdem
3110 5600 3311 5670 quinti,
3340 5599 3555 5661 saeculi,
3583 5601 3638 5652 in
3665 5614 3767 5669 quo

2119 5669 2344 5723 Nicetas
2372 5669 2747 5738 Aquileiensis
2779 5672 2986 5726 floruit.

2190 5741 2341 5813 [stud
2365 5757 2497 5813 vero
2531 5743 2793 5813 eoretiam
2825 5743 3006 5813 magis
3047 5743 3248 5805 elucet,
3284 5742 3436 5812 quod
3468 5742 3665 5795 beatus
3692 5740 3763 5813 ip;

2117 5826 2176 5864 se
2209 5809 2428 5864 Nicetas
2449 5810 2692 5883 simplici
2723 5809 2970 5883 episcopi
3013 5813 3176 5867 titulo
3211 5809 3546 5867 nominatur
3583 5829 3594 5872 ;
3623 5809 3762 5880 quod
