4004 6182
428 196 542 259 971

1146 188 1211 253 Ρ.
1255 188 1547 251 BRAIDIE
1591 186 2059 251 DISSERTATIO
2101 180 2173 248 IN
2218 189 2278 248 S.
2325 184 2671 248 NICETAM.
2708 216 2782 228 -ο
2810 182 2973 245 CAP.
3022 174 3115 246 VI.

3708 184 3826 251 97!

426 328 915 405 susciperentmon
929 321 2080 405 ampliusauxiliaresepiscopiessentalio-
2112 324 2159 384 Α
2188 317 2856 405 pontificisqanctnritate
2895 316 3236 398 indigerent,
3278 320 3339 397 ut
3368 316 3643 405 loca'ipsa
3671 318 3829 405 dece-

423 416 552 453 rum
572 393 1095 465 episcoporum,sed
1118 395 1359 465 episcopi
1380 393 1794 464 jurisdictionis
1813 393 2081 465 propriae-

423 416 552 453 rum
572 413 758 465 episco
804 413 1095 457 orum,seu
1118 413 1359 465 episcopi
1380 413 2079 464 JUI‘ISUICLIOIIISpropria?-

423 469 709 531 adinstar,
742 413 991 529 illorum,
1022 484 1054 520 a
1081 467 1283 537 quibus
1310 466 1575 536 primitus
1592 465 1869 535 originem
1892 464 2079 537 duxis-

422 543 569 595 sent.
598 540 711 592 lloc
730 555 844 592 non
864 555 974 592 una
992 538 1060 593 de
1077 536 1267 603 causa,
1289 544 1343 592 et
1360 537 1615 608 legitima
1633 536 2077 607 quidem,eveni-

421 628 481 666 re
494 610 680 681 potuit
696 628 706 675 ;
723 628 756 664 a
769 628 876 680 qua
896 614 1089 664 tamen
1121 610 1494 679 expendenda
1508 608 1596 663 hic
1612 608 1971 679 supersedeo,
2008 624 2075 663 ne

422 680 665 736 nimium
706 682 937 751 evagari
982 682 1178 735 videar
1216 680 1272 734 in
1305 686 1663 750 argumento,
1701 681 1768 734 de
1794 697 1904 750 quo
1934 695 2072 733 non-

420 753 836 808 nullafortasse
850 751 1086 807 inferius
1100 758 1271 822 atque
1283 753 1355 806 ad
1372 769 1493 807 rem
1512 751 2070 822 Opportunioreloco.

494 824 728 879 Interim
747 841 860 878 non
893 824 1213 878 omittenda
1229 824 1409 877 sancti
1429 824 1631 878 Leonis
1665 822 1855 892 Magni
1884 828 2075 876 aucto-

420 895 560 951 ritas
583 896 636 949 in
658 896 897 966 epistola
941 912 1115 966 quam
1135 895 1338 949 direxit
1362 895 1432 947 ad
1466 897 1731 965 episcopos
1772 894 2073 966 Africanos

415 965 716 1038 provincia:
728 969 1096 1022 Mauritania:
1118 967 1468 1021 Cwsariensis
1491 984 1589 1021 seu
1621 970 1679 1020 ut
1702 965 1832 1019 alibi
1858 965 1928 1019 ad
1948 967 2071 1038 uni-

419 1036 594 1094 uersos
623 1041 897 1109 episcopos
924 1056 1017 1108 per
1042 1038 1293 1107 Africam
1324 1040 1660 1101 constitutos,
1695 1054 1818 1107 quas
1858 1042 1943 1091 est
1982 1036 2068 1099 1'2,

418 1110 475 1164 in
497 1112 745 1165 editione
774 1111 987 1165 Veneta
1019 1109 1483 1173 Balleriniorum,
1516 1113 1570 1163 et
1600 1109 1672 1162 ad
1703 1124 1919 1162 annum
1950 1124 2072 1178 per-

417 1181 565 1237 tinet
594 1184 716 1239 446.
748 1183 1084 1237 Excreverat
1109 1180 1351 1235 fortasse
1377 1197 1548 1249 supra
1594 1179 1828 1233 modum
1859 1180 2069 1233 abusus

414 1252 473 1334 in
499 1324 510 1334 _
536 1252 740 1334 Africa,
770 1257 923 1334 ‘post
942 1325 953 1334 ‘
977 1252 1483 1334 Castbaginensem
1515 1251 1881 1331 collationem
1904 1250 2067 1334 _anni

414 1324 539 1387 411,
560 1322 1127 1393 multiplicandorum
1150 1324 1542 1394 episc0porum
1566 1322 1620 1375 in
1651 1322 1837 1394 parvis
1865 1322 2067 1394 obscu-

413 1393 604 1463 risque
637 1392 793 1459 locis,
826 1412 940 1449 non
972 1395 1092 1449 sine
1124 1392 1378 1448 maxima
1409 1393 1744 1463 episcopalis
1771 1392 2065 1464 dignitatis

405 1466 653 1547 jactura.
688 1467 796 1548 Ipsi
822 1467 1068 1548 episcopi
1088 1471 1340 1548 veterum
1368 1465 1691 1548 aliquarum
1746 1464 2064 1548 dimceseon

411 1537 801 1607 querimonias
830 1556 999 1607 super
1025 1537 1131 1591 hac
1158 1555 1217 1592 re
1249 1538 1320 1591 ad
1348 1537 1722 1607 apostolicam
1751 1538 1945 1590 sedem
1973 1540 2066 1590 tu-

410 1607 601 1663 lerunt
634 1625 647 1675 ;
680 1615 736 1664 et
758 1610 881 1679 ipsi,
916 1614 978 1663 ut
1009 1610 1249 1672 videtur,
1308 1626 1375 1662 ex
1406 1609 1471 1661 iis
1511 1613 1673 1663 erant
1711 1608 1913 1679 quibus
1944 1625 2064 1660 am-

408 1680 558 1749 plius
599 1678 838 1735 liberum
870 1697 981 1734 non
1016 1680 1218 1735 fuisset
1244 1679 1471 1749 proprio
1502 1686 1643 1733 nutu
1674 1696 1738 1733 ac
1772 1678 2063 1733 voluntate
2100 1688 2143 1746 Β

408 1752 481 1822 ab
516 1752 850 1822 ordinandis
880 1752 1157 1821 episc0pis
1187 1752 1493 1817 abstinere,
1525 1750 1619 1821 qui
1641 1751 1767 1822 jam
1796 1751 1851 1804 in
1877 1751 2063 1820 parvis

408 1820 521 1875 illis
547 1821 683 1877 locis
732 1820 1170 1893 predecesso’res
1216 1823 1509 1886 habentes,
1544 1820 1807 1877 iet'sede
1840 1822 2062 1891 propria

407 1894 741 1962 constituta,
776 1896 1111 1965 neutiquam
1128 1894 1514 1957 auxiliarium,
1550 1894 1649 1948 sed
1674 1894 2059 1948 dimcesanam

407 1966 811 2021 auctoritatem
841 1967 1197 2022 exercebant.
1232 1965 1375 2031 Quid
1416 1966 1587 2036 igitur
1617 1970 1846 2019 sanctus
1883 1966 2062 2035 ponti-

406 2036 499 2091 fex
533 2038 589 2091 in
622 2038 798 2092 citata
830 2038 1110 2107 epistola?
1133 2037 1329 2091 «Illud
1356 2054 1514 2103 sane,
1550 2037 1739 2091 aiebat
1759 2036 1944 2105 capite
1974 2036 2055 2099 tO,

405 2110 559 2178 quod
601 2110 673 2161 ad
737 2109 1152 2163 sacerdotalem
1200 2108 1444 2177 pertinet
1494 2107 1856 2176 dignitatern,
1911 2107 2060 2178 inter

406 2177 603 2232 omnia
628 2179 891 2233 volumus
929 2196 1217 2233 canonum
1244 2184 1458 2232 statuta
1485 2178 1717 2242 servari,
1766 2182 1827 2231 ut
1854 2194 1967 2231 non
1997 2177 2055 2231 in

405 2248 751 2317 quibuslibet
781 2249 937 2313 locis,
971 2266 1154 2318 neque
1184 2250 1240 2301 in
1299 2250 1748 2317 quibuscumque
1783 2248 2051 2313 castellis,

402 2323 460 2399 et
482 2318 581 2397 .ubi
606 2322 737 2399 ante
771 2334 882 2372 non
914 2319 1160 2399 fuerunt,
1185 2319 1431 2399 episcopi
1461 2324 1861 2373 consecrentur
1886 2339 1896 2377 :
1922 2336 2053 2374 cum

401 2389 492 2461 ubi
547 2388 799 2461 minores
856 2394 988 2444 sunt
1036 2390 1247 2459 plebes,
1304 2388 1670 2460 minoresque
1718 2396 2050 2461 conventus,

408 2460 579 2530 108
604 2462 1059 2531 presbyterorum
1087 2478 1224 2515 cura
1254 2461 1504 2515 sufficiat
1536 2478 1548 2527 ;
1581 2461 1929 2531 episcopalia
1953 2479 2052 2517 au-

402 2536 514 2585 tem
544 2532 927 2602 gubernacula
958 2532 1187 2587 nonnisi
1231 2533 1545 2603 majoribus
1577 2533 1817 2603 populis,
1850 2541 1905 2588 et
1944 2533 2052 2589 fre-

402 2603 795 2673 quentioribus
852 2604 1172 2658 civitatibus
1226 2609 1491 2673 oporteat
1536 2604 1895 2674 praesidere;
1958 2622 2047 2671 ne,

399 2675 553 2744 quod
580 2680 910 2729 sanctorum
953 2678 1180 2730 Patrum
1212 2676 1483 2730 divinitus
1514 2676 1793 2745 inspirata
1823 2677 2052 2732 decreta

398 2750 719 2811 vetuerunt,
752 2746 948 2801 viculis
979 2752 1035 2801 et
1083 2747 1554 2817 possessionibus,
1589 2748 1674 2801 vel
1716 2748 1965 2801 obscuris
1996 2752 2051 2802 et

399 2818 669 2872 solitariis
690 2818 1035 2888 municipiis,
1051 2820 1336 2873 tribuatur
1361 2819 1712 2873 sacerdotale
1733 2818 2046 2888 fastigium;

401 2892 457 2943 et
482 2890 665 2943 honor
694 2890 780 2944 cui
811 2892 1020 2944 debent
1050 2891 1453 2945 excellentiora
1482 2890 1783 2953 committi,
1816 2890 1938 2960 ipsa
1962 2890 2049 2944 sui

400 2960 815 3015 numerositate
836 2961 1086 3023 vilescat,
1107 2964 1269 3025 Quod
1300 2978 1450 3016 nunc
1482 2962 1537 3014 in
1562 2977 1665 3016 sua
1688 2961 1913 3016 dimcesi
1946 2963 2049 3017 Be-

2189 388 2452 448 dentibus
2479 392 2612 453 illis,
2647 390 2703 444 in
2719 388 3017 458 antiquum
3043 389 3134 458 jus
3150 388 3443 458 proprium
3460 390 3824 445 vindicarent.

2262 464 2356 518 His
2384 465 2574 533 itaque
2596 462 2676 516 ita
2691 461 2857 533 dictis
2871 461 2939 533 de
2960 460 3325 533 auxiliaribus
3339 459 3619 533 episcopis
3636 461 3829 533 utrius-

2188 553 2295 605 que
2335 531 2575 606 generis,
2626 533 2721 606 qui
2754 531 2951 606 priscis
3000 531 3256 606 Ecclesia:
3309 531 3553 606 saeculis
3583 532 3829 606 obtinue-

2188 553 2295 605 que
2335 552 2575 606 generis,
2669 551 2721 587 υι
2754 551 2951 602 priscis
3000 551 3256 586 nectesnaa
3309 551 3528 586 saeculis
3583 551 3824 589 oounue-

2185 614 2336 671 runt,
2372 607 2440 659 de
2466 606 2533 659 iis
2563 551 2773 659 scilicet
2823 602 2918 673 qui
2950 602 3089 657 nulli
3128 602 3251 657 loco
3286 602 3557 672 peculiari
3604 604 3824 669 addicti,

2185 678 2272 731 vel
2304 676 2552 747 episc0pi
2596 674 2930 747 simpliciter
2980 674 3416 747 appellabantur
3455 675 3693 747 absque
3723 676 3827 747 ulla

2184 748 2292 803 loci
2326 745 2635 812 additione,
2677 748 2761 802 vel
2794 745 2968 800 etiam
2999 745 3247 815 episcopi
3286 745 3393 800 loci
3450 745 3602 801 illius
3643 746 3737 800 ubi
3762 749 3827 801 ad

2186 826 2389 875 nutum
2411 819 2655 890 episcOpi
2698 816 3022 890 principalis
3048 816 3354 890 auxiliares
3384 822 3568 890 erant,
3603 818 3684 872 uti
3724 818 3827 889 cpi-

2183 892 2338 962 scopi
2369 888 2567 946 Romae
2600 888 2711 945 aut,
2741 888 2894 962 urbis
2925 889 3141 962 Romae,
3174 888 3318 942 sicut
3354 888 3635 962 vidimus;
3669 906 3736 962 ac
3760 888 3826 945 de

2184 963 2251 1017 iis
2282 959 2522 1033 quoque,
2547 961 2641 1032 qui
2685 962 2755 1015 ab
2786 959 3061 1033 episcopis
3089 959 3427 1015 dimcesanis
3455 959 3827 1033 peculiaribus

2183 1031 2525 1105 quibusdam
2554 1031 2687 1087 locis
2725 1031 3153 1105 addicebantur,
3204 1035 3260 1085 et
3307 1033 3643 1105 eorumdem
3689 1032 3827 1087 loco-

2184 1102 2306 1159 rum
2338 1107 2569 1160 nomine
2609 1103 2820 1175 passim
2840 1102 3325 1175 appellabantur:
3352 1102 3461 1175 his,
3482 1102 3735 1167 aiebam,
3758 1105 3826 1159 ita

2181 1177 2343 1231 dictis
2372 1177 2555 1247 prima
2580 1172 2981 1247 propositionis
3014 1191 3143 1247 pars
3179 1173 3285 1247 hoc
3314 1172 3502 1247 capite
3532 1175 3823 1247 enuntiata

2179 1248 2316 1302 satis
2347 1244 2409 1302 ex
2441 1244 2825 1303 ecclesiastica
2849 1244 3144 1314 disciplina
3168 1245 3419 1314 priorum
3446 1246 3707 1301 Ecclesiae
3741 1264 3825 1301 sae-

2178 1319 2434 1373 culorum
2463 1319 2661 1374 fulcita
2689 1318 2904 1372 videtur
2924 1338 2937 1381 ;
2959 1318 3107 1385 quod
3141 1333 3347 1385 nempe
3388 1316 3589 1372 Niceas
3617 1334 3718 1373 seu
3746 1320 3825 1372 Ni-

2176 1395 2330 1472 cetes
2356 1387 3047 1472 episcopusAqnileiensis
3069 1387 3436 1469 probabiliter
3451 1388 3640 1472 dictus
3663 1390 3821 1471 fuerit

2178 1458 2805 1517 Romatianzecivitatis
2832 1458 3147 1530 episcOpus,
3190 1460 3327 1529 quia
3372 1464 3690 1530 antequam
3721 1462 3825 1531 epi-

2176 1534 2464 1603 scopalem
2488 1532 2911 1603 Aquileiensem
2942 1531 3134 1603 sedem
3154 1532 3593 1603 conscenderet,
3617 1533 3825 1602 episco

2216 1602 2592 1660 us’auxiliaris
2627 1604 2793 1661 fuerit
2823 1602 3196 1672 Aquileiensis
3210 1602 3471 1658 Ecclesiae
3486 1604 3563 1657 ad
3598 1608 3822 1673 portum

2216 1623 2279 1659 us
2301 1621 2592 1660 auxiliaris
2627 1621 2793 1661 luerit
2823 1621 3196 1672 nqunexensns
3210 1621 3471 1658 ecclesiae
3486 1621 3563 1657 au
3598 1621 3822 1673 portum

2176 1621 2505 1755 genuinum
2536 1693 2647 1755 seu
2672 1679 3040 1755 ltomatmum
3064 1674 3223 1755 situs,
3255 1674 3452 1755 Adhuc
3482 1678 3685 1755 tamen
3708 1693 3822 1755 pro.

2172 1748 2413 1802 babilior
2438 1750 2764 1815 conjectura
2803 1750 3001 1801 nostra
3039 1746 3250 1809 evadit,
3295 1746 3340 1799 si
3372 1763 3545 1815 quam
3579 1746 3823 1816 discipli-

2173 1836 2307 1873 nam
2341 1819 2704 1874 auxiliarium
2728 1818 3121 1888 episcoporum
3152 1818 3208 1871 in
3233 1817 3480 1872 Ecclesia
3516 1818 3701 1888 109
3725 1820 3825 1888 pri-

2171 1891 2279 1945 scis
2292 1892 2513 1946 saeculis
2530 1890 2857 1961 generalem
2877 1888 3076 1961 hacten
3088 1888 3302 1961 ushine
3334 1889 3466 1961 inde
3487 1889 3695 1961 collegi
3706 1907 3825 1945 mus

2170 1964 2435 2018 eamdem
2456 1966 2512 2017 in
2536 1959 2889 2032 Aquileiensi
2909 1977 3135 2032 quoque
3156 1959 3748 2032 Ecclesiaobtinnisse
3765 1979 3824 2016 ex

2170 2033 2304 2104 ipsis
2331 2052 2456 2105 quae
2493 2031 2817 2104 supersunt,
2868 2031 3252 2105 Aquileiensis
3302 2031 3573 2105 Ecclesia)
3614 2048 3822 2088 monu-

2168 2102 2378 2161 mentis
2409 2102 2778 2161 ostendamus
2798 2120 2812 2169 ;
2831 2104 2982 2173 quod
3001 2119 3152 2157 nunc
3168 2102 3447 2173 praecipue
3466 2103 3821 2159 faciendum.

2236 2179 2321 2232 Ad
2336 2177 2738 2231 bibliothecam
2762 2174 2947 2229 Photii
2965 2174 3167 2228 iterum
3214 2176 3555 2229 accedamus
3572 2180 3819 2245 oportet,

2166 2248 2258 2318 qui
2290 2248 2347 2302 in
2364 2248 2622 2318 superius
2654 2246 2887 2301 citatitis
2910 2245 3202 2318 codicibus
3240 2244 3340 2299 182
3370 2250 3427 2300 et
3454 2246 3559 2301 280
3604 2244 3822 2317 Eulogii

2164 2317 2503 2387 patriarchae
2552 2317 2919 2374 Alexandrini
2958 2333 3097 2386 opus
3127 2322 3384 2372 recenset
3430 2318 3486 2371 in
3523 2333 3625 2372 sex
3648 2318 3823 2373 libros

2164 2390 2407 2445 divisum
2440 2391 2708 2445 adversus
2724 2388 3171 2443 Novatianorum
3195 2393 3428 2453 sectam,
3458 2405 3589 2458 quae.
3602 2406 3714 2444 suo
3730 2392 3823 2445 ad-

2163 2460 2272 2515 huc
2302 2467 2580 2531 tempore,
2626 2466 2787 2516 sexto
2820 2460 3089 2514 nimirum
3140 2462 3377 2515 cadente
3435 2462 3672 2521 saeculo.
3730 2462 3821 2517 Dei

2163 2530 2470 2587 Ecclesiam
2504 2550 2617 2588 non
2650 2550 2760 2587 uno
2792 2533 2850 2586 in
2878 2532 3000 2586 loco
3051 2530 3370 2586 divexabat.
3404 2532 3553 2585 Dum
3587 2533 3821 2587 Photius

2161 2604 2457 2685 Eulogiani
2506 2602 3007 2685 operisdeperditi
3046 2609 3309 2685 excerpta
3351 2603 3517 2685 nobis
3542 2605 3817 2685 servavit,

2160 2674 2429 2729 notitiam
2458 2674 2683 2746 quoque
2704 2675 2763 2729 in
2802 2675 3018 2730 eisdem
3047 2674 3326 2742 exeerptis
3387 2674 3624 2744 reliquit
3652 2678 3821 2731 Com-

2161 2748 2571 2801 mentariorum
2599 2748 2974 2817 quorumdam
3010 2746 3359 2817 rNovatianze
3406 2750 3589 2817 sectae
3620 2747 3820 2801 simili-

2160 2820 2249 2875 ter
2278 2815 2725 2889 deperditorum,
2753 2834 2894 2887 quos
2920 2815 3186 2889 Eulogius
3213 2816 3375 2889 ipse,
3403 2816 3551 2871 libro
3586 2834 3639 2873 vr
3685 2820 3818 2873 data

2160 2905 2335 2970 opera
2354 2886 2909 2970 confutaveratJam
2924 2888 3190 2970 diximus,
3238 2887 3294 2970 in
3322 2886 3408 2942 his
3437 2890 3819 2969 Commenta-

2158 2959 2256 3014 riis
2275 2962 2666 3017 Macedonium
2696 2961 3027 3031 quemdam,
3062 2959 3217 3013 urbis
3244 2960 3442 3031 Romae
3472 2960 3816 3031 episcopum

401 3030 628 3103 stitutus
645 3032 939 3102 episcopus
978 3032 1193 3086 factum
1252 3050 1373 3087 esse
1400 3041 1663 3087 causatus
1704 3038 1809 3099 est,
1865 3037 1922 3087 et
1961 3050 2048 3087 ra-
2086 3025 2130 3085 Ο
2161 3025 2963 3103 nuncupatum,aNovatianis
2990 3031 3311 3103 traductum
3344 3025 3524 3085 fuisse
3548 3025 3729 3087 veluti
3758 3033 3817 3087 fi-

398 3102 751 3175 tionabiliter
780 3103 1183 3173 postulavit,ut
1212 3104 1255 3157 si
1278 3104 1733 3173 episcopieorum
1766 3104 2042 3175 locorum,

398 3173 454 3227 in
488 3174 690 3243 quibus
712 3191 823 3227 non
839 3175 1438 3236 debuerantordinari,
1455 3176 1704 3228 humana
1722 3173 2047 3231 conditione

398 3246 764 3316 decesserint,
798 3246 921 3299 loca
949 3244 1071 3314 ipsa
1098 3246 1169 3298 ad
1218 3247 1315 3316 jus
1343 3247 1598 3316 ejusdem
1640 3247 1910 3300 antistitis
1957 3247 2047 3301 cui

398 3315 533 3370 olim
568 3316 795 3386 propria
827 3318 913 3373 vel
956 3315 1229 3386 contigua
1277 3315 1526 3378 fuerunt,
1562 3322 1940 3371 revertantur.
1980 3320 2047 3372 Et

396 3386 596 3442 inutile
618 3393 704 3442 est
729 3392 790 3441 ut
810 3386 1180 3441 sacerdotalis
1216 3388 1461 3458 dignitas
1509 3387 1932 3442 inconsiderata
1957 3406 2045 3443 or-

396 3458 648 3512 dinantis
681 3458 953 3513 facilitate
981 3458 1270 3528 superﬂua
1313 3459 1784 3528 multiplicatione
1826 3460 2041 3515 minua-

395 3533 509 3585 tur.
538 3551 564 3577 »
598 3531 727 3584 Haec
761 3534 992 3583 sanctus
1033 3530 1281 3599 pontifex
1299 3532 1371 3584 ad
1395 3531 1689 3600 episcopos
1719 3531 2038 3587 Africanos.

397 3600 731 3673 Quisporro
755 3618 869 3655 non
891 3600 1083 3656 videat
1112 3607 1375 3656 sanctum
1421 3600 1765 3671 pontificem,
1800 3604 2042 3673 sumptis

395 3669 454 3748 iu
477 3672 661 3737 prima
688 3676 870 3748 textus
895 3678 1054 3748 parte
1082 3689 1152 3727 ex
1182 3669 1465 3748 veteribus
1518 3674 1791 3748 conciliis.
1817 3679 1873 3728 et
1915 3669 2039 3730 ma-

392 3742 545 3813 xime
584 3757 651 3795 ex
689 3742 1011 3796 Sardicensi
1035 3760 1255 3798 canone
1301 3746 1335 3797 6
1370 3745 1625 3813 superius
1664 3745 1859 3809 allato,
1917 3751 2041 3801 tum

392 3810 674 3876 sensibus,
707 3816 828 3865 tum
877 3814 1049 3867 etiam
1101 3815 1303 3882 verbis,
1356 3810 1615 3871 cohibere
1666 3817 1911 3871 voluisse
1958 3818 2038 3871 ni-

392 3882 571 3936 miam
594 3884 753 3938 illam
776 3884 831 3939 in
850 3884 1130 3939 Africanis
1146 3886 1403 3941 Eeclesiis
1424 3886 1756 3942 facilitatem
1769 3888 2037 3943 ordinan-

391 3954 1022 4030 dornmgepiscoporum
1054 3959 1111 4011 in
1136 3958 1271 4012 locis
1294 3962 1457 4013 tanto
1484 3960 1699 4014 honore
1749 3960 2040 4030 haudqua-

390 4027 825 4101 quam‘dignis‘?
866 4028 971 4101 Qui
1013 4030 1243 4099 quidem
1294 4030 1541 4101 episcopi
1586 4047 1712 4085 cum
1746 4048 1779 4086 a
1838 4027 2036 4086 sancto

389 4098 653 4176 pontifice
682 4100 879 4176 _velu_ti
935 4098 1344 4176 comparentur
1403 4098 1746 4176 presbyteris
1794 4103 1849 4156 in
1898 4103 2037 4157 locis

390 4170 596 4243 eisdem
619 4170 955 4231 minoribus,
982 4172 1039 4225 in
1064 4174 1263 4241 quibus
1291 4170 1825 4243 aitpresbgjterorum
1848 4191 2036 4228 curam

386 4240 636 4316 sufﬁcere
657 4258 669 4306 ;
686 4247 837 4295 recte
859 4244 1026 4316 datur
1042 4240 1278 4316 intelligi
1300 4260 1412 4297 non
1427 4240 1600 4298 aliam
1615 4261 1785 4314 quam
1808 4247 2036 4316 presby-

385 4312 1070 4387 terorumauctoritatem
1095 4312 1359 4387 habuisse
1398 4312 1690 4385 episcopos
1731 4312 1901 4386 ips-os,
1936 4312 2033 4387 qui

2160 3104 2249 3158 dei
2290 3102 2637 3159 desertorem
2666 3107 2722 3159 in
2745 3103 3055 3158 certamine
3082 3102 3277 3156 habito
3305 3119 3501 3157 coram
3548 3104 3816 3159 Ecclesia

2158 3178 2610 3245 persecutoribus
2658 3194 2667 3229 :
2727 3177 2863 3230 dum
2895 3191 2924 3229 e
2962 3172 3249 3228 contrario
3288 3174 3650 3229 Novatianus
3683 3192 3814 3230 cum

2158 3247 2626 3309 suis,tlhristiana
2656 3249 2767 3302 fide
2812 3246 3038 3301 fortiter
3060 3251 3297 3309 asserta,
3334 3245 3530 3308 victor.
3562 3248 3817 3302 evasisse

2193 3318 2501 3373 erhibetur.
2529 3318 2774 3383 Quinam
2807 3334 2939 3373 vero
2972 3318 3031 3382 ii,
3064 3317 3158 3388 qui
3202 3316 3522 3372 Novatiano
3552 3318 3811 3374 adhaere-

2155 3334 2501 3442 permoetur.
2529 3334 2774 3383 umnam
2807 3334 2939 3373 vero
2972 3335 3031 3382 ιι,
3064 3334 3158 3388 qui
3202 3334 3522 3372 novauano
3552 3334 3808 3374 adnare-

2158 3464 2166 3470 ι
2194 3393 2311 3470 ant,
2336 3396 2393 3470 et
2424 3406 2553 3470 cum
2566 3407 2633 3444 eo
2666 3389 3298 3470 fortiterincertamine
3316 3406 3373 3470 se
3396 3388 3681 3470 habuisse
3688 3391 3808 3470 jac:

2153 3460 2454 3515 tabantur?
2479 3461 2893 3516 Commentarii
2924 3461 3003 3514 illi
3030 3462 3192 3515 nobis
3213 3460 3808 3516 exhibentNovatiani

2152 3531 2334 3585 socios
2364 3532 2656 3603 episcopos
2686 3537 2820 3597 tres,
2856 3532 3189 3587 Marcallum
3220 3548 3425 3603 nempe
3457 3536 3514 3586 et
3564 3532 3808 3587 Alexan-

2152 3603 2339 3669 drum,
2364 3620 2506 3674 quos
2531 3602 2735 3659 vocant
2760 3605 3029 3675 episcopos
3059 3604 3337 3675 Aquileia
3367 3602 3691 3675 ἐπισκόπους
3722 3605 3807 3655 Ἀ.

2150 3675 2385 3739 κνληίας,
2418 3681 2475 3730 et
2502 3674 2996 3747 Agamemnonem
3018 3678 3344 3745 episcopum
3372 3674 3672 3747 Tiberidis,
3710 3681 3809 3747 aut

2149 3745 2571 3817 Tiburis(vulgo
2588 3748 2806 3815 Tivoli).
2842 3748 3141 3803 Addebant
3170 3747 3345 3801 iidem
3359 3745 3803 3811 Commentarii,

2148 3817 2348 3872 Photio
2369 3819 2666 3882 referente,
2699 3824 2813 3873 tres
2841 3817 2969 3873 illos
2997 3818 3292 3889 episcOpos
3332 3817 3677 3889 imposuisse
3696 3819 3808 3872 Noe

2148 3889 2372 3943 vatiano
2417 3905 2645 3953 manus,
2668 3895 2731 3945 ut
2760 3888 3093 3960 pontiﬁcatu
3121 3891 3316 3943 Romae
3362 3888 3806 3959 perfungeretur

2149 3962 2419 4032 adversus
2440 3962 2765 4017 Cornelium
2795 3978 3004 4032 papam
3026 3977 3036 4013 :
3060 3976 3267 4030 eosque
3283 3975 3396 4014 una
3408 3976 3538 4013 cum
3560 3960 3686 4032 ipso
3706 3960 3806 4014 ha-

2146 4031 2355 4103 bitasse
2386 4033 2689 4087 aediculam
2729 4030 2810 4087 ab'
2840 4030 2976 4103 ipsis
3005 4036 3353 4103 exstructam
3384 4047 3396 4096 ;
3426 4030 3672 4103 quodiis
3705 4031 3802 4101 qui

2144 4102 2309 4157 idolis
2336 4104 2846 4167 immolassentuti,
2868 4102 3154 4173 Simulque
3174 4102 3349 4157 sacris
3366 4102 3609 4172 operari,
3638 4118 3804 4157 recu-

2145 4180 2355 4238 sarent,
2388 4177 2672 4229 Habemus
2701 4176 2877 4243 igitur
2904 4175 2995 4228 hic
3020 4177 3161 4229 duos
3183 4190 3297 4228 una
3323 4173 3493 4227 simul
3513 4178 3569 4227 et
3588 4174 3799 4228 eodem

2144 4249 2401 4328 tempore
2431 4246 3109 4328 episcoposLMarcellum
3153 4250 3211 4300 et
3253 4244 3663 4328 Alexandrum.
3700 4247 3797 4326 qui

2141 4316 2409 4389 Aquileiae
2441 4316 2687 4389 episcopi
2710 4319 2994 4383 dicuntur,
3024 4334 3139 4372 non
3157 4333 3316 4371 secus
3332 4333 3399 4389 ac
3426 4316 3799 4371 Macedonius

384 4379 467 4461 ita
506 4383 737 4461 abusive
770 4383 1113 4461 eligerentur
1142 4402 1242 4454 pro
1269 4379 1606 4461 minoribus
1628 4379 1785 4461 locis,
1818 4379 2033 4458 absq-ue
2068 4394 2112 4451 D
2141 4379 2297 4442 urbis
2330 4379 2843 4461 RomamQu-idquid
2860 4389 2932 4443 sit
2954 4379 3035 4461 de
3057 4389 3192 4443 facti
3224 4405 3319 4443 seu
3344 4387 3627 4442 factorum
3645 4389 3796 4444 veris

384 4449 501 4503 ullo
534 4451 747 4529 scilicet
770 4452 1112 4529 detrimento
1143 4449 1519 4511 auctoritatis
1556 4449 2030 4529 episcoporumin

383 4535 625 4589 quorum
657 4521 997 4603 dioecesibus
1022 4524 1262 4603 fuissent
1293 4521 1623 4603 constituti;
1644 4521 1795 4600 quod
1817 4531 2030 4600 episco-

380 4607 585 4673 porum
612 4609 768 4673 mere
799 4594 1228 4673 auxiliariorum
1254 4594 2030 4673 prepriumest,,'potestatem

382 4663 992 4746 ordinisnhabentin‘m,
1040 4663 1277 4746 minime
1300 4663 1430 4725 vero
1455 4663 1889 4746 jurisdictionis,
1918 4672 2027 4746 nisi

422 4751 550 4813 nam
585 4736 839 4813 libuisset
876 4738 989 4813 illis
1030 4740 1355 4813 dimcesano
1408 4736 1673 4812 episcopo
1724 4736 2024 4813 impertiri.

377 4751 550 4870 gnam
585 4751 839 4793 libuisset
876 4751 989 4793 illis
1030 4751 1355 4795 uimcesano
1408 4758 1673 4812 episcopo
1724 4751 2024 4813 impertiri.

380 4882 389 4885 _
429 4809 537 4861 uod
569 4824 701 4885 vero
723 4811 791 4864 de
812 4810 1073 4885 episcopo
1112 4812 1391 4868 Restituto
1419 4813 1809 4867 secundoloco
1850 4815 2024 4885 loqui-

373 4882 484 4961 tur,
515 4881 608 4950 qui
625 4897 773 4961 nunc
796 4881 1120 4961 apudillum
1141 4890 1481 4961 conquestus
1498 4881 2023 4961 fuel-athujusmodi

374 4955 669 5022 episcopos
704 4956 879 5007 etiam
926 4955 983 5007 in
1011 4970 1112 5008 sua
1142 4956 1368 5011 dimcesi
1421 4957 1607 5010 locum
1650 4955 1935 5023 habuisse,
1965 4964 2023 5014 et

370 5024 1121 5100 ratfouebilz'terpostulaoat,
1151 5032 1271 5082 tam
1288 5046 1392 5099 pro
1409 5046 1488 5094 se,
1514 5033 1575 5083 ut
1595 5028 2019 5100 videtur,quam

370 5095 637 5171 proaliis,
666 5096 851 5171 utillis
884 5095 1303 5153 decedentibus'
1328 5102 1423 5171 qui
1466 5101 1524 5155 in
1588 5100 1724 5155 locis
1766 5095 1932 5155 erant
1961 5103 2017 5156 in

370 5164 714 5247 quibus_nou
748 5168 1250 5247 debuerantjuxta
1293 5164 1540 5247 canones
1570 5173 1848 5237 ordinari,
1893 5173 2019 5247 loca

368 5240 491 5316 ipsa
521 5240 593 5316 ad
628 5240 878 5316 priorum
906 5240 1297 5316 episcoporum
1319 5246 1413 5315 jus
1440 5250 1872 5305 reverterentur,
1900 5244 2017 5315 qui-

368 5302 469 5388 bus
498 5302 877 5388 olim'pmprz'a
912 5302 1137 5388 fuerant
1158 5302 1679 5387 velcoiitiguajam
1708 5302 1931 5369 videtur
1945 5318 2014 5371 de

367 5375 435 5452 iis
457 5375 591 5457 l‘ocis
614 5375 849 5457 dicere,
877 5384 969 5451 qui
1004 5384 1239 5438 decursu
1264 5375 1630 5456 temporisfet
1678 5389 1926 5457 quadam
1955 5388 2011 5441 in

366 5445 581 5529 eisdem
610 5450 751 5529 locis
765 5445 1147 5529 episcoporum
1176 5458 1318 5511 serie
1338 5445 1711 5529 suffragante.
1734 5474 1835 5513 nec
1866 5459 2013 5513 reni-

364 5518 613 5602 tentibus
649 5518 981 5602 fortasseiis
1012 5544 1251 5594 quorum
1286 5518 1577 5597 intererat,
1614 5530 1669 5602 in
1699 5531 2011 5602 peculiares

364 5584 598 5669 {101ml}?!
618 5584 1491 5669 .novpsepiscopatusevaserant
1506 5584 1633 5655 cum
1657 5584 2007 5654 imminutio.

365 5658 661 5741 neveteris
699 5658 1089 5741 dimcesisjﬁn
1124 5685 1269 5741 quos
1296 5677 1597 5741 propterea
1617 5670 1869 5741 primzevi
1900 5671 2008 5740 epi-

363 5728 521 5793 scopi
532 5728 629 5798 jus
654 5728 829 5783 veluti
854 5728 1200 5801 amisissent,
1217 5728 1458 5811 ideoque
1481 5728 1758 5814 superiori
1769 5728 2023 5799 Romani~

2141 4464 2278 4523 tate,
2311 4462 2393 4514 uti
2434 4466 2605 4515 antea
2636 4462 2692 4515 in
2726 4460 3080 4516 ’Macedonio
3110 4460 3455 4515 notabamus
3485 4478 3500 4528 ;
3539 4476 3799 4530 personas

2139 4532 2712 4603 quidem,earumque
2734 4533 2973 4587 nomina
2990 4549 3056 4586 ac
3082 4532 3224 4595 loca,
3241 4547 3463 4603 necnon
3483 4536 3539 4585 et
3564 4532 3789 4595 munia,

2138 4603 2310 4657 etiam
2334 4602 2642 4674 ﬁgmentis,
2676 4621 2710 4659 a
2751 4604 3087 4659 conﬁctione
3126 4608 3187 4657 ut
3217 4602 3530 4673 plurimum
3561 4610 3790 4671 vacant,

2136 4680 2198 4728 ut
2218 4674 2493 4744 figmenta
2520 4675 2643 4745 ipsa
2668 4676 2893 4731 facilius
2919 4674 3212 4730 credibilia
3240 4674 3571 4730 reddantur.

2210 4744 2574 4801 Ctarissimus
2597 4752 2789 4802 tamen
2816 4749 2885 4801 de
2906 4745 3112 4802 Rubeis
3130 4746 3186 4799 in
3205 4745 3586 4802 Monumentis
3606 4744 3791 4800 Eccle-

2135 4815 2233 4889 siae
2262 4817 2664 4889 Aquileiensis,
2698 4820 2881 4889 capite
2910 4819 2942 4872 4
2986 4833 3144 4882 num,
3166 4819 3218 4879 7,
3241 4822 3395 4889 totus
3417 4821 3522 4871 est.
3550 4824 3614 4871 ut
3643 4833 3678 4871 a
3706 4833 3785 4889 se-

2130 4887 2213 4961 rie
2238 4888 2635 4961 episcoporum
2661 4887 3129 4961 Aquileiensium,
3157 4905 3331 4961 quam
3362 4888 3483 4961 ipse
3527 4888 3781 4961 digessit,

2132 4960 2273 5013 duos
2303 4960 2406 5015 hos
2437 4960 2741 5032 episcopos
2763 4961 3090 5016 Marcellum
3120 4964 3175 5015 et
3209 4960 3603 5032 Alexandrum
3632 4960 3783 5032 peni-

2131 5034 2219 5104 tus
2248 5030 2531 5087 excludat.
2560 5030 2751 5104 Neque
2778 5034 2895 5103 ipse
2921 5032 3264 5087 contendam
3297 5032 3355 5085 in
3372 5031 3585 5086 seriem
3619 5030 3779 5102 Aqui-

2130 5102 2429 5157 leiensium
2458 5102 2853 5176 episcoporum
2881 5105 2984 5158 bos
3024 5105 3166 5157 duos
3197 5103 3494 5176 habendos
3526 5118 3539 5167 ;
3577 5118 3778 5176 quam-

2129 5190 2299 5243 quam
2324 5176 2635 5231 admodum
2654 5174 2873 5231 incerta
2892 5193 2955 5230 ac
2979 5176 3311 5245 perturbata
3326 5174 3416 5235 sit,
3437 5180 3493 5228 et
3522 5189 3639 5229 non
3662 5174 3775 5229 sine

2128 5245 2381 5319 hiatibus
2409 5264 2473 5301 ac
2508 5248 2745 5311 lacunis,
2786 5246 3235 5319 Aquileiensium
3263 5246 3672 5315 episcoporum
3698 5259 3773 5299 se-

2127 5316 2236 5388 ries
2259 5318 2369 5371 illis
2398 5322 2749 5388 temporibus
2770 5316 3222 5373 ad—Theodorum
3245 5333 3629 5388 usque,quem
3646 5320 3771 5372 Are-

2124 5386 2329 5443 latensi
2364 5386 2581 5460 synodo
2612 5398 2809 5446 contra
2832 5391 3157 5445 Donatistas
3190 5386 3347 5445 anno
3370 5386 3773 5458 3Msubscrip-

2124 5459 2543 5533 tumvidemus,
2570 5463 2650 5517 uti
2683 5463 2805 5533 ipse
2819 5464 3060 5531 scriptor
3076 5460 3497 5533 eruditissimus
3515 5459 3771 5533 animad-

2122 5532 2307 5585 vertit.
2339 5531 2741 5598 Nihilominus,
2766 5550 2878 5589 non
2919 5534 3029 5587 sint
3049 5533 3278 5603 quidem
3324 5531 3767 5601 Aquileiensium

2121 5603 2513 5676 episcoporum
2543 5605 2687 5660 serie
2718 5605 2964 5676 episcopi
2989 5604 3069 5658 illi
3094 5603 3407 5676 Marcellus
3434 5607 3503 5676 et
3531 5603 3769 5676 Alexan:

2121 5670 2222 5747 der
2247 5692 2259 5728 :
2283 5670 2397 5729 non
2429 5676 2551 5731 sine
2571 5670 2925 5732 causa—certe—
2942 5675 3330 5747 Aquileienses
3355 5674 3608 5747 episcopi
3639 5670 3767 5747 dicti

2118 5742 2299 5815 fuere,
2328 5752 2496 5820 atque
2507 5748 2682 5807 veluti
2712 5765 2827 5806 uno
2856 5742 3172 5821 eodemque
3190 5742 3449 5820 tempore
3476 5745 3538 5802 in
3551 5742 3766 5803 eadem
