  <div class='ocr_page' id='page_1' title='image "/cluster/home/n/w/nwhite01/storage/ocr_20150623/52/hvd.32044054758628/492.png"; bbox 0 0 4004 6182; ppageno 0'>
   <div class='ocr_carea' id='block_1_1' title="bbox 192 186 311 254">
    <p class='ocr_par' dir='ltr' id='par_1_1' title="bbox 192 186 311 254">
     <span class='ocr_line' id='line_1_1' title="bbox 192 186 311 254; baseline -0.008 0"><span class='ocrx_word' id='word_1_1' title='bbox 192 186 311 254; x_wconf 78' lang='lat'>973</span> 
     </span>
    </p>
   </div>
   <div class='ocr_carea' id='block_1_2' title="bbox 914 186 2866 259">
    <p class='ocr_par' dir='ltr' id='par_1_2' title="bbox 914 186 2866 259">
     <span class='ocr_line' id='line_1_2' title="bbox 914 186 2866 259; baseline 0.002 -7"><span class='ocrx_word' id='word_1_2' title='bbox 914 188 976 252; x_wconf 82' lang='lat' dir='ltr'>P.</span> <span class='ocrx_word' id='word_1_3' title='bbox 1028 190 1316 253; x_wconf 68' lang='lat' dir='ltr'>BRAIDAE</span> <span class='ocrx_word' id='word_1_4' title='bbox 1360 189 1829 255; x_wconf 80' lang='lat' dir='ltr'>DlSSERTATlO</span> <span class='ocrx_word' id='word_1_5' title='bbox 1872 190 1945 257; x_wconf 78' lang='lat' dir='ltr'><strong>IN</strong></span> <span class='ocrx_word' id='word_1_6' title='bbox 1990 191 2049 252; x_wconf 92' lang='lat' dir='ltr'>S.</span> <span class='ocrx_word' id='word_1_7' title='bbox 2098 192 2444 259; x_wconf 81' lang='lat' dir='ltr'>NICETAM.</span> <span class='ocrx_word' id='word_1_8' title='bbox 2493 226 2557 237; x_wconf 86' lang='lat'>---</span> <span class='ocrx_word' id='word_1_9' title='bbox 2586 190 2748 255; x_wconf 85' lang='lat' dir='ltr'>CAP.</span> <span class='ocrx_word' id='word_1_10' title='bbox 2803 186 2866 255; x_wconf 83' lang='lat' dir='ltr'>V.</span> 
     </span>
    </p>
   </div>
   <div class='ocr_carea' id='block_1_3' title="bbox 3491 194 3608 267">
    <p class='ocr_par' dir='ltr' id='par_1_3' title="bbox 3491 194 3608 267">
     <span class='ocr_line' id='line_1_3' title="bbox 3491 194 3608 267; baseline 0.043 -6"><span class='ocrx_word' id='word_1_11' title='bbox 3491 194 3608 267; x_wconf 60' lang='lat'>97‘</span> 
     </span>
    </p>
   </div>
   <div class='ocr_carea' id='block_1_4' title="bbox 192 319 3614 450">
    <p class='ocr_par' dir='ltr' id='par_1_4' title="bbox 192 319 3614 450">
     <span class='ocr_line' id='line_1_4' title="bbox 192 319 3614 398; baseline 0.003 -19"><span class='ocrx_word' id='word_1_12' title='bbox 192 321 442 379; x_wconf 91' lang='lat' dir='ltr'>Ecclesia</span> <span class='ocrx_word' id='word_1_13' title='bbox 468 319 861 393; x_wconf 84' lang='lat' dir='ltr'>epise0patum</span> <span class='ocrx_word' id='word_1_14' title='bbox 890 327 1183 394; x_wconf 78' lang='lat' dir='ltr'>gerentes;</span> <span class='ocrx_word' id='word_1_15' title='bbox 1214 328 1271 380; x_wconf 89' lang='lat' dir='ltr'>et</span> <span class='ocrx_word' id='word_1_16' title='bbox 1296 340 1471 380; x_wconf 86' lang='lat' dir='ltr'>causa</span> <span class='ocrx_word' id='word_1_17' title='bbox 1498 322 1657 381; x_wconf 86' lang='lat' dir='ltr'>nulla</span> <span class='ocrx_word' id='word_1_18' title='bbox 1709 338 1841 393; x_wconf 85' lang='lat' dir='ltr'>pro-</span> <span class='ocrx_word' id='word_1_19' title='bbox 1875 325 1924 385; x_wconf 83' lang='lat' dir='ltr'>A</span> <span class='ocrx_word' id='word_1_20' title='bbox 1954 322 2305 379; x_wconf 88' lang='lat' dir='ltr'>Christianos</span> <span class='ocrx_word' id='word_1_21' title='bbox 2335 324 2351 378; x_wconf 93' lang='lat' dir='ltr'>i</span> <span class='ocrx_word' id='word_1_22' title='bbox 2396 341 2486 381; x_wconf 90' lang='lat' dir='ltr'>sos</span> <span class='ocrx_word' id='word_1_23' title='bbox 2505 325 3043 396; x_wconf 88' lang='lat' dir='ltr'>procurandas,loco</span> <span class='ocrx_word' id='word_1_24' title='bbox 3059 325 3308 398; x_wconf 85' lang='lat' dir='ltr'>episcopi</span> <span class='ocrx_word' id='word_1_25' title='bbox 3333 332 3513 387; x_wconf 88' lang='lat' dir='ltr'>totius</span> <span class='ocrx_word' id='word_1_26' title='bbox 3526 350 3614 389; x_wconf 87' lang='lat' dir='ltr'>re-</span> 
     </span>
     <span class='ocr_line' id='line_1_5' title="bbox 194 342 3613 450; baseline 0 -1"><span class='ocrx_word' id='word_1_27' title='bbox 194 394 457 450; x_wconf 85' lang='lat' dir='ltr'>babilior.</span> <span class='ocrx_word' id='word_1_28' title='bbox 485 392 643 447; x_wconf 89' lang='lat' dir='ltr'>nulla</span> <span class='ocrx_word' id='word_1_29' title='bbox 658 394 839 450; x_wconf 67' lang='lat' dir='ltr'>magis</span> <span class='ocrx_word' id='word_1_30' title='bbox 859 393 1845 450; x_wconf 81' lang='lat' dir='ltr'>conformiseorumtemporumdis-</span> <span class='ocrx_word' id='word_1_31' title='bbox 1955 394 2160 450; x_wconf 74' lang='lat' dir='ltr'>aionis.</span> <span class='ocrx_word' id='word_1_32' title='bbox 2188 396 2283 450; x_wconf 84' lang='lat' dir='ltr'>aui</span> <span class='ocrx_word' id='word_1_33' title='bbox 2316 342 2519 450; x_wconf 57' lang='lat' dir='ltr'>uginue</span> <span class='ocrx_word' id='word_1_34' title='bbox 2552 402 2758 450; x_wconf 65' lang='lat' dir='ltr'>nrazsto</span> <span class='ocrx_word' id='word_1_35' title='bbox 2790 413 2911 450; x_wconf 88' lang='lat' dir='ltr'>esse</span> <span class='ocrx_word' id='word_1_36' title='bbox 2938 413 3052 450; x_wconf 91' lang='lat' dir='ltr'>non</span> <span class='ocrx_word' id='word_1_37' title='bbox 3091 402 3329 450; x_wconf 80' lang='lat' dir='ltr'>poterat.</span> <span class='ocrx_word' id='word_1_38' title='bbox 3373 403 3613 450; x_wconf 68' lang='lat' dir='ltr'>Annulo:</span> 
     </span>
    </p>
   </div>
   <div class='ocr_carea' id='block_1_5' title="bbox 194 392 1845 466">
    <p class='ocr_par' dir='ltr' id='par_1_5' title="bbox 194 392 1845 466">
     <span class='ocr_line' id='line_1_6' title="bbox 194 392 1845 466; baseline -0.001 -17"><span class='ocrx_word' id='word_1_39' title='bbox 194 394 457 457; x_wconf 85' lang='lat' dir='ltr'>babilior,</span> <span class='ocrx_word' id='word_1_40' title='bbox 485 392 643 447; x_wconf 89' lang='lat' dir='ltr'>nulla</span> <span class='ocrx_word' id='word_1_41' title='bbox 658 392 839 466; x_wconf 81' lang='lat' dir='ltr'>magis</span> <span class='ocrx_word' id='word_1_42' title='bbox 859 392 963 450; x_wconf 83' lang='lat' dir='ltr'>con</span> <span class='ocrx_word' id='word_1_43' title='bbox 976 394 1166 450; x_wconf 81' lang='lat' dir='ltr'>formis</span> <span class='ocrx_word' id='word_1_44' title='bbox 1178 412 1379 450; x_wconf 89' lang='lat' dir='ltr'>eorum</span> <span class='ocrx_word' id='word_1_45' title='bbox 1394 401 1651 464; x_wconf 89' lang='lat' dir='ltr'>temporu</span> <span class='ocrx_word' id='word_1_46' title='bbox 1662 392 1721 449; x_wconf 14' lang='lat' dir='ltr'>m7</span> <span class='ocrx_word' id='word_1_47' title='bbox 1734 393 1845 466; x_wconf 89' lang='lat' dir='ltr'>dis-</span> 
     </span>
    </p>
   </div>
   <div class='ocr_carea' id='block_1_6' title="bbox 193 465 1847 537">
    <p class='ocr_par' dir='ltr' id='par_1_6' title="bbox 193 465 1847 537">
     <span class='ocr_line' id='line_1_7' title="bbox 193 465 1847 537; baseline 0 -17"><span class='ocrx_word' id='word_1_48' title='bbox 193 465 438 537; x_wconf 55' lang='lat' dir='ltr'>ciplinar,</span> <span class='ocrx_word' id='word_1_49' title='bbox 466 482 645 537; x_wconf 85' lang='lat' dir='ltr'>quam</span> <span class='ocrx_word' id='word_1_50' title='bbox 672 465 987 531; x_wconf 38' lang='lat' dir='ltr'>ita&#39;dictos,</span> <span class='ocrx_word' id='word_1_51' title='bbox 1019 467 1153 537; x_wconf 91' lang='lat' dir='ltr'>quia</span> <span class='ocrx_word' id='word_1_52' title='bbox 1182 467 1240 521; x_wconf 92' lang='lat' dir='ltr'>in</span> <span class='ocrx_word' id='word_1_53' title='bbox 1289 466 1647 537; x_wconf 89' lang='lat' dir='ltr'>amplissima</span> <span class='ocrx_word' id='word_1_54' title='bbox 1677 465 1847 537; x_wconf 45' lang='lat' dir='ltr'>Aqui:</span> 
     </span>
    </p>
   </div>
   <div class='ocr_carea' id='block_1_7' title="bbox 191 535 1846 607">
    <p class='ocr_par' dir='ltr' id='par_1_7' title="bbox 191 535 1846 607">
     <span class='ocr_line' id='line_1_8' title="bbox 191 535 1846 607; baseline -0.001 -16"><span class='ocrx_word' id='word_1_55' title='bbox 191 536 391 591; x_wconf 89' lang='lat' dir='ltr'>leiensi</span> <span class='ocrx_word' id='word_1_56' title='bbox 422 535 647 591; x_wconf 74' lang='lat' dir='ltr'>dimcesi</span> <span class='ocrx_word' id='word_1_57' title='bbox 678 554 786 591; x_wconf 88' lang='lat' dir='ltr'>una</span> <span class='ocrx_word' id='word_1_58' title='bbox 817 537 977 592; x_wconf 87' lang='lat' dir='ltr'>simul</span> <span class='ocrx_word' id='word_1_59' title='bbox 1006 535 1219 593; x_wconf 63' lang='lat' dir='ltr'>fuerint</span> <span class='ocrx_word' id='word_1_60' title='bbox 1243 535 1547 593; x_wconf 77' lang='lat' dir='ltr'>auxiliares</span> <span class='ocrx_word' id='word_1_61' title='bbox 1600 535 1846 607; x_wconf 84' lang='lat' dir='ltr'>episeopi</span> 
     </span>
    </p>
   </div>
   <div class='ocr_carea' id='block_1_8' title="bbox 194 607 1845 677">
    <p class='ocr_par' dir='ltr' id='par_1_8' title="bbox 194 607 1845 677">
     <span class='ocr_line' id='line_1_9' title="bbox 194 607 1845 677; baseline 0 -15"><span class='ocrx_word' id='word_1_62' title='bbox 194 608 345 662; x_wconf 89' lang='lat' dir='ltr'>illius</span> <span class='ocrx_word' id='word_1_63' title='bbox 373 607 470 676; x_wconf 89' lang='lat' dir='ltr'>qui</span> <span class='ocrx_word' id='word_1_64' title='bbox 498 612 629 661; x_wconf 90' lang='lat' dir='ltr'>tunc</span> <span class='ocrx_word' id='word_1_65' title='bbox 654 608 1099 677; x_wconf 80' lang='lat' dir='ltr'>Aquileiensium</span> <span class='ocrx_word' id='word_1_66' title='bbox 1132 626 1391 664; x_wconf 90' lang='lat' dir='ltr'>summus</span> <span class='ocrx_word' id='word_1_67' title='bbox 1416 614 1567 664; x_wconf 92' lang='lat' dir='ltr'>esset</span> <span class='ocrx_word' id='word_1_68' title='bbox 1588 609 1845 673; x_wconf 89' lang='lat' dir='ltr'>antistes,</span> 
     </span>
    </p>
   </div>
   <div class='ocr_carea' id='block_1_9' title="bbox 194 678 1845 762">
    <p class='ocr_par' dir='ltr' id='par_1_9' title="bbox 194 678 1845 762">
     <span class='ocr_line' id='line_1_10' title="bbox 194 678 1845 762; baseline 0 -29"><span class='ocrx_word' id='word_1_69' title='bbox 194 678 452 762; x_wconf 77' lang='lat' dir='ltr'>quisquis</span> <span class='ocrx_word' id='word_1_70' title='bbox 478 679 1044 762; x_wconf 49' lang='lat' dir='ltr'>d‘einunLillefuerit.</span> <span class='ocrx_word' id='word_1_71' title='bbox 1077 682 1191 762; x_wconf 77' lang='lat' dir='ltr'>lloc</span> <span class='ocrx_word' id='word_1_72' title='bbox 1224 698 1355 762; x_wconf 73' lang='lat' dir='ltr'>vero</span> <span class='ocrx_word' id='word_1_73' title='bbox 1387 680 1668 762; x_wconf 54' lang='lat' dir='ltr'>indeipse</span> <span class='ocrx_word' id='word_1_74' title='bbox 1694 696 1845 760; x_wconf 41' lang='lat' dir='ltr'>.con-</span> 
     </span>
    </p>
   </div>
   <div class='ocr_carea' id='block_1_10' title="bbox 196 750 1854 821">
    <p class='ocr_par' dir='ltr' id='par_1_10' title="bbox 196 750 1854 821">
     <span class='ocr_line' id='line_1_11' title="bbox 196 750 1854 821; baseline -0.001 -17"><span class='ocrx_word' id='word_1_75' title='bbox 196 750 387 815; x_wconf 85' lang='lat' dir='ltr'>firmo,</span> <span class='ocrx_word' id='word_1_76' title='bbox 412 750 561 805; x_wconf 92' lang='lat' dir='ltr'>unde</span> <span class='ocrx_word' id='word_1_77' title='bbox 586 767 680 805; x_wconf 92' lang='lat' dir='ltr'>eos</span> <span class='ocrx_word' id='word_1_78' title='bbox 701 752 777 805; x_wconf 93' lang='lat' dir='ltr'>De</span> <span class='ocrx_word' id='word_1_79' title='bbox 810 752 1013 805; x_wconf 80' lang='lat' dir='ltr'>Bubeis</span> <span class='ocrx_word' id='word_1_80' title='bbox 1044 753 1114 805; x_wconf 88' lang='lat' dir='ltr'>ab</span> <span class='ocrx_word' id='word_1_81' title='bbox 1137 751 1478 821; x_wconf 88' lang='lat' dir='ltr'>Aquileiensi</span> <span class='ocrx_word' id='word_1_82' title='bbox 1500 750 1745 806; x_wconf 81' lang='lat' dir='ltr'>Ecclesia</span> <span class='ocrx_word' id='word_1_83' title='bbox 1762 768 1854 806; x_wconf 87' lang='lat' dir='ltr'>ex-</span> 
     </span>
    </p>
   </div>
   <div class='ocr_carea' id='block_1_11' title="bbox 195 822 1851 892">
    <p class='ocr_par' dir='ltr' id='par_1_11' title="bbox 195 822 1851 892">
     <span class='ocr_line' id='line_1_12' title="bbox 195 822 1851 892; baseline -0.001 -15"><span class='ocrx_word' id='word_1_84' title='bbox 195 822 425 877; x_wconf 81' lang='lat' dir='ltr'>cludere</span> <span class='ocrx_word' id='word_1_85' title='bbox 450 823 786 875; x_wconf 82' lang='lat' dir='ltr'>conabatur.</span> <span class='ocrx_word' id='word_1_86' title='bbox 810 822 901 876; x_wconf 89' lang='lat' dir='ltr'>Ait</span> <span class='ocrx_word' id='word_1_87' title='bbox 926 822 1064 891; x_wconf 84' lang='lat' dir='ltr'>ipse,</span> <span class='ocrx_word' id='word_1_88' title='bbox 1091 823 1243 892; x_wconf 89' lang='lat' dir='ltr'>quod</span> <span class='ocrx_word' id='word_1_89' title='bbox 1277 822 1667 877; x_wconf 85' lang='lat' dir='ltr'>Theodoretus</span> <span class='ocrx_word' id='word_1_90' title='bbox 1708 822 1851 876; x_wconf 89' lang='lat' dir='ltr'>libro</span> 
     </span>
    </p>
   </div>
   <div class='ocr_carea' id='block_1_12' title="bbox 198 892 1853 962">
    <p class='ocr_par' dir='ltr' id='par_1_12' title="bbox 198 892 1853 962">
     <span class='ocr_line' id='line_1_13' title="bbox 198 892 1853 962; baseline 0 -16"><span class='ocrx_word' id='word_1_91' title='bbox 198 909 255 947; x_wconf 83' lang='lat' dir='ltr'>iu</span> <span class='ocrx_word' id='word_1_92' title='bbox 282 892 687 946; x_wconf 61' lang='lat' dir='ltr'>llaereticarum</span> <span class='ocrx_word' id='word_1_93' title='bbox 714 893 1075 956; x_wconf 86' lang='lat' dir='ltr'>Fabularum,</span> <span class='ocrx_word' id='word_1_94' title='bbox 1114 893 1294 962; x_wconf 91' lang='lat' dir='ltr'>capite</span> <span class='ocrx_word' id='word_1_95' title='bbox 1320 894 1353 947; x_wconf 82' lang='lat'><strong>5</strong></span> <span class='ocrx_word' id='word_1_96' title='bbox 1384 899 1622 957; x_wconf 86' lang='lat' dir='ltr'>asserat,</span> <span class='ocrx_word' id='word_1_97' title='bbox 1658 892 1853 947; x_wconf 86' lang='lat' dir='ltr'>tresil—</span> 
     </span>
    </p>
   </div>
   <div class='ocr_carea' id='block_1_13' title="bbox 196 963 1855 1035">
    <p class='ocr_par' dir='ltr' id='par_1_13' title="bbox 196 963 1855 1035">
     <span class='ocr_line' id='line_1_14' title="bbox 196 963 1855 1035; baseline 0.001 -18"><span class='ocrx_word' id='word_1_98' title='bbox 196 963 282 1018; x_wconf 88' lang='lat' dir='ltr'>los</span> <span class='ocrx_word' id='word_1_99' title='bbox 321 963 625 1017; x_wconf 86' lang='lat' dir='ltr'>Novatiani</span> <span class='ocrx_word' id='word_1_100' title='bbox 656 964 1014 1019; x_wconf 89' lang='lat' dir='ltr'>ordinatores</span> <span class='ocrx_word' id='word_1_101' title='bbox 1077 964 1249 1019; x_wconf 83' lang='lat' dir='ltr'>fuisse</span> <span class='ocrx_word' id='word_1_102' title='bbox 1282 964 1586 1035; x_wconf 79' lang='grc' dir='ltr'>πολιχνίων,</span> <span class='ocrx_word' id='word_1_103' title='bbox 1640 963 1855 1020; x_wconf 79' lang='lat' dir='ltr'>scilicet</span> 
     </span>
    </p>
   </div>
   <div class='ocr_carea' id='block_1_14' title="bbox 196 1034 1856 1106">
    <p class='ocr_par' dir='ltr' id='par_1_14' title="bbox 196 1034 1856 1106">
     <span class='ocr_line' id='line_1_15' title="bbox 196 1034 1856 1106; baseline 0.001 -18"><span class='ocrx_word' id='word_1_104' title='bbox 196 1034 604 1106; x_wconf 66' lang='lat' dir='ltr'>oppiduiorum,</span> <span class='ocrx_word' id='word_1_105' title='bbox 634 1035 939 1101; x_wconf 76' lang='lat' dir='ltr'>antistites,</span> <span class='ocrx_word' id='word_1_106' title='bbox 958 1058 983 1083; x_wconf 82' lang='grc'><em>‹‹</em></span> <span class='ocrx_word' id='word_1_107' title='bbox 1013 1036 1184 1105; x_wconf 82' lang='lat' dir='ltr'>Atqui</span> <span class='ocrx_word' id='word_1_108' title='bbox 1209 1052 1321 1090; x_wconf 92' lang='lat' dir='ltr'>non</span> <span class='ocrx_word' id='word_1_109' title='bbox 1346 1034 1701 1106; x_wconf 87' lang='lat' dir='ltr'>oppidulum,</span> <span class='ocrx_word' id='word_1_110' title='bbox 1726 1037 1856 1090; x_wconf 87' lang='lat' dir='ltr'>sub-</span> 
     </span>
    </p>
   </div>
   <div class='ocr_carea' id='block_1_15' title="bbox 200 1104 1855 1178">
    <p class='ocr_par' dir='ltr' id='par_1_15' title="bbox 200 1104 1855 1178">
     <span class='ocr_line' id='line_1_16' title="bbox 200 1104 1855 1178; baseline 0 -19"><span class='ocrx_word' id='word_1_111' title='bbox 200 1104 394 1178; x_wconf 85' lang='lat' dir='ltr'>dit_vir</span> <span class='ocrx_word' id='word_1_112' title='bbox 415 1105 786 1178; x_wconf 89' lang='lat' dir='ltr'>clarissimus,</span> <span class='ocrx_word' id='word_1_113' title='bbox 800 1122 914 1163; x_wconf 90' lang='lat' dir='ltr'>non</span> <span class='ocrx_word' id='word_1_114' title='bbox 926 1104 1304 1172; x_wconf 82' lang='lat' dir='ltr'>civitatulam,</span> <span class='ocrx_word' id='word_1_115' title='bbox 1321 1104 1855 1178; x_wconf 25' lang='lat' dir='ltr'>sed‘amplissimam</span> 
     </span>
    </p>
   </div>
   <div class='ocr_carea' id='block_1_16' title="bbox 199 1175 1856 1249">
    <p class='ocr_par' dir='ltr' id='par_1_16' title="bbox 199 1175 1856 1249">
     <span class='ocr_line' id='line_1_17' title="bbox 199 1175 1856 1249; baseline 0 -18"><span class='ocrx_word' id='word_1_116' title='bbox 199 1175 491 1231; x_wconf 85' lang='lat' dir='ltr'>civitatem</span> <span class='ocrx_word' id='word_1_117' title='bbox 524 1177 812 1249; x_wconf 78' lang='lat' dir='ltr'>exhibent,</span> <span class='ocrx_word' id='word_1_118' title='bbox 839 1195 905 1232; x_wconf 92' lang='lat' dir='ltr'>ac</span> <span class='ocrx_word' id='word_1_119' title='bbox 943 1178 1209 1233; x_wconf 84' lang='lat' dir='ltr'>laudibus</span> <span class='ocrx_word' id='word_1_120' title='bbox 1262 1184 1472 1234; x_wconf 88' lang='lat' dir='ltr'>ornant</span> <span class='ocrx_word' id='word_1_121' title='bbox 1531 1175 1856 1249; x_wconf 81' lang='lat' dir='ltr'>Aquileiam</span> 
     </span>
    </p>
   </div>
   <div class='ocr_carea' id='block_1_17' title="bbox 198 1248 1857 1321">
    <p class='ocr_par' dir='ltr' id='par_1_17' title="bbox 198 1248 1857 1321">
     <span class='ocr_line' id='line_1_18' title="bbox 198 1248 1857 1321; baseline 0.001 -18"><span class='ocrx_word' id='word_1_122' title='bbox 198 1263 639 1321; x_wconf 15' lang='lat' dir='ltr'>unoiconsensu</span> <span class='ocrx_word' id='word_1_123' title='bbox 658 1248 959 1321; x_wconf 86' lang='lat' dir='ltr'>scriptores</span> <span class='ocrx_word' id='word_1_124' title='bbox 994 1252 1035 1319; x_wconf 99' lang='lat'>1</span> <span class='ocrx_word' id='word_1_125' title='bbox 1055 1250 1165 1321; x_wconf 84' lang='lat'>10</span> <span class='ocrx_word' id='word_1_126' title='bbox 1193 1250 1317 1321; x_wconf 86' lang='lat' dir='ltr'>ejus</span> <span class='ocrx_word' id='word_1_127' title='bbox 1347 1250 1547 1304; x_wconf 60' lang='lat' dir='ltr'>aetatis.</span> <span class='ocrx_word' id='word_1_128' title='bbox 1576 1248 1611 1298; x_wconf 66' lang='grc' dir='ltr'>›ἶ</span> <span class='ocrx_word' id='word_1_129' title='bbox 1629 1249 1857 1320; x_wconf 89' lang='lat' dir='ltr'>Optime</span> 
     </span>
    </p>
   </div>
   <div class='ocr_carea' id='block_1_18' title="bbox 200 1319 1857 1391">
    <p class='ocr_par' dir='ltr' id='par_1_18' title="bbox 200 1319 1857 1391">
     <span class='ocr_line' id='line_1_19' title="bbox 200 1319 1857 1391; baseline 0 -17"><span class='ocrx_word' id='word_1_130' title='bbox 200 1319 454 1391; x_wconf 86' lang='lat' dir='ltr'>quidem,</span> <span class='ocrx_word' id='word_1_131' title='bbox 498 1323 561 1391; x_wconf 82' lang='lat' dir='ltr'>ut</span> <span class='ocrx_word' id='word_1_132' title='bbox 593 1320 889 1391; x_wconf 86' lang='lat' dir='ltr'>Marcellus</span> <span class='ocrx_word' id='word_1_133' title='bbox 920 1324 976 1375; x_wconf 88' lang='lat' dir='ltr'>et</span> <span class='ocrx_word' id='word_1_134' title='bbox 1002 1319 1329 1376; x_wconf 78' lang='lat' dir='ltr'>Alexander</span> <span class='ocrx_word' id='word_1_135' title='bbox 1358 1322 1429 1375; x_wconf 87' lang='lat' dir='ltr'>ab</span> <span class='ocrx_word' id='word_1_136' title='bbox 1460 1319 1857 1391; x_wconf 89' lang='lat' dir='ltr'>episcoporum</span> 
     </span>
    </p>
   </div>
   <div class='ocr_carea' id='block_1_19' title="bbox 198 1389 1860 1462">
    <p class='ocr_par' dir='ltr' id='par_1_19' title="bbox 198 1389 1860 1462">
     <span class='ocr_line' id='line_1_20' title="bbox 198 1389 1860 1462; baseline 0.001 -17"><span class='ocrx_word' id='word_1_137' title='bbox 198 1389 652 1461; x_wconf 80' lang='lat' dir='ltr'>Aquileiensium</span> <span class='ocrx_word' id='word_1_138' title='bbox 671 1390 932 1461; x_wconf 80' lang='lat' dir='ltr'>catalogo</span> <span class='ocrx_word' id='word_1_139' title='bbox 964 1397 1267 1447; x_wconf 87' lang='lat' dir='ltr'>arceantur</span> <span class='ocrx_word' id='word_1_140' title='bbox 1299 1411 1311 1446; x_wconf 89' lang='lat'>:</span> <span class='ocrx_word' id='word_1_141' title='bbox 1348 1393 1447 1447; x_wconf 91' lang='lat' dir='ltr'>sed</span> <span class='ocrx_word' id='word_1_142' title='bbox 1478 1389 1691 1461; x_wconf 81' lang='lat' dir='ltr'>optime</span> <span class='ocrx_word' id='word_1_143' title='bbox 1721 1408 1860 1462; x_wconf 89' lang='lat' dir='ltr'>quo-</span> 
     </span>
    </p>
   </div>
   <div class='ocr_carea' id='block_1_20' title="bbox 200 1461 1853 1534">
    <p class='ocr_par' dir='ltr' id='par_1_20' title="bbox 200 1461 1853 1534">
     <span class='ocr_line' id='line_1_21' title="bbox 200 1461 1853 1534; baseline -0.001 -17"><span class='ocrx_word' id='word_1_144' title='bbox 200 1478 331 1534; x_wconf 84' lang='lat' dir='ltr'>que,</span> <span class='ocrx_word' id='word_1_145' title='bbox 361 1479 428 1534; x_wconf 87' lang='lat' dir='ltr'>ac</span> <span class='ocrx_word' id='word_1_146' title='bbox 449 1462 902 1534; x_wconf 85' lang='lat' dir='ltr'>valdeapposite,</span> <span class='ocrx_word' id='word_1_147' title='bbox 922 1463 1169 1518; x_wconf 87' lang='lat' dir='ltr'>utiidem</span> <span class='ocrx_word' id='word_1_148' title='bbox 1202 1463 1663 1534; x_wconf 82' lang='lat' dir='ltr'>intelliganturin</span> <span class='ocrx_word' id='word_1_149' title='bbox 1688 1461 1853 1534; x_wconf 84' lang='lat' dir='ltr'>Aqui-</span> 
     </span>
    </p>
   </div>
   <div class='ocr_carea' id='block_1_21' title="bbox 202 1532 1858 1604">
    <p class='ocr_par' dir='ltr' id='par_1_21' title="bbox 202 1532 1858 1604">
     <span class='ocr_line' id='line_1_22' title="bbox 202 1532 1858 1604; baseline 0 -18"><span class='ocrx_word' id='word_1_150' title='bbox 202 1532 398 1588; x_wconf 90' lang='lat' dir='ltr'>leiensi</span> <span class='ocrx_word' id='word_1_151' title='bbox 428 1532 669 1587; x_wconf 87' lang='lat' dir='ltr'>Ecclesia</span> <span class='ocrx_word' id='word_1_152' title='bbox 699 1533 947 1604; x_wconf 88' lang='lat' dir='ltr'>episcopi</span> <span class='ocrx_word' id='word_1_153' title='bbox 980 1534 1284 1589; x_wconf 79' lang='lat' dir='ltr'>auxiliares</span> <span class='ocrx_word' id='word_1_154' title='bbox 1316 1551 1348 1589; x_wconf 88' lang='lat' dir='ltr'>a</span> <span class='ocrx_word' id='word_1_155' title='bbox 1370 1532 1642 1604; x_wconf 81' lang='lat' dir='ltr'>primario</span> <span class='ocrx_word' id='word_1_156' title='bbox 1683 1533 1858 1604; x_wconf 83' lang='lat' dir='ltr'>antis-</span> 
     </span>
    </p>
   </div>
   <div class='ocr_carea' id='block_1_22' title="bbox 202 1603 1859 1675">
    <p class='ocr_par' dir='ltr' id='par_1_22' title="bbox 202 1603 1859 1675">
     <span class='ocr_line' id='line_1_23' title="bbox 202 1603 1859 1675; baseline -0.001 -17"><span class='ocrx_word' id='word_1_157' title='bbox 202 1604 307 1659; x_wconf 90' lang='lat' dir='ltr'>tite</span> <span class='ocrx_word' id='word_1_158' title='bbox 340 1604 445 1658; x_wconf 90' lang='lat' dir='ltr'>hac</span> <span class='ocrx_word' id='word_1_159' title='bbox 479 1604 609 1659; x_wconf 88' lang='lat' dir='ltr'>illac</span> <span class='ocrx_word' id='word_1_160' title='bbox 638 1622 733 1673; x_wconf 90' lang='lat' dir='ltr'>per</span> <span class='ocrx_word' id='word_1_161' title='bbox 762 1605 1072 1660; x_wconf 71' lang='lat' dir='ltr'>Dimcesem</span> <span class='ocrx_word' id='word_1_162' title='bbox 1103 1603 1384 1660; x_wconf 86' lang='lat' dir='ltr'>latissime</span> <span class='ocrx_word' id='word_1_163' title='bbox 1404 1609 1694 1675; x_wconf 87' lang='lat' dir='ltr'>patentem</span> <span class='ocrx_word' id='word_1_164' title='bbox 1726 1603 1859 1658; x_wconf 83' lang='lat' dir='ltr'>mis-</span> 
     </span>
    </p>
   </div>
   <div class='ocr_carea' id='block_1_23' title="bbox 1955 394 3613 479">
    <p class='ocr_par' dir='ltr' id='par_1_23' title="bbox 1955 394 3613 479">
     <span class='ocr_line' id='line_1_24' title="bbox 1955 394 3613 479; baseline 0.007 -31"><span class='ocrx_word' id='word_1_165' title='bbox 1955 394 2160 479; x_wconf 59' lang='lat' dir='ltr'>gignis,</span> <span class='ocrx_word' id='word_1_166' title='bbox 2188 396 2283 477; x_wconf 81' lang='lat' dir='ltr'>qui</span> <span class='ocrx_word' id='word_1_167' title='bbox 2316 394 2758 479; x_wconf 32' lang='lat' dir='ltr'>ubique‘praesto</span> <span class='ocrx_word' id='word_1_168' title='bbox 2790 413 2911 479; x_wconf 69' lang='lat' dir='ltr'>esse</span> <span class='ocrx_word' id='word_1_169' title='bbox 2938 413 3052 478; x_wconf 84' lang='lat' dir='ltr'>non</span> <span class='ocrx_word' id='word_1_170' title='bbox 3088 394 3332 479; x_wconf 38' lang='lat' dir='ltr'>poterat:</span> <span class='ocrx_word' id='word_1_171' title='bbox 3372 403 3613 479; x_wconf 69' lang='lat' dir='ltr'>Angulos</span> 
     </span>
    </p>
   </div>
   <div class='ocr_carea' id='block_1_24' title="bbox 1958 467 3616 539">
    <p class='ocr_par' dir='ltr' id='par_1_24' title="bbox 1958 467 3616 539">
     <span class='ocr_line' id='line_1_25' title="bbox 1958 467 3616 539; baseline 0.006 -20"><span class='ocrx_word' id='word_1_172' title='bbox 1958 467 2131 539; x_wconf 77' lang='lat' dir='ltr'>igitur</span> <span class='ocrx_word' id='word_1_173' title='bbox 2144 468 2238 539; x_wconf 84' lang='lat' dir='ltr'>huj</span> <span class='ocrx_word' id='word_1_174' title='bbox 2251 469 2472 521; x_wconf 88' lang='lat' dir='ltr'>usmodi</span> <span class='ocrx_word' id='word_1_175' title='bbox 2488 473 2543 522; x_wconf 89' lang='lat' dir='ltr'>et</span> <span class='ocrx_word' id='word_1_176' title='bbox 2555 467 2678 539; x_wconf 87' lang='lat' dir='ltr'>ipsa</span> <span class='ocrx_word' id='word_1_177' title='bbox 2691 468 3066 538; x_wconf 83' lang='lat' dir='ltr'>Aquileiensis</span> <span class='ocrx_word' id='word_1_178' title='bbox 3084 486 3183 539; x_wconf 87' lang='lat' dir='ltr'>pro</span> <span class='ocrx_word' id='word_1_179' title='bbox 3194 470 3376 527; x_wconf 83' lang='lat' dir='ltr'>vincia</span> <span class='ocrx_word' id='word_1_180' title='bbox 3395 467 3616 530; x_wconf 79' lang='lat' dir='ltr'>habue-</span> 
     </span>
    </p>
   </div>
   <div class='ocr_carea' id='block_1_25' title="bbox 1958 537 3617 626">
    <p class='ocr_par' dir='ltr' id='par_1_25' title="bbox 1958 537 3617 626">
     <span class='ocr_line' id='line_1_26' title="bbox 1958 537 3617 626; baseline 0.006 -35"><span class='ocrx_word' id='word_1_181' title='bbox 1958 537 2051 626; x_wconf 50' lang='lat' dir='ltr'>r‘i‘t,</span> <span class='ocrx_word' id='word_1_182' title='bbox 2073 542 2138 626; x_wconf 35' lang='lat' dir='ltr'>let</span> <span class='ocrx_word' id='word_1_183' title='bbox 2154 537 2350 626; x_wconf 46' lang='lat' dir='ltr'>Romae</span> <span class='ocrx_word' id='word_1_184' title='bbox 2365 539 2397 592; x_wconf 87' lang='lat' dir='ltr'>fi</span> <span class='ocrx_word' id='word_1_185' title='bbox 2410 537 2652 626; x_wconf 73' lang='lat' dir='ltr'>nitimus</span> <span class='ocrx_word' id='word_1_186' title='bbox 2660 537 2986 626; x_wconf 72' lang='lat' dir='ltr'>Tiburtinus</span> <span class='ocrx_word' id='word_1_187' title='bbox 3012 537 3167 623; x_wconf 72' lang='lat' dir='ltr'>ager,</span> <span class='ocrx_word' id='word_1_188' title='bbox 3196 544 3346 626; x_wconf 71' lang='lat' dir='ltr'>unde</span> <span class='ocrx_word' id='word_1_189' title='bbox 3368 545 3617 626; x_wconf 84' lang='lat' dir='ltr'>episcopi</span> 
     </span>
    </p>
   </div>
   <div class='ocr_carea' id='block_1_26' title="bbox 1958 608 3618 680">
    <p class='ocr_par' dir='ltr' id='par_1_26' title="bbox 1958 608 3618 680">
     <span class='ocr_line' id='line_1_27' title="bbox 1958 608 3618 680; baseline 0.005 -18"><span class='ocrx_word' id='word_1_190' title='bbox 1958 608 2039 662; x_wconf 90' lang='lat' dir='ltr'>illi</span> <span class='ocrx_word' id='word_1_191' title='bbox 2071 613 2185 664; x_wconf 90' lang='lat' dir='ltr'>tres</span> <span class='ocrx_word' id='word_1_192' title='bbox 2214 626 2248 665; x_wconf 90' lang='lat' dir='ltr'>a</span> <span class='ocrx_word' id='word_1_193' title='bbox 2287 610 2600 665; x_wconf 86' lang='lat' dir='ltr'>Novatiano</span> <span class='ocrx_word' id='word_1_194' title='bbox 2631 612 3024 667; x_wconf 87' lang='lat' dir='ltr'>fraudulenter</span> <span class='ocrx_word' id='word_1_195' title='bbox 3052 608 3216 668; x_wconf 77' lang='lat' dir='ltr'>acciti</span> <span class='ocrx_word' id='word_1_196' title='bbox 3247 608 3422 671; x_wconf 46' lang='lat' dir='ltr'>fuere:</span> <span class='ocrx_word' id='word_1_197' title='bbox 3469 608 3618 680; x_wconf 86' lang='lat' dir='ltr'>Quin</span> 
     </span>
    </p>
   </div>
   <div class='ocr_carea' id='block_1_27' title="bbox 1959 680 3617 757">
    <p class='ocr_par' dir='ltr' id='par_1_27' title="bbox 1959 680 3617 757">
     <span class='ocr_line' id='line_1_28' title="bbox 1959 680 3617 757; baseline 0.005 -23"><span class='ocrx_word' id='word_1_198' title='bbox 1959 680 2135 757; x_wconf 77' lang='lat' dir='ltr'>etiam</span> <span class='ocrx_word' id='word_1_199' title='bbox 2175 683 2215 751; x_wconf 97' lang='lat'>1</span> <span class='ocrx_word' id='word_1_200' title='bbox 2236 684 2277 750; x_wconf 94' lang='lat'>1</span> <span class='ocrx_word' id='word_1_201' title='bbox 2298 684 2342 757; x_wconf 87' lang='lat'>1</span> <span class='ocrx_word' id='word_1_202' title='bbox 2376 686 2433 757; x_wconf 88' lang='lat' dir='ltr'>et</span> <span class='ocrx_word' id='word_1_203' title='bbox 2458 681 2765 757; x_wconf 80' lang='lat' dir='ltr'>litteralem</span> <span class='ocrx_word' id='word_1_204' title='bbox 2786 682 2970 757; x_wconf 78' lang='lat' dir='ltr'>ipsam</span> <span class='ocrx_word' id='word_1_205' title='bbox 2999 684 3176 757; x_wconf 70' lang='lat' dir='ltr'>Graeci</span> <span class='ocrx_word' id='word_1_206' title='bbox 3202 690 3406 749; x_wconf 81' lang='lat' dir='ltr'>textus,</span> <span class='ocrx_word' id='word_1_207' title='bbox 3441 688 3537 757; x_wconf 90' lang='lat' dir='ltr'>qui</span> <span class='ocrx_word' id='word_1_208' title='bbox 3560 688 3617 742; x_wconf 92' lang='lat' dir='ltr'>in</span> 
     </span>
    </p>
   </div>
   <div class='ocr_carea' id='block_1_28' title="bbox 1961 752 3619 826">
    <p class='ocr_par' dir='ltr' id='par_1_28' title="bbox 1961 752 3619 826">
     <span class='ocr_line' id='line_1_29' title="bbox 1961 752 3619 826; baseline 0.003 -19"><span class='ocrx_word' id='word_1_209' title='bbox 1961 752 2226 826; x_wconf 80' lang='lat' dir='ltr'>omnibus</span> <span class='ocrx_word' id='word_1_210' title='bbox 2257 752 2605 807; x_wconf 88' lang='lat' dir='ltr'>editionibus</span> <span class='ocrx_word' id='word_1_211' title='bbox 2640 754 3057 825; x_wconf 62' lang='lat' dir='ltr'>eireUmt‘ertur,</span> <span class='ocrx_word' id='word_1_212' title='bbox 3080 752 3619 826; x_wconf 76' lang='lat' dir='ltr'>interpretationem</span> 
     </span>
    </p>
   </div>
   <div class='ocr_carea' id='block_1_29' title="bbox 1971 824 3618 899">
    <p class='ocr_par' dir='ltr' id='par_1_29' title="bbox 1971 824 3618 899">
     <span class='ocr_line' id='line_1_30' title="bbox 1971 824 3618 899; baseline 0.005 -23"><span class='ocrx_word' id='word_1_213' title='bbox 1971 824 2352 899; x_wconf 72' lang='lat' dir='ltr'>admittamus</span> <span class='ocrx_word' id='word_1_214' title='bbox 2370 843 2382 889; x_wconf 84' lang='lat'>;</span> <span class='ocrx_word' id='word_1_215' title='bbox 2407 830 2464 899; x_wconf 88' lang='lat' dir='ltr'>et</span> <span class='ocrx_word' id='word_1_216' title='bbox 2499 830 2859 899; x_wconf 9' lang='lat' dir='ltr'>angusiamret</span> <span class='ocrx_word' id='word_1_217' title='bbox 2885 828 3161 883; x_wconf 78' lang='lat' dir='ltr'>minimam</span> <span class='ocrx_word' id='word_1_218' title='bbox 3190 824 3367 884; x_wconf 64' lang='lat' dir='ltr'>Italiae</span> <span class='ocrx_word' id='word_1_219' title='bbox 3396 836 3618 899; x_wconf 86' lang='lat' dir='ltr'>partem</span> 
     </span>
    </p>
   </div>
   <div class='ocr_carea' id='block_1_30' title="bbox 1963 895 3618 967">
    <p class='ocr_par' dir='ltr' id='par_1_30' title="bbox 1963 895 3618 967">
     <span class='ocr_line' id='line_1_31' title="bbox 1963 895 3618 967; baseline 0.004 -19"><span class='ocrx_word' id='word_1_220' title='bbox 1963 910 2095 967; x_wconf 61' lang='lat' dir='ltr'>etim</span> <span class='ocrx_word' id='word_1_221' title='bbox 2136 895 2211 967; x_wconf 88' lang='lat' dir='ltr'>De</span> <span class='ocrx_word' id='word_1_222' title='bbox 2252 895 2480 962; x_wconf 82' lang='lat' dir='ltr'>Rubeis,</span> <span class='ocrx_word' id='word_1_223' title='bbox 2515 898 2675 951; x_wconf 87' lang='lat' dir='ltr'>immo</span> <span class='ocrx_word' id='word_1_224' title='bbox 2707 898 2951 967; x_wconf 75' lang='lat' dir='ltr'>exiguam</span> <span class='ocrx_word' id='word_1_225' title='bbox 2994 914 3059 952; x_wconf 87' lang='lat' dir='ltr'>ac</span> <span class='ocrx_word' id='word_1_226' title='bbox 3116 895 3440 956; x_wconf 70' lang='lat' dir='ltr'>vilissimum</span> <span class='ocrx_word' id='word_1_227' title='bbox 3487 918 3618 955; x_wconf 90' lang='lat' dir='ltr'>cum</span> 
     </span>
    </p>
   </div>
   <div class='ocr_carea' id='block_1_31' title="bbox 1964 965 3620 1037">
    <p class='ocr_par' dir='ltr' id='par_1_31' title="bbox 1964 965 3620 1037">
     <span class='ocr_line' id='line_1_32' title="bbox 1964 965 3620 1037; baseline 0.005 -20"><span class='ocrx_word' id='word_1_228' title='bbox 1964 965 2215 1037; x_wconf 86' lang='lat' dir='ltr'>Vallesio</span> <span class='ocrx_word' id='word_1_229' title='bbox 2248 973 2416 1037; x_wconf 88' lang='lat' dir='ltr'>atque</span> <span class='ocrx_word' id='word_1_230' title='bbox 2446 968 2777 1022; x_wconf 85' lang='lat' dir='ltr'>Constantio</span> <span class='ocrx_word' id='word_1_231' title='bbox 2797 965 3184 1037; x_wconf 73' lang='lat' dir='ltr'>proferamus,</span> <span class='ocrx_word' id='word_1_232' title='bbox 3210 973 3361 1027; x_wconf 89' lang='lat' dir='ltr'>unde</span> <span class='ocrx_word' id='word_1_233' title='bbox 3398 977 3509 1027; x_wconf 90' lang='lat' dir='ltr'>tres</span> <span class='ocrx_word' id='word_1_234' title='bbox 3538 972 3620 1026; x_wconf 90' lang='lat' dir='ltr'>illi</span> 
     </span>
    </p>
   </div>
   <div class='ocr_carea' id='block_1_32' title="bbox 1963 1036 3621 1113">
    <p class='ocr_par' dir='ltr' id='par_1_32' title="bbox 1963 1036 3621 1113">
     <span class='ocr_line' id='line_1_33' title="bbox 1963 1036 3621 1113; baseline 0.004 -21"><span class='ocrx_word' id='word_1_235' title='bbox 1963 1036 2209 1113; x_wconf 85' lang='lat' dir='ltr'>episcOpi</span> <span class='ocrx_word' id='word_1_236' title='bbox 2241 1036 2486 1113; x_wconf 73' lang='lat' dir='ltr'>Romam</span> <span class='ocrx_word' id='word_1_237' title='bbox 2508 1038 2734 1113; x_wconf 76' lang='lat' dir='ltr'>deducti</span> <span class='ocrx_word' id='word_1_238' title='bbox 2762 1036 2993 1113; x_wconf 80' lang='lat' dir='ltr'>fuerunt</span> <span class='ocrx_word' id='word_1_239' title='bbox 3025 1058 3173 1096; x_wconf 92' lang='lat' dir='ltr'>:non</span> <span class='ocrx_word' id='word_1_240' title='bbox 3205 1041 3337 1097; x_wconf 89' lang='lat' dir='ltr'>inde</span> <span class='ocrx_word' id='word_1_241' title='bbox 3364 1044 3621 1113; x_wconf 86' lang='lat' dir='ltr'>sequitur</span> 
     </span>
    </p>
   </div>
   <div class='ocr_carea' id='block_1_33' title="bbox 1964 1109 3622 1184">
    <p class='ocr_par' dir='ltr' id='par_1_33' title="bbox 1964 1109 3622 1184">
     <span class='ocr_line' id='line_1_34' title="bbox 1964 1109 3622 1184; baseline 0.004 -22"><span class='ocrx_word' id='word_1_242' title='bbox 1964 1109 2415 1184; x_wconf 72' lang='lat' dir='ltr'>qu_od__AquileitB</span> <span class='ocrx_word' id='word_1_243' title='bbox 2444 1110 2761 1184; x_wconf 23' lang='lat' dir='ltr'>ac‘Tiburis</span> <span class='ocrx_word' id='word_1_244' title='bbox 2780 1111 3026 1184; x_wconf 75' lang='lat' dir='ltr'>dignitas</span> <span class='ocrx_word' id='word_1_245' title='bbox 3056 1113 3389 1184; x_wconf 83' lang='lat' dir='ltr'>bujusmodi</span> <span class='ocrx_word' id='word_1_246' title='bbox 3416 1109 3490 1168; x_wconf 85' lang='lat' dir='ltr'>sit</span> <span class='ocrx_word' id='word_1_247' title='bbox 3528 1132 3622 1169; x_wconf 84' lang='lat' dir='ltr'>vo-</span> 
     </span>
    </p>
   </div>
   <div class='ocr_carea' id='block_1_34' title="bbox 1965 1178 3621 1254">
    <p class='ocr_par' dir='ltr' id='par_1_34' title="bbox 1965 1178 3621 1254">
     <span class='ocr_line' id='line_1_35' title="bbox 1965 1178 3621 1254; baseline 0.004 -20"><span class='ocrx_word' id='word_1_248' title='bbox 1965 1178 2425 1254; x_wconf 80' lang='lat' dir='ltr'>cabulis,_contra</span> <span class='ocrx_word' id='word_1_249' title='bbox 2455 1181 2535 1235; x_wconf 90' lang='lat' dir='ltr'>rei</span> <span class='ocrx_word' id='word_1_250' title='bbox 2562 1178 2881 1254; x_wconf 79' lang='lat' dir='ltr'>veritatem,</span> <span class='ocrx_word' id='word_1_251' title='bbox 2912 1178 3308 1254; x_wconf 76' lang='lat' dir='ltr'>indignissime</span> <span class='ocrx_word' id='word_1_252' title='bbox 3354 1186 3621 1240; x_wconf 89' lang='lat' dir='ltr'>minuen-</span> 
     </span>
    </p>
   </div>
   <div class='ocr_carea' id='block_1_35' title="bbox 1966 1252 3618 1323">
    <p class='ocr_par' dir='ltr' id='par_1_35' title="bbox 1966 1252 3618 1323">
     <span class='ocr_line' id='line_1_36' title="bbox 1966 1252 3618 1323; baseline 0.004 -18"><span class='ocrx_word' id='word_1_253' title='bbox 1966 1252 2040 1323; x_wconf 86' lang='lat' dir='ltr'>da</span> <span class='ocrx_word' id='word_1_254' title='bbox 2072 1268 2085 1303; x_wconf 89' lang='lat'><strong>:</strong></span> <span class='ocrx_word' id='word_1_255' title='bbox 2116 1252 2215 1306; x_wconf 89' lang='lat' dir='ltr'>sed</span> <span class='ocrx_word' id='word_1_256' title='bbox 2244 1253 2399 1322; x_wconf 89' lang='lat' dir='ltr'>quod</span> <span class='ocrx_word' id='word_1_257' title='bbox 2429 1255 2485 1307; x_wconf 88' lang='lat' dir='ltr'>et</span> <span class='ocrx_word' id='word_1_258' title='bbox 2510 1254 2676 1307; x_wconf 89' lang='lat' dir='ltr'>urbes</span> <span class='ocrx_word' id='word_1_259' title='bbox 2724 1253 2855 1318; x_wconf 66' lang='lat' dir='ltr'>illae,</span> <span class='ocrx_word' id='word_1_260' title='bbox 2903 1252 3163 1323; x_wconf 82' lang='lat' dir='ltr'>quamvis</span> <span class='ocrx_word' id='word_1_261' title='bbox 3212 1257 3618 1321; x_wconf 67' lang='lat' dir='ltr'>celeberrima),</span> 
     </span>
    </p>
   </div>
   <div class='ocr_carea' id='block_1_36' title="bbox 1966 1322 3624 1398">
    <p class='ocr_par' dir='ltr' id='par_1_36' title="bbox 1966 1322 3624 1398">
     <span class='ocr_line' id='line_1_37' title="bbox 1966 1322 3624 1398; baseline 0.003 -22"><span class='ocrx_word' id='word_1_262' title='bbox 1966 1322 2273 1398; x_wconf 84' lang='lat' dir='ltr'>habuerint</span> <span class='ocrx_word' id='word_1_263' title='bbox 2298 1323 2354 1377; x_wconf 92' lang='lat' dir='ltr'>in</span> <span class='ocrx_word' id='word_1_264' title='bbox 2386 1340 2585 1398; x_wconf 85' lang='lat' dir='ltr'>earum</span> <span class='ocrx_word' id='word_1_265' title='bbox 2618 1322 3045 1398; x_wconf 78' lang='lat' dir='ltr'>circumjaCenti</span> <span class='ocrx_word' id='word_1_266' title='bbox 3085 1327 3302 1383; x_wconf 89' lang='lat' dir='ltr'>ditione</span> <span class='ocrx_word' id='word_1_267' title='bbox 3354 1333 3624 1398; x_wconf 81' lang='lat' dir='ltr'>angustas</span> 
     </span>
    </p>
   </div>
   <div class='ocr_carea' id='block_1_37' title="bbox 1967 1394 3624 1466">
    <p class='ocr_par' dir='ltr' id='par_1_37' title="bbox 1967 1394 3624 1466">
     <span class='ocr_line' id='line_1_38' title="bbox 1967 1394 3624 1466; baseline 0.003 -19"><span class='ocrx_word' id='word_1_268' title='bbox 1967 1394 2307 1466; x_wconf 12' lang='lat' dir='ltr'>aciminimas</span> <span class='ocrx_word' id='word_1_269' title='bbox 2333 1400 2541 1465; x_wconf 88' lang='lat' dir='ltr'>partes,</span> <span class='ocrx_word' id='word_1_270' title='bbox 2570 1396 2752 1451; x_wconf 91' lang='lat' dir='ltr'>immo</span> <span class='ocrx_word' id='word_1_271' title='bbox 2777 1394 3009 1466; x_wconf 47' lang='lat' dir='ltr'>exiguae</span> <span class='ocrx_word' id='word_1_272' title='bbox 3040 1415 3106 1452; x_wconf 90' lang='lat' dir='ltr'>ac</span> <span class='ocrx_word' id='word_1_273' title='bbox 3152 1394 3476 1464; x_wconf 69' lang='lat' dir='ltr'>vilissimas,</span> <span class='ocrx_word' id='word_1_274' title='bbox 3528 1397 3624 1453; x_wconf 92' lang='lat' dir='ltr'>ubi</span> 
     </span>
    </p>
   </div>
   <div class='ocr_carea' id='block_1_38' title="bbox 1966 1465 3625 1545">
    <p class='ocr_par' dir='ltr' id='par_1_38' title="bbox 1966 1465 3625 1545">
     <span class='ocr_line' id='line_1_39' title="bbox 1966 1465 3625 1545; baseline 0.002 -27"><span class='ocrx_word' id='word_1_275' title='bbox 1966 1465 2215 1545; x_wconf 72' lang='lat' dir='ltr'>episcopi</span> <span class='ocrx_word' id='word_1_276' title='bbox 2246 1471 2595 1545; x_wconf 68' lang='lat' dir='ltr'>eotempore</span> <span class='ocrx_word' id='word_1_277' title='bbox 2630 1466 2855 1545; x_wconf 79' lang='lat' dir='ltr'>fuerint,</span> <span class='ocrx_word' id='word_1_278' title='bbox 2875 1465 3031 1545; x_wconf 81' lang='lat' dir='ltr'>quos</span> <span class='ocrx_word' id='word_1_279' title='bbox 3058 1468 3343 1545; x_wconf 81' lang='lat' dir='ltr'>simplices</span> <span class='ocrx_word' id='word_1_280' title='bbox 3359 1486 3625 1545; x_wconf 73' lang='lat' dir='ltr'>aererum</span> 
     </span>
    </p>
   </div>
   <div class='ocr_carea' id='block_1_39' title="bbox 1967 1536 3625 1611">
    <p class='ocr_par' dir='ltr' id='par_1_39' title="bbox 1967 1536 3625 1611">
     <span class='ocr_line' id='line_1_40' title="bbox 1967 1536 3625 1611; baseline 0.004 -22"><span class='ocrx_word' id='word_1_281' title='bbox 1967 1536 2215 1611; x_wconf 82' lang='lat' dir='ltr'>ignaros,</span> <span class='ocrx_word' id='word_1_282' title='bbox 2256 1536 2337 1592; x_wconf 92' lang='lat' dir='ltr'>uti</span> <span class='ocrx_word' id='word_1_283' title='bbox 2370 1555 2465 1611; x_wconf 80' lang='lat' dir='ltr'>eos</span> <span class='ocrx_word' id='word_1_284' title='bbox 2490 1538 2743 1608; x_wconf 90' lang='lat' dir='ltr'>appellat</span> <span class='ocrx_word' id='word_1_285' title='bbox 2773 1536 3069 1595; x_wconf 83' lang='lat' dir='ltr'>Cornelius</span> <span class='ocrx_word' id='word_1_286' title='bbox 3099 1536 3266 1611; x_wconf 79' lang='lat' dir='ltr'>papa.</span> <span class='ocrx_word' id='word_1_287' title='bbox 3310 1542 3475 1597; x_wconf 85' lang='lat' dir='ltr'>facile</span> <span class='ocrx_word' id='word_1_288' title='bbox 3529 1559 3625 1611; x_wconf 83' lang='lat' dir='ltr'>po-</span> 
     </span>
    </p>
   </div>
   <div class='ocr_carea' id='block_1_40' title="bbox 1969 1559 3628 1679">
    <p class='ocr_par' dir='ltr' id='par_1_40' title="bbox 1969 1559 3628 1679">
     <span class='ocr_line' id='line_1_41' title="bbox 1969 1559 3625 1611; baseline 0.004 -22"><span class='ocrx_word' id='word_1_289' title='bbox 1969 1559 2215 1605; x_wconf 82' lang='lat' dir='ltr'>ignaros,</span> <span class='ocrx_word' id='word_1_290' title='bbox 2257 1559 2337 1592; x_wconf 86' lang='lat' dir='ltr'>uu</span> <span class='ocrx_word' id='word_1_291' title='bbox 2370 1559 2465 1592; x_wconf 84' lang='lat' dir='ltr'>eos</span> <span class='ocrx_word' id='word_1_292' title='bbox 2490 1559 2743 1608; x_wconf 75' lang='lat' dir='ltr'>appellat</span> <span class='ocrx_word' id='word_1_293' title='bbox 2773 1559 3069 1595; x_wconf 66' lang='lat' dir='ltr'>Cornelius</span> <span class='ocrx_word' id='word_1_294' title='bbox 3099 1559 3266 1611; x_wconf 83' lang='lat' dir='ltr'>papa.</span> <span class='ocrx_word' id='word_1_295' title='bbox 3310 1559 3475 1597; x_wconf 83' lang='lat' dir='ltr'>lacue</span> <span class='ocrx_word' id='word_1_296' title='bbox 3569 1559 3625 1595; x_wconf 82' lang='lat' dir='ltr'>o-</span> 
     </span>
     <span class='ocr_line' id='line_1_42' title="bbox 1969 1559 3628 1679; baseline 0.004 -19"><span class='ocrx_word' id='word_1_297' title='bbox 1969 1608 2139 1679; x_wconf 89' lang='lat' dir='ltr'>tuerit</span> <span class='ocrx_word' id='word_1_298' title='bbox 2161 1623 2263 1677; x_wconf 92' lang='lat' dir='ltr'>per</span> <span class='ocrx_word' id='word_1_299' title='bbox 2292 1609 2523 1679; x_wconf 88' lang='lat' dir='ltr'>nuntios</span> <span class='ocrx_word' id='word_1_300' title='bbox 2554 1626 2704 1670; x_wconf 86' lang='lat' dir='ltr'>suos.</span> <span class='ocrx_word' id='word_1_301' title='bbox 2748 1610 3002 1679; x_wconf 89' lang='lat' dir='ltr'>perditos</span> <span class='ocrx_word' id='word_1_302' title='bbox 3024 1628 3087 1666; x_wconf 90' lang='lat' dir='ltr'>ac</span> <span class='ocrx_word' id='word_1_303' title='bbox 3138 1612 3476 1667; x_wconf 88' lang='lat' dir='ltr'>vaferrimos</span> <span class='ocrx_word' id='word_1_304' title='bbox 3527 1559 3628 1667; x_wconf 64' lang='lat' dir='ltr'>lio-</span> 
     </span>
    </p>
   </div>
   <div class='ocr_carea' id='block_1_41' title="bbox 203 1675 3623 1754">
    <p class='ocr_par' dir='ltr' id='par_1_41' title="bbox 203 1675 3623 1754">
     <span class='ocr_line' id='line_1_43' title="bbox 203 1675 3623 1754; baseline 0.002 -25"><span class='ocrx_word' id='word_1_305' title='bbox 203 1675 272 1754; x_wconf 83' lang='lat' dir='ltr'>s_i_,</span> <span class='ocrx_word' id='word_1_306' title='bbox 303 1679 361 1754; x_wconf 79' lang='lat' dir='ltr'>et</span> <span class='ocrx_word' id='word_1_307' title='bbox 388 1675 443 1729; x_wconf 91' lang='lat' dir='ltr'>in</span> <span class='ocrx_word' id='word_1_308' title='bbox 471 1676 743 1754; x_wconf 67' lang='lat' dir='ltr'>oppiduiis</span> <span class='ocrx_word' id='word_1_309' title='bbox 772 1676 1015 1754; x_wconf 81' lang='lat' dir='ltr'>fortasse</span> <span class='ocrx_word' id='word_1_310' title='bbox 1046 1678 1221 1754; x_wconf 84' lang='lat' dir='ltr'>etiam</span> <span class='ocrx_word' id='word_1_311' title='bbox 1251 1676 1377 1754; x_wconf 87' lang='lat' dir='ltr'>siti;</span> <span class='ocrx_word' id='word_1_312' title='bbox 1409 1676 1506 1745; x_wconf 91' lang='lat' dir='ltr'>qui</span> <span class='ocrx_word' id='word_1_313' title='bbox 1528 1680 1723 1730; x_wconf 91' lang='lat' dir='ltr'>tamen</span> <span class='ocrx_word' id='word_1_314' title='bbox 1744 1692 1858 1729; x_wconf 89' lang='lat' dir='ltr'>non</span> <span class='ocrx_word' id='word_1_315' title='bbox 1894 1680 1936 1740; x_wconf 80' lang='grc' dir='ltr'><strong>Β</strong></span> <span class='ocrx_word' id='word_1_316' title='bbox 1970 1675 2176 1742; x_wconf 69' lang='lat' dir='ltr'>mines,</span> <span class='ocrx_word' id='word_1_317' title='bbox 2211 1677 2468 1747; x_wconf 90' lang='lat' dir='ltr'>decipere</span> <span class='ocrx_word' id='word_1_318' title='bbox 2498 1675 2871 1754; x_wconf 81' lang='lat' dir='ltr'>Novatianus.</span> <span class='ocrx_word' id='word_1_319' title='bbox 2902 1682 3056 1754; x_wconf 84' lang='lat' dir='ltr'>Quis,</span> <span class='ocrx_word' id='word_1_320' title='bbox 3117 1683 3360 1753; x_wconf 82' lang='lat' dir='ltr'>exempli</span> <span class='ocrx_word' id='word_1_321' title='bbox 3417 1684 3623 1754; x_wconf 88' lang='lat' dir='ltr'>gratia,</span> 
     </span>
    </p>
   </div>
   <div class='ocr_carea' id='block_1_42' title="bbox 206 1745 1859 1817">
    <p class='ocr_par' dir='ltr' id='par_1_42' title="bbox 206 1745 1859 1817">
     <span class='ocr_line' id='line_1_44' title="bbox 206 1745 1859 1817; baseline 0.001 -18"><span class='ocrx_word' id='word_1_322' title='bbox 206 1746 374 1800; x_wconf 86' lang='lat' dir='ltr'>titulo</span> <span class='ocrx_word' id='word_1_323' title='bbox 404 1745 796 1816; x_wconf 89' lang='lat' dir='ltr'>oppidulorum</span> <span class='ocrx_word' id='word_1_324' title='bbox 856 1748 1130 1803; x_wconf 89' lang='lat' dir='ltr'>horumce</span> <span class='ocrx_word' id='word_1_325' title='bbox 1190 1748 1516 1817; x_wconf 87' lang='lat' dir='ltr'>ignotorum</span> <span class='ocrx_word' id='word_1_326' title='bbox 1569 1763 1859 1817; x_wconf 85' lang='lat' dir='ltr'>nuncupa-</span> 
     </span>
    </p>
   </div>
   <div class='ocr_carea' id='block_1_43' title="bbox 207 1817 1856 1888">
    <p class='ocr_par' dir='ltr' id='par_1_43' title="bbox 207 1817 1856 1888">
     <span class='ocr_line' id='line_1_45' title="bbox 207 1817 1856 1888; baseline 0 -17"><span class='ocrx_word' id='word_1_327' title='bbox 207 1820 428 1883; x_wconf 88' lang='lat' dir='ltr'>rentur,</span> <span class='ocrx_word' id='word_1_328' title='bbox 470 1818 568 1888; x_wconf 81' lang='lat' dir='ltr'>sed</span> <span class='ocrx_word' id='word_1_329' title='bbox 616 1818 989 1888; x_wconf 67' lang='lat' dir='ltr'>amplissima:</span> <span class='ocrx_word' id='word_1_330' title='bbox 1039 1836 1105 1873; x_wconf 89' lang='lat' dir='ltr'>ac</span> <span class='ocrx_word' id='word_1_331' title='bbox 1156 1818 1540 1874; x_wconf 70' lang='lat' dir='ltr'>celeberrima:</span> <span class='ocrx_word' id='word_1_332' title='bbox 1592 1817 1856 1881; x_wconf 83' lang='lat' dir='ltr'>civitatis,</span> 
     </span>
    </p>
   </div>
   <div class='ocr_carea' id='block_1_44' title="bbox 204 1887 1859 1960">
    <p class='ocr_par' dir='ltr' id='par_1_44' title="bbox 204 1887 1859 1960">
     <span class='ocr_line' id='line_1_46' title="bbox 204 1887 1859 1960; baseline 0 -17"><span class='ocrx_word' id='word_1_333' title='bbox 204 1890 370 1960; x_wconf 82' lang='lat' dir='ltr'>cujus</span> <span class='ocrx_word' id='word_1_334' title='bbox 401 1887 662 1958; x_wconf 84' lang='lat' dir='ltr'>episcOpo</span> <span class='ocrx_word' id='word_1_335' title='bbox 696 1887 1092 1945; x_wconf 87' lang='lat' dir='ltr'>inserviebant.</span> <span class='ocrx_word' id='word_1_336' title='bbox 1123 1888 1445 1944; x_wconf 88' lang='lat' dir='ltr'>Christiana</span> <span class='ocrx_word' id='word_1_337' title='bbox 1466 1906 1556 1944; x_wconf 91' lang='lat' dir='ltr'>res</span> <span class='ocrx_word' id='word_1_338' title='bbox 1602 1888 1859 1960; x_wconf 86' lang='lat' dir='ltr'>profecto</span> 
     </span>
    </p>
   </div>
   <div class='ocr_carea' id='block_1_45' title="bbox 203 1960 1861 2032">
    <p class='ocr_par' dir='ltr' id='par_1_45' title="bbox 203 1960 1861 2032">
     <span class='ocr_line' id='line_1_47' title="bbox 203 1960 1861 2032; baseline 0 -18"><span class='ocrx_word' id='word_1_339' title='bbox 203 1964 346 2032; x_wconf 88' lang='lat' dir='ltr'>tunc</span> <span class='ocrx_word' id='word_1_340' title='bbox 373 1960 646 2032; x_wconf 87' lang='lat' dir='ltr'>temporis</span> <span class='ocrx_word' id='word_1_341' title='bbox 677 1961 934 2032; x_wconf 79' lang='lat' dir='ltr'>exigebat</span> <span class='ocrx_word' id='word_1_342' title='bbox 966 1961 1210 2015; x_wconf 88' lang='lat' dir='ltr'>maxime</span> <span class='ocrx_word' id='word_1_343' title='bbox 1242 1966 1302 2015; x_wconf 90' lang='lat' dir='ltr'>ut</span> <span class='ocrx_word' id='word_1_344' title='bbox 1330 1961 1725 2030; x_wconf 89' lang='lat' dir='ltr'>episcoporum</span> <span class='ocrx_word' id='word_1_345' title='bbox 1757 1960 1861 2032; x_wconf 88' lang='lat' dir='ltr'>mi-</span> 
     </span>
    </p>
   </div>
   <div class='ocr_carea' id='block_1_46' title="bbox 204 2030 1861 2102">
    <p class='ocr_par' dir='ltr' id='par_1_46' title="bbox 204 2030 1861 2102">
     <span class='ocr_line' id='line_1_48' title="bbox 204 2030 1861 2102; baseline -0.001 -17"><span class='ocrx_word' id='word_1_346' title='bbox 204 2030 504 2085; x_wconf 89' lang='lat' dir='ltr'>nisterium</span> <span class='ocrx_word' id='word_1_347' title='bbox 539 2030 793 2087; x_wconf 72' lang='lat' dir='ltr'>fidelibus</span> <span class='ocrx_word' id='word_1_348' title='bbox 826 2032 1155 2102; x_wconf 86' lang='lat' dir='ltr'>frequenter</span> <span class='ocrx_word' id='word_1_349' title='bbox 1187 2032 1240 2085; x_wconf 88' lang='lat' dir='ltr'>in</span> <span class='ocrx_word' id='word_1_350' title='bbox 1278 2032 1666 2101; x_wconf 88' lang='lat' dir='ltr'>persecutione</span> <span class='ocrx_word' id='word_1_351' title='bbox 1716 2030 1861 2101; x_wconf 82' lang='lat' dir='ltr'>posi-</span> 
     </span>
    </p>
   </div>
   <div class='ocr_carea' id='block_1_47' title="bbox 205 2102 1861 2159">
    <p class='ocr_par' dir='ltr' id='par_1_47' title="bbox 205 2102 1861 2159">
     <span class='ocr_line' id='line_1_49' title="bbox 205 2102 1861 2159; baseline 0 -3"><span class='ocrx_word' id='word_1_352' title='bbox 205 2102 276 2158; x_wconf 87' lang='lat' dir='ltr'>tis</span> <span class='ocrx_word' id='word_1_353' title='bbox 308 2119 423 2156; x_wconf 90' lang='lat' dir='ltr'>non</span> <span class='ocrx_word' id='word_1_354' title='bbox 451 2104 673 2157; x_wconf 88' lang='lat' dir='ltr'>deesset</span> <span class='ocrx_word' id='word_1_355' title='bbox 705 2108 798 2159; x_wconf 90' lang='lat' dir='ltr'>:et</span> <span class='ocrx_word' id='word_1_356' title='bbox 834 2104 1021 2158; x_wconf 86' lang='lat' dir='ltr'>adhuc</span> <span class='ocrx_word' id='word_1_357' title='bbox 1068 2103 1316 2157; x_wconf 89' lang='lat' dir='ltr'>distabat</span> <span class='ocrx_word' id='word_1_358' title='bbox 1355 2102 1603 2157; x_wconf 87' lang='lat' dir='ltr'>Ecclesia</span> <span class='ocrx_word' id='word_1_359' title='bbox 1650 2103 1721 2156; x_wconf 89' lang='lat' dir='ltr'>ab</span> <span class='ocrx_word' id='word_1_360' title='bbox 1762 2103 1861 2157; x_wconf 91' lang='lat' dir='ltr'>illa</span> 
     </span>
    </p>
   </div>
   <div class='ocr_carea' id='block_1_48' title="bbox 204 2173 1862 2245">
    <p class='ocr_par' dir='ltr' id='par_1_48' title="bbox 204 2173 1862 2245">
     <span class='ocr_line' id='line_1_50' title="bbox 204 2173 1862 2245; baseline 0 -16"><span class='ocrx_word' id='word_1_361' title='bbox 204 2173 361 2245; x_wconf 85' lang='lat' dir='ltr'>pacis</span> <span class='ocrx_word' id='word_1_362' title='bbox 390 2174 715 2237; x_wconf 88' lang='lat' dir='ltr'>securitate,</span> <span class='ocrx_word' id='word_1_363' title='bbox 750 2176 805 2229; x_wconf 91' lang='lat' dir='ltr'>in</span> <span class='ocrx_word' id='word_1_364' title='bbox 837 2192 951 2245; x_wconf 91' lang='lat' dir='ltr'>qua</span> <span class='ocrx_word' id='word_1_365' title='bbox 976 2178 1173 2245; x_wconf 70' lang='lat' dir='ltr'>postea</span> <span class='ocrx_word' id='word_1_366' title='bbox 1203 2173 1514 2229; x_wconf 85' lang='lat' dir='ltr'>constituta</span> <span class='ocrx_word' id='word_1_367' title='bbox 1541 2173 1862 2245; x_wconf 89' lang='lat' dir='ltr'>prospicere</span> 
     </span>
    </p>
   </div>
   <div class='ocr_carea' id='block_1_49' title="bbox 205 2244 1863 2316">
    <p class='ocr_par' dir='ltr' id='par_1_49' title="bbox 205 2244 1863 2316">
     <span class='ocr_line' id='line_1_51' title="bbox 205 2244 1863 2316; baseline 0.001 -17"><span class='ocrx_word' id='word_1_368' title='bbox 205 2244 392 2315; x_wconf 88' lang='lat' dir='ltr'>potuit</span> <span class='ocrx_word' id='word_1_369' title='bbox 416 2245 605 2299; x_wconf 87' lang='lat' dir='ltr'>decori</span> <span class='ocrx_word' id='word_1_370' title='bbox 631 2244 1208 2316; x_wconf 30' lang='lat' dir='ltr'>episc0palis’fastigii</span> <span class='ocrx_word' id='word_1_371' title='bbox 1269 2247 1580 2300; x_wconf 88' lang='lat' dir='ltr'>decernens</span> <span class='ocrx_word' id='word_1_372' title='bbox 1610 2244 1666 2316; x_wconf 87' lang='lat' dir='ltr'>in</span> <span class='ocrx_word' id='word_1_373' title='bbox 1697 2261 1863 2316; x_wconf 84' lang='lat' dir='ltr'>syno-</span> 
     </span>
    </p>
   </div>
   <div class='ocr_carea' id='block_1_50' title="bbox 204 2315 1862 2399">
    <p class='ocr_par' dir='ltr' id='par_1_50' title="bbox 204 2315 1862 2399">
     <span class='ocr_line' id='line_1_52' title="bbox 204 2315 1862 2399; baseline -0.001 -28"><span class='ocrx_word' id='word_1_374' title='bbox 204 2315 1007 2399; x_wconf 26' lang='lat' dir='ltr'>do.Sardieensi’aliisquehut</span> <span class='ocrx_word' id='word_1_375' title='bbox 1038 2333 1149 2371; x_wconf 90' lang='lat' dir='ltr'>non</span> <span class='ocrx_word' id='word_1_376' title='bbox 1205 2316 1293 2397; x_wconf 78' lang='lat' dir='ltr'>ita</span> <span class='ocrx_word' id='word_1_377' title='bbox 1347 2315 1660 2399; x_wconf 43' lang='lat' dir='ltr'>passimnin</span> <span class='ocrx_word' id='word_1_378' title='bbox 1706 2315 1862 2385; x_wconf 81' lang='lat' dir='ltr'>pagis</span> 
     </span>
    </p>
   </div>
   <div class='ocr_carea' id='block_1_51' title="bbox 207 2386 1863 2458">
    <p class='ocr_par' dir='ltr' id='par_1_51' title="bbox 207 2386 1863 2458">
     <span class='ocr_line' id='line_1_53' title="bbox 207 2386 1863 2458; baseline -0.001 -16"><span class='ocrx_word' id='word_1_379' title='bbox 207 2387 292 2442; x_wconf 81' lang='lat' dir='ltr'>vel</span> <span class='ocrx_word' id='word_1_380' title='bbox 322 2388 514 2455; x_wconf 77' lang='lat' dir='ltr'>parvis</span> <span class='ocrx_word' id='word_1_381' title='bbox 544 2386 1108 2458; x_wconf 30' lang='lat' dir='ltr'>urbibus,’multoque</span> <span class='ocrx_word' id='word_1_382' title='bbox 1141 2387 1328 2441; x_wconf 89' lang='lat' dir='ltr'>minus</span> <span class='ocrx_word' id='word_1_383' title='bbox 1348 2386 1404 2441; x_wconf 91' lang='lat' dir='ltr'>in</span> <span class='ocrx_word' id='word_1_384' title='bbox 1436 2386 1627 2441; x_wconf 78' lang='lat' dir='ltr'>viculis</span> <span class='ocrx_word' id='word_1_385' title='bbox 1660 2403 1863 2456; x_wconf 85' lang='lat' dir='ltr'>posses-</span> 
     </span>
    </p>
   </div>
   <div class='ocr_carea' id='block_1_52' title="bbox 205 2458 1860 2531">
    <p class='ocr_par' dir='ltr' id='par_1_52' title="bbox 205 2458 1860 2531">
     <span class='ocr_line' id='line_1_54' title="bbox 205 2458 1860 2531; baseline -0.001 -18"><span class='ocrx_word' id='word_1_386' title='bbox 205 2458 473 2531; x_wconf 62' lang='lat' dir='ltr'>sionibus,</span> <span class='ocrx_word' id='word_1_387' title='bbox 500 2459 581 2513; x_wconf 86' lang='lat' dir='ltr'>vel</span> <span class='ocrx_word' id='word_1_388' title='bbox 603 2460 854 2514; x_wconf 90' lang='lat' dir='ltr'>obscuris</span> <span class='ocrx_word' id='word_1_389' title='bbox 884 2465 951 2513; x_wconf 90' lang='lat' dir='ltr'>et-</span> <span class='ocrx_word' id='word_1_390' title='bbox 976 2458 1247 2531; x_wconf 78' lang='lat' dir='ltr'>solitariis</span> <span class='ocrx_word' id='word_1_391' title='bbox 1285 2459 1608 2531; x_wconf 73' lang='lat' dir='ltr'>municipiis</span> <span class='ocrx_word' id='word_1_392' title='bbox 1649 2459 1860 2530; x_wconf 90' lang='lat' dir='ltr'>episco-</span> 
     </span>
    </p>
   </div>
   <div class='ocr_carea' id='block_1_53' title="bbox 207 2529 1346 2600">
    <p class='ocr_par' dir='ltr' id='par_1_53' title="bbox 207 2529 1346 2600">
     <span class='ocr_line' id='line_1_55' title="bbox 207 2529 1346 2600; baseline 0.001 -17"><span class='ocrx_word' id='word_1_393' title='bbox 207 2530 265 2600; x_wconf 89' lang='lat' dir='ltr'>pi</span> <span class='ocrx_word' id='word_1_394' title='bbox 295 2529 733 2593; x_wconf 81' lang='lat' dir='ltr'>collocarentur,</span> <span class='ocrx_word' id='word_1_395' title='bbox 770 2531 849 2584; x_wconf 90' lang='lat' dir='ltr'>uti</span> <span class='ocrx_word' id='word_1_396' title='bbox 880 2534 1049 2585; x_wconf 88' lang='lat' dir='ltr'>antea</span> <span class='ocrx_word' id='word_1_397' title='bbox 1080 2529 1346 2584; x_wconf 82' lang='lat' dir='ltr'>vidimus.</span> 
     </span>
    </p>
   </div>
   <div class='ocr_carea' id='block_1_54' title="bbox 286 2600 1866 2669">
    <p class='ocr_par' dir='ltr' id='par_1_54' title="bbox 286 2600 1866 2669">
     <span class='ocr_line' id='line_1_56' title="bbox 286 2600 1866 2669; baseline 0.001 -16"><span class='ocrx_word' id='word_1_398' title='bbox 286 2600 479 2669; x_wconf 79' lang='lat' dir='ltr'>Pergit</span> <span class='ocrx_word' id='word_1_399' title='bbox 508 2601 581 2655; x_wconf 90' lang='lat' dir='ltr'>De</span> <span class='ocrx_word' id='word_1_400' title='bbox 610 2601 835 2664; x_wconf 82' lang='lat' dir='ltr'>Rubeis,</span> <span class='ocrx_word' id='word_1_401' title='bbox 867 2601 1260 2655; x_wconf 88' lang='lat' dir='ltr'>etCornelium</span> <span class='ocrx_word' id='word_1_402' title='bbox 1279 2617 1484 2669; x_wconf 89' lang='lat' dir='ltr'>papam</span> <span class='ocrx_word' id='word_1_403' title='bbox 1508 2600 1866 2655; x_wconf 86' lang='lat' dir='ltr'>inducitnar-</span> 
     </span>
    </p>
   </div>
   <div class='ocr_carea' id='block_1_55' title="bbox 207 2670 1864 2741">
    <p class='ocr_par' dir='ltr' id='par_1_55' title="bbox 207 2670 1864 2741">
     <span class='ocr_line' id='line_1_57' title="bbox 207 2670 1864 2741; baseline 0.001 -17"><span class='ocrx_word' id='word_1_404' title='bbox 207 2676 437 2725; x_wconf 88' lang='lat' dir='ltr'>rantem</span> <span class='ocrx_word' id='word_1_405' title='bbox 464 2671 520 2725; x_wconf 90' lang='lat' dir='ltr'>in</span> <span class='ocrx_word' id='word_1_406' title='bbox 553 2672 792 2741; x_wconf 89' lang='lat' dir='ltr'>epistola</span> <span class='ocrx_word' id='word_1_407' title='bbox 833 2674 904 2727; x_wconf 87' lang='lat' dir='ltr'>ad</span> <span class='ocrx_word' id='word_1_408' title='bbox 938 2672 1175 2726; x_wconf 86' lang='lat' dir='ltr'>Fabium</span> <span class='ocrx_word' id='word_1_409' title='bbox 1212 2670 1654 2737; x_wconf 84' lang='lat' dir='ltr'>Antiochenum,</span> <span class='ocrx_word' id='word_1_410' title='bbox 1713 2672 1864 2740; x_wconf 87' lang='lat' dir='ltr'>apud</span> 
     </span>
    </p>
   </div>
   <div class='ocr_carea' id='block_1_56' title="bbox 206 2741 1866 2811">
    <p class='ocr_par' dir='ltr' id='par_1_56' title="bbox 206 2741 1866 2811">
     <span class='ocr_line' id='line_1_58' title="bbox 206 2741 1866 2811; baseline 0 -15"><span class='ocrx_word' id='word_1_411' title='bbox 206 2743 535 2806; x_wconf 82' lang='lat' dir='ltr'>Eusebium,</span> <span class='ocrx_word' id='word_1_412' title='bbox 572 2743 711 2797; x_wconf 89' lang='lat' dir='ltr'>Hist.</span> <span class='ocrx_word' id='word_1_413' title='bbox 739 2744 941 2798; x_wconf 83' lang='lat' dir='ltr'>Eccles.</span> <span class='ocrx_word' id='word_1_414' title='bbox 984 2744 1126 2797; x_wconf 90' lang='lat' dir='ltr'>libro</span> <span class='ocrx_word' id='word_1_415' title='bbox 1153 2758 1228 2805; x_wconf 74' lang='lat' dir='ltr'>vn,</span> <span class='ocrx_word' id='word_1_416' title='bbox 1254 2741 1437 2811; x_wconf 89' lang='lat' dir='ltr'>capite</span> <span class='ocrx_word' id='word_1_417' title='bbox 1490 2743 1579 2806; x_wconf 72' lang='lat'>43,</span> <span class='ocrx_word' id='word_1_418' title='bbox 1633 2742 1773 2795; x_wconf 89' lang='lat' dir='ltr'>duos</span> <span class='ocrx_word' id='word_1_419' title='bbox 1831 2758 1866 2796; x_wconf 91' lang='lat' dir='ltr'>a</span> 
     </span>
    </p>
   </div>
   <div class='ocr_carea' id='block_1_57' title="bbox 198 2811 1863 2893">
    <p class='ocr_par' dir='ltr' id='par_1_57' title="bbox 198 2811 1863 2893">
     <span class='ocr_line' id='line_1_59' title="bbox 198 2811 1863 2893; baseline -0.002 -26"><span class='ocrx_word' id='word_1_420' title='bbox 198 2814 852 2893; x_wconf 64' lang='lat' dir='ltr'>Novatianodeploratin</span> <span class='ocrx_word' id='word_1_421' title='bbox 868 2815 1068 2893; x_wconf 76' lang='lat' dir='ltr'>salutis</span> <span class='ocrx_word' id='word_1_422' title='bbox 1082 2814 1343 2893; x_wconf 76' lang='lat' dir='ltr'>homines</span> <span class='ocrx_word' id='word_1_423' title='bbox 1356 2812 1562 2893; x_wconf 78' lang='lat' dir='ltr'>missos</span> <span class='ocrx_word' id='word_1_424' title='bbox 1579 2812 1653 2893; x_wconf 35' lang='grc' dir='ltr'>εἰς.</span> <span class='ocrx_word' id='word_1_425' title='bbox 1680 2811 1863 2893; x_wconf 77' lang='grc' dir='ltr'><em>βραχύ</em></span> 
     </span>
    </p>
   </div>
   <div class='ocr_carea' id='block_1_58' title="bbox 201 2884 1863 2956">
    <p class='ocr_par' dir='ltr' id='par_1_58' title="bbox 201 2884 1863 2956">
     <span class='ocr_line' id='line_1_60' title="bbox 201 2884 1863 2956; baseline 0.002 -21"><span class='ocrx_word' id='word_1_426' title='bbox 201 2904 257 2936; x_wconf 81' lang='grc' dir='ltr'>τι</span> <span class='ocrx_word' id='word_1_427' title='bbox 283 2889 434 2955; x_wconf 76' lang='grc' dir='ltr'><strong>μέρος</strong></span> <span class='ocrx_word' id='word_1_428' title='bbox 462 2890 553 2936; x_wconf 78' lang='grc' dir='ltr'>καὶ</span> <span class='ocrx_word' id='word_1_429' title='bbox 585 2884 862 2956; x_wconf 75' lang='grc' dir='ltr'>ἐλάχιστον</span> <span class='ocrx_word' id='word_1_430' title='bbox 893 2895 988 2947; x_wconf 82' lang='grc' dir='ltr'>τῆς</span> <span class='ocrx_word' id='word_1_431' title='bbox 1012 2885 1250 2949; x_wconf 72' lang='grc' dir='ltr'>Ἰταλίας,</span> <span class='ocrx_word' id='word_1_432' title='bbox 1283 2902 1406 2955; x_wconf 67' lang='lat' dir='ltr'>qua:</span> <span class='ocrx_word' id='word_1_433' title='bbox 1435 2885 1607 2939; x_wconf 88' lang='lat' dir='ltr'>verba</span> <span class='ocrx_word' id='word_1_434' title='bbox 1645 2884 1762 2953; x_wconf 73' lang='lat' dir='ltr'>ipSe</span> <span class='ocrx_word' id='word_1_435' title='bbox 1785 2884 1863 2938; x_wconf 88' lang='lat' dir='ltr'>in-</span> 
     </span>
    </p>
   </div>
   <div class='ocr_carea' id='block_1_59' title="bbox 200 2956 1862 3026">
    <p class='ocr_par' dir='ltr' id='par_1_59' title="bbox 200 2956 1862 3026">
     <span class='ocr_line' id='line_1_61' title="bbox 200 2956 1862 3026; baseline 0.001 -17"><span class='ocrx_word' id='word_1_436' title='bbox 200 2961 556 3026; x_wconf 87' lang='lat' dir='ltr'>terpretatur</span> <span class='ocrx_word' id='word_1_437' title='bbox 586 2958 644 3010; x_wconf 86' lang='lat' dir='ltr'>in</span> <span class='ocrx_word' id='word_1_438' title='bbox 662 2965 976 3026; x_wconf 81' lang='lat' dir='ltr'>angustum,</span> <span class='ocrx_word' id='word_1_439' title='bbox 1004 2971 1054 3012; x_wconf 82' lang='lat' dir='ltr'>ei</span> <span class='ocrx_word' id='word_1_440' title='bbox 1080 2958 1365 3012; x_wconf 77' lang='lat' dir='ltr'>minimam</span> <span class='ocrx_word' id='word_1_441' title='bbox 1396 2956 1576 3011; x_wconf 71' lang='lat' dir='ltr'>Italia:</span> <span class='ocrx_word' id='word_1_442' title='bbox 1600 2963 1819 3025; x_wconf 77' lang='lat' dir='ltr'>partem</span> <span class='ocrx_word' id='word_1_443' title='bbox 1843 2968 1862 3021; x_wconf 88' lang='lat'>,&#39;</span> 
     </span>
    </p>
   </div>
   <div class='ocr_carea' id='block_1_60' title="bbox 1969 1750 3627 1822">
    <p class='ocr_par' dir='ltr' id='par_1_60' title="bbox 1969 1750 3627 1822">
     <span class='ocr_line' id='line_1_62' title="bbox 1969 1750 3627 1822; baseline 0.002 -18"><span class='ocrx_word' id='word_1_444' title='bbox 1969 1765 2084 1804; x_wconf 91' lang='lat' dir='ltr'>non</span> <span class='ocrx_word' id='word_1_445' title='bbox 2110 1755 2411 1822; x_wconf 78' lang='lat' dir='ltr'>angustam</span> <span class='ocrx_word' id='word_1_446' title='bbox 2424 1767 2485 1804; x_wconf 91' lang='lat' dir='ltr'>ac</span> <span class='ocrx_word' id='word_1_447' title='bbox 2510 1750 2796 1806; x_wconf 76' lang='lat' dir='ltr'>minimam</span> <span class='ocrx_word' id='word_1_448' title='bbox 2828 1753 3005 1808; x_wconf 62' lang='lat' dir='ltr'>Italia:</span> <span class='ocrx_word' id='word_1_449' title='bbox 3034 1750 3493 1822; x_wconf 44' lang='lat' dir='ltr'>partem—immo</span> <span class='ocrx_word' id='word_1_450' title='bbox 3514 1756 3627 1808; x_wconf 69' lang='lat' dir='ltr'>emi-</span> 
     </span>
    </p>
   </div>
   <div class='ocr_carea' id='block_1_61' title="bbox 1968 1821 3628 1895">
    <p class='ocr_par' dir='ltr' id='par_1_61' title="bbox 1968 1821 3628 1895">
     <span class='ocr_line' id='line_1_63' title="bbox 1968 1821 3628 1895; baseline 0.004 -21"><span class='ocrx_word' id='word_1_451' title='bbox 1968 1838 2127 1895; x_wconf 79' lang='lat' dir='ltr'>guam</span> <span class='ocrx_word' id='word_1_452' title='bbox 2165 1838 2229 1895; x_wconf 84' lang='lat' dir='ltr'>ac</span> <span class='ocrx_word' id='word_1_453' title='bbox 2257 1821 2609 1895; x_wconf 56' lang='lat' dir='ltr'>vilissimam,</span> <span class='ocrx_word' id='word_1_454' title='bbox 2647 1827 2902 1895; x_wconf 80' lang='lat' dir='ltr'>respectu</span> <span class='ocrx_word' id='word_1_455' title='bbox 2935 1821 3207 1895; x_wconf 72' lang='lat' dir='ltr'>Aquileiae</span> <span class='ocrx_word' id='word_1_456' title='bbox 3239 1825 3286 1895; x_wconf 89' lang='lat' dir='ltr'>ej</span> <span class='ocrx_word' id='word_1_457' title='bbox 3300 1841 3474 1895; x_wconf 90' lang='lat' dir='ltr'>usque</span> <span class='ocrx_word' id='word_1_458' title='bbox 3528 1826 3628 1879; x_wconf 82' lang='lat' dir='ltr'>ilo-</span> 
     </span>
    </p>
   </div>
   <div class='ocr_carea' id='block_1_62' title="bbox 1971 1891 3628 1964">
    <p class='ocr_par' dir='ltr' id='par_1_62' title="bbox 1971 1891 3628 1964">
     <span class='ocr_line' id='line_1_64' title="bbox 1971 1891 3628 1964; baseline 0.004 -20"><span class='ocrx_word' id='word_1_459' title='bbox 1971 1891 2279 1964; x_wconf 83' lang='lat' dir='ltr'>rentissimi</span> <span class='ocrx_word' id='word_1_460' title='bbox 2311 1892 2453 1964; x_wconf 87' lang='lat' dir='ltr'>agri,</span> <span class='ocrx_word' id='word_1_461' title='bbox 2485 1892 2689 1947; x_wconf 87' lang='lat' dir='ltr'>dixerit</span> <span class='ocrx_word' id='word_1_462' title='bbox 2717 1898 2852 1947; x_wconf 88' lang='lat' dir='ltr'>tunc</span> <span class='ocrx_word' id='word_1_463' title='bbox 2872 1891 3145 1964; x_wconf 87' lang='lat' dir='ltr'>temporis</span> <span class='ocrx_word' id='word_1_464' title='bbox 3180 1891 3350 1950; x_wconf 76' lang='lat' dir='ltr'>fuisse</span> <span class='ocrx_word' id='word_1_465' title='bbox 3382 1891 3506 1951; x_wconf 54' lang='lat' dir='ltr'>&#39;aut</span> <span class='ocrx_word' id='word_1_466' title='bbox 3540 1896 3628 1950; x_wconf 88' lang='lat' dir='ltr'>lit-</span> 
     </span>
    </p>
   </div>
   <div class='ocr_carea' id='block_1_63' title="bbox 1970 1962 3628 2034">
    <p class='ocr_par' dir='ltr' id='par_1_63' title="bbox 1970 1962 3628 2034">
     <span class='ocr_line' id='line_1_65' title="bbox 1970 1962 3628 2034; baseline 0.004 -19"><span class='ocrx_word' id='word_1_467' title='bbox 1970 1962 2175 2016; x_wconf 88' lang='lat' dir='ltr'>toralia</span> <span class='ocrx_word' id='word_1_468' title='bbox 2201 1963 2619 2026; x_wconf 74' lang='lat' dir='ltr'>aestuariorum,</span> <span class='ocrx_word' id='word_1_469' title='bbox 2648 1968 2748 2018; x_wconf 87' lang='lat' dir='ltr'>aut</span> <span class='ocrx_word' id='word_1_470' title='bbox 2793 1964 2851 2019; x_wconf 92' lang='lat' dir='ltr'>in</span> <span class='ocrx_word' id='word_1_471' title='bbox 2894 1962 3027 2034; x_wconf 79' lang='lat' dir='ltr'>ipsis</span> <span class='ocrx_word' id='word_1_472' title='bbox 3075 1967 3359 2022; x_wconf 65' lang='lat' dir='ltr'>aestuariis</span> <span class='ocrx_word' id='word_1_473' title='bbox 3411 1966 3628 2021; x_wconf 89' lang='lat' dir='ltr'>insulas</span> 
     </span>
    </p>
   </div>
   <div class='ocr_carea' id='block_1_64' title="bbox 1973 2034 3627 2109">
    <p class='ocr_par' dir='ltr' id='par_1_64' title="bbox 1973 2034 3627 2109">
     <span class='ocr_line' id='line_1_66' title="bbox 1973 2034 3627 2109; baseline 0.004 -22"><span class='ocrx_word' id='word_1_474' title='bbox 1973 2034 2202 2098; x_wconf 90' lang='lat' dir='ltr'>multas,</span> <span class='ocrx_word' id='word_1_475' title='bbox 2233 2034 2391 2109; x_wconf 83' lang='lat' dir='ltr'>nulla</span> <span class='ocrx_word' id='word_1_476' title='bbox 2422 2038 2556 2090; x_wconf 89' lang='lat' dir='ltr'>tunc</span> <span class='ocrx_word' id='word_1_477' title='bbox 2585 2038 2735 2109; x_wconf 81' lang='lat' dir='ltr'>certe</span> <span class='ocrx_word' id='word_1_478' title='bbox 2765 2036 3095 2109; x_wconf 85' lang='lat' dir='ltr'>celebritate</span> <span class='ocrx_word' id='word_1_479' title='bbox 3136 2039 3413 2103; x_wconf 90' lang='lat' dir='ltr'>donatas;</span> <span class='ocrx_word' id='word_1_480' title='bbox 3452 2056 3627 2109; x_wconf 88' lang='lat' dir='ltr'>quam</span> 
     </span>
    </p>
   </div>
   <div class='ocr_carea' id='block_1_65' title="bbox 1973 2106 3629 2175">
    <p class='ocr_par' dir='ltr' id='par_1_65' title="bbox 1973 2106 3629 2175">
     <span class='ocr_line' id='line_1_67' title="bbox 1973 2106 3629 2175; baseline 0.003 -17"><span class='ocrx_word' id='word_1_481' title='bbox 1973 2106 2376 2159; x_wconf 89' lang='lat' dir='ltr'>tantummodo</span> <span class='ocrx_word' id='word_1_482' title='bbox 2426 2110 2623 2175; x_wconf 87' lang='lat' dir='ltr'>postea</span> <span class='ocrx_word' id='word_1_483' title='bbox 2686 2107 3078 2174; x_wconf 89' lang='lat' dir='ltr'>obtinuerunt,</span> <span class='ocrx_word' id='word_1_484' title='bbox 3134 2126 3269 2164; x_wconf 89' lang='lat' dir='ltr'>cum</span> <span class='ocrx_word' id='word_1_485' title='bbox 3312 2126 3341 2165; x_wconf 92' lang='lat' dir='ltr'>e</span> <span class='ocrx_word' id='word_1_486' title='bbox 3382 2106 3629 2164; x_wconf 76' lang='lat' dir='ltr'>Romani</span> 
     </span>
    </p>
   </div>
   <div class='ocr_carea' id='block_1_66' title="bbox 1972 2176 3629 2251">
    <p class='ocr_par' dir='ltr' id='par_1_66' title="bbox 1972 2176 3629 2251">
     <span class='ocr_line' id='line_1_68' title="bbox 1972 2176 3629 2251; baseline 0.003 -21"><span class='ocrx_word' id='word_1_487' title='bbox 1972 2176 2197 2251; x_wconf 79' lang='lat' dir='ltr'>imperii</span> <span class='ocrx_word' id='word_1_488' title='bbox 2225 2176 2516 2251; x_wconf 89' lang='lat' dir='ltr'>ruinis_res</span> <span class='ocrx_word' id='word_1_489' title='bbox 2548 2179 2761 2232; x_wconf 88' lang='lat' dir='ltr'>Veneta</span> <span class='ocrx_word' id='word_1_490' title='bbox 2790 2194 2857 2251; x_wconf 80' lang='lat' dir='ltr'>ex</span> <span class='ocrx_word' id='word_1_491' title='bbox 2884 2180 3048 2251; x_wconf 80' lang='lat' dir='ltr'>aquis</span> <span class='ocrx_word' id='word_1_492' title='bbox 3104 2182 3534 2251; x_wconf 88' lang='lat' dir='ltr'>quodammodo</span> <span class='ocrx_word' id='word_1_493' title='bbox 3565 2181 3629 2235; x_wconf 87' lang='lat' dir='ltr'>il-</span> 
     </span>
    </p>
   </div>
   <div class='ocr_carea' id='block_1_67' title="bbox 1970 2246 3630 2314">
    <p class='ocr_par' dir='ltr' id='par_1_67' title="bbox 1970 2246 3630 2314">
     <span class='ocr_line' id='line_1_69' title="bbox 1970 2246 3630 2314; baseline 0.004 -14"><span class='ocrx_word' id='word_1_494' title='bbox 1970 2246 2157 2302; x_wconf 89' lang='lat' dir='ltr'>lorum</span> <span class='ocrx_word' id='word_1_495' title='bbox 2192 2248 2595 2302; x_wconf 74' lang='lat' dir='ltr'>testuariorum</span> <span class='ocrx_word' id='word_1_496' title='bbox 2625 2248 2906 2304; x_wconf 77' lang='lat' dir='ltr'>emersit?</span> <span class='ocrx_word' id='word_1_497' title='bbox 2940 2246 3080 2314; x_wconf 83' lang='lat' dir='ltr'>Quis</span> <span class='ocrx_word' id='word_1_498' title='bbox 3122 2246 3247 2305; x_wconf 73' lang='lat' dir='ltr'>non</span> <span class='ocrx_word' id='word_1_499' title='bbox 3273 2268 3336 2305; x_wconf 93' lang='lat' dir='ltr'>eo</span> <span class='ocrx_word' id='word_1_500' title='bbox 3395 2252 3630 2306; x_wconf 87' lang='lat' dir='ltr'>nomine</span> 
     </span>
    </p>
   </div>
   <div class='ocr_carea' id='block_1_68' title="bbox 1972 2318 3628 2393">
    <p class='ocr_par' dir='ltr' id='par_1_68' title="bbox 1972 2318 3628 2393">
     <span class='ocr_line' id='line_1_70' title="bbox 1972 2318 3628 2393; baseline 0.004 -22"><span class='ocrx_word' id='word_1_501' title='bbox 1972 2318 2251 2388; x_wconf 86' lang='lat' dir='ltr'>intelligat</span> <span class='ocrx_word' id='word_1_502' title='bbox 2291 2319 2575 2393; x_wconf 79' lang='lat' dir='ltr'>saltuosas</span> <span class='ocrx_word' id='word_1_503' title='bbox 2604 2319 2778 2373; x_wconf 91' lang='lat' dir='ltr'>etiam</span> <span class='ocrx_word' id='word_1_504' title='bbox 2812 2321 2944 2375; x_wconf 90' lang='lat' dir='ltr'>hinc</span> <span class='ocrx_word' id='word_1_505' title='bbox 2992 2322 3144 2389; x_wconf 90' lang='lat' dir='ltr'>inde,</span> <span class='ocrx_word' id='word_1_506' title='bbox 3182 2340 3247 2377; x_wconf 90' lang='lat' dir='ltr'>ac</span> <span class='ocrx_word' id='word_1_507' title='bbox 3273 2339 3417 2393; x_wconf 91' lang='lat' dir='ltr'>pene</span> <span class='ocrx_word' id='word_1_508' title='bbox 3474 2322 3628 2377; x_wconf 79' lang='lat' dir='ltr'>inac-</span> 
     </span>
    </p>
   </div>
   <div class='ocr_carea' id='block_1_69' title="bbox 1972 2390 3631 2461">
    <p class='ocr_par' dir='ltr' id='par_1_69' title="bbox 1972 2390 3631 2461">
     <span class='ocr_line' id='line_1_71' title="bbox 1972 2390 3631 2461; baseline 0.002 -16"><span class='ocrx_word' id='word_1_509' title='bbox 1972 2407 2159 2446; x_wconf 85' lang='lat' dir='ltr'>cessas</span> <span class='ocrx_word' id='word_1_510' title='bbox 2192 2390 2441 2461; x_wconf 85' lang='lat' dir='ltr'>regionis</span> <span class='ocrx_word' id='word_1_511' title='bbox 2471 2395 2682 2459; x_wconf 87' lang='lat' dir='ltr'>partes,</span> <span class='ocrx_word' id='word_1_512' title='bbox 2716 2409 2857 2461; x_wconf 88' lang='lat' dir='ltr'>quas</span> <span class='ocrx_word' id='word_1_513' title='bbox 2906 2393 3081 2448; x_wconf 82' lang='lat' dir='ltr'>etiam</span> <span class='ocrx_word' id='word_1_514' title='bbox 3133 2390 3289 2448; x_wconf 79' lang='lat' dir='ltr'>nunc</span> <span class='ocrx_word' id='word_1_515' title='bbox 3342 2393 3631 2449; x_wconf 90' lang='lat' dir='ltr'>Utinensis</span> 
     </span>
    </p>
   </div>
   <div class='ocr_carea' id='block_1_70' title="bbox 1975 2460 3629 2531">
    <p class='ocr_par' dir='ltr' id='par_1_70' title="bbox 1975 2460 3629 2531">
     <span class='ocr_line' id='line_1_72' title="bbox 1975 2460 3629 2531; baseline 0.002 -16"><span class='ocrx_word' id='word_1_516' title='bbox 1975 2467 2170 2515; x_wconf 88' lang='lat' dir='ltr'>nostra</span> <span class='ocrx_word' id='word_1_517' title='bbox 2197 2460 2457 2515; x_wconf 72' lang='lat' dir='ltr'>dithesis</span> <span class='ocrx_word' id='word_1_518' title='bbox 2484 2478 2550 2515; x_wconf 89' lang='lat' dir='ltr'>ex</span> <span class='ocrx_word' id='word_1_519' title='bbox 2589 2462 2935 2531; x_wconf 91' lang='lat' dir='ltr'>Aquileiensi</span> <span class='ocrx_word' id='word_1_520' title='bbox 2967 2466 3233 2529; x_wconf 85' lang='lat' dir='ltr'>conﬂata,</span> <span class='ocrx_word' id='word_1_521' title='bbox 3265 2465 3629 2519; x_wconf 89' lang='lat' dir='ltr'>Germaniam</span> 
     </span>
    </p>
   </div>
   <div class='ocr_carea' id='block_1_71' title="bbox 1973 2531 3633 2607">
    <p class='ocr_par' dir='ltr' id='par_1_71' title="bbox 1973 2531 3633 2607">
     <span class='ocr_line' id='line_1_73' title="bbox 1973 2531 3633 2607; baseline 0.003 -23"><span class='ocrx_word' id='word_1_522' title='bbox 1973 2549 2167 2607; x_wconf 84' lang='lat' dir='ltr'>versus</span> <span class='ocrx_word' id='word_1_523' title='bbox 2197 2536 2254 2607; x_wconf 88' lang='lat' dir='ltr'>et</span> <span class='ocrx_word' id='word_1_524' title='bbox 2282 2531 3049 2607; x_wconf 84' lang='lat' dir='ltr'>Nori_eum,__complectitur?</span> <span class='ocrx_word' id='word_1_525' title='bbox 3080 2536 3245 2607; x_wconf 82' lang='lat' dir='ltr'>Nulla</span> <span class='ocrx_word' id='word_1_526' title='bbox 3271 2536 3442 2607; x_wconf 88' lang='lat' dir='ltr'>igitur</span> <span class='ocrx_word' id='word_1_527' title='bbox 3483 2536 3633 2607; x_wconf 84' lang='lat' dir='ltr'>difﬁ-</span> 
     </span>
    </p>
   </div>
   <div class='ocr_carea' id='block_1_72' title="bbox 1973 2603 3629 2675">
    <p class='ocr_par' dir='ltr' id='par_1_72' title="bbox 1973 2603 3629 2675">
     <span class='ocr_line' id='line_1_74' title="bbox 1973 2603 3629 2675; baseline 0.002 -18"><span class='ocrx_word' id='word_1_528' title='bbox 1973 2603 2153 2657; x_wconf 90' lang='lat' dir='ltr'>cultas</span> <span class='ocrx_word' id='word_1_529' title='bbox 2175 2603 2459 2675; x_wconf 75' lang='lat' dir='ltr'>est,ratio</span> <span class='ocrx_word' id='word_1_530' title='bbox 2482 2603 2641 2675; x_wconf 86' lang='lat' dir='ltr'>nulla</span> <span class='ocrx_word' id='word_1_531' title='bbox 2671 2620 2798 2675; x_wconf 76' lang='lat' dir='ltr'>qua-</span> <span class='ocrx_word' id='word_1_532' title='bbox 2814 2604 2977 2671; x_wconf 91' lang='lat' dir='ltr'>obsit,</span> <span class='ocrx_word' id='word_1_533' title='bbox 3000 2603 3629 2675; x_wconf 55' lang='lat' dir='ltr'>quominus&#39;Marcellus</span> 
     </span>
    </p>
   </div>
   <div class='ocr_carea' id='block_1_73' title="bbox 1973 2673 3628 2747">
    <p class='ocr_par' dir='ltr' id='par_1_73' title="bbox 1973 2673 3628 2747">
     <span class='ocr_line' id='line_1_75' title="bbox 1973 2673 3628 2747; baseline 0.003 -19"><span class='ocrx_word' id='word_1_534' title='bbox 1973 2679 2023 2729; x_wconf 88' lang='lat' dir='ltr'>et</span> <span class='ocrx_word' id='word_1_535' title='bbox 2046 2674 2388 2747; x_wconf 82' lang='lat' dir='ltr'>Alexander,</span> <span class='ocrx_word' id='word_1_536' title='bbox 2418 2673 2796 2747; x_wconf 79' lang='lat' dir='ltr'>Aquileiensis</span> <span class='ocrx_word' id='word_1_537' title='bbox 2825 2673 3073 2747; x_wconf 78' lang='lat' dir='ltr'>episcopi</span> <span class='ocrx_word' id='word_1_538' title='bbox 3104 2677 3394 2747; x_wconf 87' lang='lat' dir='ltr'>appellati,</span> <span class='ocrx_word' id='word_1_539' title='bbox 3427 2694 3628 2747; x_wconf 88' lang='lat' dir='ltr'>reapse</span> 
     </span>
    </p>
   </div>
   <div class='ocr_carea' id='block_1_74' title="bbox 1973 2744 3631 2819">
    <p class='ocr_par' dir='ltr' id='par_1_74' title="bbox 1973 2744 3631 2819">
     <span class='ocr_line' id='line_1_76' title="bbox 1973 2744 3631 2819; baseline 0.001 -19"><span class='ocrx_word' id='word_1_540' title='bbox 1973 2744 2359 2819; x_wconf 78' lang='lat' dir='ltr'>Aquileienses</span> <span class='ocrx_word' id='word_1_541' title='bbox 2381 2744 2627 2819; x_wconf 86' lang='lat' dir='ltr'>episcopi</span> <span class='ocrx_word' id='word_1_542' title='bbox 2656 2744 3095 2819; x_wconf 82' lang='lat' dir='ltr'>fuerinteodem</span> <span class='ocrx_word' id='word_1_543' title='bbox 3133 2744 3409 2819; x_wconf 77' lang='lat' dir='ltr'>tempore,</span> <span class='ocrx_word' id='word_1_544' title='bbox 3463 2744 3631 2802; x_wconf 82' lang='lat' dir='ltr'>nimi-</span> 
     </span>
    </p>
   </div>
   <div class='ocr_carea' id='block_1_75' title="bbox 1973 2815 3629 2888">
    <p class='ocr_par' dir='ltr' id='par_1_75' title="bbox 1973 2815 3629 2888">
     <span class='ocr_line' id='line_1_77' title="bbox 1973 2815 3629 2888; baseline 0.003 -18"><span class='ocrx_word' id='word_1_545' title='bbox 1973 2832 2100 2888; x_wconf 90' lang='lat' dir='ltr'>rum</span> <span class='ocrx_word' id='word_1_546' title='bbox 2131 2815 2440 2888; x_wconf 81' lang='lat' dir='ltr'>auxiliares</span> <span class='ocrx_word' id='word_1_547' title='bbox 2467 2816 2712 2886; x_wconf 82' lang='lat' dir='ltr'>episeOpi</span> <span class='ocrx_word' id='word_1_548' title='bbox 2747 2816 2802 2870; x_wconf 92' lang='lat' dir='ltr'>in</span> <span class='ocrx_word' id='word_1_549' title='bbox 2830 2818 3206 2888; x_wconf 88' lang='lat' dir='ltr'>Aquileiensis</span> <span class='ocrx_word' id='word_1_550' title='bbox 3238 2815 3497 2875; x_wconf 85' lang='lat' dir='ltr'>Ecclesiae</span> <span class='ocrx_word' id='word_1_551' title='bbox 3549 2820 3629 2874; x_wconf 87' lang='lat' dir='ltr'>lo-</span> 
     </span>
    </p>
   </div>
   <div class='ocr_carea' id='block_1_76' title="bbox 1974 2886 3627 2961">
    <p class='ocr_par' dir='ltr' id='par_1_76' title="bbox 1974 2886 3627 2961">
     <span class='ocr_line' id='line_1_78' title="bbox 1974 2886 3627 2961; baseline 0.002 -20"><span class='ocrx_word' id='word_1_552' title='bbox 1974 2887 2057 2961; x_wconf 82' lang='lat' dir='ltr'>cis</span> <span class='ocrx_word' id='word_1_553' title='bbox 2087 2886 2299 2940; x_wconf 86' lang='lat' dir='ltr'>dissitis</span> <span class='ocrx_word' id='word_1_554' title='bbox 2329 2891 2498 2961; x_wconf 84' lang='lat' dir='ltr'>atque</span> <span class='ocrx_word' id='word_1_555' title='bbox 2523 2888 2761 2961; x_wconf 86' lang='lat' dir='ltr'>remotis</span> <span class='ocrx_word' id='word_1_556' title='bbox 2792 2886 3084 2944; x_wconf 80' lang='lat' dir='ltr'>constituti</span> <span class='ocrx_word' id='word_1_557' title='bbox 3135 2907 3235 2961; x_wconf 92' lang='lat' dir='ltr'>pro</span> <span class='ocrx_word' id='word_1_558' title='bbox 3279 2891 3627 2961; x_wconf 86' lang='lat' dir='ltr'>Aquileiensi</span> 
     </span>
    </p>
   </div>
   <div class='ocr_carea' id='block_1_77' title="bbox 1973 2957 3628 3032">
    <p class='ocr_par' dir='ltr' id='par_1_77' title="bbox 1973 2957 3628 3032">
     <span class='ocr_line' id='line_1_79' title="bbox 1973 2957 3628 3032; baseline 0.002 -20"><span class='ocrx_word' id='word_1_559' title='bbox 1973 2958 2255 3032; x_wconf 76' lang='lat' dir='ltr'>episeopo,</span> <span class='ocrx_word' id='word_1_560' title='bbox 2287 2957 2383 3029; x_wconf 90' lang='lat' dir='ltr'>qui</span> <span class='ocrx_word' id='word_1_561' title='bbox 2411 2962 2547 3032; x_wconf 85' lang='lat' dir='ltr'>tunc</span> <span class='ocrx_word' id='word_1_562' title='bbox 2574 2958 2905 3014; x_wconf 90' lang='lat' dir='ltr'>universam</span> <span class='ocrx_word' id='word_1_563' title='bbox 2937 2957 3158 3032; x_wconf 84' lang='lat' dir='ltr'>regeret</span> <span class='ocrx_word' id='word_1_564' title='bbox 3195 2962 3308 3017; x_wconf 86' lang='lat' dir='ltr'>late</span> <span class='ocrx_word' id='word_1_565' title='bbox 3338 2957 3628 3032; x_wconf 78' lang='lat' dir='ltr'>patentem</span> 
     </span>
    </p>
   </div>
   <div class='ocr_carea' id='block_1_78' title="bbox 198 3026 2738 3108">
    <p class='ocr_par' dir='ltr' id='par_1_78' title="bbox 198 3026 2738 3108">
     <span class='ocr_line' id='line_1_80' title="bbox 198 3026 2738 3108; baseline 0.001 -26"><span class='ocrx_word' id='word_1_566' title='bbox 198 3044 269 3082; x_wconf 88' lang='lat' dir='ltr'>ex</span> <span class='ocrx_word' id='word_1_567' title='bbox 300 3029 686 3108; x_wconf 57' lang='lat' dir='ltr'>quaitomam</span> <span class='ocrx_word' id='word_1_568' title='bbox 711 3033 820 3108; x_wconf 83' lang='lat' dir='ltr'>tres</span> <span class='ocrx_word' id='word_1_569' title='bbox 846 3031 1290 3108; x_wconf 73' lang='lat' dir='ltr'>perducerentur</span> <span class='ocrx_word' id='word_1_570' title='bbox 1314 3027 1583 3108; x_wconf 55' lang='lat' dir='ltr'>episcopi,</span> <span class='ocrx_word' id='word_1_571' title='bbox 1621 3026 1720 3108; x_wconf 79' lang='lat' dir='ltr'>qui</span> <span class='ocrx_word' id='word_1_572' title='bbox 1744 3043 1864 3107; x_wconf 80' lang='lat' dir='ltr'>_ma-</span> <span class='ocrx_word' id='word_1_573' title='bbox 1901 3043 1945 3104; x_wconf 78' lang='lat' dir='ltr'><strong>C</strong></span> <span class='ocrx_word' id='word_1_574' title='bbox 1973 3026 2393 3108; x_wconf 72' lang='lat' dir='ltr'>Aquileiensem</span> <span class='ocrx_word' id='word_1_575' title='bbox 2424 3029 2738 3108; x_wconf 80' lang='lat' dir='ltr'>regionem.</span> 
     </span>
    </p>
   </div>
   <div class='ocr_carea' id='block_1_79' title="bbox 198 3097 1863 3169">
    <p class='ocr_par' dir='ltr' id='par_1_79' title="bbox 198 3097 1863 3169">
     <span class='ocr_line' id='line_1_81' title="bbox 198 3097 1863 3169; baseline 0 -16"><span class='ocrx_word' id='word_1_576' title='bbox 198 3116 310 3153; x_wconf 90' lang='lat' dir='ltr'>nus</span> <span class='ocrx_word' id='word_1_577' title='bbox 334 3097 882 3169; x_wconf 56' lang='lat' dir='ltr'>ipsiimponerentfa</span> <span class='ocrx_word' id='word_1_578' title='bbox 912 3104 995 3155; x_wconf 88' lang='lat' dir='ltr'>An</span> <span class='ocrx_word' id='word_1_579' title='bbox 1025 3116 1177 3162; x_wconf 81' lang='lat' dir='ltr'>vero.</span> <span class='ocrx_word' id='word_1_580' title='bbox 1209 3097 1863 3168; x_wconf 87' lang='lat' dir='ltr'>subditAquileiensium</span> 
     </span>
    </p>
   </div>
   <div class='ocr_carea' id='block_1_80' title="bbox 202 3168 1864 3242">
    <p class='ocr_par' dir='ltr' id='par_1_80' title="bbox 202 3168 1864 3242">
     <span class='ocr_line' id='line_1_82' title="bbox 202 3168 1864 3242; baseline 0 -19"><span class='ocrx_word' id='word_1_581' title='bbox 202 3168 705 3242; x_wconf 71' lang='lat' dir='ltr'>Monumentorum</span> <span class='ocrx_word' id='word_1_582' title='bbox 731 3172 991 3242; x_wconf 90' lang='lat' dir='ltr'>scriptor,</span> <span class='ocrx_word' id='word_1_583' title='bbox 1019 3188 1092 3225; x_wconf 90' lang='lat' dir='ltr'>an</span> <span class='ocrx_word' id='word_1_584' title='bbox 1113 3188 1247 3225; x_wconf 88' lang='lat' dir='ltr'>vero</span> <span class='ocrx_word' id='word_1_585' title='bbox 1266 3169 1537 3242; x_wconf 79' lang='lat' dir='ltr'>Aquileiae</span> <span class='ocrx_word' id='word_1_586' title='bbox 1561 3174 1619 3224; x_wconf 90' lang='lat' dir='ltr'>et</span> <span class='ocrx_word' id='word_1_587' title='bbox 1647 3168 1864 3224; x_wconf 86' lang='lat' dir='ltr'>Tiburis</span> 
     </span>
    </p>
   </div>
   <div class='ocr_carea' id='block_1_81' title="bbox 200 3240 1864 3314">
    <p class='ocr_par' dir='ltr' id='par_1_81' title="bbox 200 3240 1864 3314">
     <span class='ocr_line' id='line_1_83' title="bbox 200 3240 1864 3314; baseline -0.001 -18"><span class='ocrx_word' id='word_1_588' title='bbox 200 3241 354 3314; x_wconf 81' lang='lat' dir='ltr'>loca,</span> <span class='ocrx_word' id='word_1_589' title='bbox 384 3258 512 3311; x_wconf 70' lang='lat' dir='ltr'>quas</span> <span class='ocrx_word' id='word_1_590' title='bbox 541 3246 663 3296; x_wconf 91' lang='lat' dir='ltr'>tam</span> <span class='ocrx_word' id='word_1_591' title='bbox 685 3240 859 3314; x_wconf 78' lang='lat' dir='ltr'>longe</span> <span class='ocrx_word' id='word_1_592' title='bbox 884 3244 1111 3313; x_wconf 88' lang='lat' dir='ltr'>lateque</span> <span class='ocrx_word' id='word_1_593' title='bbox 1134 3243 1369 3314; x_wconf 86' lang='lat' dir='ltr'>distant,</span> <span class='ocrx_word' id='word_1_594' title='bbox 1439 3240 1592 3314; x_wconf 85' lang='lat' dir='ltr'>intra</span> <span class='ocrx_word' id='word_1_595' title='bbox 1640 3245 1864 3314; x_wconf 84' lang='lat' dir='ltr'>partem</span> 
     </span>
    </p>
   </div>
   <div class='ocr_carea' id='block_1_82' title="bbox 198 3312 1865 3384">
    <p class='ocr_par' dir='ltr' id='par_1_82' title="bbox 198 3312 1865 3384">
     <span class='ocr_line' id='line_1_84' title="bbox 198 3312 1865 3384; baseline -0.001 -16"><span class='ocrx_word' id='word_1_596' title='bbox 198 3312 386 3368; x_wconf 74' lang='lat' dir='ltr'>Italia:</span> <span class='ocrx_word' id='word_1_597' title='bbox 412 3317 717 3384; x_wconf 86' lang='lat' dir='ltr'>angustam</span> <span class='ocrx_word' id='word_1_598' title='bbox 761 3312 818 3369; x_wconf 81' lang='lat' dir='ltr'>et</span> <span class='ocrx_word' id='word_1_599' title='bbox 866 3312 1168 3369; x_wconf 81' lang='lat' dir='ltr'>minimam</span> <span class='ocrx_word' id='word_1_600' title='bbox 1223 3312 1524 3375; x_wconf 91' lang='lat' dir='ltr'>contineri,</span> <span class='ocrx_word' id='word_1_601' title='bbox 1579 3312 1865 3384; x_wconf 89' lang='lat' dir='ltr'>quispiam</span> 
     </span>
    </p>
   </div>
   <div class='ocr_carea' id='block_1_83' title="bbox 204 3383 1866 3456">
    <p class='ocr_par' dir='ltr' id='par_1_83' title="bbox 204 3383 1866 3456">
     <span class='ocr_line' id='line_1_85' title="bbox 204 3383 1866 3456; baseline -0.002 -17"><span class='ocrx_word' id='word_1_602' title='bbox 204 3384 417 3456; x_wconf 86' lang='lat' dir='ltr'>dixerit</span> <span class='ocrx_word' id='word_1_603' title='bbox 436 3384 532 3454; x_wconf 90' lang='lat' dir='ltr'>qui</span> <span class='ocrx_word' id='word_1_604' title='bbox 561 3402 702 3440; x_wconf 87' lang='lat' dir='ltr'>sana</span> <span class='ocrx_word' id='word_1_605' title='bbox 718 3392 907 3441; x_wconf 88' lang='lat' dir='ltr'>mente</span> <span class='ocrx_word' id='word_1_606' title='bbox 922 3386 1177 3456; x_wconf 83' lang='lat' dir='ltr'>polleat?</span> <span class='ocrx_word' id='word_1_607' title='bbox 1210 3408 1236 3434; x_wconf 72' lang='grc' dir='ltr'><em>η</em></span> <span class='ocrx_word' id='word_1_608' title='bbox 1260 3386 1383 3439; x_wconf 87' lang='lat' dir='ltr'>Non</span> <span class='ocrx_word' id='word_1_609' title='bbox 1417 3385 1692 3456; x_wconf 88' lang='lat' dir='ltr'>equidem</span> <span class='ocrx_word' id='word_1_610' title='bbox 1714 3383 1866 3437; x_wconf 88' lang='lat' dir='ltr'>dixe-</span> 
     </span>
    </p>
   </div>
   <div class='ocr_carea' id='block_1_84' title="bbox 202 3455 1865 3525">
    <p class='ocr_par' dir='ltr' id='par_1_84' title="bbox 202 3455 1865 3525">
     <span class='ocr_line' id='line_1_86' title="bbox 202 3455 1865 3525; baseline -0.002 -15"><span class='ocrx_word' id='word_1_611' title='bbox 202 3455 319 3510; x_wconf 88' lang='lat' dir='ltr'>rim</span> <span class='ocrx_word' id='word_1_612' title='bbox 347 3455 616 3525; x_wconf 73' lang='lat' dir='ltr'>Aquileiae</span> <span class='ocrx_word' id='word_1_613' title='bbox 646 3462 701 3511; x_wconf 89' lang='lat' dir='ltr'>et</span> <span class='ocrx_word' id='word_1_614' title='bbox 726 3455 946 3512; x_wconf 83' lang='lat' dir='ltr'>Tiburis</span> <span class='ocrx_word' id='word_1_615' title='bbox 978 3458 1102 3511; x_wconf 90' lang='lat' dir='ltr'>loca</span> <span class='ocrx_word' id='word_1_616' title='bbox 1128 3459 1287 3511; x_wconf 80' lang='lat' dir='ltr'>intra</span> <span class='ocrx_word' id='word_1_617' title='bbox 1312 3462 1530 3525; x_wconf 77' lang='lat' dir='ltr'>partem</span> <span class='ocrx_word' id='word_1_618' title='bbox 1561 3455 1746 3511; x_wconf 68' lang='lat' dir='ltr'>Italiae</span> <span class='ocrx_word' id='word_1_619' title='bbox 1769 3472 1865 3509; x_wconf 72' lang='lat' dir='ltr'>an~</span> 
     </span>
    </p>
   </div>
   <div class='ocr_carea' id='block_1_85' title="bbox 204 3526 1868 3608">
    <p class='ocr_par' dir='ltr' id='par_1_85' title="bbox 204 3526 1868 3608">
     <span class='ocr_line' id='line_1_87' title="bbox 204 3526 1868 3608; baseline 0.001 -29"><span class='ocrx_word' id='word_1_620' title='bbox 204 3526 512 3608; x_wconf 46' lang='lat' dir='ltr'>eadem}!</span> <span class='ocrx_word' id='word_1_621' title='bbox 538 3528 826 3608; x_wconf 76' lang='lat' dir='ltr'>minimam</span> <span class='ocrx_word' id='word_1_622' title='bbox 838 3529 1133 3608; x_wconf 59' lang='lat' dir='ltr'>contineri,</span> <span class='ocrx_word' id='word_1_623' title='bbox 1163 3544 1259 3608; x_wconf 75' lang='lat' dir='ltr'>seu</span> <span class='ocrx_word' id='word_1_624' title='bbox 1292 3527 1488 3592; x_wconf 90' lang='lat' dir='ltr'>etiam,</span> <span class='ocrx_word' id='word_1_625' title='bbox 1508 3531 1569 3580; x_wconf 89' lang='lat' dir='ltr'>ut</span> <span class='ocrx_word' id='word_1_626' title='bbox 1593 3526 1868 3608; x_wconf 68' lang='lat' dir='ltr'>V&#39;allesius</span> 
     </span>
    </p>
   </div>
   <div class='ocr_carea' id='block_1_86' title="bbox 208 3597 1867 3669">
    <p class='ocr_par' dir='ltr' id='par_1_86' title="bbox 208 3597 1867 3669">
     <span class='ocr_line' id='line_1_88' title="bbox 208 3597 1867 3669; baseline -0.001 -17"><span class='ocrx_word' id='word_1_627' title='bbox 208 3597 311 3662; x_wconf 90' lang='lat' dir='ltr'>ibi,</span> <span class='ocrx_word' id='word_1_628' title='bbox 336 3603 393 3652; x_wconf 90' lang='lat' dir='ltr'>et</span> <span class='ocrx_word' id='word_1_629' title='bbox 418 3600 784 3655; x_wconf 85' lang='lat' dir='ltr'>Constantius</span> <span class='ocrx_word' id='word_1_630' title='bbox 814 3600 869 3654; x_wconf 91' lang='lat' dir='ltr'>in</span> <span class='ocrx_word' id='word_1_631' title='bbox 903 3599 1167 3669; x_wconf 85' lang='lat' dir='ltr'>Epistolis</span> <span class='ocrx_word' id='word_1_632' title='bbox 1199 3602 1585 3653; x_wconf 84' lang='lat' dir='ltr'>Romanorum</span> <span class='ocrx_word' id='word_1_633' title='bbox 1645 3597 1867 3669; x_wconf 85' lang='lat' dir='ltr'>pontifi-</span> 
     </span>
    </p>
   </div>
   <div class='ocr_carea' id='block_1_87' title="bbox 207 3668 1867 3741">
    <p class='ocr_par' dir='ltr' id='par_1_87' title="bbox 207 3668 1867 3741">
     <span class='ocr_line' id='line_1_89' title="bbox 207 3668 1867 3741; baseline -0.001 -17"><span class='ocrx_word' id='word_1_634' title='bbox 207 3686 343 3724; x_wconf 89' lang='lat' dir='ltr'>cum</span> <span class='ocrx_word' id='word_1_635' title='bbox 366 3668 835 3740; x_wconf 79' lang='lat' dir='ltr'>interpretantur,</span> <span class='ocrx_word' id='word_1_636' title='bbox 876 3668 1137 3741; x_wconf 74' lang='lat' dir='ltr'>exiguam</span> <span class='ocrx_word' id='word_1_637' title='bbox 1159 3686 1227 3725; x_wconf 86' lang='lat' dir='ltr'>ac</span> <span class='ocrx_word' id='word_1_638' title='bbox 1251 3670 1589 3726; x_wconf 76' lang='lat' dir='ltr'>vilissimum</span> <span class='ocrx_word' id='word_1_639' title='bbox 1617 3687 1637 3722; x_wconf 87' lang='lat'><strong><em>:</em></strong></span> <span class='ocrx_word' id='word_1_640' title='bbox 1679 3668 1867 3741; x_wconf 84' lang='lat' dir='ltr'>dicam</span> 
     </span>
    </p>
   </div>
   <div class='ocr_carea' id='block_1_88' title="bbox 208 3739 1865 3809">
    <p class='ocr_par' dir='ltr' id='par_1_88' title="bbox 208 3739 1865 3809">
     <span class='ocr_line' id='line_1_90' title="bbox 208 3739 1865 3809; baseline -0.002 -14"><span class='ocrx_word' id='word_1_641' title='bbox 208 3746 412 3796; x_wconf 86' lang='lat' dir='ltr'>tamen</span> <span class='ocrx_word' id='word_1_642' title='bbox 437 3739 681 3796; x_wconf 85' lang='lat' dir='ltr'>veterem</span> <span class='ocrx_word' id='word_1_643' title='bbox 732 3739 1262 3797; x_wconf 27' lang='lat' dir='ltr'>Eusebii‘Historiaa</span> <span class='ocrx_word' id='word_1_644' title='bbox 1307 3741 1675 3809; x_wconf 88' lang='lat' dir='ltr'>interpretem</span> <span class='ocrx_word' id='word_1_645' title='bbox 1721 3739 1865 3793; x_wconf 83' lang='lat' dir='ltr'>Rufi-</span> 
     </span>
    </p>
   </div>
   <div class='ocr_carea' id='block_1_89' title="bbox 209 3811 1869 3883">
    <p class='ocr_par' dir='ltr' id='par_1_89' title="bbox 209 3811 1869 3883">
     <span class='ocr_line' id='line_1_91' title="bbox 209 3811 1869 3883; baseline -0.002 -16"><span class='ocrx_word' id='word_1_646' title='bbox 209 3829 376 3877; x_wconf 87' lang='lat' dir='ltr'>num,</span> <span class='ocrx_word' id='word_1_647' title='bbox 410 3814 482 3867; x_wconf 89' lang='lat' dir='ltr'>ab</span> <span class='ocrx_word' id='word_1_648' title='bbox 514 3813 635 3883; x_wconf 89' lang='lat' dir='ltr'>ipso</span> <span class='ocrx_word' id='word_1_649' title='bbox 675 3813 915 3868; x_wconf 79' lang='lat' dir='ltr'>Vallesio</span> <span class='ocrx_word' id='word_1_650' title='bbox 939 3813 994 3866; x_wconf 90' lang='lat' dir='ltr'>in</span> <span class='ocrx_word' id='word_1_651' title='bbox 1021 3812 1169 3867; x_wconf 88' lang='lat' dir='ltr'>notis</span> <span class='ocrx_word' id='word_1_652' title='bbox 1200 3811 1375 3866; x_wconf 90' lang='lat' dir='ltr'>etiam</span> <span class='ocrx_word' id='word_1_653' title='bbox 1422 3811 1495 3865; x_wconf 89' lang='lat' dir='ltr'>ad</span> <span class='ocrx_word' id='word_1_654' title='bbox 1540 3814 1729 3883; x_wconf 77' lang='lat' dir='ltr'>caput</span> <span class='ocrx_word' id='word_1_655' title='bbox 1763 3811 1869 3883; x_wconf 81' lang='lat' dir='ltr'>hoc</span> 
     </span>
    </p>
   </div>
   <div class='ocr_carea' id='block_1_90' title="bbox 205 3880 1864 3950">
    <p class='ocr_par' dir='ltr' id='par_1_90' title="bbox 205 3880 1864 3950">
     <span class='ocr_line' id='line_1_92' title="bbox 205 3880 1864 3950; baseline -0.003 -11"><span class='ocrx_word' id='word_1_656' title='bbox 205 3880 549 3950; x_wconf 61' lang='lat' dir='ltr'>laudatumi</span> <span class='ocrx_word' id='word_1_657' title='bbox 579 3884 867 3947; x_wconf 80' lang='lat' dir='ltr'>Hutinum,</span> <span class='ocrx_word' id='word_1_658' title='bbox 898 3884 1149 3950; x_wconf 87' lang='lat' dir='ltr'>inquam,</span> <span class='ocrx_word' id='word_1_659' title='bbox 1176 3900 1244 3938; x_wconf 89' lang='lat' dir='ltr'>ex</span> <span class='ocrx_word' id='word_1_660' title='bbox 1265 3883 1514 3937; x_wconf 89' lang='lat' dir='ltr'>editione</span> <span class='ocrx_word' id='word_1_661' title='bbox 1574 3880 1864 3945; x_wconf 86' lang='lat' dir='ltr'>Caceiarii,</span> 
     </span>
    </p>
   </div>
   <div class='ocr_carea' id='block_1_91' title="bbox 206 3952 1869 4027">
    <p class='ocr_par' dir='ltr' id='par_1_91' title="bbox 206 3952 1869 4027">
     <span class='ocr_line' id='line_1_93' title="bbox 206 3952 1869 4027; baseline -0.005 -18"><span class='ocrx_word' id='word_1_662' title='bbox 206 3955 357 4010; x_wconf 88' lang='lat' dir='ltr'>libro</span> <span class='ocrx_word' id='word_1_663' title='bbox 370 3972 447 4021; x_wconf 69' lang='grc' dir='ltr'>γι,</span> <span class='ocrx_word' id='word_1_664' title='bbox 476 3956 657 4027; x_wconf 86' lang='lat' dir='ltr'>capite</span> <span class='ocrx_word' id='word_1_665' title='bbox 678 3956 767 4021; x_wconf 87' lang='lat'>33,</span> <span class='ocrx_word' id='word_1_666' title='bbox 796 3952 1151 4011; x_wconf 70' lang='lat' dir='ltr'>Corneliana:</span> <span class='ocrx_word' id='word_1_667' title='bbox 1177 3954 1432 4027; x_wconf 69' lang='lat' dir='ltr'>epistolas</span> <span class='ocrx_word' id='word_1_668' title='bbox 1455 3952 1627 4007; x_wconf 87' lang='lat' dir='ltr'>verba</span> <span class='ocrx_word' id='word_1_669' title='bbox 1648 3952 1869 4027; x_wconf 73' lang='lat' dir='ltr'>itared-</span> 
     </span>
    </p>
   </div>
   <div class='ocr_carea' id='block_1_92' title="bbox 208 4024 1867 4097">
    <p class='ocr_par' dir='ltr' id='par_1_92' title="bbox 208 4024 1867 4097">
     <span class='ocr_line' id='line_1_94' title="bbox 208 4024 1867 4097; baseline -0.002 -17"><span class='ocrx_word' id='word_1_670' title='bbox 208 4028 443 4091; x_wconf 88' lang='lat' dir='ltr'>didisse,</span> <span class='ocrx_word' id='word_1_671' title='bbox 479 4024 685 4083; x_wconf 53' lang='lat' dir='ltr'>utnon</span> <span class='ocrx_word' id='word_1_672' title='bbox 709 4035 1001 4097; x_wconf 76' lang='lat' dir='ltr'>angustam</span> <span class='ocrx_word' id='word_1_673' title='bbox 1038 4033 1090 4082; x_wconf 79' lang='lat' dir='ltr'>et</span> <span class='ocrx_word' id='word_1_674' title='bbox 1148 4024 1449 4088; x_wconf 56' lang='lat' dir='ltr'>minimam,</span> <span class='ocrx_word' id='word_1_675' title='bbox 1511 4038 1700 4097; x_wconf 82' lang='lat' dir='ltr'>neque</span> <span class='ocrx_word' id='word_1_676' title='bbox 1753 4024 1867 4077; x_wconf 70' lang='lat' dir='ltr'>exi-</span> 
     </span>
    </p>
   </div>
   <div class='ocr_carea' id='block_1_93' title="bbox 206 4095 1867 4181">
    <p class='ocr_par' dir='ltr' id='par_1_93' title="bbox 206 4095 1867 4181">
     <span class='ocr_line' id='line_1_95' title="bbox 206 4095 1867 4181; baseline -0.003 -28"><span class='ocrx_word' id='word_1_677' title='bbox 206 4114 471 4181; x_wconf 46' lang='lat' dir='ltr'>guamuac</span> <span class='ocrx_word' id='word_1_678' title='bbox 500 4095 848 4181; x_wconf 31' lang='lat' dir='ltr'>mitissimam,</span> <span class='ocrx_word' id='word_1_679' title='bbox 879 4100 989 4181; x_wconf 32' lang='lat' dir='ltr'>sed.</span> <span class='ocrx_word' id='word_1_680' title='bbox 1006 4097 1195 4181; x_wconf 71' lang='lat' dir='ltr'>potius</span> <span class='ocrx_word' id='word_1_681' title='bbox 1224 4095 1719 4181; x_wconf 44' lang='lat' dir='ltr'>remotamnl‘ialia;</span> <span class='ocrx_word' id='word_1_682' title='bbox 1739 4111 1867 4175; x_wconf 49' lang='lat' dir='ltr'>par:</span> 
     </span>
    </p>
   </div>
   <div class='ocr_carea' id='block_1_94' title="bbox 209 4164 1869 4240">
    <p class='ocr_par' dir='ltr' id='par_1_94' title="bbox 209 4164 1869 4240">
     <span class='ocr_line' id='line_1_96' title="bbox 209 4164 1869 4240; baseline -0.003 -16"><span class='ocrx_word' id='word_1_683' title='bbox 209 4164 326 4226; x_wconf 61' lang='lat' dir='ltr'>tem</span> <span class='ocrx_word' id='word_1_684' title='bbox 360 4169 588 4235; x_wconf 88' lang='lat' dir='ltr'>diceret,</span> <span class='ocrx_word' id='word_1_685' title='bbox 621 4186 689 4225; x_wconf 87' lang='lat' dir='ltr'>ex</span> <span class='ocrx_word' id='word_1_686' title='bbox 716 4187 827 4240; x_wconf 91' lang='lat' dir='ltr'>qua</span> <span class='ocrx_word' id='word_1_687' title='bbox 859 4164 1025 4225; x_wconf 86' lang='lat' dir='ltr'>acciti</span> <span class='ocrx_word' id='word_1_688' title='bbox 1050 4169 1281 4223; x_wconf 89' lang='lat' dir='ltr'>fuerunt</span> <span class='ocrx_word' id='word_1_689' title='bbox 1333 4171 1447 4222; x_wconf 90' lang='lat' dir='ltr'>tres</span> <span class='ocrx_word' id='word_1_690' title='bbox 1500 4164 1869 4240; x_wconf 76' lang='lat' dir='ltr'>illi__episcopi</span> 
     </span>
    </p>
   </div>
   <div class='ocr_carea' id='block_1_95' title="bbox 206 4237 1872 4310">
    <p class='ocr_par' dir='ltr' id='par_1_95' title="bbox 206 4237 1872 4310">
     <span class='ocr_line' id='line_1_97' title="bbox 206 4237 1872 4310; baseline -0.002 -15"><span class='ocrx_word' id='word_1_691' title='bbox 206 4241 516 4295; x_wconf 86' lang='lat' dir='ltr'>Novatiani</span> <span class='ocrx_word' id='word_1_692' title='bbox 547 4237 1130 4296; x_wconf 71' lang='lat' dir='ltr'>ordinatoresDicam</span> <span class='ocrx_word' id='word_1_693' title='bbox 1155 4256 1378 4310; x_wconf 91' lang='lat' dir='ltr'>quoque</span> <span class='ocrx_word' id='word_1_694' title='bbox 1397 4239 1571 4293; x_wconf 86' lang='lat' dir='ltr'>verba</span> <span class='ocrx_word' id='word_1_695' title='bbox 1592 4237 1691 4310; x_wconf 85' lang='lat' dir='ltr'>illa</span> <span class='ocrx_word' id='word_1_696' title='bbox 1721 4240 1872 4310; x_wconf 66' lang='lat' dir='ltr'>Grae-</span> 
     </span>
    </p>
   </div>
   <div class='ocr_carea' id='block_1_96' title="bbox 207 4308 1867 4383">
    <p class='ocr_par' dir='ltr' id='par_1_96' title="bbox 207 4308 1867 4383">
     <span class='ocr_line' id='line_1_98' title="bbox 207 4308 1867 4383; baseline -0.003 -16"><span class='ocrx_word' id='word_1_697' title='bbox 207 4329 299 4377; x_wconf 86' lang='lat' dir='ltr'>ca,</span> <span class='ocrx_word' id='word_1_698' title='bbox 328 4329 455 4382; x_wconf 67' lang='lat' dir='ltr'>quae</span> <span class='ocrx_word' id='word_1_699' title='bbox 473 4312 692 4367; x_wconf 90' lang='lat' dir='ltr'>nuncin</span> <span class='ocrx_word' id='word_1_700' title='bbox 724 4316 881 4368; x_wconf 88' lang='lat' dir='ltr'>textu</span> <span class='ocrx_word' id='word_1_701' title='bbox 904 4308 1187 4383; x_wconf 80' lang='lat' dir='ltr'>apparent</span> <span class='ocrx_word' id='word_1_702' title='bbox 1217 4308 1576 4366; x_wconf 66' lang='lat' dir='ltr'>Cornelianis</span> <span class='ocrx_word' id='word_1_703' title='bbox 1601 4308 1867 4379; x_wconf 70' lang='lat' dir='ltr'>epistolae,</span> 
     </span>
    </p>
   </div>
   <div class='ocr_carea' id='block_1_97' title="bbox 2042 3100 3632 3173">
    <p class='ocr_par' dir='ltr' id='par_1_97' title="bbox 2042 3100 3632 3173">
     <span class='ocr_line' id='line_1_99' title="bbox 2042 3100 3632 3173; baseline 0.002 -19"><span class='ocrx_word' id='word_1_704' title='bbox 2042 3100 2282 3155; x_wconf 86' lang='lat' dir='ltr'>Aiebam</span> <span class='ocrx_word' id='word_1_705' title='bbox 2308 3118 2438 3155; x_wconf 83' lang='lat' dir='ltr'>vero</span> <span class='ocrx_word' id='word_1_706' title='bbox 2470 3100 2749 3171; x_wconf 84' lang='lat' dir='ltr'>superius,</span> <span class='ocrx_word' id='word_1_707' title='bbox 2800 3102 3060 3173; x_wconf 80' lang='lat' dir='ltr'>quidquid</span> <span class='ocrx_word' id='word_1_708' title='bbox 3113 3103 3184 3157; x_wconf 77' lang='lat' dir='ltr'>sit</span> <span class='ocrx_word' id='word_1_709' title='bbox 3241 3102 3303 3158; x_wconf 82' lang='lat' dir='ltr'>de</span> <span class='ocrx_word' id='word_1_710' title='bbox 3341 3103 3498 3173; x_wconf 82' lang='lat' dir='ltr'>facti,</span> <span class='ocrx_word' id='word_1_711' title='bbox 3542 3119 3632 3157; x_wconf 82' lang='lat' dir='ltr'>seu</span> 
     </span>
    </p>
   </div>
   <div class='ocr_carea' id='block_1_98' title="bbox 1972 3171 3632 3243">
    <p class='ocr_par' dir='ltr' id='par_1_98' title="bbox 1972 3171 3632 3243">
     <span class='ocr_line' id='line_1_100' title="bbox 1972 3171 3632 3243; baseline 0.001 -17"><span class='ocrx_word' id='word_1_712' title='bbox 1972 3171 2246 3240; x_wconf 80' lang='lat' dir='ltr'>factorum</span> <span class='ocrx_word' id='word_1_713' title='bbox 2280 3173 2533 3237; x_wconf 76' lang='lat' dir='ltr'>veritate,</span> <span class='ocrx_word' id='word_1_714' title='bbox 2570 3190 2697 3243; x_wconf 68' lang='lat' dir='ltr'>quea</span> <span class='ocrx_word' id='word_1_715' title='bbox 2727 3174 2787 3226; x_wconf 91' lang='lat' dir='ltr'>in</span> <span class='ocrx_word' id='word_1_716' title='bbox 2807 3171 3259 3228; x_wconf 80' lang='lat' dir='ltr'>Commentariis</span> <span class='ocrx_word' id='word_1_717' title='bbox 3305 3171 3417 3230; x_wconf 84' lang='lat' dir='ltr'>illis</span> <span class='ocrx_word' id='word_1_718' title='bbox 3454 3190 3632 3230; x_wconf 87' lang='lat' dir='ltr'>enun-</span> 
     </span>
    </p>
   </div>
   <div class='ocr_carea' id='block_1_99' title="bbox 1976 3243 3632 3309">
    <p class='ocr_par' dir='ltr' id='par_1_99' title="bbox 1976 3243 3632 3309">
     <span class='ocr_line' id='line_1_101' title="bbox 1976 3243 3632 3309; baseline 0.002 -12"><span class='ocrx_word' id='word_1_719' title='bbox 1976 3243 2211 3298; x_wconf 89' lang='lat' dir='ltr'>tiantur.</span> <span class='ocrx_word' id='word_1_720' title='bbox 2235 3244 2508 3297; x_wconf 88' lang='lat' dir='ltr'>Convenit</span> <span class='ocrx_word' id='word_1_721' title='bbox 2539 3245 2693 3298; x_wconf 91' lang='lat' dir='ltr'>enim</span> <span class='ocrx_word' id='word_1_722' title='bbox 2715 3245 2865 3300; x_wconf 90' lang='lat' dir='ltr'>inter</span> <span class='ocrx_word' id='word_1_723' title='bbox 2890 3245 3164 3309; x_wconf 88' lang='lat' dir='ltr'>eruditos,</span> <span class='ocrx_word' id='word_1_724' title='bbox 3192 3262 3304 3299; x_wconf 89' lang='lat' dir='ltr'>non</span> <span class='ocrx_word' id='word_1_725' title='bbox 3338 3248 3479 3300; x_wconf 88' lang='lat' dir='ltr'>duos</span> <span class='ocrx_word' id='word_1_726' title='bbox 3502 3246 3632 3300; x_wconf 85' lang='lat' dir='ltr'>illos</span> 
     </span>
    </p>
   </div>
   <div class='ocr_carea' id='block_1_100' title="bbox 1976 3314 3630 3386">
    <p class='ocr_par' dir='ltr' id='par_1_100' title="bbox 1976 3314 3630 3386">
     <span class='ocr_line' id='line_1_102' title="bbox 1976 3314 3630 3386; baseline 0.002 -19"><span class='ocrx_word' id='word_1_727' title='bbox 1976 3314 2361 3385; x_wconf 85' lang='lat' dir='ltr'>Aquileienses</span> <span class='ocrx_word' id='word_1_728' title='bbox 2393 3314 2684 3386; x_wconf 87' lang='lat' dir='ltr'>episcopos</span> <span class='ocrx_word' id='word_1_729' title='bbox 2716 3316 2771 3369; x_wconf 91' lang='lat' dir='ltr'>in</span> <span class='ocrx_word' id='word_1_730' title='bbox 2805 3317 3246 3371; x_wconf 86' lang='lat' dir='ltr'>Commentariis</span> <span class='ocrx_word' id='word_1_731' title='bbox 3298 3315 3630 3371; x_wconf 70' lang='lat' dir='ltr'>Novatiante</span> 
     </span>
    </p>
   </div>
   <div class='ocr_carea' id='block_1_101' title="bbox 1977 3386 3632 3456">
    <p class='ocr_par' dir='ltr' id='par_1_101' title="bbox 1977 3386 3632 3456">
     <span class='ocr_line' id='line_1_103' title="bbox 1977 3386 3632 3456; baseline 0.001 -17"><span class='ocrx_word' id='word_1_732' title='bbox 1977 3392 2145 3440; x_wconf 67' lang='lat' dir='ltr'>sectas</span> <span class='ocrx_word' id='word_1_733' title='bbox 2175 3386 2328 3456; x_wconf 89' lang='lat' dir='ltr'>apud</span> <span class='ocrx_word' id='word_1_734' title='bbox 2372 3386 2638 3440; x_wconf 85' lang='lat' dir='ltr'>Photium</span> <span class='ocrx_word' id='word_1_735' title='bbox 2668 3394 3040 3452; x_wconf 88' lang='lat' dir='ltr'>memoratos,</span> <span class='ocrx_word' id='word_1_736' title='bbox 3074 3392 3130 3443; x_wconf 90' lang='lat' dir='ltr'>et</span> <span class='ocrx_word' id='word_1_737' title='bbox 3176 3388 3415 3442; x_wconf 84' lang='lat' dir='ltr'>fortasse</span> <span class='ocrx_word' id='word_1_738' title='bbox 3450 3402 3632 3456; x_wconf 88' lang='lat' dir='ltr'>neque</span> 
     </span>
    </p>
   </div>
   <div class='ocr_carea' id='block_1_102' title="bbox 1976 3457 3633 3529">
    <p class='ocr_par' dir='ltr' id='par_1_102' title="bbox 1976 3457 3633 3529">
     <span class='ocr_line' id='line_1_104' title="bbox 1976 3457 3633 3529; baseline 0.001 -18"><span class='ocrx_word' id='word_1_739' title='bbox 1976 3457 2485 3515; x_wconf 86' lang='lat' dir='ltr'>Tiburtinum.sed</span> <span class='ocrx_word' id='word_1_740' title='bbox 2530 3458 2671 3512; x_wconf 84' lang='lat' dir='ltr'>alios</span> <span class='ocrx_word' id='word_1_741' title='bbox 2727 3463 2868 3529; x_wconf 88' lang='lat' dir='ltr'>tres,</span> <span class='ocrx_word' id='word_1_742' title='bbox 2923 3459 3263 3529; x_wconf 88' lang='lat' dir='ltr'>imposuisse</span> <span class='ocrx_word' id='word_1_743' title='bbox 3319 3458 3633 3529; x_wconf 80' lang='lat' dir='ltr'>Novatiano</span> 
     </span>
    </p>
   </div>
   <div class='ocr_carea' id='block_1_103' title="bbox 1977 3528 3631 3599">
    <p class='ocr_par' dir='ltr' id='par_1_103' title="bbox 1977 3528 3631 3599">
     <span class='ocr_line' id='line_1_105' title="bbox 1977 3528 3631 3599; baseline 0.001 -18"><span class='ocrx_word' id='word_1_744' title='bbox 1977 3544 2212 3593; x_wconf 87' lang='lat' dir='ltr'>manus;</span> <span class='ocrx_word' id='word_1_745' title='bbox 2230 3545 2471 3598; x_wconf 87' lang='lat' dir='ltr'>quorum</span> <span class='ocrx_word' id='word_1_746' title='bbox 2493 3530 2634 3583; x_wconf 90' lang='lat' dir='ltr'>duos</span> <span class='ocrx_word' id='word_1_747' title='bbox 2649 3529 2818 3584; x_wconf 89' lang='lat' dir='ltr'>iidem</span> <span class='ocrx_word' id='word_1_748' title='bbox 2834 3528 3037 3584; x_wconf 83' lang='lat' dir='ltr'>eruditi</span> <span class='ocrx_word' id='word_1_749' title='bbox 3055 3531 3377 3595; x_wconf 90' lang='lat' dir='ltr'>nominant,</span> <span class='ocrx_word' id='word_1_750' title='bbox 3398 3528 3631 3599; x_wconf 85' lang='lat' dir='ltr'>Trophi-</span> 
     </span>
    </p>
   </div>
   <div class='ocr_carea' id='block_1_104' title="bbox 1978 3600 3636 3670">
    <p class='ocr_par' dir='ltr' id='par_1_104' title="bbox 1978 3600 3636 3670">
     <span class='ocr_line' id='line_1_106' title="bbox 1978 3600 3636 3670; baseline 0.001 -17"><span class='ocrx_word' id='word_1_751' title='bbox 1978 3616 2151 3663; x_wconf 93' lang='lat' dir='ltr'>mum,</span> <span class='ocrx_word' id='word_1_752' title='bbox 2180 3604 2347 3668; x_wconf 88' lang='lat' dir='ltr'>atque</span> <span class='ocrx_word' id='word_1_753' title='bbox 2380 3600 2722 3655; x_wconf 68' lang='lat' dir='ltr'>livoristum.</span> <span class='ocrx_word' id='word_1_754' title='bbox 2758 3600 3015 3655; x_wconf 85' lang='lat' dir='ltr'>Fortasse</span> <span class='ocrx_word' id='word_1_755' title='bbox 3036 3618 3216 3670; x_wconf 85' lang='lat' dir='ltr'>neque</span> <span class='ocrx_word' id='word_1_756' title='bbox 3243 3600 3297 3654; x_wconf 89' lang='lat' dir='ltr'>hi</span> <span class='ocrx_word' id='word_1_757' title='bbox 3324 3602 3436 3655; x_wconf 91' lang='lat' dir='ltr'>duo</span> <span class='ocrx_word' id='word_1_758' title='bbox 3466 3600 3636 3670; x_wconf 91' lang='lat' dir='ltr'>Aqui-</span> 
     </span>
    </p>
   </div>
   <div class='ocr_carea' id='block_1_105' title="bbox 1978 3670 3636 3742">
    <p class='ocr_par' dir='ltr' id='par_1_105' title="bbox 1978 3670 3636 3742">
     <span class='ocr_line' id='line_1_107' title="bbox 1978 3670 3636 3742; baseline 0.001 -17"><span class='ocrx_word' id='word_1_759' title='bbox 1978 3670 2218 3742; x_wconf 86' lang='lat' dir='ltr'>leienses</span> <span class='ocrx_word' id='word_1_760' title='bbox 2250 3670 2497 3742; x_wconf 87' lang='lat' dir='ltr'>episcopi</span> <span class='ocrx_word' id='word_1_761' title='bbox 2536 3671 2826 3725; x_wconf 80' lang='lat' dir='ltr'>Marcellus</span> <span class='ocrx_word' id='word_1_762' title='bbox 2878 3677 2934 3726; x_wconf 89' lang='lat' dir='ltr'>et</span> <span class='ocrx_word' id='word_1_763' title='bbox 2987 3672 3306 3725; x_wconf 84' lang='lat' dir='ltr'>Alexander</span> <span class='ocrx_word' id='word_1_764' title='bbox 3357 3687 3424 3726; x_wconf 91' lang='lat' dir='ltr'>ex</span> <span class='ocrx_word' id='word_1_765' title='bbox 3474 3676 3636 3742; x_wconf 86' lang='lat' dir='ltr'>parte</span> 
     </span>
    </p>
   </div>
   <div class='ocr_carea' id='block_1_106' title="bbox 1978 3740 3635 3813">
    <p class='ocr_par' dir='ltr' id='par_1_106' title="bbox 1978 3740 3635 3813">
     <span class='ocr_line' id='line_1_108' title="bbox 1978 3740 3635 3813; baseline 0 -17"><span class='ocrx_word' id='word_1_766' title='bbox 1978 3740 2283 3796; x_wconf 87' lang='lat' dir='ltr'>Novatiani</span> <span class='ocrx_word' id='word_1_767' title='bbox 2304 3758 2578 3811; x_wconf 90' lang='lat' dir='ltr'>umquam</span> <span class='ocrx_word' id='word_1_768' title='bbox 2595 3742 3018 3813; x_wconf 85' lang='lat' dir='ltr'>fuerint.neque</span> <span class='ocrx_word' id='word_1_769' title='bbox 3042 3747 3352 3798; x_wconf 87' lang='lat' dir='ltr'>conventus</span> <span class='ocrx_word' id='word_1_770' title='bbox 3368 3740 3489 3798; x_wconf 81' lang='lat' dir='ltr'>una</span> <span class='ocrx_word' id='word_1_771' title='bbox 3505 3759 3635 3797; x_wconf 88' lang='lat' dir='ltr'>cum</span> 
     </span>
    </p>
   </div>
   <div class='ocr_carea' id='block_1_107' title="bbox 1979 3813 3632 3882">
    <p class='ocr_par' dir='ltr' id='par_1_107' title="bbox 1979 3813 3632 3882">
     <span class='ocr_line' id='line_1_109' title="bbox 1979 3813 3632 3882; baseline -0.001 -15"><span class='ocrx_word' id='word_1_772' title='bbox 1979 3813 2077 3867; x_wconf 90' lang='lat' dir='ltr'>illo</span> <span class='ocrx_word' id='word_1_773' title='bbox 2106 3814 2299 3867; x_wconf 56' lang='lat' dir='ltr'>Romae</span> <span class='ocrx_word' id='word_1_774' title='bbox 2331 3813 2761 3882; x_wconf 84' lang='lat' dir='ltr'>celebraverint,</span> <span class='ocrx_word' id='word_1_775' title='bbox 2797 3815 2878 3868; x_wconf 91' lang='lat' dir='ltr'>uti</span> <span class='ocrx_word' id='word_1_776' title='bbox 2908 3815 3317 3870; x_wconf 75' lang='lat' dir='ltr'>Commentarii</span> <span class='ocrx_word' id='word_1_777' title='bbox 3350 3816 3632 3882; x_wconf 60' lang='lat' dir='ltr'>asserunt,</span> 
     </span>
    </p>
   </div>
   <div class='ocr_carea' id='block_1_108' title="bbox 1979 3881 3639 3965">
    <p class='ocr_par' dir='ltr' id='par_1_108' title="bbox 1979 3881 3639 3965">
     <span class='ocr_line' id='line_1_110' title="bbox 1979 3881 3639 3965; baseline -0.002 -27"><span class='ocrx_word' id='word_1_778' title='bbox 1979 3883 2379 3965; x_wconf 69' lang='lat' dir='ltr'>Aquileienses</span> <span class='ocrx_word' id='word_1_779' title='bbox 2402 3885 2505 3965; x_wconf 78' lang='lat' dir='ltr'>hos</span> <span class='ocrx_word' id='word_1_780' title='bbox 2524 3886 2664 3965; x_wconf 71' lang='lat' dir='ltr'>duos</span> <span class='ocrx_word' id='word_1_781' title='bbox 2695 3902 2823 3939; x_wconf 91' lang='lat' dir='ltr'>cum</span> <span class='ocrx_word' id='word_1_782' title='bbox 2865 3887 3167 3965; x_wconf 76' lang='lat' dir='ltr'>_Tib_urtino</span> <span class='ocrx_word' id='word_1_783' title='bbox 3225 3881 3639 3965; x_wconf 72' lang='lat' dir='ltr'>Commentarii</span> 
     </span>
    </p>
   </div>
   <div class='ocr_carea' id='block_1_109' title="bbox 1980 3955 3641 4025">
    <p class='ocr_par' dir='ltr' id='par_1_109' title="bbox 1980 3955 3641 4025">
     <span class='ocr_line' id='line_1_111' title="bbox 1980 3955 3641 4025; baseline -0.002 -16"><span class='ocrx_word' id='word_1_784' title='bbox 1980 3955 2062 4009; x_wconf 93' lang='lat' dir='ltr'>illi</span> <span class='ocrx_word' id='word_1_785' title='bbox 2091 3955 2460 4024; x_wconf 90' lang='lat' dir='ltr'>proculdubio</span> <span class='ocrx_word' id='word_1_786' title='bbox 2501 3956 2899 4020; x_wconf 87' lang='lat' dir='ltr'>adhibuerunt,</span> <span class='ocrx_word' id='word_1_787' title='bbox 2930 3961 2991 4010; x_wconf 92' lang='lat' dir='ltr'>ut</span> <span class='ocrx_word' id='word_1_788' title='bbox 3056 3973 3122 4011; x_wconf 92' lang='lat' dir='ltr'>ex</span> <span class='ocrx_word' id='word_1_789' title='bbox 3177 3955 3538 4025; x_wconf 89' lang='lat' dir='ltr'>amplissima</span> <span class='ocrx_word' id='word_1_790' title='bbox 3582 3957 3641 4007; x_wconf 89' lang='lat' dir='ltr'>et</span> 
     </span>
    </p>
   </div>
   <div class='ocr_carea' id='block_1_110' title="bbox 1985 4024 3639 4096">
    <p class='ocr_par' dir='ltr' id='par_1_110' title="bbox 1985 4024 3639 4096">
     <span class='ocr_line' id='line_1_112' title="bbox 1985 4024 3639 4096; baseline -0.001 -17"><span class='ocrx_word' id='word_1_791' title='bbox 1985 4026 2103 4081; x_wconf 91' lang='lat' dir='ltr'>fere</span> <span class='ocrx_word' id='word_1_792' title='bbox 2130 4024 2444 4095; x_wconf 91' lang='lat' dir='ltr'>apostolica</span> <span class='ocrx_word' id='word_1_793' title='bbox 2475 4026 2820 4096; x_wconf 90' lang='lat' dir='ltr'>Aquileiensi</span> <span class='ocrx_word' id='word_1_794' title='bbox 2855 4026 3119 4089; x_wconf 89' lang='lat' dir='ltr'>Ecclesia,</span> <span class='ocrx_word' id='word_1_795' title='bbox 3178 4031 3349 4096; x_wconf 85' lang='lat' dir='ltr'>atque</span> <span class='ocrx_word' id='word_1_796' title='bbox 3402 4042 3468 4079; x_wconf 89' lang='lat' dir='ltr'>ex</span> <span class='ocrx_word' id='word_1_797' title='bbox 3526 4024 3639 4079; x_wconf 89' lang='lat' dir='ltr'>alia</span> 
     </span>
    </p>
   </div>
   <div class='ocr_carea' id='block_1_111' title="bbox 1984 4096 3637 4167">
    <p class='ocr_par' dir='ltr' id='par_1_111' title="bbox 1984 4096 3637 4167">
     <span class='ocr_line' id='line_1_113' title="bbox 1984 4096 3637 4167; baseline -0.001 -15"><span class='ocrx_word' id='word_1_798' title='bbox 1984 4100 2180 4152; x_wconf 65' lang='lat' dir='ltr'>Romae</span> <span class='ocrx_word' id='word_1_799' title='bbox 2196 4096 2475 4167; x_wconf 89' lang='lat' dir='ltr'>proxima,</span> <span class='ocrx_word' id='word_1_800' title='bbox 2502 4098 2838 4153; x_wconf 69' lang='lat' dir='ltr'>Novatianaa</span> <span class='ocrx_word' id='word_1_801' title='bbox 2854 4103 3019 4153; x_wconf 61' lang='lat' dir='ltr'>sectae</span> <span class='ocrx_word' id='word_1_802' title='bbox 3054 4098 3334 4151; x_wconf 84' lang='lat' dir='ltr'>honorem</span> <span class='ocrx_word' id='word_1_803' title='bbox 3363 4102 3419 4152; x_wconf 91' lang='lat' dir='ltr'>et</span> <span class='ocrx_word' id='word_1_804' title='bbox 3442 4102 3637 4151; x_wconf 83' lang='lat' dir='ltr'>aucto-</span> 
     </span>
    </p>
   </div>
   <div class='ocr_carea' id='block_1_112' title="bbox 1984 4168 3639 4239">
    <p class='ocr_par' dir='ltr' id='par_1_112' title="bbox 1984 4168 3639 4239">
     <span class='ocr_line' id='line_1_114' title="bbox 1984 4168 3639 4239; baseline 0 -18"><span class='ocrx_word' id='word_1_805' title='bbox 1984 4168 2215 4222; x_wconf 88' lang='lat' dir='ltr'>ritatem</span> <span class='ocrx_word' id='word_1_806' title='bbox 2256 4170 2685 4238; x_wconf 88' lang='lat' dir='ltr'>quodammodo</span> <span class='ocrx_word' id='word_1_807' title='bbox 2711 4170 3095 4233; x_wconf 77' lang='lat' dir='ltr'>conciliarent,</span> <span class='ocrx_word' id='word_1_808' title='bbox 3125 4185 3191 4222; x_wconf 89' lang='lat' dir='ltr'>eo</span> <span class='ocrx_word' id='word_1_809' title='bbox 3220 4186 3450 4239; x_wconf 90' lang='lat' dir='ltr'>prorsus</span> <span class='ocrx_word' id='word_1_810' title='bbox 3469 4169 3639 4223; x_wconf 90' lang='lat' dir='ltr'>modo</span> 
     </span>
    </p>
   </div>
   <div class='ocr_carea' id='block_1_113' title="bbox 1984 4239 3641 4321">
    <p class='ocr_par' dir='ltr' id='par_1_113' title="bbox 1984 4239 3641 4321">
     <span class='ocr_line' id='line_1_115' title="bbox 1984 4239 3641 4321; baseline 0 -27"><span class='ocrx_word' id='word_1_811' title='bbox 1984 4257 2095 4321; x_wconf 80' lang='lat' dir='ltr'>quo</span> <span class='ocrx_word' id='word_1_812' title='bbox 2131 4239 2270 4321; x_wconf 65' lang='lat' dir='ltr'>falso</span> <span class='ocrx_word' id='word_1_813' title='bbox 2294 4239 2467 4294; x_wconf 86' lang='lat' dir='ltr'>etiam</span> <span class='ocrx_word' id='word_1_814' title='bbox 2485 4240 3245 4321; x_wconf 61' lang='lat' dir='ltr'>ostentabanthovatianum</span> <span class='ocrx_word' id='word_1_815' title='bbox 3262 4240 3432 4321; x_wconf 62' lang='lat' dir='ltr'>veluti</span> <span class='ocrx_word' id='word_1_816' title='bbox 3448 4240 3641 4321; x_wconf 77' lang='lat' dir='ltr'>catho-</span> 
     </span>
    </p>
   </div>
   <div class='ocr_carea' id='block_1_114' title="bbox 1984 4310 3643 4381">
    <p class='ocr_par' dir='ltr' id='par_1_114' title="bbox 1984 4310 3643 4381">
     <span class='ocr_line' id='line_1_116' title="bbox 1984 4310 3643 4381; baseline 0 -16"><span class='ocrx_word' id='word_1_817' title='bbox 1984 4310 2158 4365; x_wconf 91' lang='lat' dir='ltr'>licum</span> <span class='ocrx_word' id='word_1_818' title='bbox 2187 4314 2379 4365; x_wconf 74' lang='lat' dir='ltr'>Romae</span> <span class='ocrx_word' id='word_1_819' title='bbox 2410 4311 2739 4381; x_wconf 89' lang='lat' dir='ltr'>episcopum</span> <span class='ocrx_word' id='word_1_820' title='bbox 2756 4315 2825 4364; x_wconf 85' lang='lat' dir='ltr'>ab</span> <span class='ocrx_word' id='word_1_821' title='bbox 2852 4310 3237 4366; x_wconf 87' lang='lat' dir='ltr'>Alexandrina</span> <span class='ocrx_word' id='word_1_822' title='bbox 3266 4312 3511 4367; x_wconf 83' lang='lat' dir='ltr'>Ecclesia</span> <span class='ocrx_word' id='word_1_823' title='bbox 3543 4311 3643 4365; x_wconf 89' lang='lat' dir='ltr'>ha-</span> 
     </span>
    </p>
   </div>
   <div class='ocr_carea' id='block_1_115' title="bbox 209 4382 3643 4461">
    <p class='ocr_par' dir='ltr' id='par_1_115' title="bbox 209 4382 3643 4461">
     <span class='ocr_line' id='line_1_117' title="bbox 209 4382 3643 4461; baseline -0 -24"><span class='ocrx_word' id='word_1_824' title='bbox 209 4400 458 4461; x_wconf 75' lang='lat' dir='ltr'>quseque</span> <span class='ocrx_word' id='word_1_825' title='bbox 489 4385 567 4461; x_wconf 84' lang='lat' dir='ltr'>De</span> <span class='ocrx_word' id='word_1_826' title='bbox 595 4384 802 4461; x_wconf 62' lang='lat' dir='ltr'>preis</span> <span class='ocrx_word' id='word_1_827' title='bbox 823 4385 897 4461; x_wconf 88' lang='lat' dir='ltr'>ad</span> <span class='ocrx_word' id='word_1_828' title='bbox 928 4382 1182 4439; x_wconf 85' lang='lat' dir='ltr'>litteram</span> <span class='ocrx_word' id='word_1_829' title='bbox 1216 4383 1478 4461; x_wconf 28' lang='lat' dir='ltr'>vertit_in.</span> <span class='ocrx_word' id='word_1_830' title='bbox 1502 4387 1791 4461; x_wconf 78' lang='lat' dir='ltr'>angustam</span> <span class='ocrx_word' id='word_1_831' title='bbox 1821 4385 1871 4434; x_wconf 78' lang='lat' dir='ltr'>et</span> <span class='ocrx_word' id='word_1_832' title='bbox 1907 4403 1951 4461; x_wconf 75' lang='grc' dir='ltr'>ι)</span> <span class='ocrx_word' id='word_1_833' title='bbox 1984 4383 2166 4461; x_wconf 83' lang='lat' dir='ltr'>bitum</span> <span class='ocrx_word' id='word_1_834' title='bbox 2190 4382 2499 4461; x_wconf 77' lang='lat' dir='ltr'>fuisse,_uti</span> <span class='ocrx_word' id='word_1_835' title='bbox 2524 4399 2589 4461; x_wconf 73' lang='lat' dir='ltr'>ex</span> <span class='ocrx_word' id='word_1_836' title='bbox 2619 4382 3463 4461; x_wconf 58' lang='lat' dir='ltr'>eodemPhotieintelligimus2</span> <span class='ocrx_word' id='word_1_837' title='bbox 3494 4384 3643 4461; x_wconf 66' lang='lat' dir='ltr'>Prae-</span> 
     </span>
    </p>
   </div>
   <div class='ocr_carea' id='block_1_116' title="bbox 206 4453 1873 4524">
    <p class='ocr_par' dir='ltr' id='par_1_116' title="bbox 206 4453 1873 4524">
     <span class='ocr_line' id='line_1_118' title="bbox 206 4453 1873 4524; baseline -0.002 -15"><span class='ocrx_word' id='word_1_838' title='bbox 206 4453 505 4509; x_wconf 77' lang='lat' dir='ltr'>minimam</span> <span class='ocrx_word' id='word_1_839' title='bbox 526 4455 711 4510; x_wconf 72' lang='lat' dir='ltr'>Italiae</span> <span class='ocrx_word' id='word_1_840' title='bbox 737 4460 977 4524; x_wconf 83' lang='lat' dir='ltr'>partem,</span> <span class='ocrx_word' id='word_1_841' title='bbox 1012 4454 1332 4510; x_wconf 90' lang='lat' dir='ltr'>accuratius</span> <span class='ocrx_word' id='word_1_842' title='bbox 1374 4453 1636 4515; x_wconf 89' lang='lat' dir='ltr'>fortasse,</span> <span class='ocrx_word' id='word_1_843' title='bbox 1669 4456 1727 4524; x_wconf 84' lang='lat' dir='ltr'>et</span> <span class='ocrx_word' id='word_1_844' title='bbox 1756 4468 1873 4524; x_wconf 84' lang='lat' dir='ltr'>ma-</span> 
     </span>
    </p>
   </div>
   <div class='ocr_carea' id='block_1_117' title="bbox 209 4522 1874 4607">
    <p class='ocr_par' dir='ltr' id='par_1_117' title="bbox 209 4522 1874 4607">
     <span class='ocr_line' id='line_1_119' title="bbox 209 4522 1874 4607; baseline -0.002 -28"><span class='ocrx_word' id='word_1_845' title='bbox 209 4526 300 4607; x_wconf 83' lang='lat' dir='ltr'>gis</span> <span class='ocrx_word' id='word_1_846' title='bbox 326 4527 401 4579; x_wconf 86' lang='lat' dir='ltr'>ad</span> <span class='ocrx_word' id='word_1_847' title='bbox 420 4526 669 4607; x_wconf 74' lang='lat' dir='ltr'>auctoris</span> <span class='ocrx_word' id='word_1_848' title='bbox 682 4522 958 4607; x_wconf 72' lang='lat' dir='ltr'>mentem,</span> <span class='ocrx_word' id='word_1_849' title='bbox 981 4544 1147 4607; x_wconf 64' lang='lat' dir='ltr'>versa</span> <span class='ocrx_word' id='word_1_850' title='bbox 1164 4527 1334 4607; x_wconf 83' lang='lat' dir='ltr'>fuisse</span> <span class='ocrx_word' id='word_1_851' title='bbox 1352 4525 1502 4607; x_wconf 84' lang='lat' dir='ltr'>apud</span> <span class='ocrx_word' id='word_1_852' title='bbox 1520 4522 1874 4607; x_wconf 40' lang='lat' dir='ltr'>Caecia-rinm</span> 
     </span>
    </p>
   </div>
   <div class='ocr_carea' id='block_1_118' title="bbox 209 4594 1875 4666">
    <p class='ocr_par' dir='ltr' id='par_1_118' title="bbox 209 4594 1875 4666">
     <span class='ocr_line' id='line_1_120' title="bbox 209 4594 1875 4666; baseline -0.002 -15"><span class='ocrx_word' id='word_1_853' title='bbox 209 4594 405 4666; x_wconf 77' lang='lat' dir='ltr'>ipsum</span> <span class='ocrx_word' id='word_1_854' title='bbox 438 4597 493 4650; x_wconf 89' lang='lat' dir='ltr'>in</span> <span class='ocrx_word' id='word_1_855' title='bbox 526 4598 676 4652; x_wconf 89' lang='lat' dir='ltr'>notis</span> <span class='ocrx_word' id='word_1_856' title='bbox 707 4599 780 4653; x_wconf 89' lang='lat' dir='ltr'>ad</span> <span class='ocrx_word' id='word_1_857' title='bbox 806 4598 959 4653; x_wconf 91' lang='lat' dir='ltr'>hunc</span> <span class='ocrx_word' id='word_1_858' title='bbox 980 4598 1185 4661; x_wconf 90' lang='lat' dir='ltr'>locum,</span> <span class='ocrx_word' id='word_1_859' title='bbox 1223 4594 1783 4664; x_wconf 77' lang='lat' dir='ltr'>utdareturintelligi</span> <span class='ocrx_word' id='word_1_860' title='bbox 1810 4609 1875 4649; x_wconf 90' lang='lat' dir='ltr'>ex</span> 
     </span>
    </p>
   </div>
   <div class='ocr_carea' id='block_1_119' title="bbox 208 4667 1875 4740">
    <p class='ocr_par' dir='ltr' id='par_1_119' title="bbox 208 4667 1875 4740">
     <span class='ocr_line' id='line_1_121' title="bbox 208 4667 1875 4740; baseline -0.001 -19"><span class='ocrx_word' id='word_1_861' title='bbox 208 4668 464 4722; x_wconf 68' lang='lat' dir='ltr'>minimis</span> <span class='ocrx_word' id='word_1_862' title='bbox 478 4669 902 4739; x_wconf 68' lang='lat' dir='ltr'>Italiaeangulis</span> <span class='ocrx_word' id='word_1_863' title='bbox 915 4674 1026 4725; x_wconf 89' lang='lat' dir='ltr'>tres</span> <span class='ocrx_word' id='word_1_864' title='bbox 1053 4670 1180 4724; x_wconf 87' lang='lat' dir='ltr'>illos</span> <span class='ocrx_word' id='word_1_865' title='bbox 1194 4668 1485 4740; x_wconf 83' lang='lat' dir='ltr'>episcOpos</span> <span class='ocrx_word' id='word_1_866' title='bbox 1506 4686 1538 4722; x_wconf 92' lang='lat' dir='ltr'>a</span> <span class='ocrx_word' id='word_1_867' title='bbox 1559 4667 1875 4740; x_wconf 86' lang='lat' dir='ltr'>Novatiano</span> 
     </span>
    </p>
   </div>
   <div class='ocr_carea' id='block_1_120' title="bbox 208 4737 1875 4809">
    <p class='ocr_par' dir='ltr' id='par_1_120' title="bbox 208 4737 1875 4809">
     <span class='ocr_line' id='line_1_122' title="bbox 208 4737 1875 4809; baseline -0.002 -16"><span class='ocrx_word' id='word_1_868' title='bbox 208 4743 450 4794; x_wconf 79' lang='lat' dir='ltr'>vocatos</span> <span class='ocrx_word' id='word_1_869' title='bbox 480 4739 669 4796; x_wconf 86' lang='lat' dir='ltr'>fuisse.</span> <span class='ocrx_word' id='word_1_870' title='bbox 703 4737 838 4805; x_wconf 83' lang='lat' dir='ltr'>Quis</span> <span class='ocrx_word' id='word_1_871' title='bbox 872 4758 1005 4796; x_wconf 82' lang='lat' dir='ltr'>vero</span> <span class='ocrx_word' id='word_1_872' title='bbox 1028 4737 1311 4796; x_wconf 84' lang='lat' dir='ltr'>inficietur</span> <span class='ocrx_word' id='word_1_873' title='bbox 1333 4737 1650 4809; x_wconf 80' lang='lat' dir='ltr'>Aquileiam</span> <span class='ocrx_word' id='word_1_874' title='bbox 1678 4756 1742 4793; x_wconf 90' lang='lat' dir='ltr'>ac</span> <span class='ocrx_word' id='word_1_875' title='bbox 1773 4737 1875 4791; x_wconf 90' lang='lat' dir='ltr'>cir-</span> 
     </span>
    </p>
   </div>
   <div class='ocr_carea' id='block_1_121' title="bbox 211 4809 1878 4882">
    <p class='ocr_par' dir='ltr' id='par_1_121' title="bbox 211 4809 1878 4882">
     <span class='ocr_line' id='line_1_123' title="bbox 211 4809 1878 4882; baseline -0.003 -15"><span class='ocrx_word' id='word_1_876' title='bbox 211 4812 641 4882; x_wconf 88' lang='lat' dir='ltr'>cumjacentem</span> <span class='ocrx_word' id='word_1_877' title='bbox 672 4812 947 4867; x_wconf 86' lang='lat' dir='ltr'>ditionem</span> <span class='ocrx_word' id='word_1_878' title='bbox 985 4812 1156 4867; x_wconf 91' lang='lat' dir='ltr'>sitam</span> <span class='ocrx_word' id='word_1_879' title='bbox 1191 4828 1311 4867; x_wconf 87' lang='lat' dir='ltr'>esse</span> <span class='ocrx_word' id='word_1_880' title='bbox 1336 4810 1396 4865; x_wconf 88' lang='lat' dir='ltr'>in</span> <span class='ocrx_word' id='word_1_881' title='bbox 1444 4817 1653 4865; x_wconf 81' lang='lat' dir='ltr'>remota</span> <span class='ocrx_word' id='word_1_882' title='bbox 1690 4809 1878 4882; x_wconf 59' lang='lat' dir='ltr'>Italia;</span> 
     </span>
    </p>
   </div>
   <div class='ocr_carea' id='block_1_122' title="bbox 210 4878 1878 4954">
    <p class='ocr_par' dir='ltr' id='par_1_122' title="bbox 210 4878 1878 4954">
     <span class='ocr_line' id='line_1_124' title="bbox 210 4878 1878 4954; baseline -0.004 -15"><span class='ocrx_word' id='word_1_883' title='bbox 210 4878 401 4954; x_wconf 63' lang='lat' dir='ltr'>parte,</span> <span class='ocrx_word' id='word_1_884' title='bbox 433 4887 555 4937; x_wconf 90' lang='lat' dir='ltr'>tum</span> <span class='ocrx_word' id='word_1_885' title='bbox 584 4886 803 4939; x_wconf 89' lang='lat' dir='ltr'>ratione</span> <span class='ocrx_word' id='word_1_886' title='bbox 836 4884 1034 4939; x_wconf 88' lang='lat' dir='ltr'>habita</span> <span class='ocrx_word' id='word_1_887' title='bbox 1048 4885 1121 4938; x_wconf 91' lang='lat' dir='ltr'>ad</span> <span class='ocrx_word' id='word_1_888' title='bbox 1144 4886 1463 4954; x_wconf 83' lang='lat' dir='ltr'>Romanam</span> <span class='ocrx_word' id='word_1_889' title='bbox 1479 4883 1675 4935; x_wconf 90' lang='lat' dir='ltr'>urbem</span> <span class='ocrx_word' id='word_1_890' title='bbox 1702 4878 1878 4954; x_wconf 76' lang='lat' dir='ltr'>veluti</span> 
     </span>
    </p>
   </div>
   <div class='ocr_carea' id='block_1_123' title="bbox 212 4951 1878 5026">
    <p class='ocr_par' dir='ltr' id='par_1_123' title="bbox 212 4951 1878 5026">
     <span class='ocr_line' id='line_1_125' title="bbox 212 4951 1878 5026; baseline -0.002 -18"><span class='ocrx_word' id='word_1_891' title='bbox 212 4951 274 5008; x_wconf 85' lang='lat' dir='ltr'>in</span> <span class='ocrx_word' id='word_1_892' title='bbox 313 4954 507 5026; x_wconf 86' lang='lat' dir='ltr'>medio</span> <span class='ocrx_word' id='word_1_893' title='bbox 534 4955 714 5026; x_wconf 62' lang='lat' dir='ltr'>Italia:</span> <span class='ocrx_word' id='word_1_894' title='bbox 740 4954 1007 5026; x_wconf 89' lang='lat' dir='ltr'>positam,</span> <span class='ocrx_word' id='word_1_895' title='bbox 1038 4960 1163 5009; x_wconf 87' lang='lat' dir='ltr'>tum</span> <span class='ocrx_word' id='word_1_896' title='bbox 1194 4972 1261 5009; x_wconf 87' lang='lat' dir='ltr'>ex</span> <span class='ocrx_word' id='word_1_897' title='bbox 1291 4951 1494 5022; x_wconf 87' lang='lat' dir='ltr'>seipsa,</span> <span class='ocrx_word' id='word_1_898' title='bbox 1525 4968 1649 5026; x_wconf 61' lang='lat' dir='ltr'>quas</span> <span class='ocrx_word' id='word_1_899' title='bbox 1670 4952 1878 5026; x_wconf 63' lang='lat' dir='ltr'>adsep:</span> 
     </span>
    </p>
   </div>
   <div class='ocr_carea' id='block_1_124' title="bbox 213 5019 1880 5093">
    <p class='ocr_par' dir='ltr' id='par_1_124' title="bbox 213 5019 1880 5093">
     <span class='ocr_line' id='line_1_126' title="bbox 213 5019 1880 5093; baseline -0.003 -13"><span class='ocrx_word' id='word_1_900' title='bbox 213 5025 591 5093; x_wconf 84' lang='lat' dir='ltr'>tentrionem,</span> <span class='ocrx_word' id='word_1_901' title='bbox 639 5019 919 5081; x_wconf 80' lang='lat' dir='ltr'>orientem</span> <span class='ocrx_word' id='word_1_902' title='bbox 966 5019 1180 5091; x_wconf 81' lang='lat' dir='ltr'>versus,</span> <span class='ocrx_word' id='word_1_903' title='bbox 1224 5019 1481 5080; x_wconf 44' lang='lat' dir='ltr'>extre—ma</span> <span class='ocrx_word' id='word_1_904' title='bbox 1526 5019 1703 5077; x_wconf 79' lang='lat' dir='ltr'>Italiae</span> <span class='ocrx_word' id='word_1_905' title='bbox 1750 5019 1880 5077; x_wconf 72' lang='lat' dir='ltr'>est?</span> 
     </span>
    </p>
   </div>
   <div class='ocr_carea' id='block_1_125' title="bbox 214 5093 1880 5168">
    <p class='ocr_par' dir='ltr' id='par_1_125' title="bbox 214 5093 1880 5168">
     <span class='ocr_line' id='line_1_127' title="bbox 214 5093 1880 5168; baseline -0.003 -17"><span class='ocrx_word' id='word_1_906' title='bbox 214 5098 424 5161; x_wconf 81' lang='lat' dir='ltr'>Quoad</span> <span class='ocrx_word' id='word_1_907' title='bbox 448 5098 669 5168; x_wconf 79' lang='lat' dir='ltr'>angulos</span> <span class='ocrx_word' id='word_1_908' title='bbox 697 5102 914 5163; x_wconf 89' lang='lat' dir='ltr'>autem,</span> <span class='ocrx_word' id='word_1_909' title='bbox 946 5115 1058 5168; x_wconf 94' lang='lat' dir='ltr'>quo</span> <span class='ocrx_word' id='word_1_910' title='bbox 1082 5096 1315 5151; x_wconf 90' lang='lat' dir='ltr'>nomine</span> <span class='ocrx_word' id='word_1_911' title='bbox 1342 5096 1467 5168; x_wconf 85' lang='lat' dir='ltr'>loca</span> <span class='ocrx_word' id='word_1_912' title='bbox 1496 5093 1733 5148; x_wconf 86' lang='lat' dir='ltr'>veniunt</span> <span class='ocrx_word' id='word_1_913' title='bbox 1779 5096 1880 5147; x_wconf 89' lang='lat' dir='ltr'>aut</span> 
     </span>
    </p>
   </div>
   <div class='ocr_carea' id='block_1_126' title="bbox 212 5167 1877 5237">
    <p class='ocr_par' dir='ltr' id='par_1_126' title="bbox 212 5167 1877 5237">
     <span class='ocr_line' id='line_1_128' title="bbox 212 5167 1877 5237; baseline -0.002 -16"><span class='ocrx_word' id='word_1_914' title='bbox 212 5168 451 5222; x_wconf 88' lang='lat' dir='ltr'>minora</span> <span class='ocrx_word' id='word_1_915' title='bbox 471 5167 755 5223; x_wconf 87' lang='lat' dir='ltr'>autetiam</span> <span class='ocrx_word' id='word_1_916' title='bbox 780 5169 1024 5224; x_wconf 90' lang='lat' dir='ltr'>minima</span> <span class='ocrx_word' id='word_1_917' title='bbox 1040 5168 1097 5222; x_wconf 88' lang='lat' dir='ltr'>in</span> <span class='ocrx_word' id='word_1_918' title='bbox 1120 5167 1388 5223; x_wconf 84' lang='lat' dir='ltr'>extremis</span> <span class='ocrx_word' id='word_1_919' title='bbox 1399 5167 1737 5237; x_wconf 86' lang='lat' dir='ltr'>plerumque</span> <span class='ocrx_word' id='word_1_920' title='bbox 1748 5181 1877 5233; x_wconf 84' lang='lat' dir='ltr'>pro-</span> 
     </span>
    </p>
   </div>
   <div class='ocr_carea' id='block_1_127' title="bbox 210 5235 1875 5312">
    <p class='ocr_par' dir='ltr' id='par_1_127' title="bbox 210 5235 1875 5312">
     <span class='ocr_line' id='line_1_129' title="bbox 210 5235 1875 5312; baseline -0.002 -20"><span class='ocrx_word' id='word_1_921' title='bbox 210 5239 536 5312; x_wconf 83' lang='lat' dir='ltr'>vinciarum</span> <span class='ocrx_word' id='word_1_922' title='bbox 566 5238 695 5312; x_wconf 87' lang='lat' dir='ltr'>sita,</span> <span class='ocrx_word' id='word_1_923' title='bbox 734 5258 862 5312; x_wconf 67' lang='lat' dir='ltr'>qua:</span> <span class='ocrx_word' id='word_1_924' title='bbox 889 5241 1121 5310; x_wconf 89' lang='lat' dir='ltr'>quidem</span> <span class='ocrx_word' id='word_1_925' title='bbox 1150 5240 1209 5293; x_wconf 88' lang='lat' dir='ltr'>in</span> <span class='ocrx_word' id='word_1_926' title='bbox 1239 5235 1595 5309; x_wconf 82' lang='lat' dir='ltr'>quacumque</span> <span class='ocrx_word' id='word_1_927' title='bbox 1624 5235 1875 5312; x_wconf 81' lang='lat' dir='ltr'>regione,</span> 
     </span>
    </p>
   </div>
   <div class='ocr_carea' id='block_1_128' title="bbox 211 5308 1875 5388">
    <p class='ocr_par' dir='ltr' id='par_1_128' title="bbox 211 5308 1875 5388">
     <span class='ocr_line' id='line_1_130' title="bbox 211 5308 1875 5388; baseline -0.004 -22"><span class='ocrx_word' id='word_1_928' title='bbox 211 5310 396 5388; x_wconf 81' lang='lat' dir='ltr'>etiam</span> <span class='ocrx_word' id='word_1_929' title='bbox 422 5308 781 5388; x_wconf 70' lang='lat' dir='ltr'>amplissima</span> <span class='ocrx_word' id='word_1_930' title='bbox 806 5330 872 5388; x_wconf 88' lang='lat' dir='ltr'>ac</span> <span class='ocrx_word' id='word_1_931' title='bbox 885 5308 1276 5388; x_wconf 75' lang='lat' dir='ltr'>celeberrima,</span> <span class='ocrx_word' id='word_1_932' title='bbox 1295 5324 1614 5388; x_wconf 78' lang='lat' dir='ltr'>numquam</span> <span class='ocrx_word' id='word_1_933' title='bbox 1638 5308 1875 5388; x_wconf 64' lang='lat' dir='ltr'>desunt;</span> 
     </span>
    </p>
   </div>
   <div class='ocr_carea' id='block_1_129' title="bbox 207 5378 1882 5459">
    <p class='ocr_par' dir='ltr' id='par_1_129' title="bbox 207 5378 1882 5459">
     <span class='ocr_line' id='line_1_131' title="bbox 207 5378 1882 5459; baseline -0.004 -22"><span class='ocrx_word' id='word_1_934' title='bbox 207 5382 443 5459; x_wconf 61' lang='lat' dir='ltr'>anguios</span> <span class='ocrx_word' id='word_1_935' title='bbox 470 5378 619 5459; x_wconf 77' lang='lat' dir='ltr'>certe</span> <span class='ocrx_word' id='word_1_936' title='bbox 652 5382 827 5438; x_wconf 89' lang='lat' dir='ltr'>etiam</span> <span class='ocrx_word' id='word_1_937' title='bbox 847 5383 1293 5459; x_wconf 75' lang='lat' dir='ltr'>Aquileiensium</span> <span class='ocrx_word' id='word_1_938' title='bbox 1321 5378 1477 5459; x_wconf 71' lang='lat' dir='ltr'>regio</span> <span class='ocrx_word' id='word_1_939' title='bbox 1511 5378 1882 5459; x_wconf 58' lang='lat' dir='ltr'>habuissem-</span> 
     </span>
    </p>
   </div>
   <div class='ocr_carea' id='block_1_130' title="bbox 210 5451 1879 5525">
    <p class='ocr_par' dir='ltr' id='par_1_130' title="bbox 210 5451 1879 5525">
     <span class='ocr_line' id='line_1_132' title="bbox 210 5451 1879 5525; baseline -0.005 -16"><span class='ocrx_word' id='word_1_940' title='bbox 210 5455 405 5509; x_wconf 84' lang='lat' dir='ltr'>cenda</span> <span class='ocrx_word' id='word_1_941' title='bbox 431 5458 549 5519; x_wconf 88' lang='lat' dir='ltr'>est;</span> <span class='ocrx_word' id='word_1_942' title='bbox 572 5455 697 5509; x_wconf 90' lang='lat' dir='ltr'>loca</span> <span class='ocrx_word' id='word_1_943' title='bbox 720 5451 949 5525; x_wconf 79' lang='lat' dir='ltr'>nempe,</span> <span class='ocrx_word' id='word_1_944' title='bbox 967 5460 1023 5509; x_wconf 91' lang='lat' dir='ltr'>et</span> <span class='ocrx_word' id='word_1_945' title='bbox 1040 5456 1111 5509; x_wconf 88' lang='lat' dir='ltr'>ab</span> <span class='ocrx_word' id='word_1_946' title='bbox 1128 5451 1473 5525; x_wconf 85' lang='lat' dir='ltr'>Aquileiensi</span> <span class='ocrx_word' id='word_1_947' title='bbox 1501 5452 1640 5525; x_wconf 81' lang='lat' dir='ltr'>urbe</span> <span class='ocrx_word' id='word_1_948' title='bbox 1659 5451 1879 5525; x_wconf 80' lang='lat' dir='ltr'>dissita,</span> 
     </span>
    </p>
   </div>
   <div class='ocr_carea' id='block_1_131' title="bbox 212 5520 1880 5597">
    <p class='ocr_par' dir='ltr' id='par_1_131' title="bbox 212 5520 1880 5597">
     <span class='ocr_line' id='line_1_133' title="bbox 212 5520 1880 5597; baseline -0.005 -16"><span class='ocrx_word' id='word_1_949' title='bbox 212 5530 275 5581; x_wconf 83' lang='lat' dir='ltr'>et</span> <span class='ocrx_word' id='word_1_950' title='bbox 293 5525 626 5597; x_wconf 79' lang='lat' dir='ltr'>conditione</span> <span class='ocrx_word' id='word_1_951' title='bbox 653 5520 877 5597; x_wconf 77' lang='lat' dir='ltr'>situque</span> <span class='ocrx_word' id='word_1_952' title='bbox 903 5525 1162 5593; x_wconf 85' lang='lat' dir='ltr'>humilia,</span> <span class='ocrx_word' id='word_1_953' title='bbox 1188 5520 1422 5597; x_wconf 79' lang='lat' dir='ltr'>etnullo</span> <span class='ocrx_word' id='word_1_954' title='bbox 1453 5521 1686 5597; x_wconf 76' lang='lat' dir='ltr'>nomine</span> <span class='ocrx_word' id='word_1_955' title='bbox 1704 5520 1880 5597; x_wconf 78' lang='lat' dir='ltr'>clara,</span> 
     </span>
    </p>
   </div>
   <div class='ocr_carea' id='block_1_132' title="bbox 211 5590 1881 5680">
    <p class='ocr_par' dir='ltr' id='par_1_132' title="bbox 211 5590 1881 5680">
     <span class='ocr_line' id='line_1_134' title="bbox 211 5590 1881 5680; baseline -0.004 -29"><span class='ocrx_word' id='word_1_956' title='bbox 350 5596 668 5680; x_wconf 80' lang='lat' dir='ltr'>fortasseet</span> <span class='ocrx_word' id='word_1_957' title='bbox 698 5590 955 5680; x_wconf 72' lang='lat' dir='ltr'>tempore</span> <span class='ocrx_word' id='word_1_958' title='bbox 982 5590 1439 5680; x_wconf 80' lang='lat' dir='ltr'>persecutionum</span> <span class='ocrx_word' id='word_1_959' title='bbox 1469 5592 1777 5677; x_wconf 76' lang='lat' dir='ltr'>Christiani</span> <span class='ocrx_word' id='word_1_960' title='bbox 1797 5590 1881 5680; x_wconf 60' lang='lat' dir='ltr'>fa:</span> 
     </span>
    </p>
   </div>
   <div class='ocr_carea' id='block_1_133' title="bbox 212 5665 1884 5740">
    <p class='ocr_par' dir='ltr' id='par_1_133' title="bbox 212 5665 1884 5740">
     <span class='ocr_line' id='line_1_135' title="bbox 212 5665 1884 5740; baseline -0.004 -17"><span class='ocrx_word' id='word_1_961' title='bbox 212 5668 388 5723; x_wconf 89' lang='lat' dir='ltr'>cilius</span> <span class='ocrx_word' id='word_1_962' title='bbox 419 5684 486 5723; x_wconf 84' lang='lat' dir='ltr'>ac</span> <span class='ocrx_word' id='word_1_963' title='bbox 513 5668 688 5724; x_wconf 89' lang='lat' dir='ltr'>tutius</span> <span class='ocrx_word' id='word_1_964' title='bbox 720 5665 1229 5740; x_wconf 9' lang='lat' dir='ltr'>delitesce&#39;rent,get</span> <span class='ocrx_word' id='word_1_965' title='bbox 1244 5667 1497 5740; x_wconf 78' lang='lat' dir='ltr'>episcOpi</span> <span class='ocrx_word' id='word_1_966' title='bbox 1514 5665 1789 5729; x_wconf 86' lang='lat' dir='ltr'>minores,</span> <span class='ocrx_word' id='word_1_967' title='bbox 1824 5665 1884 5740; x_wconf 77' lang='lat' dir='ltr'>ut</span> 
     </span>
    </p>
   </div>
   <div class='ocr_carea' id='block_1_134' title="bbox 212 5734 1881 5811">
    <p class='ocr_par' dir='ltr' id='par_1_134' title="bbox 212 5734 1881 5811">
     <span class='ocr_line' id='line_1_136' title="bbox 212 5734 1881 5811; baseline -0.004 -14"><span class='ocrx_word' id='word_1_968' title='bbox 212 5740 304 5797; x_wconf 82' lang='lat' dir='ltr'>ita</span> <span class='ocrx_word' id='word_1_969' title='bbox 323 5740 541 5810; x_wconf 75' lang='lat' dir='ltr'>dicam,</span> <span class='ocrx_word' id='word_1_970' title='bbox 558 5740 955 5810; x_wconf 81' lang='lat' dir='ltr'>consisterent,</span> <span class='ocrx_word' id='word_1_971' title='bbox 977 5740 1052 5798; x_wconf 77' lang='lat' dir='ltr'>ad</span> <span class='ocrx_word' id='word_1_972' title='bbox 1067 5734 1358 5811; x_wconf 79' lang='lat' dir='ltr'>religionis</span> <span class='ocrx_word' id='word_1_973' title='bbox 1370 5734 1615 5810; x_wconf 77' lang='lat' dir='ltr'>ﬁdeique</span> <span class='ocrx_word' id='word_1_974' title='bbox 1626 5752 1716 5794; x_wconf 84' lang='lat' dir='ltr'>res</span> <span class='ocrx_word' id='word_1_975' title='bbox 1729 5734 1881 5807; x_wconf 87' lang='lat' dir='ltr'>apud</span> 
     </span>
    </p>
   </div>
   <div class='ocr_carea' id='block_1_135' title="bbox 1986 4453 3643 4524">
    <p class='ocr_par' dir='ltr' id='par_1_135' title="bbox 1986 4453 3643 4524">
     <span class='ocr_line' id='line_1_137' title="bbox 1986 4453 3643 4524; baseline 0.001 -16"><span class='ocrx_word' id='word_1_976' title='bbox 1986 4458 2099 4508; x_wconf 87' lang='lat' dir='ltr'>stat</span> <span class='ocrx_word' id='word_1_977' title='bbox 2128 4453 2356 4508; x_wconf 88' lang='lat' dir='ltr'>interim</span> <span class='ocrx_word' id='word_1_978' title='bbox 2388 4453 2535 4507; x_wconf 89' lang='lat' dir='ltr'>hanc</span> <span class='ocrx_word' id='word_1_979' title='bbox 2566 4454 2754 4507; x_wconf 86' lang='lat' dir='ltr'>labem</span> <span class='ocrx_word' id='word_1_980' title='bbox 2786 4455 2856 4508; x_wconf 92' lang='lat' dir='ltr'>ab</span> <span class='ocrx_word' id='word_1_981' title='bbox 2891 4455 3237 4524; x_wconf 86' lang='lat' dir='ltr'>Aquileiensi</span> <span class='ocrx_word' id='word_1_982' title='bbox 3261 4453 3506 4510; x_wconf 87' lang='lat' dir='ltr'>Ecclesia</span> <span class='ocrx_word' id='word_1_983' title='bbox 3551 4456 3643 4509; x_wconf 87' lang='lat' dir='ltr'>de-</span> 
     </span>
    </p>
   </div>
   <div class='ocr_carea' id='block_1_136' title="bbox 1987 4523 3644 4597">
    <p class='ocr_par' dir='ltr' id='par_1_136' title="bbox 1987 4523 3644 4597">
     <span class='ocr_line' id='line_1_138' title="bbox 1987 4523 3644 4597; baseline -0.001 -18"><span class='ocrx_word' id='word_1_984' title='bbox 1987 4525 2225 4597; x_wconf 73' lang='lat' dir='ltr'>pulisse,</span> <span class='ocrx_word' id='word_1_985' title='bbox 2247 4525 2472 4597; x_wconf 87' lang='lat' dir='ltr'>ratione</span> <span class='ocrx_word' id='word_1_986' title='bbox 2503 4523 2679 4597; x_wconf 90' lang='lat' dir='ltr'>etiam</span> <span class='ocrx_word' id='word_1_987' title='bbox 2707 4527 2777 4579; x_wconf 89' lang='lat' dir='ltr'>ab</span> <span class='ocrx_word' id='word_1_988' title='bbox 2809 4542 2875 4580; x_wconf 89' lang='lat' dir='ltr'>ea</span> <span class='ocrx_word' id='word_1_989' title='bbox 2906 4523 3128 4581; x_wconf 87' lang='lat' dir='ltr'>diversa</span> <span class='ocrx_word' id='word_1_990' title='bbox 3170 4544 3281 4597; x_wconf 88' lang='lat' dir='ltr'>qua</span> <span class='ocrx_word' id='word_1_991' title='bbox 3319 4529 3387 4582; x_wconf 91' lang='lat' dir='ltr'>de</span> <span class='ocrx_word' id='word_1_992' title='bbox 3438 4526 3644 4581; x_wconf 71' lang='lat' dir='ltr'>ltubeis</span> 
     </span>
    </p>
   </div>
   <div class='ocr_carea' id='block_1_137' title="bbox 1987 4594 3641 4670">
    <p class='ocr_par' dir='ltr' id='par_1_137' title="bbox 1987 4594 3641 4670">
     <span class='ocr_line' id='line_1_139' title="bbox 1987 4594 3641 4670; baseline 0 -19"><span class='ocrx_word' id='word_1_993' title='bbox 1987 4594 2121 4670; x_wconf 76' lang='lat' dir='ltr'>usus</span> <span class='ocrx_word' id='word_1_994' title='bbox 2150 4594 2289 4670; x_wconf 82' lang='lat' dir='ltr'>fuit;</span> <span class='ocrx_word' id='word_1_995' title='bbox 2319 4595 2489 4670; x_wconf 55' lang='lat' dir='ltr'>salsis</span> <span class='ocrx_word' id='word_1_996' title='bbox 2523 4596 2735 4670; x_wconf 83' lang='lat' dir='ltr'>scilicet</span> <span class='ocrx_word' id='word_1_997' title='bbox 2768 4598 3142 4670; x_wconf 87' lang='lat' dir='ltr'>Aquileiensis</span> <span class='ocrx_word' id='word_1_998' title='bbox 3175 4594 3433 4670; x_wconf 79' lang='lat' dir='ltr'>ejusdem</span> <span class='ocrx_word' id='word_1_999' title='bbox 3463 4598 3641 4670; x_wconf 50' lang='lat' dir='ltr'>Ecclef</span> 
     </span>
    </p>
   </div>
   <div class='ocr_carea' id='block_1_138' title="bbox 1988 4666 3645 4737">
    <p class='ocr_par' dir='ltr' id='par_1_138' title="bbox 1988 4666 3645 4737">
     <span class='ocr_line' id='line_1_140' title="bbox 1988 4666 3645 4737; baseline -0.001 -16"><span class='ocrx_word' id='word_1_1000' title='bbox 1988 4666 2085 4722; x_wconf 65' lang='lat' dir='ltr'>site</span> <span class='ocrx_word' id='word_1_1001' title='bbox 2117 4666 2393 4737; x_wconf 90' lang='lat' dir='ltr'>episcopis</span> <span class='ocrx_word' id='word_1_1002' title='bbox 2418 4668 2688 4722; x_wconf 88' lang='lat' dir='ltr'>Marcello</span> <span class='ocrx_word' id='word_1_1003' title='bbox 2724 4672 2779 4723; x_wconf 84' lang='lat' dir='ltr'>et</span> <span class='ocrx_word' id='word_1_1004' title='bbox 2806 4666 3147 4731; x_wconf 82' lang='lat' dir='ltr'>Alexandro,</span> <span class='ocrx_word' id='word_1_1005' title='bbox 3182 4666 3276 4737; x_wconf 79' lang='lat' dir='ltr'>qui</span> <span class='ocrx_word' id='word_1_1006' title='bbox 3309 4687 3423 4723; x_wconf 91' lang='lat' dir='ltr'>una</span> <span class='ocrx_word' id='word_1_1007' title='bbox 3476 4668 3645 4722; x_wconf 88' lang='lat' dir='ltr'>simul</span> 
     </span>
    </p>
   </div>
   <div class='ocr_carea' id='block_1_139' title="bbox 1988 4738 3644 4808">
    <p class='ocr_par' dir='ltr' id='par_1_139' title="bbox 1988 4738 3644 4808">
     <span class='ocr_line' id='line_1_141' title="bbox 1988 4738 3644 4808; baseline -0.003 -14"><span class='ocrx_word' id='word_1_1008' title='bbox 1988 4756 2055 4794; x_wconf 90' lang='lat' dir='ltr'>ea</span> <span class='ocrx_word' id='word_1_1009' title='bbox 2086 4743 2252 4793; x_wconf 68' lang='lat' dir='ltr'>{etate</span> <span class='ocrx_word' id='word_1_1010' title='bbox 2285 4738 2600 4794; x_wconf 76' lang='lat' dir='ltr'>Auxiliares</span> <span class='ocrx_word' id='word_1_1011' title='bbox 2631 4739 2687 4793; x_wconf 94' lang='lat' dir='ltr'>in</span> <span class='ocrx_word' id='word_1_1012' title='bbox 2720 4739 2919 4794; x_wconf 88' lang='lat' dir='ltr'>eadem</span> <span class='ocrx_word' id='word_1_1013' title='bbox 2947 4738 3196 4795; x_wconf 79' lang='lat' dir='ltr'>Ecclesia</span> <span class='ocrx_word' id='word_1_1014' title='bbox 3229 4739 3474 4808; x_wconf 80' lang='lat' dir='ltr'>episcopi</span> <span class='ocrx_word' id='word_1_1015' title='bbox 3531 4740 3644 4790; x_wconf 80' lang='lat' dir='ltr'>fue-</span> 
     </span>
    </p>
   </div>
   <div class='ocr_carea' id='block_1_140' title="bbox 1985 4810 3646 4881">
    <p class='ocr_par' dir='ltr' id='par_1_140' title="bbox 1985 4810 3646 4881">
     <span class='ocr_line' id='line_1_142' title="bbox 1985 4810 3646 4881; baseline -0.003 -18"><span class='ocrx_word' id='word_1_1016' title='bbox 1985 4810 2119 4871; x_wconf 84' lang='lat' dir='ltr'>rint.</span> <span class='ocrx_word' id='word_1_1017' title='bbox 2150 4827 2509 4881; x_wconf 91' lang='lat' dir='ltr'>quorumque</span> <span class='ocrx_word' id='word_1_1018' title='bbox 2532 4828 2741 4865; x_wconf 89' lang='lat' dir='ltr'>munus</span> <span class='ocrx_word' id='word_1_1019' title='bbox 2764 4811 2901 4864; x_wconf 90' lang='lat' dir='ltr'>inibi</span> <span class='ocrx_word' id='word_1_1020' title='bbox 2929 4814 3131 4881; x_wconf 89' lang='lat' dir='ltr'>eodem</span> <span class='ocrx_word' id='word_1_1021' title='bbox 3150 4812 3407 4881; x_wconf 80' lang='lat' dir='ltr'>tempore</span> <span class='ocrx_word' id='word_1_1022' title='bbox 3422 4813 3646 4877; x_wconf 87' lang='lat' dir='ltr'>gestum</span> 
     </span>
    </p>
   </div>
   <div class='ocr_carea' id='block_1_141' title="bbox 1988 4878 3647 4953">
    <p class='ocr_par' dir='ltr' id='par_1_141' title="bbox 1988 4878 3647 4953">
     <span class='ocr_line' id='line_1_143' title="bbox 1988 4878 3647 4953; baseline -0.003 -19"><span class='ocrx_word' id='word_1_1023' title='bbox 1988 4878 2220 4936; x_wconf 82' lang='lat' dir='ltr'>minime</span> <span class='ocrx_word' id='word_1_1024' title='bbox 2246 4878 2483 4953; x_wconf 78' lang='lat' dir='ltr'>pugnat,</span> <span class='ocrx_word' id='word_1_1025' title='bbox 2517 4882 2596 4936; x_wconf 89' lang='lat' dir='ltr'>uti</span> <span class='ocrx_word' id='word_1_1026' title='bbox 2628 4882 2897 4948; x_wconf 85' lang='lat' dir='ltr'>vidimus,</span> <span class='ocrx_word' id='word_1_1027' title='bbox 2929 4899 3075 4953; x_wconf 73' lang='lat' dir='ltr'>cum</span> <span class='ocrx_word' id='word_1_1028' title='bbox 3125 4878 3409 4935; x_wconf 85' lang='lat' dir='ltr'>historicis</span> <span class='ocrx_word' id='word_1_1029' title='bbox 3448 4892 3647 4953; x_wconf 80' lang='lat' dir='ltr'>monu-</span> 
     </span>
    </p>
   </div>
   <div class='ocr_carea' id='block_1_142' title="bbox 1988 4948 3644 5021">
    <p class='ocr_par' dir='ltr' id='par_1_142' title="bbox 1988 4948 3644 5021">
     <span class='ocr_line' id='line_1_144' title="bbox 1988 4948 3644 5021; baseline -0.004 -14"><span class='ocrx_word' id='word_1_1030' title='bbox 1988 4953 2201 5008; x_wconf 90' lang='lat' dir='ltr'>mentis</span> <span class='ocrx_word' id='word_1_1031' title='bbox 2228 4948 2457 5007; x_wconf 25' lang='lat' dir='ltr'>illo‘rum</span> <span class='ocrx_word' id='word_1_1032' title='bbox 2477 4958 2827 5021; x_wconf 89' lang='lat' dir='ltr'>temporum,</span> <span class='ocrx_word' id='word_1_1033' title='bbox 2848 4950 3309 5020; x_wconf 90' lang='lat' dir='ltr'>quinimmocum</span> <span class='ocrx_word' id='word_1_1034' title='bbox 3335 4953 3455 5003; x_wconf 89' lang='lat' dir='ltr'>arte</span> <span class='ocrx_word' id='word_1_1035' title='bbox 3478 4948 3644 5021; x_wconf 55' lang='lat' dir='ltr'>falsa‘</span> 
     </span>
    </p>
   </div>
   <div class='ocr_carea' id='block_1_143' title="bbox 1990 5020 3644 5094">
    <p class='ocr_par' dir='ltr' id='par_1_143' title="bbox 1990 5020 3644 5094">
     <span class='ocr_line' id='line_1_145' title="bbox 1990 5020 3644 5094; baseline -0.005 -14"><span class='ocrx_word' id='word_1_1036' title='bbox 1990 5025 2207 5080; x_wconf 90' lang='lat' dir='ltr'>riorum</span> <span class='ocrx_word' id='word_1_1037' title='bbox 2239 5024 2454 5094; x_wconf 90' lang='lat' dir='ltr'>optime</span> <span class='ocrx_word' id='word_1_1038' title='bbox 2482 5020 2620 5094; x_wconf 87' lang='lat' dir='ltr'>facit</span> <span class='ocrx_word' id='word_1_1039' title='bbox 2654 5039 2665 5077; x_wconf 91' lang='lat'><strong>:</strong></span> <span class='ocrx_word' id='word_1_1040' title='bbox 2702 5028 2759 5077; x_wconf 92' lang='lat' dir='ltr'>et</span> <span class='ocrx_word' id='word_1_1041' title='bbox 2779 5038 2927 5094; x_wconf 88' lang='lat' dir='ltr'>nunc</span> <span class='ocrx_word' id='word_1_1042' title='bbox 2957 5023 3027 5076; x_wconf 91' lang='lat' dir='ltr'>ad</span> <span class='ocrx_word' id='word_1_1043' title='bbox 3052 5022 3164 5076; x_wconf 92' lang='lat' dir='ltr'>alia</span> <span class='ocrx_word' id='word_1_1044' title='bbox 3200 5020 3644 5094; x_wconf 87' lang='lat' dir='ltr'>procedendum.</span> 
     </span>
    </p>
   </div>
   <div class='ocr_carea' id='block_1_144' title="bbox 2062 5092 3650 5164">
    <p class='ocr_par' dir='ltr' id='par_1_144' title="bbox 2062 5092 3650 5164">
     <span class='ocr_line' id='line_1_146' title="bbox 2062 5092 3650 5164; baseline -0.001 -17"><span class='ocrx_word' id='word_1_1045' title='bbox 2062 5098 2213 5148; x_wconf 87' lang='lat' dir='ltr'>Inter</span> <span class='ocrx_word' id='word_1_1046' title='bbox 2252 5092 2647 5164; x_wconf 46' lang='lat' dir='ltr'>p&#39;rieclacriora</span> <span class='ocrx_word' id='word_1_1047' title='bbox 2707 5093 2984 5164; x_wconf 75' lang='lat' dir='ltr'>Ecclesiae</span> <span class='ocrx_word' id='word_1_1048' title='bbox 3028 5092 3403 5164; x_wconf 90' lang='lat' dir='ltr'>Aquileiensis</span> <span class='ocrx_word' id='word_1_1049' title='bbox 3450 5107 3650 5145; x_wconf 90' lang='lat' dir='ltr'>monu—</span> 
     </span>
    </p>
   </div>
   <div class='ocr_carea' id='block_1_145' title="bbox 1991 5162 3646 5233">
    <p class='ocr_par' dir='ltr' id='par_1_145' title="bbox 1991 5162 3646 5233">
     <span class='ocr_line' id='line_1_147' title="bbox 1991 5162 3646 5233; baseline -0.002 -14"><span class='ocrx_word' id='word_1_1050' title='bbox 1991 5169 2208 5229; x_wconf 90' lang='lat' dir='ltr'>menta,</span> <span class='ocrx_word' id='word_1_1051' title='bbox 2243 5162 2433 5219; x_wconf 82' lang='lat' dir='ltr'>exstat</span> <span class='ocrx_word' id='word_1_1052' title='bbox 2452 5164 2754 5219; x_wconf 91' lang='lat' dir='ltr'>concilium</span> <span class='ocrx_word' id='word_1_1053' title='bbox 2774 5162 3040 5233; x_wconf 66' lang='lat' dir='ltr'>Aquileia:</span> <span class='ocrx_word' id='word_1_1054' title='bbox 3068 5162 3328 5216; x_wconf 82' lang='lat' dir='ltr'>habitum</span> <span class='ocrx_word' id='word_1_1055' title='bbox 3354 5178 3505 5217; x_wconf 89' lang='lat' dir='ltr'>anno</span> <span class='ocrx_word' id='word_1_1056' title='bbox 3523 5163 3646 5226; x_wconf 84' lang='grc'>381,</span> 
     </span>
    </p>
   </div>
   <div class='ocr_carea' id='block_1_146' title="bbox 1993 5233 3651 5291">
    <p class='ocr_par' dir='ltr' id='par_1_146' title="bbox 1993 5233 3651 5291">
     <span class='ocr_line' id='line_1_148' title="bbox 1993 5233 3651 5291; baseline -0.002 0"><span class='ocrx_word' id='word_1_1057' title='bbox 1993 5238 2264 5291; x_wconf 83' lang='lat' dir='ltr'>adversus</span> <span class='ocrx_word' id='word_1_1058' title='bbox 2293 5235 2612 5290; x_wconf 89' lang='lat' dir='ltr'>Palladium</span> <span class='ocrx_word' id='word_1_1059' title='bbox 2654 5240 2709 5290; x_wconf 92' lang='lat' dir='ltr'>et</span> <span class='ocrx_word' id='word_1_1060' title='bbox 2726 5233 3150 5288; x_wconf 90' lang='lat' dir='ltr'>Secundianum</span> <span class='ocrx_word' id='word_1_1061' title='bbox 3180 5233 3237 5287; x_wconf 91' lang='lat' dir='ltr'>in</span> <span class='ocrx_word' id='word_1_1062' title='bbox 3258 5234 3428 5287; x_wconf 87' lang='lat' dir='ltr'>Dacia</span> <span class='ocrx_word' id='word_1_1063' title='bbox 3460 5234 3651 5287; x_wconf 84' lang='lat' dir='ltr'>Cisda-</span> 
     </span>
    </p>
   </div>
   <div class='ocr_carea' id='block_1_147' title="bbox 1993 5305 3649 5377">
    <p class='ocr_par' dir='ltr' id='par_1_147' title="bbox 1993 5305 3649 5377">
     <span class='ocr_line' id='line_1_149' title="bbox 1993 5305 3649 5377; baseline -0.001 -16"><span class='ocrx_word' id='word_1_1064' title='bbox 1993 5306 2245 5362; x_wconf 91' lang='lat' dir='ltr'>nubiana</span> <span class='ocrx_word' id='word_1_1065' title='bbox 2277 5308 2593 5377; x_wconf 89' lang='lat' dir='ltr'>episcopos,</span> <span class='ocrx_word' id='word_1_1066' title='bbox 2654 5305 2873 5377; x_wconf 82' lang='lat' dir='ltr'>Arianae</span> <span class='ocrx_word' id='word_1_1067' title='bbox 2936 5305 3245 5375; x_wconf 87' lang='lat' dir='ltr'>impietatis</span> <span class='ocrx_word' id='word_1_1068' title='bbox 3305 5309 3649 5369; x_wconf 83' lang='lat' dir='ltr'>sectatores;</span> 
     </span>
    </p>
   </div>
   <div class='ocr_carea' id='block_1_148' title="bbox 1994 5376 3652 5449">
    <p class='ocr_par' dir='ltr' id='par_1_148' title="bbox 1994 5376 3652 5449">
     <span class='ocr_line' id='line_1_150' title="bbox 1994 5376 3652 5449; baseline -0.002 -16"><span class='ocrx_word' id='word_1_1069' title='bbox 1994 5379 2144 5449; x_wconf 92' lang='lat' dir='ltr'>quod</span> <span class='ocrx_word' id='word_1_1070' title='bbox 2173 5376 2363 5433; x_wconf 81' lang='lat' dir='ltr'>videre</span> <span class='ocrx_word' id='word_1_1071' title='bbox 2389 5376 2556 5433; x_wconf 87' lang='lat' dir='ltr'>estin</span> <span class='ocrx_word' id='word_1_1072' title='bbox 2587 5376 2851 5433; x_wconf 91' lang='lat' dir='ltr'>Conciliis</span> <span class='ocrx_word' id='word_1_1073' title='bbox 2879 5377 3108 5447; x_wconf 88' lang='lat' dir='ltr'>Labbei,</span> <span class='ocrx_word' id='word_1_1074' title='bbox 3141 5377 3290 5432; x_wconf 87' lang='lat' dir='ltr'>curis</span> <span class='ocrx_word' id='word_1_1075' title='bbox 3330 5376 3529 5442; x_wconf 90' lang='lat' dir='ltr'>Coleti,</span> <span class='ocrx_word' id='word_1_1076' title='bbox 3558 5380 3652 5449; x_wconf 10' lang='lat' dir='ltr'>ito-</span> 
     </span>
    </p>
   </div>
   <div class='ocr_carea' id='block_1_149' title="bbox 1994 5448 3657 5520">
    <p class='ocr_par' dir='ltr' id='par_1_149' title="bbox 1994 5448 3657 5520">
     <span class='ocr_line' id='line_1_151' title="bbox 1994 5448 3657 5520; baseline -0.001 -16"><span class='ocrx_word' id='word_1_1077' title='bbox 1994 5448 2089 5505; x_wconf 85' lang='lat' dir='ltr'>mo</span> <span class='ocrx_word' id='word_1_1078' title='bbox 2123 5450 2185 5513; x_wconf 94' lang='lat' dir='ltr'>ll,</span> <span class='ocrx_word' id='word_1_1079' title='bbox 2213 5449 2320 5504; x_wconf 91' lang='lat' dir='ltr'>col.</span> <span class='ocrx_word' id='word_1_1080' title='bbox 2357 5450 2511 5515; x_wconf 76' lang='grc'>1163,</span> <span class='ocrx_word' id='word_1_1081' title='bbox 2545 5454 2601 5505; x_wconf 91' lang='lat' dir='ltr'>et</span> <span class='ocrx_word' id='word_1_1082' title='bbox 2630 5450 2779 5503; x_wconf 87' lang='lat' dir='ltr'>inter</span> <span class='ocrx_word' id='word_1_1083' title='bbox 2818 5451 3000 5520; x_wconf 91' lang='lat' dir='ltr'>Opera</span> <span class='ocrx_word' id='word_1_1084' title='bbox 3053 5450 3235 5505; x_wconf 90' lang='lat' dir='ltr'>sancti</span> <span class='ocrx_word' id='word_1_1085' title='bbox 3284 5448 3569 5503; x_wconf 81' lang='lat' dir='ltr'>Ambrosii</span> <span class='ocrx_word' id='word_1_1086' title='bbox 3622 5466 3657 5503; x_wconf 90' lang='lat' dir='ltr'>a</span> 
     </span>
    </p>
   </div>
   <div class='ocr_carea' id='block_1_150' title="bbox 1995 5520 3654 5594">
    <p class='ocr_par' dir='ltr' id='par_1_150' title="bbox 1995 5520 3654 5594">
     <span class='ocr_line' id='line_1_152' title="bbox 1995 5520 3654 5594; baseline -0.001 -19"><span class='ocrx_word' id='word_1_1087' title='bbox 1995 5521 2286 5594; x_wconf 86' lang='lat' dir='ltr'>Maurinis</span> <span class='ocrx_word' id='word_1_1088' title='bbox 2306 5520 2608 5577; x_wconf 88' lang='lat' dir='ltr'>monachis</span> <span class='ocrx_word' id='word_1_1089' title='bbox 2635 5521 2940 5594; x_wconf 88' lang='lat' dir='ltr'>adornata.</span> <span class='ocrx_word' id='word_1_1090' title='bbox 2970 5523 3147 5594; x_wconf 85' lang='lat' dir='ltr'>Hujus</span> <span class='ocrx_word' id='word_1_1091' title='bbox 3173 5521 3395 5576; x_wconf 89' lang='lat' dir='ltr'>concilii</span> <span class='ocrx_word' id='word_1_1092' title='bbox 3420 5520 3654 5594; x_wconf 88' lang='lat' dir='ltr'>celebri-</span> 
     </span>
    </p>
   </div>
   <div class='ocr_carea' id='block_1_151' title="bbox 1998 5592 3655 5666">
    <p class='ocr_par' dir='ltr' id='par_1_151' title="bbox 1998 5592 3655 5666">
     <span class='ocr_line' id='line_1_153' title="bbox 1998 5592 3655 5666; baseline -0.002 -19"><span class='ocrx_word' id='word_1_1093' title='bbox 1998 5597 2105 5655; x_wconf 85' lang='lat' dir='ltr'>tas,</span> <span class='ocrx_word' id='word_1_1094' title='bbox 2138 5609 2251 5666; x_wconf 86' lang='lat' dir='ltr'>non</span> <span class='ocrx_word' id='word_1_1095' title='bbox 2276 5593 2332 5648; x_wconf 91' lang='lat' dir='ltr'>in</span> <span class='ocrx_word' id='word_1_1096' title='bbox 2367 5609 2605 5649; x_wconf 89' lang='lat' dir='ltr'>numero</span> <span class='ocrx_word' id='word_1_1097' title='bbox 2632 5593 2861 5666; x_wconf 83' lang='lat' dir='ltr'>quidem</span> <span class='ocrx_word' id='word_1_1098' title='bbox 2890 5592 3299 5666; x_wconf 79' lang='lat' dir='ltr'>episcoporum,</span> <span class='ocrx_word' id='word_1_1099' title='bbox 3352 5593 3452 5646; x_wconf 88' lang='lat' dir='ltr'>sed</span> <span class='ocrx_word' id='word_1_1100' title='bbox 3477 5592 3551 5666; x_wconf 89' lang='lat' dir='ltr'>_in</span> <span class='ocrx_word' id='word_1_1101' title='bbox 3580 5608 3655 5666; x_wconf 76' lang='lat' dir='ltr'>eo</span> 
     </span>
    </p>
   </div>
   <div class='ocr_carea' id='block_1_152' title="bbox 2000 5663 3659 5742">
    <p class='ocr_par' dir='ltr' id='par_1_152' title="bbox 2000 5663 3659 5742">
     <span class='ocr_line' id='line_1_154' title="bbox 2000 5663 3659 5742; baseline -0.004 -22"><span class='ocrx_word' id='word_1_1102' title='bbox 2000 5664 2252 5742; x_wconf 79' lang='lat' dir='ltr'>maxime</span> <span class='ocrx_word' id='word_1_1103' title='bbox 2283 5666 2392 5721; x_wconf 89' lang='lat' dir='ltr'>sita</span> <span class='ocrx_word' id='word_1_1104' title='bbox 2422 5669 2528 5742; x_wconf 80' lang='lat' dir='ltr'>est,</span> <span class='ocrx_word' id='word_1_1105' title='bbox 2558 5665 2721 5742; x_wconf 66' lang='lat' dir='ltr'>qugd</span> <span class='ocrx_word' id='word_1_1106' title='bbox 2742 5663 3096 5742; x_wconf 65' lang='lat' dir='ltr'>insigniores</span> <span class='ocrx_word' id='word_1_1107' title='bbox 3120 5663 3520 5742; x_wconf 34' lang='lat' dir='ltr'>illius_&#39;_intatis</span> <span class='ocrx_word' id='word_1_1108' title='bbox 3560 5664 3659 5742; x_wconf 76' lang='lat' dir='ltr'>do-</span> 
     </span>
    </p>
   </div>
   <div class='ocr_carea' id='block_1_153' title="bbox 2001 5732 3658 5807">
    <p class='ocr_par' dir='ltr' id='par_1_153' title="bbox 2001 5732 3658 5807">
     <span class='ocr_line' id='line_1_155' title="bbox 2001 5732 3658 5807; baseline -0.004 -15"><span class='ocrx_word' id='word_1_1109' title='bbox 2001 5737 2185 5794; x_wconf 88' lang='lat' dir='ltr'>ctrina</span> <span class='ocrx_word' id='word_1_1110' title='bbox 2208 5754 2277 5794; x_wconf 80' lang='lat' dir='ltr'>ac</span> <span class='ocrx_word' id='word_1_1111' title='bbox 2300 5732 2602 5796; x_wconf 76' lang='lat' dir='ltr'>sanctitate</span> <span class='ocrx_word' id='word_1_1112' title='bbox 2627 5737 2671 5807; x_wconf 85' lang='lat'>1</span> <span class='ocrx_word' id='word_1_1113' title='bbox 2689 5736 2797 5807; x_wconf 76' lang='lat'>12</span> <span class='ocrx_word' id='word_1_1114' title='bbox 2832 5732 2936 5794; x_wconf 82' lang='lat' dir='ltr'>viri</span> <span class='ocrx_word' id='word_1_1115' title='bbox 2968 5736 3347 5796; x_wconf 85' lang='lat' dir='ltr'>Occidentalis</span> <span class='ocrx_word' id='word_1_1116' title='bbox 3394 5732 3658 5791; x_wconf 82' lang='lat' dir='ltr'>Ecclesiae</span> 
     </span>
    </p>
   </div>
  </div>
