4004 6182
229 262 347 320 985

954 258 1018 318 Ρ.
1065 255 1361 319 ΒΒΑΙΒᾸΕ
1402 256 1871 321 DISSERTATIO
1911 257 1988 319 IN
2029 256 2091 320 8.
2137 257 2485 321 NICETAM.
2520 294 2596 306 --
2623 259 2786 324 CAP.
2834 263 2924 324 Vl.

3531 274 3650 336 986

228 387 795 471 episcepalis;_juxta
827 405 1074 471 canones
1105 394 1259 471 erat,
1306 391 1477 471 quod_
1508 390 1613 461 ipsi
1660 407 1883 471 quoque
1915 393 1963 453 Α
1992 390 2038 445 si
2063 388 2209 471 nihil
2232 396 2511 471 repugnet
2536 394 2605 448 de
2645 396 2848 471 eodem
2881 395 3268 471 enuntiat-idet
3310 401 3645 460 auxiliarem

228 461 511 533 praecipue
544 461 617 533 ad
649 461 1357 533 vacantemepisCOpalem
1381 462 1577 517 sedem
1618 464 1886 517 ascende-

221 531 374 587 rent.
408 534 551 587 Cum
580 532 773 602 itaque
790 531 1055 595 dixerim,
1074 531 1333 588 Nicetam
1362 537 1621 587 nostrum
1650 533 1885 587 auxilia-

224 620 351 659 rem
374 605 445 657 ad
464 608 692 673 portum
710 604 1077 657 Romatinum
1092 604 1482 675 episcopatum
1497 610 1883 659 commutasse

223 679 427 747 postea
458 675 891 747 cumpcathedra
912 674 1255 744 Aquileiensi
1275 674 1299 745 ;7
1316 676 1422 729 hoc
1448 675 1723 730 nimirum
1746 674 1881 739 dixi,

222 744 380 816 quod
410 744 809 800 ecclesiastica:
831 744 1061 800 illorum
1074 744 1399 817 temporum
1428 747 1743 817 disciplina:
1768 763 1881 801 non

222 817 669 880 adversabatur;
699 816 851 886 quod
869 817 1043 870 etiam
1072 816 1175 871 viri
1194 817 1342 871 docti
1375 819 1443 873 de
1471 816 1599 872 aliis
1624 818 1885 873 similiter

223 886 595 960 auxiliaribus
624 887 900 960 episcopis
930 892 1307 960 autumarunt
1335 905 1348 954 ;
1381 893 1439 943 et
1467 891 1618 960 quod
1651 905 1885 959 praeser-

223 904 595 941 auxmarinus
624 904 900 1010 episcopis
930 904 1307 942 autumarunt
1335 905 1348 954 ;
1381 904 1439 943 et
1467 904 1618 960 quoa
1651 905 1883 959 praeser-

222 958 330 1030 tim
355 958 425 1012 de
458 974 664 1030 nonnu
684 958 751 1011 lis
764 958 1037 1012 Romanis
1066 960 1426 1029 pontificibus
1442 960 1692 1030 priorum
1714 976 1883 1015 saecu-

222 1029 438 1101 lorum,
468 1030 540 1082 ad
566 1028 849 1083 tollendas
870 1028 1151 1100 quasdam
1178 1028 1522 1085 locorum—ac
1554 1037 1880 1101 temporum

224 1100 617 1174 difficultates.
633 1100 1349 1174 excogitaruntclarissimi
1372 1119 1564 1174 rerum
1588 1100 1882 1174 huj'usmo-

222 1170 279 1225 di
310 1170 996 1243 inv_estigatores,'_Petrus
1017 1172 1402 1238 Constantius,
1432 1170 1693 1243 Epistolas
1713 1176 1878 1227 Rom.

220 1241 435 1323 Pontif.
468 1241 599 1323 pag.
622 1243 665 1323 .3
691 1246 747 1295 et
765 1241 807 1323 _6
833 1242 1100 1323 editionis
1130 1241 1585 1323 Paris.ien_sis,__et_
1627 1245 1881 1323 Erancis-

222 1330 319 1367 cus
340 1312 727 1379 Blancbinius,
760 1317 919 1367 tomo
950 1314 995 1367 II
1030 1314 1340 1378 Anastasii,
1373 1315 1429 1368 in
1462 1315 1618 1370 Notis
1651 1316 1881 1370 Histori-

220 1384 302 1457 cis
329 1385 404 1457 ad
422 1383 625 1457 Vitam
656 1384 838 1457 sancti
867 1384 1170 1457 Eleutherii
1192 1403 1376 1457 papw,
1402 1402 1531 1457 pag.
1567 1386 1669 1442 142
1688 1405 1704 1457 ;
1725 1388 1877 1457 quod

218 1454 313 1509 hic
345 1454 529 1509 obiter
561 1455 815 1509 innuisse
837 1455 1104 1509 sufficiat.

292 1526 479 1580 Unum
514 1526 725 1581 addere
751 1530 1003 1596 praestat,
1036 1528 1223 1596 quoad
1247 1526 1435 1581 locum
1473 1526 1744 1591 Romatii,
1778 1543 1875 1583 seu

216 1596 515 1652 Romattni
545 1601 762 1667 portus,
802 1597 896 1651 ubi
935 1597 1165 1652 Niceam
1197 1614 1294 1652 seu
1325 1598 1581 1653 Nicetam
1613 1602 1874 1653 nostrum

216 1667 591 1738 probabiliter
606 1667 821 1739 sedisse
833 1668 1436 1739 diximus,priusquam
1450 1669 1875 1738 Aquileiensem

1994 462 2356 544 prius_fuisse
2382 462 2714 544 episcopdm
2748 466 2976 544 Niceam
3005 483 3102 521 seu
3135 466 3391 544 Nicetam
3419 474 3493 526 ad
3514 491 3645 544 por-

1996 537 2116 614 tum
2149 532 2391 614 fortasse
2417 532 2593 614 Plinii
2625 537 2998 614 Romatinum
3032 555 3131 608 pro
3159 539 3423 614 episcopo
3481 532 3649 614 Aqui-

1993 602 2210 684 leiensi,
2243 609 2299 684 et
2329 608 2596 684 eumdem
2620 602 3210 684 postea,_episco_pum'
3242 602 3458 666 factum
3477 602 3649 684 Aqui-

1993 673 2526 756 leiensisEcclesite,
2565 673 3145 756 in'portutRomati'no
3162 697 3436 745 novo,seu
3460 673 3648 754 potius

1993 748 2049 823 in
2082 748 2341 823 ejusdem
2366 748 2618 823 nominis
2640 748 2887 823 civitate,
2912 767 3024 805 non
3047 751 3439 823 infrequenter
3461 748 3645 811 etiam

1993 816 2392 891 diversatum?
2426 819 2815 875 Confidentius
2843 821 3033 891 itaque
3064 838 3185 876 rem
3216 816 3487 878 'secundo
3519 826 3644 881 loco

1992 890 2344 963 propositam
2378 890 2868 963 investigabimus,
2898 890 2960 946 ut
2990 892 3291 963 unicuique
3323 894 3510 960 liceat,
3558 898 3643 953 vel

1996 959 2334 1034 alterutram
2360 959 2616 1034 seligere,
2656 963 2742 1017 vel
2772 964 2941 1018 etiam
2970 959 3290 1034 utramque,
3327 966 3373 1019 si
3429 959 3639 1034 lubeat,

1992 1031 2344 1105 amplexari,
2363 1033 2507 1097 Quid
2534 1038 2726 1088 autem
2756 1034 2802 1088 si
2821 1038 3021 1089 neutra
3052 1031 3328 1105 placuerit
3346 1036 3374 1089 Τ
3395 1042 3465 1091 At
3482 1031 3644 1092 dum;

1991 1103 2163 1155 modo
2184 1119 2299 1157 non
2331 1103 2465 1159 inde
2489 1105 2546 1158 in
2579 1104 2813 1159 dubium
2841 1103 3154 1171 revocetur,
3179 1107 3411 1162 Niceam
3434 1124 3532 1162 seu
3546 1109 3642 1164 Ni-

1990 1178 2177 1227 cctam
2196 1175 2632 1229 Gennadianum
2662 1192 2783 1231 esse
2806 1192 3004 1246 reapse
3019 1176 3247 1231 Niceam
3276 1195 3373 1233 seu
3388 1180 3640 1234 Nicetam

1989 1249 2271 1318 nostrum,
2299 1246 2626 1318 episcopum
2648 1247 3089 1317 Aquileiensem,
3114 1265 3215 1318 pro
3236 1266 3348 1318 quo
3366 1249 3642 1305 hactenus

1990 1314 2390 1389 dimicavimus
2412 1335 2425 1382 ;
2451 1314 2682 1372 interim
2709 1314 2905 1372 libenti
2937 1314 3131 1373 animo
3162 1314 3331 1389 super
3361 1320 3469 1373 hac
3493 1321 3639 1375 diffi-

1988 1386 2196 1466 cultate
2226 1389 2679 1466 exspectabimus
2711 1389 2969 1444 meliora.
3002 1392 3164 1445 Nunc
3194 1386 3267 1443 ad
3298 1406 3421 1445 rem
3441 1408 3644 1464 propo-

1987 1461 2157 1511 sitam
2198 1461 2607 1514 accedendum.

2059 1529 2354 1584 Sententia
2385 1531 2739 1610 eruditorum
2769 1535 2874 1613 est,
2897 1547 3071 1656 qiuam
3098 1530 3315 1614 prolixe
3344 1531 3642 1658 valideEue

2059 1605 2308 1658 opuanat
2337 1601 2571 1656 Michael
2598 1605 2879 1656 Antonius
2953 1618 3152 1657 rances
3184 1620 3241 1657 in
3282 1620 3384 1658 suo
3417 1604 3487 1658 de
3586 1620 3641 1658 a-

1988 1605 2308 1669 propugnat
2337 1601 2571 1656 Michael
2598 1601 2879 1656 Antonius
2912 1601 3152 1657 Frances
3184 1603 3241 1657 in
3282 1620 3384 1658 suo
3417 1604 3487 1658 de
3541 1601 3641 1658 Ca-

1987 1669 2336 1741 thedralibus
2367 1672 2529 1735 libro,
2559 1673 2743 1741 capite
2764 1673 2815 1739 2,
2847 1689 3007 1727 num.
3049 1674 3116 1727 37
3147 1678 3204 1728 et
3251 1675 3639 1741 sequentibus,

217 1738 1303 1821 capesseret-episcopatum:_Ex-primo
1334 1740 1656 1821 duodecimi
1684 1740 1873 1821 saeculi
1910 1750 1953 1807 Β
1985 1740 2053 1821 arl
2088 1757 2283 1821 pacem
2326 1758 2503 1821 usque
2528 1759 2562 1821 a
2590 1738 2970 1821 constantino
2997 1744 3202 1821 Magno
3228 1738 3490 1800 Ecclesiae
3546 1746 3642 1799 da-

218 1814 597 1881 monumento
616 1810 874 1881 superius
896 1809 1147 1864 indicato
1172 1811 1468 1878 habemus,
1497 1812 1872 1868 Concordien-

218 1896 344 1961 sem
377 1880 719 1961 episcopum.
747 1897 925 1935 unum
953 1897 1032 1961 ex
1052 1881 1120 1935 iis
1151 1881 1319 1935 fuisse
1351 1882 1501 1961 inter
1546 1882 1735 1961 hujus
1759 1898 1875 1961 me:

215 1951 584 2023 tropolitanae
614 1952 1328 2023 episcopossut'fraganeos,
1353 1954 1448 2023 qui
1478 1952 1873 2007 canonicinati

214 2022 596 2094 Aquileiensis
621 2023 881 2077 Ecclesiae
912 2022 1248 2077 dicebantur
1276 2041 1289 2077 :
1321 2022 1472 2094 qUod
1502 2024 1629 2078 ideo
1655 2024 1872 2078 factum

216 2092 687 2165 conjiciebamus,
720 2095 851 2165 quia
870 2094 1319 2148 Concordienses
1339 2092 1573 2163 quoque
1602 2094 1871 2165 episcopi,

216 2163 393 2218 veluti
425 2163 774 2219 successores
804 2164 1017 2218 fuerint
1045 2181 1241 2219 eorum
1268 2163 1875 2235 auxiliarium’episco-

215 2251 446 2305 porum,
474 2235 568 2305 qui
593 2235 788 2305 priscis
819 2236 1167 2305 temporibus
1189 2252 1255 2289 eo
1300 2235 1406 2289 loci
1446 2236 1722 2289 sedebant
1772 2252 1873 2306 pro

216 2306 486 2375 episeopo
504 2306 854 2375 Aquileiensi
880 2322 894 2371 ;
910 2306 1119 2376 quique
1134 2310 1454 2377 prOpterea,
1476 2323 1604 2360 cum
1617 2307 1687 2361 de
1699 2308 1875 2377 Aqui-

214 2377 415 2432 leiensi
449 2377 802 2448 presbyterio
829 2381 976 2448 tunc,
1014 2382 1222 2441 essent,
1279 2378 1765 2447 perseveraverint
1814 2378 1871 2432 in

214 2450 423 2502 eodem
450 2447 1182 2519 recenseri(canonicorum
1201 2464 1428 2518 quoque
1454 2453 1752 2519 assumpto
1778 2464 1873 2503 no-

216 2519 531 2584 mine,cum
560 2519 711 2591 idem
733 2518 797 2591 in
822 2519 1068 2591 Ecclesia
1095 2519 1349 2591 primum
1376 2518 1677 2591 insonuit),
1697 2519 1871 2591 etiam

254 2595 528 2659 estquam
557 2589 614 2643 in
636 2590 1026 2645 cathedralem
1060 2589 1174 2644 veri
1196 2591 1452 2645 nominis
1478 2589 1671 2646 sedem
1694 2590 1871 2645 evecti

254 2606 528 2659 estquam
557 2607 614 2643 in
636 2606 1026 2645 catnearalem
1060 2606 1174 2644 veri
1196 2606 1452 2645 nominis
1478 2606 1671 2646 sedem
1694 2606 1871 2645 evecu

216 2606 476 2742 ﬁlerunt,
511 2660 781 2742 peculiari
814 2660 1041 2742 dioecesi
1068 2662 1384 2742 constituta
1400 2678 1465 2715 ex
1491 2666 1650 2742 parte
1666 2661 1873 2742 avulsa

215 2732 290 2785 ab
323 2732 569 2786 Ecclesia
588 2736 794 2786 matre.
811 2732 954 2786 Cum
976 2748 1110 2786 vero
1123 2732 1433 2787 hodiernus
1446 2736 1644 2801 portus
1666 2733 1872 2785 Roma-

213 2802 335 2857 tius
362 2819 461 2856 seu
486 2802 849 2865 Romatinus,
895 2803 1070 2872 vulgo
1101 2802 1287 2858 dictus
1344 2802 1868 2866 Portus-Gruarius,

214 2872 308 2927 vix
339 2874 565 2927 duobus
596 2874 931 2927 milliaribus
959 2874 1131 2929 distet
1171 2875 1241 2927 ab
1298 2873 1486 2928 excisa
1530 2873 1868 2935 Concordia.

215 2960 350 3015 quae
378 2944 577 2999 itidem
607 2946 677 2998 ad
696 2945 1027 2998 Romatium
1056 2944 1303 2999 ﬂuvium
1331 2944 1553 3008 sitaest,
1577 2960 1676 3014 per
1696 2960 1866 3013 quem

213 3014 621 3096 rectum‘ultro
636 3015 1059 3096 citroquejte..;.
1086 3032 1217 3096 cum
1246 3019 1440 3096 portus
1466 3014 1631 3096 Plinii
1664 3016 1868 3096 Roma-

214 3085 375 3139 tinus
394 3086 466 3139 ad
499 3083 878 3140 ostiumillius
904 3083 1294 3141 ﬂuviisteterit
1315 3086 1871 3156 perquodinaastua-
1904 3083 1948 3143 C

214 3157 371 3211 rium
404 3156 633 3225 labitur,
673 3162 725 3213 et
754 3162 952 3227 portus
978 3157 1116 3212 olim
1141 3157 1315 3211 fuerit
1335 3156 1775 3227 Condordiensis
1796 3157 1870 3211 ci-

213 3227 410 3282 vitatis
436 3244 448 3293 ;
477 3226 785 3282 auxiliares
805 3228 1100 3298 episcopos
1126 3227 1515 3298 Aquileienses
1544 3228 1601 3280 in
1634 3226 1741 3282 hac
1774 3231 1869 3283 Ve-

206 3299 385 3353 netia:
408 3303 569 3369 parte
600 3300 758 3363 sitos,
791 3299 889 3369 qui
916 3299 1295 3369 proculdubio
1326 3298 1502 3352 totius
1524 3298 1773 3368 regionis
1795 3301 1867 3353 ab

209 3370 417 3424 eodem
432 3440 439 3441 γ
454 3369 627 3423 fluvio
644 3375 962 3441 peragratae
974 3385 1177 3424 curam
1192 3369 1323 3423 hinc
1336 3370 1467 3441 inde
1483 3371 1779 3441 gerebant,
1794 3372 1867 3424 ad

208 3440 547 3495 Romatium
564 3457 665 3495 seu
686 3440 1078 3495 Romatianum
1095 3445 1328 3511 portum
1344 3440 1557 3494 sedisSe
1572 3441 1867 3511 probabile

207 3518 316 3594 est,
349 3516 406 3566 et
433 3511 1041 3594 probabilius-fortasse
1067 3513 1139 3593 ad
1156 3511 1531 3594 Bomatinum
1561 3511 1865 3594 P‘liniipor-

207 3586 358 3641 tum.
392 3582 672 3652 quamdiu
693 3582 870 3646 stetit,
906 3588 1038 3638 ante
1068 3582 1246 3653 ipsius
1276 3582 1866 3653 etconcordiensisci-

205 3653 404 3725 vitatis
431 3653 807 3725 eversionem,
839 3654 922 3707 uti
948 3652 1138 3725 locum
1156 3670 1355 3709 eorum
1376 3652 1619 3725 fortasse
1632 3654 1868 3725 vigilan-

203 3724 303 3778 tia:
337 3724 830 3793 opportuniorem,
862 3730 917 3779 et
941 3724 1022 3779 ita
1052 3726 1121 3778 ab
1146 3726 1348 3779 eodem
1371 3724 1495 3778 loco
1530 3724 1867 3779 Romatinos

206 3811 312 3849 seu
348 3795 720 3848 Romatianos
750 3796 1043 3865 episcopos
1082 3793 1471 3850 communiter
1500 3795 1817 3865 appellatos
1850 3812 1863 3849 :

206 3866 475 3935 quamvis
492 3870 716 3935 postea,
747 3882 877 3919 cum
901 3866 1246 3921 cathedralis
1260 3866 1471 3919 ibidem
1485 3871 1644 3920 sexto
1657 3866 1868 3920 steculo

206 3936 447 4007 emersit
472 3936 685 4006 proprii
714 3936 963 3990 nominis
993 3941 1166 4007 atque
1192 3936 1627 4006 jurisdictionis,
1662 3937 1869 3991 suffra-

206 4006 621 4077 ganeiillinovi
654 4007 899 4077 episcopi
942 4006 1151 4062 nomen
1183 4007 1602 4077 assumpserint
1632 4010 1868 4062 Concor-

206 4076 495 4148 diensium
524 4076 922 4148 episcoporum
956 4078 1026 4132 ab
1067 4080 1205 4133 urbe
1252 4076 1401 4131 illius
1432 4078 1537 4131 loci
1591 4077 1865 4148 principe,

205 4164 337 4218 quae
363 4147 652 4219 licettunc
681 4149 887 4212 excisa,
918 4154 973 4203 et
997 4166 1030 4203 a
1051 4148 1282 4219 propria
1303 4148 1581 4217 dignitate
1611 4147 1865 4218 delapsa,

205 4235 326 4273 non
358 4218 438 4273 ita
461 4224 656 4274 tamen
673 4220 933 4279 fortasse.
963 4218 1126 4274 sicuti
1154 4218 1259 4274 hac
1286 4224 1481 4273 nostra
1503 4223 1692 4282 aetate,
1710 4220 1869 4288 deje-

204 4294 300 4343 cta
333 4294 457 4361 erat
488 4294 657 4361 atque
688 4296 1073 4361 prostrata,ut
1092 4308 1190 4361 spe
1209 4290 1403 4361 aliqua
1428 4290 1746 4361 splendoris
1760 4290 1869 4360 pri-

204 4360 347 4415 stini
376 4360 751 4432 recuperandi
783 4379 898 4417 non
927 4360 1255 4427 teneretur;
1288 4360 1345 4416 et
1372 4360 1598 4415 interim
1655 4377 1865 4415 nomen

202 4407 349 4486 ἱὲῖἰέ
376 4407 602 4488 ὲὲῑέιξιῖὲ
617 4407 686 4487 iii
697 4407 898 4488 ’ὶὲιξιῖἔ
914 4407 1207 4488 νῖὲἰὲῖἱίῦἱῖέ
1225 4407 1868 4503 ὀδῖῖιὶὲὶὶἑὶζ’ὶῇιιόἆ’ἔιῖἱί
1899 4407 1943 4465 Ι)

201 4503 423 4584 scopali
447 4519 611 4584 novae
641 4504 1291 4584 cathedraedecorandze
1305 4503 1531 4584 dignius
1558 4504 1861 4584 videretur.

205 4575 345 4647 Htec
383 4576 453 4629 de
484 4574 967 4647 prima‘probabili
996 4592 1187 4647 causa,
1200 4590 1304 4647 cur
1316 4574 1866 4647 NiceasseuNicetas

202 4644 511 4726 episcopus
537 4644 935 4726 Aquileiensis,
969 4646 1155 4701 dictus
1185 4645 1356 4700 fuerit
1376 4662 1409 4726 a
1437 4645 1731 4726 Gennadio
1754 4645 1865 4699 Ro-

202 4714 486 4771 matianae
512 4714 757 4770 civitatis
779 4716 1071 4787 episcOpus
1105 4733 1116 4771 :
1151 4733 1307 4771 nunc
1337 4718 1409 4770 ad
1436 4717 1765 4771 secundam.

503 4820 675 4893 124
723 4837 934 4877 CAPlTlS
963 4838 1120 4877 sum
1176 4839 1311 4877 rans
1353 4838 1579 4877 suam.

280 4928 544 4982 Secundo
569 4928 694 4982 loco
723 4927 1075 4998 propositum
1107 4932 1227 4983 erat
1281 4928 1579 4982 ostendere
1636 4928 1863 4984 Niceam

202 5014 307 5053 seu
330 4998 591 5080 Nicetam
624 4999 954 5080 episcopum
987 4998 1590 5080 d‘quileiensemjd‘eo.
1621 4998 1864 5080 fortasse

204 5068 565 5139 appellatum
597 5067 772 5124 etiam
799 5067 974 5125 fuisse
1006 5067 1365 5124 Romatianaa
1384 5067 1623 5122 civitatis
1652 5070 1863 5138 episco-

201 5155 369 5211 pum,
402 5144 456 5195 et
488 5140 568 5193 ita
599 5157 633 5194 a
663 5140 960 5196 Gennadio
992 5157 1215 5211 quoque
1234 5139 1588 5211 Massiliensi,
1621 5140 1865 5195 caeteris-

202 5210 407 5282 quein
440 5212 708 5282 eumdem
741 5210 1182 5282 exscripserunt,
1229 5212 1377 5265 inter
1408 5210 1730 5282 scriptores
1778 5228 1864 5266 ec-

202 5280 556 5353 clesiasticos
570 5280 966 5353 nuncupatum
985 5299 998 5347 ;
1014 5284 1149 5353 quia
1170 5281 1536 5353 probabiliter
1547 5282 1620 5335 ad
1636 5286 1863 5352 portum

202 5352 537 5407 Romatium
566 5369 661 5407 seu
692 5352 1064 5408 Ro’matinum
1091 5352 1429 5408 sederitnon
1447 5352 1858 5421 infrequenter,

199 5440 338 5478 cum
378 5424 1033 5493 AquileiensisEeclesiaa
1065 5425 1289 5479 clavum
1314 5428 1550 5478 teneret.
1575 5424 1633 5477 Id
1672 5424 1864 5494 itaque

198 5494 571 5566 probandum
598 5500 685 5549 est
714 5496 831 5549 fieri
854 5496 1119 5566 potuisse.
1143 5494 1540 5566 atqueaNicea
1557 5511 1652 5547 seu
1667 5495 1863 5549 Niceta

197 5565 470 5635 episcopo
504 5565 1246 5636 Aquileiensiprobabiliter
1285 5566 1458 5636 etiam
1512 5565 1859 5636 factitatum,

196 5634 326 5707 tum
344 5634 412 5691 ex
424 5634 807 5691 ecclesiastica
820 5634 1047 5691 illorum
1065 5642 1386 5707 temporum
1402 5635 1537 5689 disci
1546 5634 1719 5707 plina,
1737 5640 1862 5689 tum

197 5706 384 5762 etiam
417 5724 485 5763 ex
506 5708 789 5763 historicis
821 5705 1229 5774 monumentis,
1262 5724 1387 5778 qua:
1418 5705 1705 5778 Aquileia:
1726 5711 1864 5760 tunc

200 5793 271 5831 ac
291 5778 471 5833 totius
505 5779 755 5836 Venetia)
784 5784 1002 5834 statum
1028 5778 1193 5833 nobis
1217 5776 1542 5834 exhibeant.
1568 5776 1714 5841 Quid
1732 5793 1863 5833 vero

1984 1816 2125 1875 tam,
2145 1812 2361 1867 nullam
2380 1812 2439 1867 in
2470 1816 2591 1866 toto
2618 1814 2754 1867 orbe
2769 1812 3288 1868 Christiano’redem
3308 1830 3532 1869 sacram
3549 1832 3642 1869 ex-

1985 1882 2213 1947 stitisse,
2243 1899 2371 1954 quae
2402 1899 2532 1938 vere
2562 1900 2628 1937 ac
2654 1883 2877 1954 proprie
2906 1884 3251 1939 cathedralis
3279 1885 3639 1939 ecclesiadici

1983 1959 2195 2023 posset,
2222 1970 2455 2024 quasque
2479 1954 2649 2009 veluti
2672 1954 2971 2024 peculiaris
3000 1954 3246 2024 episcopi
3278 1957 3440 2009 sedes
3466 1959 3634 2020 esset,

1985 2025 2056 2077 ad
2084 2024 2511 2080 distinctionem
2540 2026 2780 2079 aliarum
2799 2025 3189 2094 ecclesiarum,
3210 2025 3638 2095 quasinferioris

1985 2095 2201 2148 ordinis
2228 2101 2597 2167 censerentur
2620 2113 2685 2150 ac
2701 2096 3025 2167 dignitatis;
3045 2113 3175 2151 cum
3207 2097 3494 2161 omnibus,
3516 2114 3639 2167 qua:

1983 2169 2119 2220 tunc
2157 2171 2367 2238 essent,
2399 2166 2669 2231 ecclesiis,
2704 2166 2821 2222 sive
2847 2167 3003 2236 locis,
3037 2184 3139 2238 pro
3174 2168 3349 2223 sacris
3380 2166 3637 2223 ﬁdelium

1983 2236 2291 2309 synaxibus
2316 2238 2673 2308 peragendis,
2698 2241 2864 2308 prout
2884 2236 3344 2309 persecutionum
3375 2242 3638 2309 tempora

1983 2307 2362 2379 patiebantur,
2386 2307 2557 2379 aeque
2580 2307 2849 2378 praeesset
2872 2307 3189 2378 episcopus.
3212 2310 3297 2363 vel
3328 2325 3428 2379 per
3454 2307 3531 2373 se,
3548 2309 3636 2363 vel

1983 2393 2082 2448 per
2102 2378 2273 2449 alios,
2302 2378 2439 2448 quin
2470 2379 2588 2432 ulla
2615 2394 2745 2432 vere
2774 2394 2839 2431 ac
2871 2379 3096 2449 proprie
3154 2379 3262 2433 dici
3317 2383 3505 2448 posset
3552 2394 3639 2433 ec-

1982 2448 2151 2520 clesia
2170 2466 2235 2503 ac
2261 2450 2422 2504 sedes
2434 2449 2791 2519 episcopalis,
2820 2449 2899 2503 uti
2914 2448 3295 2520 posteriorum
3310 2454 3636 2520 temporum

1981 2519 2180 2589 politia
2210 2536 2274 2574 ac
2299 2521 2709 2575 consuetudine
2741 2520 2956 2591 factum
2992 2519 3120 2577 fuit.
3156 2520 3398 2591 Praestat
3438 2519 3636 2591 ipsum

1982 2590 2180 2663 audire
2210 2591 2291 2644 ita
2312 2591 2488 2645 citato
2517 2591 2654 2663 loco
2672 2590 3094 2663 scribentemgi
3147 2590 3498 2663 Firmis_sime
3545 2592 3639 2663 ju-

1982 2661 2127 2725 dico,
2158 2678 2270 2716 non
2303 2678 2369 2715 ex
2399 2678 2466 2715 eo
2494 2662 2885 2732 praecisequod
2909 2661 2963 2715 in
2982 2660 3173 2732 aliqua
3189 2663 3324 2715 urbe
3341 2660 3638 2732 fueritte'pi-

1980 2748 2201 2801 sc0pus,
2242 2736 2299 2786 et
2329 2732 2387 2785 in
2416 2730 2704 2801 ea'aliqua
2727 2730 2896 2786 fixerit
2918 2731 3152 2785 ecclesia
3174 2732 3475 2791 aedificata.
3506 2730 3635 2786 ideo

1980 2803 2238 2873 sequitur
2265 2804 2417 2873 quod
2449 2802 2571 2872 ipsa
2599 2802 2771 2857 fuerit
2792 2802 2943 2873 illius
2963 2802 3207 2856 civitatis
3265 2801 3632 2873 cathedralis,

1984 2872 2111 2927 licet
2140 2872 2328 2927 erecta
2354 2874 2429 2927 sit
2458 2875 2529 2927 ab
2552 2873 2703 2927 illius
2735 2874 2838 2927 loci
2862 2872 3241 2942 episcopo.....
3270 2872 3526 2927 Dubitari
3549 2872 3635 2926 fas

1981 2960 2094 2997 non
2122 2948 2226 3015 est,
2258 2945 2411 3015 prius
2447 2944 2619 2998 fuisse
2650 2944 2706 2998 in
2732 2942 3288 3015 Ecclesiarcatholica
3319 2943 3635 3015 episcopos,

1980 3032 2155 3084 quam
2195 3014 2403 3069 fuerint
2427 3016 2679 3069 ecclesiae
2706 3014 3066 3069 cathedrales
3092 3019 3408 3070 erectae.....
3460 3014 3633 3071 Cons-

1979 3091 2113 3149 stat,
2138 3087 2289 3155 quod
2314 3086 2629 3156 illisprimis
2652 3086 3003 3156 temporibus
3030 3085 3191 3139 initio
3225 3085 3509 3139 nascentis
3538 3085 3637 3138 Ec-

1978 3156 2185 3225 clesiae,
2218 3157 2465 3227 episcopi
2493 3158 2550 3211 in
2578 3157 2842 3211 omnibus
2862 3156 3120 3211 Ecclesiis
3140 3159 3323 3219 erant,
3340 3172 3455 3210 non
3487 3160 3632 3209 tam-

1978 3244 2150 3298 quam
2180 3227 2234 3281 in
2266 3228 2707 3289 cathedralibus,
2738 3244 2866 3282 cum
2907 3227 3267 3282 cathedrales
3305 3231 3441 3281 tunc
3493 3230 3636 3298 tem-

1980 3297 2131 3368 poris
2190 3315 2301 3352 non
2352 3304 2656 3353 essent.....
2730 3299 2931 3368 Liquet
2971 3298 3236 3353 ecclesias
3274 3297 3635 3353 cathedrales

1978 3369 2373 3424 moderniores
2401 3370 2593 3433 fuisse,
2623 3374 2680 3424 et
2703 3370 2883 3424 multo
2912 3374 3039 3439 post
3067 3369 3448 3439 episcopatus,
3482 3368 3634 3422 unde

1978 3441 2255 3510 originem
2278 3440 2517 3495 trahunt
2543 3459 2555 3496 :
2588 3457 2689 3495 nec
2712 3446 2931 3494 rectam
2958 3440 3159 3494 deduci
3188 3439 3634 3510 argumentatioo

1979 3508 2110 3565 nem
2133 3512 2204 3565 ab
2222 3512 2583 3582 episcOpatus
2612 3511 2895 3566 erectione
2926 3512 2996 3563 ad
3011 3509 3308 3582 ecclesiam
3329 3508 3629 3582 cathedra-

1978 3582 2091 3637 lem
2123 3599 2189 3636 co
2218 3578 2475 3652 tempore
2502 3587 2773 3645 erectam,
2810 3584 2943 3635 ante
2964 3580 3314 3652 divisionem
3361 3578 3633 3652 Ecclesia-

1978 3669 2127 3707 rum.
2164 3674 2189 3701 ››
2224 3648 2354 3706 llaec
2380 3670 2447 3707 ex
2468 3652 2734 3707 Michaele
2764 3650 3013 3705 Antonio
3068 3652 3303 3704 Frances
3358 3648 3631 3704 delibata-

1977 3723 2254 3803 sunt,_qui
2286 3729 2481 3777 tamen
2502 3722 2680 3803 fusius
2704 3738 2826 3803 rem
2858 3718 3630 3803 persequiturtotoeocapite

1978 3799 2036 3849 et
2060 3792 2195 3847 alibi
2223 3809 2481 3863 quoque;
2515 3798 2577 3847 ut
2593 3794 2947 3847 confidenter
2962 3792 3133 3847 etiam
3165 3795 3467 3857 asseveret,
3496 3794 3631 3846 ante

1981 3880 2175 3936 pacem
2205 3882 2237 3918 a
2259 3864 2635 3918 Constantino
2650 3864 2912 3919 Ecclesiae
2926 3865 3144 3936 datam,
3165 3880 3397 3934 prorsus
3418 3863 3627 3917 nullam

1978 3935 2036 3990 in
2061 3952 2241 3989 rerum
2263 3944 2471 3989 natura
2499 3936 2880 3989 cathedralem
2910 3935 3096 4004 fuisse.

2052 4007 2184 4059 Haec
2206 4008 2410 4059 eadem
2439 4007 2509 4059 de
2534 4001 2955 4059 cathedralibus
2986 4003 3292 4057 novissime
3317 4001 3487 4072 125
3517 4006 3631 4055 tra-

1979 4075 2249 4130 diderunt
2266 4076 2442 4130 etiam
2457 4076 2659 4129 eruditi
2677 4074 2944 4128 monachi
2962 4073 3630 4142 Benedictinicongregaf

1978 4147 2148 4200 tionis
2178 4145 2585 4207 Cisterciensis,
2621 4144 3082 4201 auctoresltalici
3109 4144 3296 4214 operis
3325 4141 3629 4214 Mediolani

1978 4218 2111 4272 editi
2137 4222 2384 4287 quatuor
2410 4215 2799 4287 voluminibus
2829 4216 2886 4269 in
2914 4212 3426 4287 formaquarti,uti
3445 4212 3627 4287 aiunt,

1977 4288 2064 4342 cui
2100 4283 2292 4342 titulus
2322 4288 2472 4345 Delle
2497 4286 2788 4342 Antichila
2809 4283 3532 4357 lmgobardice-Milanesi,‘
3550 4283 3631 4337 ita

1977 4360 2133 4414 enim
2165 4359 2380 4415 habent
2408 4358 2809 4414 dissertatione
2833 4356 2931 4425 3t,
2956 4373 3115 4412 num.
3145 4356 3212 4411 12
3268 4373 3281 4408 :
3333 4377 3357 4407 ‹‹
3406 4356 3630 4419 Quanto

1978 4431 2251 4485 alfermnr
2282 4430 2571 4501 possiamo
2604 4429 2649 4483 si
2680 4433 2729 4493 ὲ,
2762 4428 2947 4501 οὶιθῄιθ
2967 4425 3493 4501 chiesecattedrali
3538 4425 3631 4480 eb-

1976 4502 2073 4556 ber
2115 4497 2333 4572 origine
2372 4502 2628 4572 soltanto
2677 4502 2826 4572 dopo
2878 4498 3282 4572 incominciato
3335 4497 3371 4551 il
3425 4502 3630 4572 quarto

1978 4572 2189 4627 secolo.
2207 4568 2233 4626 Ῑ
2252 4571 2555 4628 Christiani
2572 4568 2770 4626 avanti
2779 4572 2955 4641 quest‘
2970 4586 3165 4641 epoca,
3180 4571 3423 4624 durante
3436 4568 3489 4641 la
3504 4568 3633 4622 bur-

1975 4660 2137 4697 rasca
2164 4643 2312 4698 delle
2326 4642 2727 4712 persecuzioni,
2748 4639 2942 4696 hanno
2969 4639 3630 4712 costumatotperl'eser-

1976 4660 2137 4697 rasca
2164 4660 2312 4698 neue
2362 4660 2727 4705 ersecuzioni,
2748 4660 2942 4696 nanno
2969 4660 3293 4696 coswmato
3323 4660 3450 4712 peri
3474 4660 3630 4693 eser-

1976 4714 2116 4769 cizio
2139 4731 2168 4769 e
2195 4714 2231 4768 il
2259 4660 2410 4792 culto
2437 4714 2601 4792 della.
2617 4712 2893 4792 religione
2917 4711 3189 4792 adunarsi
3232 4710 3316 4766 col
3346 4782 3358 4792 _
3376 4711 3499 4792 loro
3538 4726 3632 4792 ve:

1976 4802 2218 4859 scovoe
2250 4786 2400 4859 clero
2433 4780 3003 4859 nei_cimitéri,_nelle
3046 4786 3250 4859 grotte,
3293 4782 3363 4835 ed
3407 4781 3464 4859 in
3498 4780 3629 4859 altri

1975 4857 2222 4927 solingbi
2246 4857 2410 4911 ritiri.
2454 4856 2723 4927 Allorche
2748 4853 2839 4925 poi
2864 4850 3193 4927 tornaxala
3217 4850 3510 4927 bonaccia,
3542 4850 3630 4902 cio

1976 4920 2319 4999 esegtiivano
2337 4928 2484 4983 nelle
2509 4944 2693 4999 caseo
2714 4920 2769 4979 in
2800 4926 2928 4999 que’
2946 4922 3138 4999 luogbi
3162 4938 3195 4999 a
3218 4920 3296 4975 tal
3328 4921 3440 4974 fine
3459 4921 3629 4999 depu-

1976 4992 2103 5062 tativ,
2135 5001 2240 5054 che
2262 5000 2298 5053 il
2323 5015 2494 5053 nome
2521 4999 2577 5051 di
2603 4997 2791 5051 chiese
2818 4992 2851 5049 e
2881 4993 3154 5048 basiliche
3184 4992 3375 5046 hanno
3404 4992 3625 5062 sortito,

1977 5058 2231 5125 Che'cche
2265 5072 2492 5139 dunque
2518 5068 2721 5139 dicano
2753 5065 2810 5119 in
2841 5064 3129 5139 contrario
3165 5062 3341 5139 molli
3400 5077 3429 5114 e
3483 5058 3629 5139 dotti

1975 5140 2242 5213 scrittori,
2277 5156 2372 5193 ma
2397 5129 2599 5213 troppo
2626 5138 2777 5213 forse
2807 5135 3101 5213 prevenuti
3146 5133 3303 5213 delle.
3327 5132 3470 5213 Iuro.
3508 5129 3629 5213 opi-

1976 5211 2167 5273 nione,
2197 5210 2246 5264 le
2277 5204 2594 5271 cattedr'a’li,
2627 5208 2678 5263 le
2705 5204 3167 5271 metrot-olitane,
3187 5204 3629 5273 ledistinzionie

1973 5282 2027 5336 le
2054 5280 2412 5351 preminenze
2442 5296 2582 5333 sono
2611 5279 2665 5351 di
2693 5280 2828 5351 data
2855 5276 3294 5351 posteriore,_ed
3317 5274 3509 5351 _et_l:etti
3542 5272 3632 5327 dir

1975 5351 2020 5406 si
2052 5344 2239 5405 denuo
2271 5351 2422 5404 della
2446 5365 2579 5419 pace
2594 5349 2708 5403 alla
2734 5344 3275 5419 chiesacompartita
3299 5344 3430 5399 dall'
3453 5344 3631 5419 impe-

1972 5428 2132 5477 rator
2158 5417 2489 5475 Costantino
2525 5436 2535 5473 ε
2573 5436 2708 5489 pace
2736 5418 2839 5473 che
2861 5435 2974 5473 non
3007 5417 3235 5489 ispunto
3266 5433 3325 5471 se
3353 5433 3462 5489 non
3481 5417 3628 5489 (lopo

1976 5494 2009 5549 l'
2038 5486 2587 5547 incominciamento'
2610 5492 2918 5560 delquarto
2939 5486 3145 5545 secolo.
3164 5508 3191 5539 »
3218 5489 3347 5543 Haec
3370 5486 3469 5541 illi.
3496 5488 3627 5542 Car-

1974 5564 2181 5617 dinalis
2201 5579 2331 5617 vero
2362 5562 2439 5617 De
2452 5564 2619 5623 Luca,
2641 5564 2709 5617 de
2736 5560 3206 5625 Prweminentiis,
3236 5560 3373 5614 disc.
3390 5560 3442 5623 3,
3465 5574 3624 5613 num.

1976 5636 2063 5699 l5,
2085 5635 2230 5689 ultra
2247 5650 2469 5704 quoque
2484 5634 2864 5704 progreditur,
2887 5631 3311 5704 etcatbedrales
3338 5629 3629 5704 ecclesias-

1975 5707 2171 5783 quoad
2196 5701 2359 5783 usum
2380 5701 2611 5783 'saltem‘
2629 5709 2685 5760 et
2714 5702 3306 5783 accommodationem
3339 5701 3511 5783 hujus
3533 5718 3629 5783 dp-

1978 5772 2325 5849 pellationis,
2339 5776 2509 5848 longe
2521 5776 2697 5834 etiam
2724 5780 2853 5848 post
2868 5791 3067 5848 pacem
3081 5792 3116 5831 a
3140 5772 3517 5832 Constantino
3529 5772 3627 5825 da-
