  <div class='ocr_page' id='page_1' title='image "/cluster/home/n/w/nwhite01/storage/ocr_20150623/52/hvd.32044054758628/506.png"; bbox 0 0 4004 6182; ppageno 0'>
   <div class='ocr_carea' id='block_1_1' title="bbox 154 224 307 282">
    <p class='ocr_par' dir='ltr' id='par_1_1' title="bbox 154 224 307 282">
     <span class='ocr_line' id='line_1_1' title="bbox 154 224 307 282; baseline -0.007 0"><span class='ocrx_word' id='word_1_1' title='bbox 154 224 307 282; x_wconf 78' lang='grc'><strong>1001</strong></span> 
     </span>
    </p>
   </div>
   <div class='ocr_carea' id='block_1_2' title="bbox 878 215 1821 285">
    <p class='ocr_par' dir='ltr' id='par_1_2' title="bbox 878 215 1793 283">
     <span class='ocr_line' id='line_1_2' title="bbox 878 215 1793 283; baseline 0.002 -4"><span class='ocrx_word' id='word_1_2' title='bbox 878 221 939 278; x_wconf 85' lang='grc' dir='ltr'>Ρ.</span> <span class='ocrx_word' id='word_1_3' title='bbox 986 219 1077 280; x_wconf 85' lang='lat' dir='ltr'>BR</span> <span class='ocrx_word' id='word_1_4' title='bbox 1087 221 1280 280; x_wconf 60' lang='lat' dir='ltr'>AIDXE</span> <span class='ocrx_word' id='word_1_5' title='bbox 1323 215 1793 283; x_wconf 80' lang='lat' dir='ltr'>DISSERTATIO</span> 
     </span>
    </p>
   </div>
   <div class='ocr_carea' id='block_1_3' title="bbox 1933 215 2869 285">
    <p class='ocr_par' dir='ltr' id='par_1_3' title="bbox 1953 220 2869 285">
     <span class='ocr_line' id='line_1_3' title="bbox 1953 220 2869 285; baseline 0 -3"><span class='ocrx_word' id='word_1_6' title='bbox 1953 223 2011 283; x_wconf 93' lang='lat' dir='ltr'>S.</span> <span class='ocrx_word' id='word_1_7' title='bbox 2060 222 2510 285; x_wconf 79' lang='lat' dir='ltr'>NlCETAM.—-</span> <span class='ocrx_word' id='word_1_8' title='bbox 2539 220 2701 284; x_wconf 80' lang='lat' dir='ltr'>CAP.</span> <span class='ocrx_word' id='word_1_9' title='bbox 2749 222 2869 283; x_wconf 57' lang='grc' dir='ltr'>νιν.</span> 
     </span>
    </p>
   </div>
   <div class='ocr_carea' id='block_1_4' title="bbox 3429 233 3577 287">
    <p class='ocr_par' dir='ltr' id='par_1_4' title="bbox 3429 233 3577 287">
     <span class='ocr_line' id='line_1_4' title="bbox 3429 233 3577 287; baseline -0.007 0"><span class='ocrx_word' id='word_1_10' title='bbox 3429 233 3577 287; x_wconf 62' lang='grc'><strong>1002</strong></span> 
     </span>
    </p>
   </div>
   <div class='ocr_carea' id='block_1_5' title="bbox 155 348 3581 424">
    <p class='ocr_par' dir='ltr' id='par_1_5' title="bbox 155 348 3581 424">
     <span class='ocr_line' id='line_1_5' title="bbox 155 348 3581 424; baseline 0.001 -16"><span class='ocrx_word' id='word_1_11' title='bbox 155 369 292 408; x_wconf 88' lang='lat' dir='ltr'>suos</span> <span class='ocrx_word' id='word_1_12' title='bbox 319 350 620 413; x_wconf 84' lang='lat' dir='ltr'>docuisset,</span> <span class='ocrx_word' id='word_1_13' title='bbox 656 348 700 403; x_wconf 88' lang='lat' dir='ltr'>si</span> <span class='ocrx_word' id='word_1_14' title='bbox 732 352 941 424; x_wconf 90' lang='lat' dir='ltr'>pagani</span> <span class='ocrx_word' id='word_1_15' title='bbox 974 368 1194 424; x_wconf 84' lang='lat' dir='ltr'>reapse,</span> <span class='ocrx_word' id='word_1_16' title='bbox 1225 369 1366 422; x_wconf 89' lang='lat' dir='ltr'>quos</span> <span class='ocrx_word' id='word_1_17' title='bbox 1386 352 1602 421; x_wconf 80' lang='lat' dir='ltr'>fratres</span> <span class='ocrx_word' id='word_1_18' title='bbox 1626 353 1816 422; x_wconf 85' lang='lat' dir='ltr'>appel—</span> <span class='ocrx_word' id='word_1_19' title='bbox 1846 357 1891 415; x_wconf 84' lang='lat' dir='ltr'>A</span> <span class='ocrx_word' id='word_1_20' title='bbox 1928 355 2016 411; x_wconf 84' lang='lat' dir='ltr'>bis</span> <span class='ocrx_word' id='word_1_21' title='bbox 2039 356 2307 411; x_wconf 86' lang='lat' dir='ltr'>exhibent</span> <span class='ocrx_word' id='word_1_22' title='bbox 2338 357 2394 410; x_wconf 90' lang='lat' dir='ltr'>hi</span> <span class='ocrx_word' id='word_1_23' title='bbox 2426 372 2719 411; x_wconf 81' lang='lat' dir='ltr'>sermones</span> <span class='ocrx_word' id='word_1_24' title='bbox 2740 356 2768 409; x_wconf 73' lang='lat'><strong>7</strong></span> <span class='ocrx_word' id='word_1_25' title='bbox 2801 357 3098 409; x_wconf 83' lang='lat' dir='ltr'>Tractatus</span> <span class='ocrx_word' id='word_1_26' title='bbox 3124 361 3359 424; x_wconf 89' lang='lat' dir='ltr'>quartus</span> <span class='ocrx_word' id='word_1_27' title='bbox 3392 360 3581 413; x_wconf 70' lang='lat' dir='ltr'>(101.c-</span> 
     </span>
    </p>
   </div>
   <div class='ocr_carea' id='block_1_6' title="bbox 157 422 1815 493">
    <p class='ocr_par' dir='ltr' id='par_1_6' title="bbox 157 422 1815 493">
     <span class='ocr_line' id='line_1_6' title="bbox 157 422 1815 493; baseline -0.001 -15"><span class='ocrx_word' id='word_1_28' title='bbox 157 425 261 491; x_wconf 90' lang='lat' dir='ltr'>lat,</span> <span class='ocrx_word' id='word_1_29' title='bbox 288 424 435 477; x_wconf 87' lang='lat' dir='ltr'>inter</span> <span class='ocrx_word' id='word_1_30' title='bbox 467 438 564 477; x_wconf 89' lang='lat' dir='ltr'>eos</span> <span class='ocrx_word' id='word_1_31' title='bbox 582 437 695 474; x_wconf 90' lang='lat' dir='ltr'>non</span> <span class='ocrx_word' id='word_1_32' title='bbox 731 422 1019 493; x_wconf 74' lang='lat' dir='ltr'>fuissent?</span> <span class='ocrx_word' id='word_1_33' title='bbox 1050 425 1333 478; x_wconf 83' lang='lat' dir='ltr'>Adversus</span> <span class='ocrx_word' id='word_1_34' title='bbox 1366 440 1720 493; x_wconf 90' lang='lat' dir='ltr'>paganorum</span> <span class='ocrx_word' id='word_1_35' title='bbox 1737 426 1815 478; x_wconf 82' lang='lat' dir='ltr'>Iu-</span> 
     </span>
    </p>
   </div>
   <div class='ocr_carea' id='block_1_7' title="bbox 152 492 1819 566">
    <p class='ocr_par' dir='ltr' id='par_1_7' title="bbox 152 492 1819 566">
     <span class='ocr_line' id='line_1_7' title="bbox 152 492 1819 566; baseline 0.001 -17"><span class='ocrx_word' id='word_1_36' title='bbox 152 498 473 557; x_wconf 74' lang='lat' dir='ltr'>strationes,</span> <span class='ocrx_word' id='word_1_37' title='bbox 503 493 703 563; x_wconf 74' lang='lat' dir='ltr'>queein</span> <span class='ocrx_word' id='word_1_38' title='bbox 738 492 964 566; x_wconf 71' lang='lat' dir='ltr'>dimcesi</span> <span class='ocrx_word' id='word_1_39' title='bbox 1014 494 1178 566; x_wconf 68' lang='grc'>14],</span> <span class='ocrx_word' id='word_1_40' title='bbox 1231 512 1335 549; x_wconf 91' lang='lat' dir='ltr'>sua</span> <span class='ocrx_word' id='word_1_41' title='bbox 1365 492 1552 549; x_wconf 77' lang='lat' dir='ltr'>adhuc</span> <span class='ocrx_word' id='word_1_42' title='bbox 1603 496 1819 550; x_wconf 79' lang='lat' dir='ltr'>obtine-</span> 
     </span>
    </p>
   </div>
   <div class='ocr_carea' id='block_1_8' title="bbox 154 564 1818 636">
    <p class='ocr_par' dir='ltr' id='par_1_8' title="bbox 154 564 1818 636">
     <span class='ocr_line' id='line_1_8' title="bbox 154 564 1818 636; baseline 0 -15"><span class='ocrx_word' id='word_1_43' title='bbox 154 569 317 634; x_wconf 84' lang='lat' dir='ltr'>bant,</span> <span class='ocrx_word' id='word_1_44' title='bbox 352 566 433 620; x_wconf 90' lang='lat' dir='ltr'>ita</span> <span class='ocrx_word' id='word_1_45' title='bbox 465 580 728 636; x_wconf 83' lang='lat' dir='ltr'>sermone</span> <span class='ocrx_word' id='word_1_46' title='bbox 755 565 842 627; x_wconf 86' lang='lat'>77,</span> <span class='ocrx_word' id='word_1_47' title='bbox 863 564 955 634; x_wconf 85' lang='lat' dir='ltr'>qui</span> <span class='ocrx_word' id='word_1_48' title='bbox 977 571 1063 619; x_wconf 89' lang='lat' dir='ltr'>est</span> <span class='ocrx_word' id='word_1_49' title='bbox 1092 564 1207 619; x_wconf 57' lang='lat' dir='ltr'>ﬁde</span> <span class='ocrx_word' id='word_1_50' title='bbox 1239 566 1450 620; x_wconf 81' lang='lat' dir='ltr'>sanctis</span> <span class='ocrx_word' id='word_1_51' title='bbox 1470 567 1818 636; x_wconf 80' lang='lat' dir='ltr'>martyribus</span> 
     </span>
    </p>
   </div>
   <div class='ocr_carea' id='block_1_9' title="bbox 156 634 1821 705">
    <p class='ocr_par' dir='ltr' id='par_1_9' title="bbox 156 634 1821 705">
     <span class='ocr_line' id='line_1_9' title="bbox 156 634 1821 705; baseline -0.001 -13"><span class='ocrx_word' id='word_1_52' title='bbox 156 637 489 693; x_wconf 85' lang='lat' dir='ltr'>Alexandro</span> <span class='ocrx_word' id='word_1_53' title='bbox 512 638 567 690; x_wconf 85' lang='lat' dir='ltr'>et</span> <span class='ocrx_word' id='word_1_54' title='bbox 596 634 763 689; x_wconf 91' lang='lat' dir='ltr'>sociis</span> <span class='ocrx_word' id='word_1_55' title='bbox 797 652 808 689; x_wconf 90' lang='lat'><strong>:</strong></span> <span class='ocrx_word' id='word_1_56' title='bbox 841 656 867 686; x_wconf 92' lang='lat'><strong>«</strong></span> <span class='ocrx_word' id='word_1_57' title='bbox 901 637 969 689; x_wconf 87' lang='lat' dir='ltr'>Et</span> <span class='ocrx_word' id='word_1_58' title='bbox 997 636 1131 705; x_wconf 85' lang='lat' dir='ltr'>quia</span> <span class='ocrx_word' id='word_1_59' title='bbox 1161 637 1485 691; x_wconf 83' lang='lat' dir='ltr'>audivimus</span> <span class='ocrx_word' id='word_1_60' title='bbox 1516 634 1759 691; x_wconf 77' lang='lat' dir='ltr'>lustrum</span> <span class='ocrx_word' id='word_1_61' title='bbox 1788 655 1821 692; x_wconf 91' lang='lat' dir='ltr'>a</span> 
     </span>
    </p>
   </div>
   <div class='ocr_carea' id='block_1_10' title="bbox 158 705 1815 777">
    <p class='ocr_par' dir='ltr' id='par_1_10' title="bbox 158 705 1815 777">
     <span class='ocr_line' id='line_1_10' title="bbox 158 705 1815 777; baseline -0.001 -13"><span class='ocrx_word' id='word_1_62' title='bbox 158 707 455 764; x_wconf 89' lang='lat' dir='ltr'>nonnullis</span> <span class='ocrx_word' id='word_1_63' title='bbox 477 705 766 777; x_wconf 84' lang='lat' dir='ltr'>sacrilegis</span> <span class='ocrx_word' id='word_1_64' title='bbox 784 706 935 759; x_wconf 82' lang='lat' dir='ltr'>mitti</span> <span class='ocrx_word' id='word_1_65' title='bbox 968 707 1151 762; x_wconf 90' lang='lat' dir='ltr'>solere</span> <span class='ocrx_word' id='word_1_66' title='bbox 1172 709 1433 777; x_wconf 89' lang='lat' dir='ltr'>exemplo</span> <span class='ocrx_word' id='word_1_67' title='bbox 1465 712 1815 772; x_wconf 89' lang='lat' dir='ltr'>sanctorum,</span> 
     </span>
    </p>
   </div>
   <div class='ocr_carea' id='block_1_11' title="bbox 160 778 1817 852">
    <p class='ocr_par' dir='ltr' id='par_1_11' title="bbox 160 778 1817 852">
     <span class='ocr_line' id='line_1_11' title="bbox 160 778 1817 852; baseline -0.001 -17"><span class='ocrx_word' id='word_1_68' title='bbox 160 782 533 852; x_wconf 89' lang='lat' dir='ltr'>objurgemus</span> <span class='ocrx_word' id='word_1_69' title='bbox 555 778 779 847; x_wconf 92' lang='lat' dir='ltr'>impios,</span> <span class='ocrx_word' id='word_1_70' title='bbox 803 778 1141 852; x_wconf 83' lang='lat' dir='ltr'>castigemus</span> <span class='ocrx_word' id='word_1_71' title='bbox 1166 785 1489 852; x_wconf 85' lang='lat' dir='ltr'>errantes...</span> <span class='ocrx_word' id='word_1_72' title='bbox 1509 780 1817 846; x_wconf 66' lang='lat' dir='ltr'>Caeterum,</span> 
     </span>
    </p>
   </div>
   <div class='ocr_carea' id='block_1_12' title="bbox 161 849 1822 920">
    <p class='ocr_par' dir='ltr' id='par_1_12' title="bbox 161 849 1822 920">
     <span class='ocr_line' id='line_1_12' title="bbox 161 849 1822 920; baseline 0 -14"><span class='ocrx_word' id='word_1_73' title='bbox 161 852 205 906; x_wconf 88' lang='lat' dir='ltr'>si</span> <span class='ocrx_word' id='word_1_74' title='bbox 229 849 493 906; x_wconf 68' lang='lat' dir='ltr'>videntes</span> <span class='ocrx_word' id='word_1_75' title='bbox 512 849 618 920; x_wconf 92' lang='lat' dir='ltr'>hoc</span> <span class='ocrx_word' id='word_1_76' title='bbox 642 854 915 913; x_wconf 87' lang='lat' dir='ltr'>tacemus,</span> <span class='ocrx_word' id='word_1_77' title='bbox 936 849 1168 904; x_wconf 87' lang='lat' dir='ltr'>silentes</span> <span class='ocrx_word' id='word_1_78' title='bbox 1192 856 1247 905; x_wconf 89' lang='lat' dir='ltr'>et</span> <span class='ocrx_word' id='word_1_79' title='bbox 1270 850 1541 920; x_wconf 86' lang='lat' dir='ltr'>patimur,</span> <span class='ocrx_word' id='word_1_80' title='bbox 1562 867 1689 906; x_wconf 90' lang='lat' dir='ltr'>reos</span> <span class='ocrx_word' id='word_1_81' title='bbox 1718 868 1822 906; x_wconf 89' lang='lat' dir='ltr'>nos</span> 
     </span>
    </p>
   </div>
   <div class='ocr_carea' id='block_1_13' title="bbox 161 919 1826 989">
    <p class='ocr_par' dir='ltr' id='par_1_13' title="bbox 161 919 1826 989">
     <span class='ocr_line' id='line_1_13' title="bbox 161 919 1826 989; baseline -0.001 -12"><span class='ocrx_word' id='word_1_82' title='bbox 161 922 492 985; x_wconf 85' lang='lat' dir='ltr'>statuimus,</span> <span class='ocrx_word' id='word_1_83' title='bbox 525 919 570 973; x_wconf 91' lang='lat' dir='ltr'>si</span> <span class='ocrx_word' id='word_1_84' title='bbox 604 936 716 974; x_wconf 89' lang='lat' dir='ltr'>non</span> <span class='ocrx_word' id='word_1_85' title='bbox 741 921 1072 989; x_wconf 85' lang='lat' dir='ltr'>operatione</span> <span class='ocrx_word' id='word_1_86' title='bbox 1101 919 1347 985; x_wconf 86' lang='lat' dir='ltr'>sceleris,</span> <span class='ocrx_word' id='word_1_87' title='bbox 1382 927 1640 976; x_wconf 87' lang='lat' dir='ltr'>attamen</span> <span class='ocrx_word' id='word_1_88' title='bbox 1665 922 1826 977; x_wconf 90' lang='lat' dir='ltr'>dissi-</span> 
     </span>
    </p>
   </div>
   <div class='ocr_carea' id='block_1_14' title="bbox 164 990 1820 1057">
    <p class='ocr_par' dir='ltr' id='par_1_14' title="bbox 164 990 1820 1057">
     <span class='ocr_line' id='line_1_14' title="bbox 164 990 1820 1057; baseline -0.001 -8"><span class='ocrx_word' id='word_1_89' title='bbox 164 992 501 1049; x_wconf 89' lang='lat' dir='ltr'>mulationis</span> <span class='ocrx_word' id='word_1_90' title='bbox 515 1008 815 1046; x_wconf 86' lang='lat' dir='ltr'>assensu...</span> <span class='ocrx_word' id='word_1_91' title='bbox 833 990 1062 1057; x_wconf 91' lang='lat' dir='ltr'>Quoties</span> <span class='ocrx_word' id='word_1_92' title='bbox 1075 992 1372 1047; x_wconf 87' lang='lat' dir='ltr'>mandavit</span> <span class='ocrx_word' id='word_1_93' title='bbox 1386 994 1531 1047; x_wconf 88' lang='lat' dir='ltr'>Deus</span> <span class='ocrx_word' id='word_1_94' title='bbox 1543 992 1820 1048; x_wconf 88' lang='lat' dir='ltr'>idolorum</span> 
     </span>
    </p>
   </div>
   <div class='ocr_carea' id='block_1_15' title="bbox 163 1062 1823 1145">
    <p class='ocr_par' dir='ltr' id='par_1_15' title="bbox 163 1062 1823 1145">
     <span class='ocr_line' id='line_1_15' title="bbox 163 1062 1823 1145; baseline -0.001 -25"><span class='ocrx_word' id='word_1_95' title='bbox 163 1063 468 1145; x_wconf 66' lang='lat' dir='ltr'>sacrilegia</span> <span class='ocrx_word' id='word_1_96' title='bbox 493 1062 860 1145; x_wconf 38' lang='lat' dir='ltr'>destruenda;</span> <span class='ocrx_word' id='word_1_97' title='bbox 886 1067 942 1145; x_wconf 76' lang='lat' dir='ltr'>et</span> <span class='ocrx_word' id='word_1_98' title='bbox 968 1080 1285 1145; x_wconf 76' lang='lat' dir='ltr'>numquam</span> <span class='ocrx_word' id='word_1_99' title='bbox 1318 1065 1402 1145; x_wconf 37' lang='lat' dir='ltr'>ad.</span> <span class='ocrx_word' id='word_1_100' title='bbox 1421 1065 1571 1145; x_wconf 78' lang='lat' dir='ltr'>hanc</span> <span class='ocrx_word' id='word_1_101' title='bbox 1601 1071 1823 1135; x_wconf 89' lang='lat' dir='ltr'>partem</span> 
     </span>
    </p>
   </div>
   <div class='ocr_carea' id='block_1_16' title="bbox 162 1132 1824 1204">
    <p class='ocr_par' dir='ltr' id='par_1_16' title="bbox 162 1132 1824 1204">
     <span class='ocr_line' id='line_1_16' title="bbox 162 1132 1824 1204; baseline -0.001 -12"><span class='ocrx_word' id='word_1_102' title='bbox 162 1132 393 1192; x_wconf 89' lang='lat' dir='ltr'>solliciti</span> <span class='ocrx_word' id='word_1_103' title='bbox 420 1151 542 1189; x_wconf 91' lang='lat' dir='ltr'>esse</span> <span class='ocrx_word' id='word_1_104' title='bbox 562 1132 860 1188; x_wconf 76' lang='lat' dir='ltr'>volumus?</span> <span class='ocrx_word' id='word_1_105' title='bbox 890 1132 1824 1204; x_wconf 79' lang='lat' dir='ltr'>Semperdissimulavimus,sem-</span> 
     </span>
    </p>
   </div>
   <div class='ocr_carea' id='block_1_17' title="bbox 163 1205 1825 1279">
    <p class='ocr_par' dir='ltr' id='par_1_17' title="bbox 163 1205 1825 1279">
     <span class='ocr_line' id='line_1_17' title="bbox 163 1205 1825 1279; baseline -0.001 -17"><span class='ocrx_word' id='word_1_106' title='bbox 163 1224 265 1279; x_wconf 92' lang='lat' dir='ltr'>per</span> <span class='ocrx_word' id='word_1_107' title='bbox 294 1206 635 1279; x_wconf 80' lang='lat' dir='ltr'>sprevimus.</span> <span class='ocrx_word' id='word_1_108' title='bbox 670 1205 876 1258; x_wconf 86' lang='lat' dir='ltr'>Postea</span> <span class='ocrx_word' id='word_1_109' title='bbox 906 1207 1345 1279; x_wconf 75' lang='lat' dir='ltr'>nosadmonuit</span> <span class='ocrx_word' id='word_1_110' title='bbox 1366 1206 1662 1276; x_wconf 89' lang='lat' dir='ltr'>imperiale</span> <span class='ocrx_word' id='word_1_111' title='bbox 1685 1225 1825 1277; x_wconf 70' lang='lat' dir='ltr'>pra:-</span> 
     </span>
    </p>
   </div>
   <div class='ocr_carea' id='block_1_18' title="bbox 163 1275 1823 1349">
    <p class='ocr_par' dir='ltr' id='par_1_18' title="bbox 163 1275 1823 1349">
     <span class='ocr_line' id='line_1_18' title="bbox 163 1275 1823 1349; baseline -0.001 -15"><span class='ocrx_word' id='word_1_112' title='bbox 163 1275 419 1349; x_wconf 25' lang='lat' dir='ltr'>ceptu’m.</span> <span class='ocrx_word' id='word_1_113' title='bbox 456 1276 650 1331; x_wconf 90' lang='lat' dir='ltr'>Videte</span> <span class='ocrx_word' id='word_1_114' title='bbox 676 1280 896 1349; x_wconf 81' lang='lat' dir='ltr'>quanta</span> <span class='ocrx_word' id='word_1_115' title='bbox 920 1275 1244 1349; x_wconf 74' lang='lat' dir='ltr'>Divinitatis</span> <span class='ocrx_word' id='word_1_116' title='bbox 1276 1277 1350 1349; x_wconf 89' lang='lat' dir='ltr'>sit</span> <span class='ocrx_word' id='word_1_117' title='bbox 1378 1275 1823 1349; x_wconf 44' lang='lat' dir='ltr'>derogatio&#39;haac</span> 
     </span>
    </p>
   </div>
   <div class='ocr_carea' id='block_1_19' title="bbox 162 1346 1821 1419">
    <p class='ocr_par' dir='ltr' id='par_1_19' title="bbox 162 1346 1821 1419">
     <span class='ocr_line' id='line_1_19' title="bbox 162 1346 1821 1419; baseline -0.001 -15"><span class='ocrx_word' id='word_1_118' title='bbox 162 1346 439 1404; x_wconf 71' lang='lat' dir='ltr'>humana:</span> <span class='ocrx_word' id='word_1_119' title='bbox 469 1346 766 1419; x_wconf 79' lang='lat' dir='ltr'>potestatis</span> <span class='ocrx_word' id='word_1_120' title='bbox 806 1347 1128 1419; x_wconf 73' lang='lat' dir='ltr'>adjectio...</span> <span class='ocrx_word' id='word_1_121' title='bbox 1144 1347 1431 1418; x_wconf 88' lang='lat' dir='ltr'>Principes</span> <span class='ocrx_word' id='word_1_122' title='bbox 1457 1346 1688 1419; x_wconf 75' lang='lat' dir='ltr'>quidem</span> <span class='ocrx_word' id='word_1_123' title='bbox 1702 1354 1821 1404; x_wconf 90' lang='lat' dir='ltr'>tam</span> 
     </span>
    </p>
   </div>
   <div class='ocr_carea' id='block_1_20' title="bbox 162 1418 1823 1492">
    <p class='ocr_par' dir='ltr' id='par_1_20' title="bbox 162 1418 1823 1492">
     <span class='ocr_line' id='line_1_20' title="bbox 162 1418 1823 1492; baseline -0.001 -16"><span class='ocrx_word' id='word_1_124' title='bbox 162 1420 299 1475; x_wconf 90' lang='lat' dir='ltr'>boni</span> <span class='ocrx_word' id='word_1_125' title='bbox 333 1418 642 1476; x_wconf 86' lang='lat' dir='ltr'>Christiani</span> <span class='ocrx_word' id='word_1_126' title='bbox 664 1418 815 1488; x_wconf 81' lang='lat' dir='ltr'>leges</span> <span class='ocrx_word' id='word_1_127' title='bbox 845 1435 945 1488; x_wconf 91' lang='lat' dir='ltr'>pro</span> <span class='ocrx_word' id='word_1_128' title='bbox 974 1418 1249 1489; x_wconf 84' lang='lat' dir='ltr'>religione</span> <span class='ocrx_word' id='word_1_129' title='bbox 1282 1418 1667 1492; x_wconf 88' lang='lat' dir='ltr'>promulgant,</span> <span class='ocrx_word' id='word_1_130' title='bbox 1696 1422 1823 1492; x_wconf 90' lang='lat' dir='ltr'>sed</span> 
     </span>
    </p>
   </div>
   <div class='ocr_carea' id='block_1_21' title="bbox 165 1491 1825 1571">
    <p class='ocr_par' dir='ltr' id='par_1_21' title="bbox 165 1491 1825 1571">
     <span class='ocr_line' id='line_1_21' title="bbox 165 1491 1825 1571; baseline -0.001 -24"><span class='ocrx_word' id='word_1_131' title='bbox 165 1509 263 1547; x_wconf 89' lang='lat' dir='ltr'>eas</span> <span class='ocrx_word' id='word_1_132' title='bbox 290 1495 646 1571; x_wconf 67' lang='lat' dir='ltr'>exseputoi&#39;es</span> <span class='ocrx_word' id='word_1_133' title='bbox 676 1506 789 1543; x_wconf 88' lang='lat' dir='ltr'>non</span> <span class='ocrx_word' id='word_1_134' title='bbox 813 1561 823 1571; x_wconf 82' lang='lat'><em>_</em></span> <span class='ocrx_word' id='word_1_135' title='bbox 847 1494 1099 1571; x_wconf 46' lang='lat' dir='ltr'>egerunt</span> <span class='ocrx_word' id='word_1_136' title='bbox 1142 1491 1551 1571; x_wconf 78' lang='lat' dir='ltr'>competenter.</span> <span class='ocrx_word' id='word_1_137' title='bbox 1618 1514 1663 1571; x_wconf 50' lang='grc' dir='ltr'>ι.</span> <span class='ocrx_word' id='word_1_138' title='bbox 1694 1491 1825 1571; x_wconf 60' lang='lat' dir='ltr'>Haec</span> 
     </span>
    </p>
   </div>
   <div class='ocr_carea' id='block_1_22' title="bbox 163 1560 1821 1632">
    <p class='ocr_par' dir='ltr' id='par_1_22' title="bbox 163 1560 1821 1632">
     <span class='ocr_line' id='line_1_22' title="bbox 163 1560 1821 1632; baseline -0.002 -13"><span class='ocrx_word' id='word_1_139' title='bbox 163 1568 399 1619; x_wconf 86' lang='lat' dir='ltr'>sanctus</span> <span class='ocrx_word' id='word_1_140' title='bbox 426 1562 740 1631; x_wconf 79' lang='lat' dir='ltr'>Maximus;</span> <span class='ocrx_word' id='word_1_141' title='bbox 774 1561 865 1615; x_wconf 91' lang='lat' dir='ltr'>ubi</span> <span class='ocrx_word' id='word_1_142' title='bbox 894 1560 1205 1615; x_wconf 89' lang='lat' dir='ltr'>indicatam</span> <span class='ocrx_word' id='word_1_143' title='bbox 1240 1560 1431 1615; x_wconf 87' lang='lat' dir='ltr'>videas</span> <span class='ocrx_word' id='word_1_144' title='bbox 1462 1562 1821 1632; x_wconf 86' lang='lat' dir='ltr'>imperialem</span> 
     </span>
    </p>
   </div>
   <div class='ocr_carea' id='block_1_23' title="bbox 164 1632 1819 1705">
    <p class='ocr_par' dir='ltr' id='par_1_23' title="bbox 164 1632 1819 1705">
     <span class='ocr_line' id='line_1_23' title="bbox 164 1632 1819 1705; baseline -0.001 -17"><span class='ocrx_word' id='word_1_145' title='bbox 164 1636 350 1705; x_wconf 83' lang='lat' dir='ltr'>legem</span> <span class='ocrx_word' id='word_1_146' title='bbox 362 1676 375 1699; x_wconf 97' lang='lat'>,</span> <span class='ocrx_word' id='word_1_147' title='bbox 398 1638 569 1704; x_wconf 89' lang='lat' dir='ltr'>atque</span> <span class='ocrx_word' id='word_1_148' title='bbox 581 1648 709 1705; x_wconf 85' lang='lat' dir='ltr'>eam</span> <span class='ocrx_word' id='word_1_149' title='bbox 725 1632 965 1705; x_wconf 84' lang='lat' dir='ltr'>fortasse</span> <span class='ocrx_word' id='word_1_150' title='bbox 979 1649 1150 1701; x_wconf 89' lang='lat' dir='ltr'>quam</span> <span class='ocrx_word' id='word_1_151' title='bbox 1166 1649 1338 1705; x_wconf 85' lang='lat' dir='ltr'>supra</span> <span class='ocrx_word' id='word_1_152' title='bbox 1352 1633 1819 1705; x_wconf 85' lang='lat' dir='ltr'>memoravimus,</span> 
     </span>
    </p>
   </div>
   <div class='ocr_carea' id='block_1_24' title="bbox 1926 426 3579 509">
    <p class='ocr_par' dir='ltr' id='par_1_24' title="bbox 1926 426 3579 509">
     <span class='ocr_line' id='line_1_24' title="bbox 1926 426 3579 509; baseline 0.002 -30"><span class='ocrx_word' id='word_1_153' title='bbox 1926 426 2113 509; x_wconf 80' lang='lat' dir='ltr'>ctione</span> <span class='ocrx_word' id='word_1_154' title='bbox 2144 428 2320 509; x_wconf 59' lang='lat' dir='ltr'>Exodi</span> <span class='ocrx_word' id='word_1_155' title='bbox 2346 428 2480 509; x_wconf 68' lang='lat' dir='ltr'>haec</span> <span class='ocrx_word' id='word_1_156' title='bbox 2501 429 2674 481; x_wconf 88' lang='lat' dir='ltr'>habet</span> <span class='ocrx_word' id='word_1_157' title='bbox 2708 445 2719 480; x_wconf 93' lang='lat'>:</span> <span class='ocrx_word' id='word_1_158' title='bbox 2748 426 3133 509; x_wconf 34' lang='lat' dir='ltr'>.«Vos‘igit‘ur,</span> <span class='ocrx_word' id='word_1_159' title='bbox 3164 427 3452 509; x_wconf 62' lang='lat' dir='ltr'>peophyii,</span> <span class='ocrx_word' id='word_1_160' title='bbox 3487 430 3579 509; x_wconf 86' lang='lat' dir='ltr'>qui</span> 
     </span>
    </p>
   </div>
   <div class='ocr_carea' id='block_1_25' title="bbox 1931 496 3583 568">
    <p class='ocr_par' dir='ltr' id='par_1_25' title="bbox 1931 496 3583 568">
     <span class='ocr_line' id='line_1_25' title="bbox 1931 496 3583 568; baseline 0.001 -17"><span class='ocrx_word' id='word_1_161' title='bbox 1931 498 2065 551; x_wconf 88' lang='lat' dir='ltr'>estis</span> <span class='ocrx_word' id='word_1_162' title='bbox 2087 500 2159 551; x_wconf 88' lang='lat' dir='ltr'>ad</span> <span class='ocrx_word' id='word_1_163' title='bbox 2184 500 2362 553; x_wconf 69' lang='lat' dir='ltr'>beatae</span> <span class='ocrx_word' id='word_1_164' title='bbox 2390 499 2555 568; x_wconf 83' lang='lat' dir='ltr'>hujus</span> <span class='ocrx_word' id='word_1_165' title='bbox 2588 515 2653 552; x_wconf 86' lang='lat' dir='ltr'>ac</span> <span class='ocrx_word' id='word_1_166' title='bbox 2678 498 2991 568; x_wconf 89' lang='lat' dir='ltr'>spiritualis</span> <span class='ocrx_word' id='word_1_167' title='bbox 3018 496 3250 551; x_wconf 72' lang='lat' dir='ltr'>Pascha:</span> <span class='ocrx_word' id='word_1_168' title='bbox 3281 496 3475 567; x_wconf 86' lang='lat' dir='ltr'>epulas</span> <span class='ocrx_word' id='word_1_169' title='bbox 3504 496 3583 553; x_wconf 83' lang='lat' dir='ltr'>in-</span> 
     </span>
    </p>
   </div>
   <div class='ocr_carea' id='block_1_26' title="bbox 1931 567 3580 650">
    <p class='ocr_par' dir='ltr' id='par_1_26' title="bbox 1931 567 3580 650">
     <span class='ocr_line' id='line_1_26' title="bbox 1931 567 3580 650; baseline 0.001 -29"><span class='ocrx_word' id='word_1_170' title='bbox 1931 569 2114 632; x_wconf 90' lang='lat' dir='ltr'>vitati,</span> <span class='ocrx_word' id='word_1_171' title='bbox 2146 567 2934 650; x_wconf 32' lang='lat' dir='ltr'>videte&#39;quo&#39;modonabpmni</span> <span class='ocrx_word' id='word_1_172' title='bbox 2973 567 3287 650; x_wconf 77' lang='lat' dir='ltr'>pollutione</span> <span class='ocrx_word' id='word_1_173' title='bbox 3319 585 3580 650; x_wconf 80' lang='lat' dir='ltr'>escarum</span> 
     </span>
    </p>
   </div>
   <div class='ocr_carea' id='block_1_27' title="bbox 1932 640 3585 711">
    <p class='ocr_par' dir='ltr' id='par_1_27' title="bbox 1932 640 3585 711">
     <span class='ocr_line' id='line_1_27' title="bbox 1932 640 3585 711; baseline 0 -17"><span class='ocrx_word' id='word_1_174' title='bbox 1932 657 2072 710; x_wconf 90' lang='lat' dir='ltr'>quas</span> <span class='ocrx_word' id='word_1_175' title='bbox 2102 640 2428 710; x_wconf 89' lang='lat' dir='ltr'>superstitio</span> <span class='ocrx_word' id='word_1_176' title='bbox 2477 640 2704 711; x_wconf 85' lang='lat' dir='ltr'>gentilis</span> <span class='ocrx_word' id='word_1_177' title='bbox 2753 640 3032 704; x_wconf 86' lang='lat' dir='ltr'>infecerit,</span> <span class='ocrx_word' id='word_1_178' title='bbox 3078 645 3310 711; x_wconf 84' lang='lat' dir='ltr'>vestras</span> <span class='ocrx_word' id='word_1_179' title='bbox 3359 640 3585 695; x_wconf 87' lang='lat' dir='ltr'>animas</span> 
     </span>
    </p>
   </div>
   <div class='ocr_carea' id='block_1_28' title="bbox 1932 710 3583 766">
    <p class='ocr_par' dir='ltr' id='par_1_28' title="bbox 1932 710 3583 766">
     <span class='ocr_line' id='line_1_28' title="bbox 1932 710 3583 766; baseline 0.001 -2"><span class='ocrx_word' id='word_1_180' title='bbox 1932 711 2293 766; x_wconf 79' lang='lat' dir='ltr'>conservatis.</span> <span class='ocrx_word' id='word_1_181' title='bbox 2325 713 2437 766; x_wconf 90' lang='lat' dir='ltr'>Nec</span> <span class='ocrx_word' id='word_1_182' title='bbox 2462 710 2675 765; x_wconf 89' lang='lat' dir='ltr'>sufﬁcit</span> <span class='ocrx_word' id='word_1_183' title='bbox 2718 716 2781 765; x_wconf 85' lang='lat' dir='ltr'>ut</span> <span class='ocrx_word' id='word_1_184' title='bbox 2838 729 2871 765; x_wconf 88' lang='lat' dir='ltr'>a</span> <span class='ocrx_word' id='word_1_185' title='bbox 2918 710 3215 765; x_wconf 84' lang='lat' dir='ltr'>mortifero</span> <span class='ocrx_word' id='word_1_186' title='bbox 3253 712 3583 765; x_wconf 74' lang='lat' dir='ltr'>dzemonum</span> 
     </span>
    </p>
   </div>
   <div class='ocr_carea' id='block_1_29' title="bbox 1931 782 3586 848">
    <p class='ocr_par' dir='ltr' id='par_1_29' title="bbox 1931 782 3586 848">
     <span class='ocr_line' id='line_1_29' title="bbox 1931 782 3586 848; baseline 0 -12"><span class='ocrx_word' id='word_1_187' title='bbox 1931 782 2055 837; x_wconf 90' lang='lat' dir='ltr'>cibo</span> <span class='ocrx_word' id='word_1_188' title='bbox 2088 782 2261 836; x_wconf 89' lang='lat' dir='ltr'>vitam</span> <span class='ocrx_word' id='word_1_189' title='bbox 2304 799 2465 837; x_wconf 91' lang='lat' dir='ltr'>suam</span> <span class='ocrx_word' id='word_1_190' title='bbox 2494 782 2779 837; x_wconf 90' lang='lat' dir='ltr'>custodiat</span> <span class='ocrx_word' id='word_1_191' title='bbox 2808 782 3198 848; x_wconf 88' lang='lat' dir='ltr'>Christianus;</span> <span class='ocrx_word' id='word_1_192' title='bbox 3227 782 3325 836; x_wconf 89' lang='lat' dir='ltr'>sed</span> <span class='ocrx_word' id='word_1_193' title='bbox 3357 787 3418 835; x_wconf 91' lang='lat' dir='ltr'>ut</span> <span class='ocrx_word' id='word_1_194' title='bbox 3466 800 3586 836; x_wconf 91' lang='lat' dir='ltr'>om-</span> 
     </span>
    </p>
   </div>
   <div class='ocr_carea' id='block_1_30' title="bbox 1930 853 3582 923">
    <p class='ocr_par' dir='ltr' id='par_1_30' title="bbox 1930 853 3582 923">
     <span class='ocr_line' id='line_1_30' title="bbox 1930 853 3582 923; baseline 0.001 -16"><span class='ocrx_word' id='word_1_195' title='bbox 1930 853 2024 907; x_wconf 88' lang='lat' dir='ltr'>nia</span> <span class='ocrx_word' id='word_1_196' title='bbox 2054 854 2524 909; x_wconf 89' lang='lat' dir='ltr'>abominamenta</span> <span class='ocrx_word' id='word_1_197' title='bbox 2556 853 2879 923; x_wconf 85' lang='lat' dir='ltr'>gentilium,</span> <span class='ocrx_word' id='word_1_198' title='bbox 2904 858 2959 907; x_wconf 82' lang='lat' dir='ltr'>et</span> <span class='ocrx_word' id='word_1_199' title='bbox 2984 870 3185 907; x_wconf 90' lang='lat' dir='ltr'>omnes</span> <span class='ocrx_word' id='word_1_200' title='bbox 3241 853 3582 908; x_wconf 69' lang='lat' dir='ltr'>idololatria:</span> 
     </span>
    </p>
   </div>
   <div class='ocr_carea' id='block_1_31' title="bbox 1932 924 3585 995">
    <p class='ocr_par' dir='ltr' id='par_1_31' title="bbox 1932 924 3585 995">
     <span class='ocr_line' id='line_1_31' title="bbox 1932 924 3585 995; baseline -0.001 -17"><span class='ocrx_word' id='word_1_201' title='bbox 1932 924 2215 990; x_wconf 89' lang='lat' dir='ltr'>tramites,</span> <span class='ocrx_word' id='word_1_202' title='bbox 2234 925 2378 980; x_wconf 89' lang='lat' dir='ltr'>sicut</span> <span class='ocrx_word' id='word_1_203' title='bbox 2407 928 2675 995; x_wconf 67' lang='lat' dir='ltr'>quaedam</span> <span class='ocrx_word' id='word_1_204' title='bbox 2705 925 2981 995; x_wconf 90' lang='lat' dir='ltr'>serpentis</span> <span class='ocrx_word' id='word_1_205' title='bbox 2999 924 3209 979; x_wconf 89' lang='lat' dir='ltr'>diaboli</span> <span class='ocrx_word' id='word_1_206' title='bbox 3240 941 3459 979; x_wconf 88' lang='lat' dir='ltr'>venena</span> <span class='ocrx_word' id='word_1_207' title='bbox 3477 925 3585 978; x_wconf 83' lang='lat' dir='ltr'>dif-</span> 
     </span>
    </p>
   </div>
   <div class='ocr_carea' id='block_1_32' title="bbox 1935 995 3582 1067">
    <p class='ocr_par' dir='ltr' id='par_1_32' title="bbox 1935 995 3582 1067">
     <span class='ocr_line' id='line_1_32' title="bbox 1935 995 3582 1067; baseline 0 -18"><span class='ocrx_word' id='word_1_208' title='bbox 1935 996 2133 1067; x_wconf 86' lang='lat' dir='ltr'>fugiat.</span> <span class='ocrx_word' id='word_1_209' title='bbox 2170 997 2362 1051; x_wconf 87' lang='lat' dir='ltr'>Partes</span> <span class='ocrx_word' id='word_1_210' title='bbox 2384 996 2537 1051; x_wconf 90' lang='lat' dir='ltr'>enim</span> <span class='ocrx_word' id='word_1_211' title='bbox 2571 996 2903 1050; x_wconf 79' lang='lat' dir='ltr'>idololatriae</span> <span class='ocrx_word' id='word_1_212' title='bbox 2928 999 3060 1051; x_wconf 90' lang='lat' dir='ltr'>sunt</span> <span class='ocrx_word' id='word_1_213' title='bbox 3118 995 3407 1067; x_wconf 82' lang='lat' dir='ltr'>veneﬁcia,</span> <span class='ocrx_word' id='word_1_214' title='bbox 3442 1012 3582 1066; x_wconf 57' lang='lat' dir='ltr'>prino</span> 
     </span>
    </p>
   </div>
   <div class='ocr_carea' id='block_1_33' title="bbox 1931 1066 3583 1138">
    <p class='ocr_par' dir='ltr' id='par_1_33' title="bbox 1931 1066 3583 1138">
     <span class='ocr_line' id='line_1_33' title="bbox 1931 1066 3583 1138; baseline 0.001 -17"><span class='ocrx_word' id='word_1_215' title='bbox 1931 1066 2307 1136; x_wconf 86' lang='lat' dir='ltr'>cantationes,</span> <span class='ocrx_word' id='word_1_216' title='bbox 2338 1068 2782 1137; x_wconf 69' lang='lat' dir='ltr'>suballigaturaa,</span> <span class='ocrx_word' id='word_1_217' title='bbox 2814 1068 3116 1131; x_wconf 86' lang='lat' dir='ltr'>vanitates,</span> <span class='ocrx_word' id='word_1_218' title='bbox 3152 1066 3413 1138; x_wconf 85' lang='lat' dir='ltr'>auguria,</span> <span class='ocrx_word' id='word_1_219' title='bbox 3467 1084 3583 1122; x_wconf 90' lang='lat' dir='ltr'>sor-</span> 
     </span>
    </p>
   </div>
   <div class='ocr_carea' id='block_1_34' title="bbox 1931 1138 3583 1210">
    <p class='ocr_par' dir='ltr' id='par_1_34' title="bbox 1931 1138 3583 1210">
     <span class='ocr_line' id='line_1_34' title="bbox 1931 1138 3583 1210; baseline 0.001 -18"><span class='ocrx_word' id='word_1_220' title='bbox 1931 1143 2032 1210; x_wconf 85' lang='lat' dir='ltr'>tes,</span> <span class='ocrx_word' id='word_1_221' title='bbox 2070 1140 2391 1193; x_wconf 88' lang='lat' dir='ltr'>observatio</span> <span class='ocrx_word' id='word_1_222' title='bbox 2424 1140 2705 1198; x_wconf 89' lang='lat' dir='ltr'>ominum.</span> <span class='ocrx_word' id='word_1_223' title='bbox 2753 1138 3089 1210; x_wconf 86' lang='lat' dir='ltr'>parentalia,</span> <span class='ocrx_word' id='word_1_224' title='bbox 3138 1138 3396 1208; x_wconf 90' lang='lat' dir='ltr'>inquam,</span> <span class='ocrx_word' id='word_1_225' title='bbox 3434 1140 3583 1193; x_wconf 90' lang='lat' dir='ltr'>unde</span> 
     </span>
    </p>
   </div>
   <div class='ocr_carea' id='block_1_35' title="bbox 1931 1208 3585 1280">
    <p class='ocr_par' dir='ltr' id='par_1_35' title="bbox 1931 1208 3585 1280">
     <span class='ocr_line' id='line_1_35' title="bbox 1931 1208 3585 1280; baseline 0 -17"><span class='ocrx_word' id='word_1_226' title='bbox 1931 1208 2269 1264; x_wconf 60' lang='lat' dir='ltr'>idololatria}</span> <span class='ocrx_word' id='word_1_227' title='bbox 2300 1211 2516 1265; x_wconf 88' lang='lat' dir='ltr'>malum</span> <span class='ocrx_word' id='word_1_228' title='bbox 2545 1208 2945 1280; x_wconf 26' lang='lat' dir='ltr'>extulit‘caput</span> <span class='ocrx_word' id='word_1_229' title='bbox 2969 1209 3197 1265; x_wconf 89' lang='lat' dir='ltr'>erroris.</span> <span class='ocrx_word' id='word_1_230' title='bbox 3248 1211 3392 1262; x_wconf 89' lang='lat' dir='ltr'>Nam</span> <span class='ocrx_word' id='word_1_231' title='bbox 3441 1210 3585 1279; x_wconf 72' lang='lat' dir='ltr'>gulae</span> 
     </span>
    </p>
   </div>
   <div class='ocr_carea' id='block_1_36' title="bbox 1931 1280 3587 1352">
    <p class='ocr_par' dir='ltr' id='par_1_36' title="bbox 1931 1280 3587 1352">
     <span class='ocr_line' id='line_1_36' title="bbox 1931 1280 3587 1352; baseline -0.001 -17"><span class='ocrx_word' id='word_1_232' title='bbox 1931 1297 2049 1335; x_wconf 76' lang='lat' dir='ltr'>suae</span> <span class='ocrx_word' id='word_1_233' title='bbox 2076 1298 2247 1336; x_wconf 89' lang='lat' dir='ltr'>causa</span> <span class='ocrx_word' id='word_1_234' title='bbox 2275 1282 2523 1352; x_wconf 91' lang='lat' dir='ltr'>primum</span> <span class='ocrx_word' id='word_1_235' title='bbox 2546 1287 2842 1351; x_wconf 85' lang='lat' dir='ltr'>cceperunt</span> <span class='ocrx_word' id='word_1_236' title='bbox 2872 1281 3133 1335; x_wconf 90' lang='lat' dir='ltr'>homines</span> <span class='ocrx_word' id='word_1_237' title='bbox 3165 1280 3402 1350; x_wconf 88' lang='lat' dir='ltr'>prandia</span> <span class='ocrx_word' id='word_1_238' title='bbox 3436 1298 3587 1352; x_wconf 88' lang='lat' dir='ltr'>mor-</span> 
     </span>
    </p>
   </div>
   <div class='ocr_carea' id='block_1_37' title="bbox 1930 1351 3585 1423">
    <p class='ocr_par' dir='ltr' id='par_1_37' title="bbox 1930 1351 3585 1423">
     <span class='ocr_line' id='line_1_37' title="bbox 1930 1351 3585 1423; baseline 0 -18"><span class='ocrx_word' id='word_1_239' title='bbox 1930 1352 2043 1406; x_wconf 88' lang='lat' dir='ltr'>tuis</span> <span class='ocrx_word' id='word_1_240' title='bbox 2070 1351 2411 1423; x_wconf 70' lang='lat' dir='ltr'>praeparare,</span> <span class='ocrx_word' id='word_1_241' title='bbox 2441 1371 2566 1423; x_wconf 66' lang='lat' dir='ltr'>qua:</span> <span class='ocrx_word' id='word_1_242' title='bbox 2584 1353 2686 1423; x_wconf 91' lang='lat' dir='ltr'>ipsi</span> <span class='ocrx_word' id='word_1_243' title='bbox 2708 1354 3105 1413; x_wconf 86' lang='lat' dir='ltr'>comederent;</span> <span class='ocrx_word' id='word_1_244' title='bbox 3136 1356 3262 1422; x_wconf 88' lang='lat' dir='ltr'>post</span> <span class='ocrx_word' id='word_1_245' title='bbox 3282 1352 3389 1405; x_wconf 88' lang='lat' dir='ltr'>hoc</span> <span class='ocrx_word' id='word_1_246' title='bbox 3411 1351 3585 1406; x_wconf 89' lang='lat' dir='ltr'>etiam</span> 
     </span>
    </p>
   </div>
   <div class='ocr_carea' id='block_1_38' title="bbox 1931 1422 3583 1495">
    <p class='ocr_par' dir='ltr' id='par_1_38' title="bbox 1931 1422 3583 1495">
     <span class='ocr_line' id='line_1_38' title="bbox 1931 1422 3583 1495; baseline 0 -18"><span class='ocrx_word' id='word_1_247' title='bbox 1931 1422 2211 1479; x_wconf 80' lang='lat' dir='ltr'>sacriﬁcia</span> <span class='ocrx_word' id='word_1_248' title='bbox 2237 1425 2357 1479; x_wconf 89' lang='lat' dir='ltr'>ausi</span> <span class='ocrx_word' id='word_1_249' title='bbox 2377 1422 2510 1479; x_wconf 85' lang='lat' dir='ltr'>sunt</span> <span class='ocrx_word' id='word_1_250' title='bbox 2536 1422 2621 1480; x_wconf 79' lang='lat' dir='ltr'>eis</span> <span class='ocrx_word' id='word_1_251' title='bbox 2641 1424 2913 1495; x_wconf 87' lang='lat' dir='ltr'>sacrilega</span> <span class='ocrx_word' id='word_1_252' title='bbox 2938 1424 3340 1479; x_wconf 89' lang='lat' dir='ltr'>celebrare.....</span> <span class='ocrx_word' id='word_1_253' title='bbox 3361 1424 3583 1495; x_wconf 84' lang='lat' dir='ltr'>Cavete,</span> 
     </span>
    </p>
   </div>
   <div class='ocr_carea' id='block_1_39' title="bbox 1932 1494 3589 1565">
    <p class='ocr_par' dir='ltr' id='par_1_39' title="bbox 1932 1494 3589 1565">
     <span class='ocr_line' id='line_1_39' title="bbox 1932 1494 3589 1565; baseline -0.001 -16"><span class='ocrx_word' id='word_1_254' title='bbox 1932 1511 2138 1565; x_wconf 68' lang='lat' dir='ltr'>quaeso,</span> <span class='ocrx_word' id='word_1_255' title='bbox 2176 1497 2247 1549; x_wconf 92' lang='lat' dir='ltr'>ab</span> <span class='ocrx_word' id='word_1_256' title='bbox 2278 1496 2366 1550; x_wconf 89' lang='lat' dir='ltr'>his</span> <span class='ocrx_word' id='word_1_257' title='bbox 2388 1496 2673 1561; x_wconf 90' lang='lat' dir='ltr'>omnibus,</span> <span class='ocrx_word' id='word_1_258' title='bbox 2700 1501 2804 1550; x_wconf 91' lang='lat' dir='ltr'>etc.</span> <span class='ocrx_word' id='word_1_259' title='bbox 2832 1494 3173 1550; x_wconf 62' lang='lat' dir='ltr'>){Tractatus</span> <span class='ocrx_word' id='word_1_260' title='bbox 3194 1511 3329 1548; x_wconf 91' lang='lat' dir='ltr'>vero</span> <span class='ocrx_word' id='word_1_261' title='bbox 3347 1494 3414 1547; x_wconf 85' lang='grc'>13</span> <span class='ocrx_word' id='word_1_262' title='bbox 3440 1495 3589 1564; x_wconf 85' lang='lat' dir='ltr'>ejus-</span> 
     </span>
    </p>
   </div>
   <div class='ocr_carea' id='block_1_40' title="bbox 1933 1565 3584 1637">
    <p class='ocr_par' dir='ltr' id='par_1_40' title="bbox 1933 1565 3584 1637">
     <span class='ocr_line' id='line_1_40' title="bbox 1933 1565 3584 1637; baseline -0.001 -19"><span class='ocrx_word' id='word_1_263' title='bbox 1933 1567 2063 1637; x_wconf 82' lang='lat' dir='ltr'>dem</span> <span class='ocrx_word' id='word_1_264' title='bbox 2092 1566 2273 1620; x_wconf 88' lang='lat' dir='ltr'>sancti</span> <span class='ocrx_word' id='word_1_265' title='bbox 2305 1567 2553 1637; x_wconf 90' lang='lat' dir='ltr'>episcopi</span> <span class='ocrx_word' id='word_1_266' title='bbox 2594 1567 2899 1622; x_wconf 89' lang='lat' dir='ltr'>Gaudentii</span> <span class='ocrx_word' id='word_1_267' title='bbox 2956 1567 3045 1621; x_wconf 92' lang='lat' dir='ltr'>die</span> <span class='ocrx_word' id='word_1_268' title='bbox 3098 1565 3288 1621; x_wconf 87' lang='lat' dir='ltr'>Natali</span> <span class='ocrx_word' id='word_1_269' title='bbox 3342 1565 3584 1637; x_wconf 84' lang='lat' dir='ltr'>Domini,</span> 
     </span>
    </p>
   </div>
   <div class='ocr_carea' id='block_1_41' title="bbox 1932 1635 3588 1707">
    <p class='ocr_par' dir='ltr' id='par_1_41' title="bbox 1932 1635 3588 1707">
     <span class='ocr_line' id='line_1_41' title="bbox 1932 1635 3588 1707; baseline 0.001 -19"><span class='ocrx_word' id='word_1_270' title='bbox 1932 1635 2049 1691; x_wconf 79' lang='lat' dir='ltr'>haec</span> <span class='ocrx_word' id='word_1_271' title='bbox 2075 1637 2187 1691; x_wconf 91' lang='lat' dir='ltr'>alia</span> <span class='ocrx_word' id='word_1_272' title='bbox 2215 1635 2441 1691; x_wconf 81' lang='lat' dir='ltr'>exhibet</span> <span class='ocrx_word' id='word_1_273' title='bbox 2474 1635 2543 1695; x_wconf 67' lang='grc'>;“‹‹</span> <span class='ocrx_word' id='word_1_274' title='bbox 2569 1641 2653 1691; x_wconf 84' lang='lat' dir='ltr'>An</span> <span class='ocrx_word' id='word_1_275' title='bbox 2682 1638 3021 1692; x_wconf 78' lang='lat' dir='ltr'>existimatis</span> <span class='ocrx_word' id='word_1_276' title='bbox 3048 1639 3198 1707; x_wconf 91' lang='lat' dir='ltr'>quod</span> <span class='ocrx_word' id='word_1_277' title='bbox 3230 1640 3409 1690; x_wconf 89' lang='lat' dir='ltr'>Deum</span> <span class='ocrx_word' id='word_1_278' title='bbox 3468 1636 3588 1690; x_wconf 84' lang='lat' dir='ltr'>dili-</span> 
     </span>
    </p>
   </div>
   <div class='ocr_carea' id='block_1_42' title="bbox 162 1702 3587 1788">
    <p class='ocr_par' dir='ltr' id='par_1_42' title="bbox 162 1702 3587 1788">
     <span class='ocr_line' id='line_1_42' title="bbox 162 1702 3587 1788; baseline 0 -28"><span class='ocrx_word' id='word_1_279' title='bbox 162 1702 438 1788; x_wconf 71' lang='lat' dir='ltr'>Marciani</span> <span class='ocrx_word' id='word_1_280' title='bbox 468 1702 724 1788; x_wconf 62' lang='lat' dir='ltr'>Augusti,</span> <span class='ocrx_word' id='word_1_281' title='bbox 757 1703 1112 1788; x_wconf 40' lang='lat' dir='ltr'>latam-anno</span> <span class='ocrx_word' id='word_1_282' title='bbox 1134 1704 1229 1783; x_wconf 43' lang='lat'>451</span> <span class='ocrx_word' id='word_1_283' title='bbox 1258 1704 1384 1788; x_wconf 90' lang='lat' dir='ltr'>;ubi</span> <span class='ocrx_word' id='word_1_284' title='bbox 1410 1708 1821 1788; x_wconf 78' lang='lat' dir='ltr'>quoquetesta-</span> <span class='ocrx_word' id='word_1_285' title='bbox 1857 1717 1902 1775; x_wconf 83' lang='grc' dir='ltr'><strong>Β</strong></span> <span class='ocrx_word' id='word_1_286' title='bbox 1932 1712 2029 1777; x_wconf 89' lang='lat' dir='ltr'>gat</span> <span class='ocrx_word' id='word_1_287' title='bbox 2051 1707 2291 1788; x_wconf 69' lang='lat' dir='ltr'>tepidus</span> <span class='ocrx_word' id='word_1_288' title='bbox 2323 1725 2387 1762; x_wconf 89' lang='lat' dir='ltr'>ac</span> <span class='ocrx_word' id='word_1_289' title='bbox 2419 1709 2705 1788; x_wconf 80' lang='lat' dir='ltr'>negligens</span> <span class='ocrx_word' id='word_1_290' title='bbox 2758 1702 3151 1788; x_wconf 32' lang='lat' dir='ltr'>Christianus,“</span> <span class='ocrx_word' id='word_1_291' title='bbox 3176 1707 3272 1776; x_wconf 90' lang='lat' dir='ltr'>qui</span> <span class='ocrx_word' id='word_1_292' title='bbox 3328 1708 3483 1788; x_wconf 77' lang='lat' dir='ltr'>idpla</span> <span class='ocrx_word' id='word_1_293' title='bbox 3531 1708 3587 1760; x_wconf 90' lang='lat' dir='ltr'>in</span> 
     </span>
    </p>
   </div>
   <div class='ocr_carea' id='block_1_43' title="bbox 165 1773 1824 1846">
    <p class='ocr_par' dir='ltr' id='par_1_43' title="bbox 165 1773 1824 1846">
     <span class='ocr_line' id='line_1_43' title="bbox 165 1773 1824 1846; baseline -0.002 -14"><span class='ocrx_word' id='word_1_294' title='bbox 165 1782 291 1832; x_wconf 86' lang='lat' dir='ltr'>tam</span> <span class='ocrx_word' id='word_1_295' title='bbox 324 1773 817 1846; x_wconf 41' lang='lat' dir='ltr'>accipias&#39;hujusce</span> <span class='ocrx_word' id='word_1_296' title='bbox 846 1774 986 1845; x_wconf 86' lang='lat' dir='ltr'>legis</span> <span class='ocrx_word' id='word_1_297' title='bbox 1012 1773 1315 1829; x_wconf 89' lang='lat' dir='ltr'>remissam</span> <span class='ocrx_word' id='word_1_298' title='bbox 1329 1773 1824 1846; x_wconf 84' lang='lat' dir='ltr'>atqueincomple-</span> 
     </span>
    </p>
   </div>
   <div class='ocr_carea' id='block_1_44' title="bbox 164 1845 1823 1915">
    <p class='ocr_par' dir='ltr' id='par_1_44' title="bbox 164 1845 1823 1915">
     <span class='ocr_line' id='line_1_44' title="bbox 164 1845 1823 1915; baseline -0.001 -12"><span class='ocrx_word' id='word_1_299' title='bbox 164 1854 291 1903; x_wconf 87' lang='lat' dir='ltr'>tam</span> <span class='ocrx_word' id='word_1_300' title='bbox 325 1845 766 1908; x_wconf 86' lang='lat' dir='ltr'>observantiam,</span> <span class='ocrx_word' id='word_1_301' title='bbox 802 1861 917 1900; x_wconf 90' lang='lat' dir='ltr'>non</span> <span class='ocrx_word' id='word_1_302' title='bbox 954 1861 1112 1900; x_wconf 91' lang='lat' dir='ltr'>secus</span> <span class='ocrx_word' id='word_1_303' title='bbox 1144 1849 1314 1914; x_wconf 86' lang='lat' dir='ltr'>atque</span> <span class='ocrx_word' id='word_1_304' title='bbox 1344 1845 1586 1900; x_wconf 85' lang='lat' dir='ltr'>aliarum</span> <span class='ocrx_word' id='word_1_305' title='bbox 1622 1864 1823 1915; x_wconf 67' lang='lat' dir='ltr'>prazce-</span> 
     </span>
    </p>
   </div>
   <div class='ocr_carea' id='block_1_45' title="bbox 164 1916 1821 1987">
    <p class='ocr_par' dir='ltr' id='par_1_45' title="bbox 164 1916 1821 1987">
     <span class='ocr_line' id='line_1_45' title="bbox 164 1916 1821 1987; baseline -0.002 -13"><span class='ocrx_word' id='word_1_306' title='bbox 164 1919 424 1974; x_wconf 88' lang='lat' dir='ltr'>dentium</span> <span class='ocrx_word' id='word_1_307' title='bbox 454 1920 860 1987; x_wconf 84' lang='lat' dir='ltr'>Augustorum,</span> <span class='ocrx_word' id='word_1_308' title='bbox 895 1921 1064 1987; x_wconf 92' lang='lat' dir='ltr'>prout</span> <span class='ocrx_word' id='word_1_309' title='bbox 1096 1916 1295 1970; x_wconf 90' lang='lat' dir='ltr'>itidem</span> <span class='ocrx_word' id='word_1_310' title='bbox 1351 1918 1694 1971; x_wconf 89' lang='lat' dir='ltr'>notabamus</span> <span class='ocrx_word' id='word_1_311' title='bbox 1748 1918 1821 1971; x_wconf 91' lang='lat' dir='ltr'>ad</span> 
     </span>
    </p>
   </div>
   <div class='ocr_carea' id='block_1_46' title="bbox 164 1987 1822 2059">
    <p class='ocr_par' dir='ltr' id='par_1_46' title="bbox 164 1987 1822 2059">
     <span class='ocr_line' id='line_1_46' title="bbox 164 1987 1822 2059; baseline -0.001 -15"><span class='ocrx_word' id='word_1_312' title='bbox 164 1990 378 2045; x_wconf 87' lang='lat' dir='ltr'>harum</span> <span class='ocrx_word' id='word_1_313' title='bbox 395 1989 582 2059; x_wconf 90' lang='lat' dir='ltr'>legum</span> <span class='ocrx_word' id='word_1_314' title='bbox 612 1987 967 2059; x_wconf 89' lang='lat' dir='ltr'>inefﬁcacem</span> <span class='ocrx_word' id='word_1_315' title='bbox 983 1987 1098 2059; x_wconf 85' lang='lat' dir='ltr'>vim</span> <span class='ocrx_word' id='word_1_316' title='bbox 1137 1988 1554 2059; x_wconf 90' lang='lat' dir='ltr'>ostendendam</span> <span class='ocrx_word' id='word_1_317' title='bbox 1578 2006 1679 2059; x_wconf 89' lang='lat' dir='ltr'>pro</span> <span class='ocrx_word' id='word_1_318' title='bbox 1701 2006 1822 2043; x_wconf 79' lang='lat' dir='ltr'>om-</span> 
     </span>
    </p>
   </div>
   <div class='ocr_carea' id='block_1_47' title="bbox 165 2058 1560 2129">
    <p class='ocr_par' dir='ltr' id='par_1_47' title="bbox 165 2058 1560 2129">
     <span class='ocr_line' id='line_1_47' title="bbox 165 2058 1560 2129; baseline -0.001 -13"><span class='ocrx_word' id='word_1_319' title='bbox 165 2062 409 2116; x_wconf 89' lang='lat' dir='ltr'>nimoda</span> <span class='ocrx_word' id='word_1_320' title='bbox 439 2058 809 2115; x_wconf 79' lang='lat' dir='ltr'>exstinctione</span> <span class='ocrx_word' id='word_1_321' title='bbox 845 2058 1084 2113; x_wconf 55' lang='lat' dir='ltr'>ethnica;</span> <span class='ocrx_word' id='word_1_322' title='bbox 1108 2058 1560 2129; x_wconf 88' lang='lat' dir='ltr'>superstitionis.</span> 
     </span>
    </p>
   </div>
   <div class='ocr_carea' id='block_1_48' title="bbox 238 2128 1820 2201">
    <p class='ocr_par' dir='ltr' id='par_1_48' title="bbox 238 2128 1820 2201">
     <span class='ocr_line' id='line_1_48' title="bbox 238 2128 1820 2201; baseline -0.002 -14"><span class='ocrx_word' id='word_1_323' title='bbox 238 2134 364 2187; x_wconf 87' lang='lat' dir='ltr'>Duo</span> <span class='ocrx_word' id='word_1_324' title='bbox 394 2132 489 2185; x_wconf 91' lang='lat' dir='ltr'>alii</span> <span class='ocrx_word' id='word_1_325' title='bbox 521 2132 731 2186; x_wconf 90' lang='lat' dir='ltr'>adsunt</span> <span class='ocrx_word' id='word_1_326' title='bbox 759 2146 1061 2201; x_wconf 83' lang='lat' dir='ltr'>sermones</span> <span class='ocrx_word' id='word_1_327' title='bbox 1102 2128 1276 2198; x_wconf 80' lang='lat' dir='ltr'>hujus</span> <span class='ocrx_word' id='word_1_328' title='bbox 1319 2132 1502 2185; x_wconf 89' lang='lat' dir='ltr'>sancti</span> <span class='ocrx_word' id='word_1_329' title='bbox 1552 2130 1820 2201; x_wconf 80' lang='lat' dir='ltr'>episcppi,</span> 
     </span>
    </p>
   </div>
   <div class='ocr_carea' id='block_1_49' title="bbox 164 2200 1824 2274">
    <p class='ocr_par' dir='ltr' id='par_1_49' title="bbox 164 2200 1824 2274">
     <span class='ocr_line' id='line_1_49' title="bbox 164 2200 1824 2274; baseline -0.002 -15"><span class='ocrx_word' id='word_1_330' title='bbox 164 2220 379 2274; x_wconf 86' lang='lat' dir='ltr'>nempe</span> <span class='ocrx_word' id='word_1_331' title='bbox 408 2202 477 2257; x_wconf 90' lang='lat'><strong>96</strong></span> <span class='ocrx_word' id='word_1_332' title='bbox 498 2206 555 2257; x_wconf 89' lang='lat' dir='ltr'>et</span> <span class='ocrx_word' id='word_1_333' title='bbox 580 2202 647 2254; x_wconf 87' lang='lat'><strong>97</strong></span> <span class='ocrx_word' id='word_1_334' title='bbox 683 2202 786 2274; x_wconf 87' lang='lat' dir='ltr'>sub</span> <span class='ocrx_word' id='word_1_335' title='bbox 815 2201 920 2274; x_wconf 75' lang='lat' dir='ltr'>hoc</span> <span class='ocrx_word' id='word_1_336' title='bbox 942 2200 1106 2255; x_wconf 88' lang='lat' dir='ltr'>titulo</span> <span class='ocrx_word' id='word_1_337' title='bbox 1138 2201 1254 2274; x_wconf 83' lang='lat' dir='ltr'>:_De</span> <span class='ocrx_word' id='word_1_338' title='bbox 1298 2201 1460 2255; x_wconf 80' lang='lat' dir='ltr'>Idalis</span> <span class='ocrx_word' id='word_1_339' title='bbox 1510 2200 1824 2274; x_wconf 69' lang='lat' dir='ltr'>(inferendis</span> 
     </span>
    </p>
   </div>
   <div class='ocr_carea' id='block_1_50' title="bbox 163 2272 1822 2346">
    <p class='ocr_par' dir='ltr' id='par_1_50' title="bbox 163 2272 1822 2346">
     <span class='ocr_line' id='line_1_50' title="bbox 163 2272 1822 2346; baseline -0.002 -17"><span class='ocrx_word' id='word_1_340' title='bbox 163 2275 227 2329; x_wconf 84' lang='lat' dir='ltr'>de</span> <span class='ocrx_word' id='word_1_341' title='bbox 258 2272 504 2346; x_wconf 75' lang='lat' dir='ltr'>propriis</span> <span class='ocrx_word' id='word_1_342' title='bbox 515 2272 929 2346; x_wconf 82' lang='lat' dir='ltr'>possessionibus</span> <span class='ocrx_word' id='word_1_343' title='bbox 953 2289 966 2337; x_wconf 87' lang='lat'><strong>;</strong></span> <span class='ocrx_word' id='word_1_344' title='bbox 1002 2288 1067 2327; x_wconf 85' lang='lat' dir='ltr'>ex</span> <span class='ocrx_word' id='word_1_345' title='bbox 1084 2272 1287 2346; x_wconf 88' lang='lat' dir='ltr'>quibus</span> <span class='ocrx_word' id='word_1_346' title='bbox 1296 2278 1522 2346; x_wconf 73' lang='lat' dir='ltr'>constat</span> <span class='ocrx_word' id='word_1_347' title='bbox 1536 2273 1822 2346; x_wconf 89' lang='lat' dir='ltr'>idolorum</span> 
     </span>
    </p>
   </div>
   <div class='ocr_carea' id='block_1_51' title="bbox 163 2343 1825 2415">
    <p class='ocr_par' dir='ltr' id='par_1_51' title="bbox 163 2343 1825 2415">
     <span class='ocr_line' id='line_1_51' title="bbox 163 2343 1825 2415; baseline -0.002 -15"><span class='ocrx_word' id='word_1_348' title='bbox 163 2343 388 2401; x_wconf 82' lang='lat' dir='ltr'>cultum</span> <span class='ocrx_word' id='word_1_349' title='bbox 419 2343 1242 2415; x_wconf 88' lang='lat' dir='ltr'>plurimumtunctemporisin</span> <span class='ocrx_word' id='word_1_350' title='bbox 1273 2343 1383 2398; x_wconf 90' lang='lat' dir='ltr'>illis</span> <span class='ocrx_word' id='word_1_351' title='bbox 1400 2344 1743 2415; x_wconf 91' lang='lat' dir='ltr'>regionibus,</span> <span class='ocrx_word' id='word_1_352' title='bbox 1769 2348 1825 2399; x_wconf 90' lang='lat' dir='ltr'>et</span> 
     </span>
    </p>
   </div>
   <div class='ocr_carea' id='block_1_52' title="bbox 164 2414 1825 2483">
    <p class='ocr_par' dir='ltr' id='par_1_52' title="bbox 164 2414 1825 2483">
     <span class='ocr_line' id='line_1_52' title="bbox 164 2414 1825 2483; baseline -0.002 -12"><span class='ocrx_word' id='word_1_353' title='bbox 164 2414 588 2471; x_wconf 24' lang='lat' dir='ltr'>maxime’inter</span> <span class='ocrx_word' id='word_1_354' title='bbox 606 2414 866 2479; x_wconf 89' lang='lat' dir='ltr'>rusticos,</span> <span class='ocrx_word' id='word_1_355' title='bbox 896 2418 976 2468; x_wconf 89' lang='lat' dir='ltr'>uti</span> <span class='ocrx_word' id='word_1_356' title='bbox 996 2414 1253 2483; x_wconf 90' lang='lat' dir='ltr'>superius</span> <span class='ocrx_word' id='word_1_357' title='bbox 1279 2415 1706 2478; x_wconf 87' lang='lat' dir='ltr'>admonuimus,</span> <span class='ocrx_word' id='word_1_358' title='bbox 1727 2416 1825 2469; x_wconf 87' lang='lat' dir='ltr'>ob-</span> 
     </span>
    </p>
   </div>
   <div class='ocr_carea' id='block_1_53' title="bbox 162 2484 1823 2556">
    <p class='ocr_par' dir='ltr' id='par_1_53' title="bbox 162 2484 1823 2556">
     <span class='ocr_line' id='line_1_53' title="bbox 162 2484 1823 2556; baseline -0.001 -14"><span class='ocrx_word' id='word_1_359' title='bbox 162 2488 426 2543; x_wconf 89' lang='lat' dir='ltr'>tinuisse.</span> <span class='ocrx_word' id='word_1_360' title='bbox 458 2489 848 2541; x_wconf 87' lang='lat' dir='ltr'>Memorantur</span> <span class='ocrx_word' id='word_1_361' title='bbox 877 2484 1030 2540; x_wconf 89' lang='lat' dir='ltr'>enim</span> <span class='ocrx_word' id='word_1_362' title='bbox 1045 2485 1134 2539; x_wconf 90' lang='lat' dir='ltr'>hic</span> <span class='ocrx_word' id='word_1_363' title='bbox 1152 2501 1272 2540; x_wconf 68' lang='lat' dir='ltr'>arae</span> <span class='ocrx_word' id='word_1_364' title='bbox 1293 2486 1500 2556; x_wconf 69' lang='lat' dir='ltr'>ligneae,</span> <span class='ocrx_word' id='word_1_365' title='bbox 1519 2486 1823 2541; x_wconf 81' lang='lat' dir='ltr'>simulacra</span> 
     </span>
    </p>
   </div>
   <div class='ocr_carea' id='block_1_54' title="bbox 164 2556 1826 2627">
    <p class='ocr_par' dir='ltr' id='par_1_54' title="bbox 164 2556 1826 2627">
     <span class='ocr_line' id='line_1_54' title="bbox 164 2556 1826 2627; baseline -0.002 -13"><span class='ocrx_word' id='word_1_366' title='bbox 164 2559 413 2626; x_wconf 75' lang='lat' dir='ltr'>lapidea,</span> <span class='ocrx_word' id='word_1_367' title='bbox 449 2573 755 2627; x_wconf 82' lang='lat' dir='ltr'>congruens</span> <span class='ocrx_word' id='word_1_368' title='bbox 784 2557 1155 2611; x_wconf 75' lang='lat' dir='ltr'>ministerium</span> <span class='ocrx_word' id='word_1_369' title='bbox 1196 2575 1215 2610; x_wconf 90' lang='lat'><strong><em>:</em></strong></span> <span class='ocrx_word' id='word_1_370' title='bbox 1274 2556 1363 2627; x_wconf 89' lang='lat' dir='ltr'>hic</span> <span class='ocrx_word' id='word_1_371' title='bbox 1411 2574 1650 2627; x_wconf 73' lang='lat' dir='ltr'>aruspex</span> <span class='ocrx_word' id='word_1_372' title='bbox 1710 2557 1826 2611; x_wconf 80' lang='lat' dir='ltr'>dia-</span> 
     </span>
    </p>
   </div>
   <div class='ocr_carea' id='block_1_55' title="bbox 161 2576 1825 2698">
    <p class='ocr_par' dir='ltr' id='par_1_55' title="bbox 161 2576 1825 2698">
     <span class='ocr_line' id='line_1_55' title="bbox 164 2576 1825 2627; baseline -0.002 -13"><span class='ocrx_word' id='word_1_373' title='bbox 164 2576 413 2626; x_wconf 69' lang='lat' dir='ltr'>tapiaea,</span> <span class='ocrx_word' id='word_1_374' title='bbox 449 2576 545 2613; x_wconf 86' lang='lat' dir='ltr'>con</span> <span class='ocrx_word' id='word_1_375' title='bbox 587 2576 755 2613; x_wconf 83' lang='lat' dir='ltr'>ruens</span> <span class='ocrx_word' id='word_1_376' title='bbox 784 2576 1155 2611; x_wconf 66' lang='lat' dir='ltr'>ministerium</span> <span class='ocrx_word' id='word_1_377' title='bbox 1196 2576 1215 2610; x_wconf 91' lang='lat'><em>:</em></span> <span class='ocrx_word' id='word_1_378' title='bbox 1276 2576 1363 2610; x_wconf 88' lang='lat' dir='ltr'>mc</span> <span class='ocrx_word' id='word_1_379' title='bbox 1411 2576 1650 2627; x_wconf 73' lang='lat' dir='ltr'>aruspex</span> <span class='ocrx_word' id='word_1_380' title='bbox 1710 2576 1825 2611; x_wconf 78' lang='lat' dir='ltr'>aia-</span> 
     </span>
     <span class='ocr_line' id='line_1_56' title="bbox 161 2576 1825 2698; baseline -0.002 -14"><span class='ocrx_word' id='word_1_381' title='bbox 161 2633 402 2693; x_wconf 78' lang='lat' dir='ltr'>naticus,</span> <span class='ocrx_word' id='word_1_382' title='bbox 434 2629 525 2683; x_wconf 91' lang='lat' dir='ltr'>hic</span> <span class='ocrx_word' id='word_1_383' title='bbox 550 2576 769 2683; x_wconf 42' lang='lat' dir='ltr'>habitus</span> <span class='ocrx_word' id='word_1_384' title='bbox 791 2627 1046 2698; x_wconf 90' lang='lat' dir='ltr'>ipsorum</span> <span class='ocrx_word' id='word_1_385' title='bbox 1078 2626 1434 2682; x_wconf 88' lang='lat' dir='ltr'>describitur.</span> <span class='ocrx_word' id='word_1_386' title='bbox 1488 2630 1599 2682; x_wconf 91' lang='lat' dir='ltr'>Sed</span> <span class='ocrx_word' id='word_1_387' title='bbox 1645 2644 1825 2697; x_wconf 90' lang='lat' dir='ltr'>pauca</span> 
     </span>
    </p>
   </div>
   <div class='ocr_carea' id='block_1_56' title="bbox 160 2698 1825 2770">
    <p class='ocr_par' dir='ltr' id='par_1_56' title="bbox 160 2698 1825 2770">
     <span class='ocr_line' id='line_1_57' title="bbox 160 2698 1825 2770; baseline -0.002 -14"><span class='ocrx_word' id='word_1_388' title='bbox 160 2718 232 2756; x_wconf 84' lang='lat' dir='ltr'>ex</span> <span class='ocrx_word' id='word_1_389' title='bbox 267 2706 507 2770; x_wconf 91' lang='lat' dir='ltr'>utroque</span> <span class='ocrx_word' id='word_1_390' title='bbox 537 2715 804 2755; x_wconf 85' lang='lat' dir='ltr'>sermone</span> <span class='ocrx_word' id='word_1_391' title='bbox 834 2699 1007 2753; x_wconf 85' lang='lat' dir='ltr'>verba</span> <span class='ocrx_word' id='word_1_392' title='bbox 1037 2698 1365 2761; x_wconf 72' lang='lat' dir='ltr'>atl‘eramus,</span> <span class='ocrx_word' id='word_1_393' title='bbox 1396 2716 1521 2769; x_wconf 71' lang='lat' dir='ltr'>qum</span> <span class='ocrx_word' id='word_1_394' title='bbox 1550 2700 1608 2753; x_wconf 91' lang='lat' dir='ltr'>in</span> <span class='ocrx_word' id='word_1_395' title='bbox 1659 2715 1825 2768; x_wconf 81' lang='lat' dir='ltr'>argu-</span> 
     </span>
    </p>
   </div>
   <div class='ocr_carea' id='block_1_57' title="bbox 78 2770 1825 2841">
    <p class='ocr_par' dir='ltr' id='par_1_57' title="bbox 78 2770 1825 2841">
     <span class='ocr_line' id='line_1_58' title="bbox 78 2770 1825 2841; baseline -0.002 -13"><span class='ocrx_word' id='word_1_396' title='bbox 78 2790 85 2796; x_wconf 73' lang='lat'><em>&#39;</em></span> <span class='ocrx_word' id='word_1_397' title='bbox 160 2776 420 2827; x_wconf 89' lang='lat' dir='ltr'>mentum</span> <span class='ocrx_word' id='word_1_398' title='bbox 438 2775 696 2826; x_wconf 88' lang='lat' dir='ltr'>nostrum</span> <span class='ocrx_word' id='word_1_399' title='bbox 712 2770 881 2841; x_wconf 90' lang='lat' dir='ltr'>digna</span> <span class='ocrx_word' id='word_1_400' title='bbox 895 2774 1165 2841; x_wconf 67' lang='lat' dir='ltr'>suntquae</span> <span class='ocrx_word' id='word_1_401' title='bbox 1179 2771 1625 2841; x_wconf 74' lang='lat' dir='ltr'>perpendentur.</span> <span class='ocrx_word' id='word_1_402' title='bbox 1639 2792 1658 2818; x_wconf 79' lang='grc' dir='ltr'>ι</span> <span class='ocrx_word' id='word_1_403' title='bbox 1677 2771 1825 2824; x_wconf 90' lang='lat' dir='ltr'>Ante</span> 
     </span>
    </p>
   </div>
   <div class='ocr_carea' id='block_1_58' title="bbox 164 2840 1826 2904">
    <p class='ocr_par' dir='ltr' id='par_1_58' title="bbox 164 2840 1826 2904">
     <span class='ocr_line' id='line_1_59' title="bbox 164 2840 1826 2904; baseline -0.002 -6"><span class='ocrx_word' id='word_1_404' title='bbox 164 2845 291 2900; x_wconf 88' lang='lat' dir='ltr'>dies</span> <span class='ocrx_word' id='word_1_405' title='bbox 311 2840 795 2898; x_wconf 29' lang='lat' dir='ltr'>commonueram’</span> <span class='ocrx_word' id='word_1_406' title='bbox 816 2840 1159 2895; x_wconf 89' lang='lat' dir='ltr'>charitatem</span> <span class='ocrx_word' id='word_1_407' title='bbox 1198 2845 1470 2904; x_wconf 89' lang='lat' dir='ltr'>vestram,</span> <span class='ocrx_word' id='word_1_408' title='bbox 1506 2840 1729 2904; x_wconf 85' lang='lat' dir='ltr'>fratres,</span> <span class='ocrx_word' id='word_1_409' title='bbox 1763 2844 1826 2895; x_wconf 89' lang='lat' dir='ltr'>ut</span> 
     </span>
    </p>
   </div>
   <div class='ocr_carea' id='block_1_59' title="bbox 163 2911 1823 2985">
    <p class='ocr_par' dir='ltr' id='par_1_59' title="bbox 163 2911 1823 2985">
     <span class='ocr_line' id='line_1_60' title="bbox 163 2911 1823 2985; baseline -0.003 -15"><span class='ocrx_word' id='word_1_410' title='bbox 163 2920 471 2985; x_wconf 84' lang='lat' dir='ltr'>tamquam</span> <span class='ocrx_word' id='word_1_411' title='bbox 484 2913 735 2985; x_wconf 87' lang='lat' dir='ltr'>religiosi</span> <span class='ocrx_word' id='word_1_412' title='bbox 748 2916 804 2967; x_wconf 87' lang='lat' dir='ltr'>et</span> <span class='ocrx_word' id='word_1_413' title='bbox 815 2912 998 2985; x_wconf 83' lang='lat' dir='ltr'>sancti</span> <span class='ocrx_word' id='word_1_414' title='bbox 1011 2911 1297 2985; x_wconf 88' lang='lat' dir='ltr'>idolorum</span> <span class='ocrx_word' id='word_1_415' title='bbox 1311 2928 1540 2985; x_wconf 85' lang='lat' dir='ltr'>omnem</span> <span class='ocrx_word' id='word_1_416' title='bbox 1562 2911 1823 2985; x_wconf 85' lang='lat' dir='ltr'>pollutio-</span> 
     </span>
    </p>
   </div>
   <div class='ocr_carea' id='block_1_60' title="bbox 164 2981 1821 3055">
    <p class='ocr_par' dir='ltr' id='par_1_60' title="bbox 164 2981 1821 3055">
     <span class='ocr_line' id='line_1_61' title="bbox 164 2981 1821 3055; baseline -0.002 -14"><span class='ocrx_word' id='word_1_417' title='bbox 164 2981 395 3042; x_wconf 42' lang='lat' dir='ltr'>nem—de</span> <span class='ocrx_word' id='word_1_418' title='bbox 424 2981 622 3041; x_wconf 79' lang='lat' dir='ltr'>vestris</span> <span class='ocrx_word' id='word_1_419' title='bbox 641 2982 1092 3055; x_wconf 83' lang='lat' dir='ltr'>possessionibus</span> <span class='ocrx_word' id='word_1_420' title='bbox 1117 2981 1439 3045; x_wconf 81' lang='lat' dir='ltr'>auferretis,</span> <span class='ocrx_word' id='word_1_421' title='bbox 1474 2986 1529 3037; x_wconf 90' lang='lat' dir='ltr'>et</span> <span class='ocrx_word' id='word_1_422' title='bbox 1546 2983 1821 3055; x_wconf 90' lang='lat' dir='ltr'>erueretis</span> 
     </span>
    </p>
   </div>
   <div class='ocr_carea' id='block_1_61' title="bbox 166 3053 1822 3128">
    <p class='ocr_par' dir='ltr' id='par_1_61' title="bbox 166 3053 1822 3128">
     <span class='ocr_line' id='line_1_62' title="bbox 166 3053 1822 3128; baseline -0.003 -15"><span class='ocrx_word' id='word_1_423' title='bbox 166 3075 238 3113; x_wconf 85' lang='lat' dir='ltr'>ex</span> <span class='ocrx_word' id='word_1_424' title='bbox 270 3059 425 3128; x_wconf 88' lang='lat' dir='ltr'>agris</span> <span class='ocrx_word' id='word_1_425' title='bbox 455 3053 784 3128; x_wconf 74' lang='lat' dir='ltr'>universum</span> <span class='ocrx_word' id='word_1_426' title='bbox 806 3053 1108 3128; x_wconf 82' lang='lat' dir='ltr'>gentilium</span> <span class='ocrx_word' id='word_1_427' title='bbox 1124 3069 1396 3128; x_wconf 83' lang='lat' dir='ltr'>errorem.</span> <span class='ocrx_word' id='word_1_428' title='bbox 1413 3055 1520 3109; x_wconf 85' lang='lat' dir='ltr'>Fas</span> <span class='ocrx_word' id='word_1_429' title='bbox 1533 3054 1688 3128; x_wconf 85' lang='lat' dir='ltr'>enim</span> <span class='ocrx_word' id='word_1_430' title='bbox 1710 3071 1822 3128; x_wconf 83' lang='lat' dir='ltr'>non</span> 
     </span>
    </p>
   </div>
   <div class='ocr_carea' id='block_1_62' title="bbox 166 3125 1825 3198">
    <p class='ocr_par' dir='ltr' id='par_1_62' title="bbox 166 3125 1825 3198">
     <span class='ocr_line' id='line_1_63' title="bbox 166 3125 1825 3198; baseline -0.003 -14"><span class='ocrx_word' id='word_1_431' title='bbox 166 3132 277 3189; x_wconf 80' lang='lat' dir='ltr'>est.</span> <span class='ocrx_word' id='word_1_432' title='bbox 304 3125 367 3183; x_wconf 81' lang='lat' dir='ltr'>ut</span> <span class='ocrx_word' id='word_1_433' title='bbox 394 3128 488 3198; x_wconf 91' lang='lat' dir='ltr'>qui</span> <span class='ocrx_word' id='word_1_434' title='bbox 522 3126 810 3198; x_wconf 83' lang='lat' dir='ltr'>Christum</span> <span class='ocrx_word' id='word_1_435' title='bbox 842 3125 1064 3198; x_wconf 84' lang='lat' dir='ltr'>habetis</span> <span class='ocrx_word' id='word_1_436' title='bbox 1094 3125 1151 3178; x_wconf 91' lang='lat' dir='ltr'>in</span> <span class='ocrx_word' id='word_1_437' title='bbox 1200 3125 1483 3198; x_wconf 80' lang='lat' dir='ltr'>cordibus,</span> <span class='ocrx_word' id='word_1_438' title='bbox 1542 3125 1825 3198; x_wconf 86' lang='lat' dir='ltr'>Antichri-</span> 
     </span>
    </p>
   </div>
   <div class='ocr_carea' id='block_1_63' title="bbox 167 3195 1823 3260">
    <p class='ocr_par' dir='ltr' id='par_1_63' title="bbox 167 3195 1823 3260">
     <span class='ocr_line' id='line_1_64' title="bbox 167 3195 1823 3260; baseline -0.002 -6"><span class='ocrx_word' id='word_1_439' title='bbox 167 3205 327 3255; x_wconf 84' lang='lat' dir='ltr'>stum</span> <span class='ocrx_word' id='word_1_440' title='bbox 352 3195 769 3253; x_wconf 68' lang='lat' dir='ltr'>inhabitaculis</span> <span class='ocrx_word' id='word_1_441' title='bbox 799 3195 1087 3260; x_wconf 86' lang='lat' dir='ltr'>habeatis;</span> <span class='ocrx_word' id='word_1_442' title='bbox 1115 3213 1246 3251; x_wconf 90' lang='lat' dir='ltr'>cum</span> <span class='ocrx_word' id='word_1_443' title='bbox 1272 3213 1369 3250; x_wconf 89' lang='lat' dir='ltr'>vos</span> <span class='ocrx_word' id='word_1_444' title='bbox 1401 3196 1582 3251; x_wconf 90' lang='lat' dir='ltr'>Deum</span> <span class='ocrx_word' id='word_1_445' title='bbox 1623 3197 1823 3251; x_wconf 88' lang='lat' dir='ltr'>adore-</span> 
     </span>
    </p>
   </div>
   <div class='ocr_carea' id='block_1_64' title="bbox 158 3267 1820 3336">
    <p class='ocr_par' dir='ltr' id='par_1_64' title="bbox 158 3267 1820 3336">
     <span class='ocr_line' id='line_1_65' title="bbox 158 3267 1820 3336; baseline -0.001 -11"><span class='ocrx_word' id='word_1_446' title='bbox 158 3272 237 3325; x_wconf 87' lang='lat' dir='ltr'>tis</span> <span class='ocrx_word' id='word_1_447' title='bbox 264 3269 324 3324; x_wconf 90' lang='lat' dir='ltr'>in</span> <span class='ocrx_word' id='word_1_448' title='bbox 350 3269 619 3336; x_wconf 82' lang='lat' dir='ltr'>Ecclesia,</span> <span class='ocrx_word' id='word_1_449' title='bbox 646 3267 818 3323; x_wconf 90' lang='lat' dir='ltr'>vestri</span> <span class='ocrx_word' id='word_1_450' title='bbox 851 3267 1141 3322; x_wconf 88' lang='lat' dir='ltr'>diabolum</span> <span class='ocrx_word' id='word_1_451' title='bbox 1167 3274 1511 3322; x_wconf 88' lang='lat' dir='ltr'>venerentur</span> <span class='ocrx_word' id='word_1_452' title='bbox 1547 3267 1605 3321; x_wconf 90' lang='lat' dir='ltr'>in</span> <span class='ocrx_word' id='word_1_453' title='bbox 1652 3267 1820 3323; x_wconf 85' lang='lat' dir='ltr'>fauis.</span> 
     </span>
    </p>
   </div>
   <div class='ocr_carea' id='block_1_65' title="bbox 158 3338 1821 3411">
    <p class='ocr_par' dir='ltr' id='par_1_65' title="bbox 158 3338 1821 3411">
     <span class='ocr_line' id='line_1_66' title="bbox 158 3338 1821 3411; baseline -0.002 -15"><span class='ocrx_word' id='word_1_454' title='bbox 158 3345 280 3398; x_wconf 83' lang='lat' dir='ltr'>Nec</span> <span class='ocrx_word' id='word_1_455' title='bbox 302 3357 361 3395; x_wconf 88' lang='lat' dir='ltr'>se</span> <span class='ocrx_word' id='word_1_456' title='bbox 378 3340 582 3411; x_wconf 86' lang='lat' dir='ltr'>aliquis</span> <span class='ocrx_word' id='word_1_457' title='bbox 596 3343 927 3411; x_wconf 80' lang='lat' dir='ltr'>excusatum</span> <span class='ocrx_word' id='word_1_458' title='bbox 946 3342 1123 3411; x_wconf 81' lang='lat' dir='ltr'>putet,</span> <span class='ocrx_word' id='word_1_459' title='bbox 1151 3338 1365 3402; x_wconf 84' lang='lat' dir='ltr'>dicens,</span> <span class='ocrx_word' id='word_1_460' title='bbox 1384 3341 1510 3393; x_wconf 90' lang='lat' dir='ltr'>Non</span> <span class='ocrx_word' id='word_1_461' title='bbox 1517 3338 1663 3411; x_wconf 83' lang='lat' dir='ltr'>jussi</span> <span class='ocrx_word' id='word_1_462' title='bbox 1676 3338 1821 3405; x_wconf 87' lang='lat' dir='ltr'>ﬁeri,</span> 
     </span>
    </p>
   </div>
   <div class='ocr_carea' id='block_1_66' title="bbox 156 3409 1825 3480">
    <p class='ocr_par' dir='ltr' id='par_1_66' title="bbox 156 3409 1825 3480">
     <span class='ocr_line' id='line_1_67' title="bbox 156 3409 1825 3480; baseline -0.001 -13"><span class='ocrx_word' id='word_1_463' title='bbox 156 3429 284 3468; x_wconf 86' lang='lat' dir='ltr'>non</span> <span class='ocrx_word' id='word_1_464' title='bbox 316 3409 699 3466; x_wconf 86' lang='lat' dir='ltr'>mandavi.....</span> <span class='ocrx_word' id='word_1_465' title='bbox 727 3412 805 3465; x_wconf 88' lang='lat' dir='ltr'>Tu</span> <span class='ocrx_word' id='word_1_466' title='bbox 830 3409 1022 3480; x_wconf 88' lang='lat' dir='ltr'>igitur,</span> <span class='ocrx_word' id='word_1_467' title='bbox 1088 3409 1288 3473; x_wconf 88' lang='lat' dir='ltr'>frater,</span> <span class='ocrx_word' id='word_1_468' title='bbox 1307 3426 1437 3464; x_wconf 90' lang='lat' dir='ltr'>cum</span> <span class='ocrx_word' id='word_1_469' title='bbox 1462 3409 1625 3464; x_wconf 83' lang='lat' dir='ltr'>tuum</span> <span class='ocrx_word' id='word_1_470' title='bbox 1656 3411 1825 3465; x_wconf 79' lang='lat' dir='ltr'>sacri—</span> 
     </span>
    </p>
   </div>
   <div class='ocr_carea' id='block_1_67' title="bbox 155 3480 1820 3562">
    <p class='ocr_par' dir='ltr' id='par_1_67' title="bbox 155 3480 1820 3562">
     <span class='ocr_line' id='line_1_68' title="bbox 155 3480 1820 3562; baseline -0.001 -25"><span class='ocrx_word' id='word_1_471' title='bbox 155 3483 335 3539; x_wconf 82' lang='lat' dir='ltr'>ﬁcare</span> <span class='ocrx_word' id='word_1_472' title='bbox 361 3481 867 3562; x_wconf 75' lang='lat' dir='ltr'>rusticumcernis,</span> <span class='ocrx_word' id='word_1_473' title='bbox 900 3480 1298 3562; x_wconf 29' lang='lat' dir='ltr'>nec‘prohibes</span> <span class='ocrx_word' id='word_1_474' title='bbox 1328 3481 1650 3562; x_wconf 77' lang='lat' dir='ltr'>immolare,</span> <span class='ocrx_word' id='word_1_475' title='bbox 1678 3498 1820 3562; x_wconf 83' lang='lat' dir='ltr'>pec-</span> 
     </span>
    </p>
   </div>
   <div class='ocr_carea' id='block_1_68' title="bbox 153 3551 1820 3622">
    <p class='ocr_par' dir='ltr' id='par_1_68' title="bbox 153 3551 1820 3622">
     <span class='ocr_line' id='line_1_69' title="bbox 153 3551 1820 3622; baseline -0.001 -12"><span class='ocrx_word' id='word_1_476' title='bbox 153 3572 258 3610; x_wconf 87' lang='lat' dir='ltr'>cas</span> <span class='ocrx_word' id='word_1_477' title='bbox 285 3571 297 3615; x_wconf 87' lang='lat'><strong>;</strong></span> <span class='ocrx_word' id='word_1_478' title='bbox 332 3555 378 3608; x_wconf 90' lang='lat' dir='ltr'>si</span> <span class='ocrx_word' id='word_1_479' title='bbox 410 3570 524 3608; x_wconf 91' lang='lat' dir='ltr'>non</span> <span class='ocrx_word' id='word_1_480' title='bbox 555 3554 689 3607; x_wconf 90' lang='lat' dir='ltr'>data</span> <span class='ocrx_word' id='word_1_481' title='bbox 723 3551 906 3622; x_wconf 90' lang='lat' dir='ltr'>copia,</span> <span class='ocrx_word' id='word_1_482' title='bbox 943 3555 1198 3606; x_wconf 85' lang='lat' dir='ltr'>attamen</span> <span class='ocrx_word' id='word_1_483' title='bbox 1225 3551 1820 3622; x_wconf 90' lang='lat' dir='ltr'>permissalicentia...</span> 
     </span>
    </p>
   </div>
   <div class='ocr_carea' id='block_1_69' title="bbox 153 3622 1823 3694">
    <p class='ocr_par' dir='ltr' id='par_1_69' title="bbox 153 3622 1823 3694">
     <span class='ocr_line' id='line_1_70' title="bbox 153 3622 1823 3694; baseline -0.002 -13"><span class='ocrx_word' id='word_1_484' title='bbox 153 3627 395 3681; x_wconf 89' lang='lat' dir='ltr'>Grande</span> <span class='ocrx_word' id='word_1_485' title='bbox 425 3624 595 3694; x_wconf 89' lang='lat' dir='ltr'>igitur</span> <span class='ocrx_word' id='word_1_486' title='bbox 628 3624 847 3678; x_wconf 90' lang='lat' dir='ltr'>malum</span> <span class='ocrx_word' id='word_1_487' title='bbox 880 3626 966 3678; x_wconf 88' lang='lat' dir='ltr'>est</span> <span class='ocrx_word' id='word_1_488' title='bbox 993 3622 1356 3689; x_wconf 89' lang='lat' dir='ltr'>idololatria;</span> <span class='ocrx_word' id='word_1_489' title='bbox 1418 3623 1621 3693; x_wconf 90' lang='lat' dir='ltr'>polluit</span> <span class='ocrx_word' id='word_1_490' title='bbox 1667 3640 1823 3679; x_wconf 86' lang='lat' dir='ltr'>exer-</span> 
     </span>
    </p>
   </div>
   <div class='ocr_carea' id='block_1_70' title="bbox 152 3693 1822 3765">
    <p class='ocr_par' dir='ltr' id='par_1_70' title="bbox 152 3693 1822 3765">
     <span class='ocr_line' id='line_1_71' title="bbox 152 3693 1822 3765; baseline -0.001 -14"><span class='ocrx_word' id='word_1_491' title='bbox 152 3702 377 3761; x_wconf 87' lang='lat' dir='ltr'>centes,</span> <span class='ocrx_word' id='word_1_492' title='bbox 414 3693 615 3765; x_wconf 80' lang='lat' dir='ltr'>p0lluit</span> <span class='ocrx_word' id='word_1_493' title='bbox 640 3694 987 3758; x_wconf 89' lang='lat' dir='ltr'>habitantes,</span> <span class='ocrx_word' id='word_1_494' title='bbox 1042 3694 1245 3764; x_wconf 89' lang='lat' dir='ltr'>polluit</span> <span class='ocrx_word' id='word_1_495' title='bbox 1300 3693 1606 3758; x_wconf 88' lang='lat' dir='ltr'>intuentes,</span> <span class='ocrx_word' id='word_1_496' title='bbox 1652 3711 1822 3764; x_wconf 90' lang='lat' dir='ltr'>pene-</span> 
     </span>
    </p>
   </div>
   <div class='ocr_carea' id='block_1_71' title="bbox 152 3764 1820 3835">
    <p class='ocr_par' dir='ltr' id='par_1_71' title="bbox 152 3764 1820 3835">
     <span class='ocr_line' id='line_1_72' title="bbox 152 3764 1820 3835; baseline -0.002 -14"><span class='ocrx_word' id='word_1_497' title='bbox 152 3773 279 3823; x_wconf 87' lang='lat' dir='ltr'>trat</span> <span class='ocrx_word' id='word_1_498' title='bbox 304 3770 378 3822; x_wconf 88' lang='lat' dir='ltr'>ad</span> <span class='ocrx_word' id='word_1_499' title='bbox 410 3764 724 3827; x_wconf 84' lang='lat' dir='ltr'>ministros,</span> <span class='ocrx_word' id='word_1_500' title='bbox 758 3768 1019 3835; x_wconf 90' lang='lat' dir='ltr'>penetrat</span> <span class='ocrx_word' id='word_1_501' title='bbox 1049 3766 1120 3819; x_wconf 92' lang='lat' dir='ltr'>ad</span> <span class='ocrx_word' id='word_1_502' title='bbox 1151 3764 1425 3828; x_wconf 90' lang='lat' dir='ltr'>conscios,</span> <span class='ocrx_word' id='word_1_503' title='bbox 1462 3769 1727 3835; x_wconf 88' lang='lat' dir='ltr'>penetrat</span> <span class='ocrx_word' id='word_1_504' title='bbox 1747 3765 1820 3819; x_wconf 91' lang='lat' dir='ltr'>ad</span> 
     </span>
    </p>
   </div>
   <div class='ocr_carea' id='block_1_72' title="bbox 151 3835 1820 3907">
    <p class='ocr_par' dir='ltr' id='par_1_72' title="bbox 151 3835 1820 3907">
     <span class='ocr_line' id='line_1_73' title="bbox 151 3835 1820 3907; baseline -0.003 -13"><span class='ocrx_word' id='word_1_505' title='bbox 151 3843 438 3894; x_wconf 88' lang='lat' dir='ltr'>tacentes.</span> <span class='ocrx_word' id='word_1_506' title='bbox 472 3836 816 3891; x_wconf 87' lang='lat' dir='ltr'>Immolante</span> <span class='ocrx_word' id='word_1_507' title='bbox 842 3835 997 3907; x_wconf 87' lang='lat' dir='ltr'>enim</span> <span class='ocrx_word' id='word_1_508' title='bbox 1027 3835 1236 3907; x_wconf 88' lang='lat' dir='ltr'>rustico</span> <span class='ocrx_word' id='word_1_509' title='bbox 1269 3836 1603 3907; x_wconf 89' lang='lat' dir='ltr'>inquinatur</span> <span class='ocrx_word' id='word_1_510' title='bbox 1660 3836 1820 3890; x_wconf 87' lang='lat' dir='ltr'>dom-</span> 
     </span>
    </p>
   </div>
   <div class='ocr_carea' id='block_1_73' title="bbox 150 3906 1821 3976">
    <p class='ocr_par' dir='ltr' id='par_1_73' title="bbox 150 3906 1821 3976">
     <span class='ocr_line' id='line_1_74' title="bbox 150 3906 1821 3976; baseline -0.003 -11"><span class='ocrx_word' id='word_1_511' title='bbox 150 3910 388 3976; x_wconf 89' lang='lat' dir='ltr'>nedius,</span> <span class='ocrx_word' id='word_1_512' title='bbox 423 3913 527 3964; x_wconf 90' lang='lat' dir='ltr'>etc.</span> <span class='ocrx_word' id='word_1_513' title='bbox 565 3932 592 3958; x_wconf 81' lang='grc'><strong>››</strong></span> <span class='ocrx_word' id='word_1_514' title='bbox 626 3908 756 3963; x_wconf 65' lang='lat' dir='ltr'>Ilaec</span> <span class='ocrx_word' id='word_1_515' title='bbox 786 3924 852 3961; x_wconf 85' lang='lat' dir='ltr'>ex</span> <span class='ocrx_word' id='word_1_516' title='bbox 883 3906 1059 3976; x_wconf 86' lang='lat' dir='ltr'>priori</span> <span class='ocrx_word' id='word_1_517' title='bbox 1090 3906 1374 3962; x_wconf 80' lang='lat' dir='ltr'>sermone.</span> <span class='ocrx_word' id='word_1_518' title='bbox 1410 3908 1487 3961; x_wconf 87' lang='lat' dir='ltr'>Ex</span> <span class='ocrx_word' id='word_1_519' title='bbox 1516 3907 1695 3962; x_wconf 91' lang='lat' dir='ltr'>altero</span> <span class='ocrx_word' id='word_1_520' title='bbox 1727 3924 1821 3961; x_wconf 91' lang='lat' dir='ltr'>ve-</span> 
     </span>
    </p>
   </div>
   <div class='ocr_carea' id='block_1_74' title="bbox 147 3979 1816 4050">
    <p class='ocr_par' dir='ltr' id='par_1_74' title="bbox 147 3979 1816 4050">
     <span class='ocr_line' id='line_1_75' title="bbox 147 3979 1816 4050; baseline -0.004 -13"><span class='ocrx_word' id='word_1_521' title='bbox 147 4000 222 4037; x_wconf 92' lang='lat' dir='ltr'>ro</span> <span class='ocrx_word' id='word_1_522' title='bbox 254 3984 393 4036; x_wconf 90' lang='lat' dir='ltr'>sunt</span> <span class='ocrx_word' id='word_1_523' title='bbox 422 3997 546 4050; x_wconf 63' lang='lat' dir='ltr'>quae</span> <span class='ocrx_word' id='word_1_524' title='bbox 578 3982 909 4050; x_wconf 86' lang='lat' dir='ltr'>sequuntur.</span> <span class='ocrx_word' id='word_1_525' title='bbox 938 4000 964 4050; x_wconf 64' lang='grc' dir='ltr'>ς(</span> <span class='ocrx_word' id='word_1_526' title='bbox 1005 3979 1131 4032; x_wconf 91' lang='lat' dir='ltr'>Non</span> <span class='ocrx_word' id='word_1_527' title='bbox 1162 3994 1365 4050; x_wconf 87' lang='lat' dir='ltr'>parum</span> <span class='ocrx_word' id='word_1_528' title='bbox 1418 3982 1667 4050; x_wconf 83' lang='lat' dir='ltr'>tractatu</span> <span class='ocrx_word' id='word_1_529' title='bbox 1710 3980 1816 4032; x_wconf 83' lang='lat' dir='ltr'>Do-</span> 
     </span>
    </p>
   </div>
   <div class='ocr_carea' id='block_1_75' title="bbox 148 4048 1816 4120">
    <p class='ocr_par' dir='ltr' id='par_1_75' title="bbox 148 4048 1816 4120">
     <span class='ocr_line' id='line_1_76' title="bbox 148 4048 1816 4120; baseline -0.003 -13"><span class='ocrx_word' id='word_1_530' title='bbox 148 4052 390 4107; x_wconf 73' lang='lat' dir='ltr'>minicze</span> <span class='ocrx_word' id='word_1_531' title='bbox 421 4048 725 4120; x_wconf 75' lang='lat' dir='ltr'>superioris</span> <span class='ocrx_word' id='word_1_532' title='bbox 743 4048 1047 4120; x_wconf 90' lang='lat' dir='ltr'>profecisse</span> <span class='ocrx_word' id='word_1_533' title='bbox 1069 4066 1166 4103; x_wconf 91' lang='lat' dir='ltr'>vos</span> <span class='ocrx_word' id='word_1_534' title='bbox 1183 4049 1502 4120; x_wconf 74' lang='lat' dir='ltr'>credimus;</span> <span class='ocrx_word' id='word_1_535' title='bbox 1535 4049 1816 4119; x_wconf 89' lang='lat' dir='ltr'>siquidem</span> 
     </span>
    </p>
   </div>
   <div class='ocr_carea' id='block_1_76' title="bbox 150 4119 1817 4195">
    <p class='ocr_par' dir='ltr' id='par_1_76' title="bbox 150 4119 1817 4195">
     <span class='ocr_line' id='line_1_77' title="bbox 150 4119 1817 4195; baseline -0.004 -16"><span class='ocrx_word' id='word_1_536' title='bbox 150 4119 575 4195; x_wconf 68' lang='lat' dir='ltr'>prtedicatione</span> <span class='ocrx_word' id='word_1_537' title='bbox 606 4119 883 4195; x_wconf 79' lang='lat' dir='ltr'>nostraab</span> <span class='ocrx_word' id='word_1_538' title='bbox 906 4120 1061 4174; x_wconf 90' lang='lat' dir='ltr'>omni</span> <span class='ocrx_word' id='word_1_539' title='bbox 1079 4120 1363 4195; x_wconf 84' lang='lat' dir='ltr'>idolorum</span> <span class='ocrx_word' id='word_1_540' title='bbox 1381 4119 1817 4195; x_wconf 80' lang='lat' dir='ltr'>inquinamento</span> 
     </span>
    </p>
   </div>
   <div class='ocr_carea' id='block_1_77' title="bbox 150 4191 1814 4262">
    <p class='ocr_par' dir='ltr' id='par_1_77' title="bbox 150 4191 1814 4262">
     <span class='ocr_line' id='line_1_78' title="bbox 150 4191 1814 4262; baseline -0.004 -12"><span class='ocrx_word' id='word_1_541' title='bbox 150 4191 339 4250; x_wconf 68' lang='lat' dir='ltr'>corda</span> <span class='ocrx_word' id='word_1_542' title='bbox 370 4198 557 4247; x_wconf 87' lang='lat' dir='ltr'>vestra</span> <span class='ocrx_word' id='word_1_543' title='bbox 591 4192 1069 4262; x_wconf 87' lang='lat' dir='ltr'>purgavimus.....</span> <span class='ocrx_word' id='word_1_544' title='bbox 1111 4193 1412 4256; x_wconf 57' lang='lat' dir='ltr'>Craterum,</span> <span class='ocrx_word' id='word_1_545' title='bbox 1455 4191 1546 4261; x_wconf 89' lang='lat' dir='ltr'>qui</span> <span class='ocrx_word' id='word_1_546' title='bbox 1604 4191 1707 4245; x_wconf 90' lang='lat' dir='ltr'>scit</span> <span class='ocrx_word' id='word_1_547' title='bbox 1759 4191 1814 4244; x_wconf 91' lang='lat' dir='ltr'>in</span> 
     </span>
    </p>
   </div>
   <div class='ocr_carea' id='block_1_78' title="bbox 149 4262 1818 4337">
    <p class='ocr_par' dir='ltr' id='par_1_78' title="bbox 149 4262 1818 4337">
     <span class='ocr_line' id='line_1_79' title="bbox 149 4262 1818 4337; baseline -0.002 -16"><span class='ocrx_word' id='word_1_548' title='bbox 149 4282 303 4337; x_wconf 84' lang='lat' dir='ltr'>agro</span> <span class='ocrx_word' id='word_1_549' title='bbox 330 4282 432 4337; x_wconf 91' lang='lat' dir='ltr'>suo</span> <span class='ocrx_word' id='word_1_550' title='bbox 455 4263 947 4337; x_wconf 84' lang='lat' dir='ltr'>idolisimmolari.</span> <span class='ocrx_word' id='word_1_551' title='bbox 979 4280 1081 4319; x_wconf 89' lang='lat' dir='ltr'>nec</span> <span class='ocrx_word' id='word_1_552' title='bbox 1099 4263 1379 4337; x_wconf 84' lang='lat' dir='ltr'>prohibet,</span> <span class='ocrx_word' id='word_1_553' title='bbox 1415 4262 1677 4337; x_wconf 77' lang='lat' dir='ltr'>quamvis</span> <span class='ocrx_word' id='word_1_554' title='bbox 1699 4262 1818 4331; x_wconf 89' lang='lat' dir='ltr'>ipse</span> 
     </span>
    </p>
   </div>
   <div class='ocr_carea' id='block_1_79' title="bbox 147 4333 1818 4407">
    <p class='ocr_par' dir='ltr' id='par_1_79' title="bbox 147 4333 1818 4407">
     <span class='ocr_line' id='line_1_80' title="bbox 147 4333 1818 4407; baseline -0.004 -14"><span class='ocrx_word' id='word_1_555' title='bbox 147 4333 333 4407; x_wconf 72' lang='lat' dir='ltr'>ldnge</span> <span class='ocrx_word' id='word_1_556' title='bbox 363 4336 421 4389; x_wconf 91' lang='lat' dir='ltr'>in</span> <span class='ocrx_word' id='word_1_557' title='bbox 453 4335 680 4390; x_wconf 88' lang='lat' dir='ltr'>civitate</span> <span class='ocrx_word' id='word_1_558' title='bbox 709 4334 1003 4407; x_wconf 83' lang='lat' dir='ltr'>consistat,</span> <span class='ocrx_word' id='word_1_559' title='bbox 1038 4335 1271 4407; x_wconf 76' lang='lat' dir='ltr'>pollutio</span> <span class='ocrx_word' id='word_1_560' title='bbox 1305 4339 1495 4387; x_wconf 89' lang='lat' dir='ltr'>tamen</span> <span class='ocrx_word' id='word_1_561' title='bbox 1530 4333 1694 4407; x_wconf 80' lang='lat' dir='ltr'>illum</span> <span class='ocrx_word' id='word_1_562' title='bbox 1727 4350 1818 4407; x_wconf 87' lang='lat' dir='ltr'>ne_-</span> 
     </span>
    </p>
   </div>
   <div class='ocr_carea' id='block_1_80' title="bbox 146 4404 1818 4477">
    <p class='ocr_par' dir='ltr' id='par_1_80' title="bbox 146 4404 1818 4477">
     <span class='ocr_line' id='line_1_81' title="bbox 146 4404 1818 4477; baseline -0.003 -13"><span class='ocrx_word' id='word_1_563' title='bbox 146 4404 340 4464; x_wconf 79' lang='lat' dir='ltr'>fanda</span> <span class='ocrx_word' id='word_1_564' title='bbox 369 4407 684 4477; x_wconf 87' lang='lat' dir='ltr'>continget.</span> <span class='ocrx_word' id='word_1_565' title='bbox 718 4407 785 4460; x_wconf 88' lang='lat' dir='ltr'>Et</span> <span class='ocrx_word' id='word_1_566' title='bbox 815 4406 943 4477; x_wconf 85' lang='lat' dir='ltr'>licet</span> <span class='ocrx_word' id='word_1_567' title='bbox 972 4406 1104 4477; x_wconf 9' lang='lat' dir='ltr'>raris</span> <span class='ocrx_word' id='word_1_568' title='bbox 1148 4404 1379 4459; x_wconf 87' lang='lat' dir='ltr'>assistat</span> <span class='ocrx_word' id='word_1_569' title='bbox 1429 4404 1692 4477; x_wconf 79' lang='lat' dir='ltr'>rusticus,</span> <span class='ocrx_word' id='word_1_570' title='bbox 1745 4405 1818 4459; x_wconf 91' lang='lat' dir='ltr'>ad</span> 
     </span>
    </p>
   </div>
   <div class='ocr_carea' id='block_1_81' title="bbox 146 4476 1812 4545">
    <p class='ocr_par' dir='ltr' id='par_1_81' title="bbox 146 4476 1812 4545">
     <span class='ocr_line' id='line_1_82' title="bbox 146 4476 1812 4545; baseline -0.002 -11"><span class='ocrx_word' id='word_1_571' title='bbox 146 4479 537 4534; x_wconf 86' lang='lat' dir='ltr'>domnedium</span> <span class='ocrx_word' id='word_1_572' title='bbox 580 4476 1019 4531; x_wconf 15' lang='lat' dir='ltr'>icontaminatio</span> <span class='ocrx_word' id='word_1_573' title='bbox 1076 4477 1424 4531; x_wconf 85' lang='lat' dir='ltr'>exsecranda</span> <span class='ocrx_word' id='word_1_574' title='bbox 1476 4476 1812 4545; x_wconf 91' lang='lat' dir='ltr'>regreditur.</span> 
     </span>
    </p>
   </div>
   <div class='ocr_carea' id='block_1_82' title="bbox 147 4546 1817 4621">
    <p class='ocr_par' dir='ltr' id='par_1_82' title="bbox 147 4546 1817 4621">
     <span class='ocr_line' id='line_1_83' title="bbox 147 4546 1817 4621; baseline -0.002 -16"><span class='ocrx_word' id='word_1_575' title='bbox 147 4550 456 4621; x_wconf 87' lang='lat' dir='ltr'>Particeps</span> <span class='ocrx_word' id='word_1_576' title='bbox 477 4549 629 4604; x_wconf 91' lang='lat' dir='ltr'>enim</span> <span class='ocrx_word' id='word_1_577' title='bbox 651 4548 773 4620; x_wconf 84' lang='lat' dir='ltr'>ejus</span> <span class='ocrx_word' id='word_1_578' title='bbox 799 4546 1114 4621; x_wconf 75' lang='lat' dir='ltr'>efﬁcitur,_si</span> <span class='ocrx_word' id='word_1_579' title='bbox 1132 4564 1242 4621; x_wconf 85' lang='lat' dir='ltr'>non</span> <span class='ocrx_word' id='word_1_580' title='bbox 1268 4547 1635 4621; x_wconf 86' lang='lat' dir='ltr'>conscientia.</span> <span class='ocrx_word' id='word_1_581' title='bbox 1664 4552 1817 4602; x_wconf 90' lang='lat' dir='ltr'>certe</span> 
     </span>
    </p>
   </div>
   <div class='ocr_carea' id='block_1_83' title="bbox 143 4618 1816 4690">
    <p class='ocr_par' dir='ltr' id='par_1_83' title="bbox 143 4618 1816 4690">
     <span class='ocr_line' id='line_1_84' title="bbox 143 4618 1816 4690; baseline -0.002 -13"><span class='ocrx_word' id='word_1_582' title='bbox 143 4618 440 4677; x_wconf 51' lang='lat' dir='ltr'>notitiaf»</span> <span class='ocrx_word' id='word_1_583' title='bbox 468 4618 747 4675; x_wconf 84' lang='lat' dir='ltr'>Hactenus</span> <span class='ocrx_word' id='word_1_584' title='bbox 777 4623 1008 4673; x_wconf 88' lang='lat' dir='ltr'>sanctus</span> <span class='ocrx_word' id='word_1_585' title='bbox 1035 4618 1331 4673; x_wconf 83' lang='lat' dir='ltr'>Maximus.</span> <span class='ocrx_word' id='word_1_586' title='bbox 1368 4622 1517 4684; x_wconf 87' lang='lat' dir='ltr'>Quot</span> <span class='ocrx_word' id='word_1_587' title='bbox 1547 4619 1721 4690; x_wconf 83' lang='lat' dir='ltr'>igitur</span> <span class='ocrx_word' id='word_1_588' title='bbox 1736 4635 1816 4674; x_wconf 88' lang='lat' dir='ltr'>es-</span> 
     </span>
    </p>
   </div>
   <div class='ocr_carea' id='block_1_84' title="bbox 146 4690 1818 4762">
    <p class='ocr_par' dir='ltr' id='par_1_84' title="bbox 146 4690 1818 4762">
     <span class='ocr_line' id='line_1_85' title="bbox 146 4690 1818 4762; baseline -0.002 -14"><span class='ocrx_word' id='word_1_589' title='bbox 146 4697 291 4748; x_wconf 81' lang='lat' dir='ltr'>sent</span> <span class='ocrx_word' id='word_1_590' title='bbox 323 4691 548 4762; x_wconf 88' lang='lat' dir='ltr'>pagani,</span> <span class='ocrx_word' id='word_1_591' title='bbox 583 4707 870 4761; x_wconf 89' lang='lat' dir='ltr'>quamque</span> <span class='ocrx_word' id='word_1_592' title='bbox 901 4690 1014 4762; x_wconf 88' lang='lat' dir='ltr'>late</span> <span class='ocrx_word' id='word_1_593' title='bbox 1046 4694 1245 4762; x_wconf 86' lang='lat' dir='ltr'>patens</span> <span class='ocrx_word' id='word_1_594' title='bbox 1272 4690 1501 4746; x_wconf 89' lang='lat' dir='ltr'>ethnica</span> <span class='ocrx_word' id='word_1_595' title='bbox 1548 4690 1818 4762; x_wconf 89' lang='lat' dir='ltr'>supersti-</span> 
     </span>
    </p>
   </div>
   <div class='ocr_carea' id='block_1_85' title="bbox 144 4760 1813 4831">
    <p class='ocr_par' dir='ltr' id='par_1_85' title="bbox 144 4760 1813 4831">
     <span class='ocr_line' id='line_1_86' title="bbox 144 4760 1813 4831; baseline -0.002 -12"><span class='ocrx_word' id='word_1_596' title='bbox 144 4765 237 4819; x_wconf 83' lang='lat' dir='ltr'>tio</span> <span class='ocrx_word' id='word_1_597' title='bbox 254 4764 314 4817; x_wconf 90' lang='lat' dir='ltr'>in</span> <span class='ocrx_word' id='word_1_598' title='bbox 326 4760 666 4817; x_wconf 81' lang='lat' dir='ltr'>Taurinensi</span> <span class='ocrx_word' id='word_1_599' title='bbox 682 4761 911 4816; x_wconf 73' lang='lat' dir='ltr'>dioecesi</span> <span class='ocrx_word' id='word_1_600' title='bbox 925 4760 1115 4815; x_wconf 89' lang='lat' dir='ltr'>medio</span> <span class='ocrx_word' id='word_1_601' title='bbox 1130 4761 1352 4817; x_wconf 85' lang='lat' dir='ltr'>circiter</span> <span class='ocrx_word' id='word_1_602' title='bbox 1368 4763 1568 4831; x_wconf 92' lang='lat' dir='ltr'>quinto</span> <span class='ocrx_word' id='word_1_603' title='bbox 1586 4760 1813 4827; x_wconf 77' lang='lat' dir='ltr'>saeculo,</span> 
     </span>
    </p>
   </div>
   <div class='ocr_carea' id='block_1_86' title="bbox 144 4832 1819 4905">
    <p class='ocr_par' dir='ltr' id='par_1_86' title="bbox 144 4832 1819 4905">
     <span class='ocr_line' id='line_1_87' title="bbox 144 4832 1819 4905; baseline -0.002 -13"><span class='ocrx_word' id='word_1_604' title='bbox 144 4836 345 4892; x_wconf 86' lang='lat' dir='ltr'>immo</span> <span class='ocrx_word' id='word_1_605' title='bbox 365 4833 556 4889; x_wconf 90' lang='lat' dir='ltr'>medio</span> <span class='ocrx_word' id='word_1_606' title='bbox 576 4834 701 4905; x_wconf 83' lang='lat' dir='ltr'>jam</span> <span class='ocrx_word' id='word_1_607' title='bbox 729 4832 942 4905; x_wconf 62' lang='lat' dir='ltr'>elapso,</span> <span class='ocrx_word' id='word_1_608' title='bbox 977 4850 1088 4905; x_wconf 84' lang='lat' dir='ltr'>quo</span> <span class='ocrx_word' id='word_1_609' title='bbox 1107 4837 1335 4905; x_wconf 89' lang='lat' dir='ltr'>sanctus</span> <span class='ocrx_word' id='word_1_610' title='bbox 1365 4833 1819 4905; x_wconf 85' lang='lat' dir='ltr'>Maximusepis-</span> 
     </span>
    </p>
   </div>
   <div class='ocr_carea' id='block_1_87' title="bbox 142 4902 1818 4977">
    <p class='ocr_par' dir='ltr' id='par_1_87' title="bbox 142 4902 1818 4977">
     <span class='ocr_line' id='line_1_88' title="bbox 142 4902 1818 4977; baseline -0.001 -17"><span class='ocrx_word' id='word_1_611' title='bbox 142 4902 718 4977; x_wconf 82' lang='lat' dir='ltr'>copatuuigerébat,</span> <span class='ocrx_word' id='word_1_612' title='bbox 752 4919 819 4958; x_wconf 82' lang='lat' dir='ltr'>ex</span> <span class='ocrx_word' id='word_1_613' title='bbox 857 4903 975 4958; x_wconf 91' lang='lat' dir='ltr'>zelo</span> <span class='ocrx_word' id='word_1_614' title='bbox 996 4902 1189 4977; x_wconf 78' lang='lat' dir='ltr'>ipsius</span> <span class='ocrx_word' id='word_1_615' title='bbox 1251 4902 1598 4977; x_wconf 61' lang='lat' dir='ltr'>insectandis</span> <span class='ocrx_word' id='word_1_616' title='bbox 1652 4902 1818 4977; x_wconf 76' lang='lat' dir='ltr'>hujus</span> 
     </span>
    </p>
   </div>
   <div class='ocr_carea' id='block_1_88' title="bbox 143 4973 1822 5049">
    <p class='ocr_par' dir='ltr' id='par_1_88' title="bbox 143 4973 1822 5049">
     <span class='ocr_line' id='line_1_89' title="bbox 143 4973 1822 5049; baseline -0.004 -15"><span class='ocrx_word' id='word_1_617' title='bbox 143 4973 583 5049; x_wconf 78' lang='lat' dir='ltr'>superstitionis</span> <span class='ocrx_word' id='word_1_618' title='bbox 611 4980 730 5030; x_wconf 91' lang='lat' dir='ltr'>tum</span> <span class='ocrx_word' id='word_1_619' title='bbox 769 4973 1127 5049; x_wconf 83' lang='lat' dir='ltr'>sermonibus</span> <span class='ocrx_word' id='word_1_620' title='bbox 1149 4974 1443 5049; x_wconf 86' lang='lat' dir='ltr'>appositis,</span> <span class='ocrx_word' id='word_1_621' title='bbox 1482 4979 1641 5049; x_wconf 78' lang='lat' dir='ltr'>_tum_</span> <span class='ocrx_word' id='word_1_622' title='bbox 1684 4973 1822 5049; x_wconf 84' lang='lat' dir='ltr'>data</span> 
     </span>
    </p>
   </div>
   <div class='ocr_carea' id='block_1_89' title="bbox 142 5044 1820 5118">
    <p class='ocr_par' dir='ltr' id='par_1_89' title="bbox 142 5044 1820 5118">
     <span class='ocr_line' id='line_1_90' title="bbox 142 5044 1820 5118; baseline -0.002 -14"><span class='ocrx_word' id='word_1_623' title='bbox 142 5044 337 5106; x_wconf 75' lang='lat' dir='ltr'>etiam</span> <span class='ocrx_word' id='word_1_624' title='bbox 370 5065 473 5118; x_wconf 92' lang='lat' dir='ltr'>pro</span> <span class='ocrx_word' id='word_1_625' title='bbox 499 5065 560 5102; x_wconf 90' lang='lat' dir='ltr'>re</span> <span class='ocrx_word' id='word_1_626' title='bbox 590 5052 728 5101; x_wconf 89' lang='lat' dir='ltr'>nata</span> <span class='ocrx_word' id='word_1_627' title='bbox 772 5045 1198 5118; x_wconf 76' lang='lat' dir='ltr'>opportunitate</span> <span class='ocrx_word' id='word_1_628' title='bbox 1251 5044 1543 5118; x_wconf 86' lang='lat' dir='ltr'>loquendi,</span> <span class='ocrx_word' id='word_1_629' title='bbox 1593 5046 1820 5118; x_wconf 87' lang='lat' dir='ltr'>abunde</span> 
     </span>
    </p>
   </div>
   <div class='ocr_carea' id='block_1_90' title="bbox 140 5116 1821 5191">
    <p class='ocr_par' dir='ltr' id='par_1_90' title="bbox 140 5116 1821 5191">
     <span class='ocr_line' id='line_1_91' title="bbox 140 5116 1821 5191; baseline -0.003 -15"><span class='ocrx_word' id='word_1_630' title='bbox 140 5116 421 5191; x_wconf 77' lang='lat' dir='ltr'>apparet.</span> <span class='ocrx_word' id='word_1_631' title='bbox 453 5122 611 5191; x_wconf 80' lang='lat' dir='ltr'>Nunc</span> <span class='ocrx_word' id='word_1_632' title='bbox 635 5134 768 5191; x_wconf 73' lang='lat' dir='ltr'>vero</span> <span class='ocrx_word' id='word_1_633' title='bbox 800 5135 833 5171; x_wconf 91' lang='lat' dir='ltr'>a</span> <span class='ocrx_word' id='word_1_634' title='bbox 864 5116 1186 5191; x_wconf 81' lang='lat' dir='ltr'>Subalpinis</span> <span class='ocrx_word' id='word_1_635' title='bbox 1204 5116 1531 5191; x_wconf 88' lang='lat' dir='ltr'>regionibus</span> <span class='ocrx_word' id='word_1_636' title='bbox 1558 5117 1630 5169; x_wconf 92' lang='lat' dir='ltr'>ad</span> <span class='ocrx_word' id='word_1_637' title='bbox 1650 5116 1821 5188; x_wconf 89' lang='lat' dir='ltr'>Aqui-</span> 
     </span>
    </p>
   </div>
   <div class='ocr_carea' id='block_1_91' title="bbox 142 5188 1616 5269">
    <p class='ocr_par' dir='ltr' id='par_1_91' title="bbox 142 5188 1616 5269">
     <span class='ocr_line' id='line_1_92' title="bbox 142 5188 1616 5269; baseline -0.005 -22"><span class='ocrx_word' id='word_1_638' title='bbox 142 5188 765 5269; x_wconf 55' lang='lat' dir='ltr'>léisnseinEcclesiam</span> <span class='ocrx_word' id='word_1_639' title='bbox 798 5193 959 5269; x_wconf 31' lang='lat' dir='ltr'>recto.</span> <span class='ocrx_word' id='word_1_640' title='bbox 983 5188 1203 5269; x_wconf 34' lang='lat' dir='ltr'>itinere.</span> <span class='ocrx_word' id='word_1_641' title='bbox 1217 5189 1616 5269; x_wconf 80' lang='lat' dir='ltr'>procedamus.</span> 
     </span>
    </p>
   </div>
   <div class='ocr_carea' id='block_1_92' title="bbox 236 5258 1816 5332">
    <p class='ocr_par' dir='ltr' id='par_1_92' title="bbox 236 5258 1816 5332">
     <span class='ocr_line' id='line_1_93' title="bbox 236 5258 1816 5332; baseline 0 -20"><span class='ocrx_word' id='word_1_642' title='bbox 236 5260 548 5332; x_wconf 64' lang='lat' dir='ltr'>1421ter</span> <span class='ocrx_word' id='word_1_643' title='bbox 569 5266 763 5315; x_wconf 87' lang='lat' dir='ltr'>autem</span> <span class='ocrx_word' id='word_1_644' title='bbox 795 5264 1050 5332; x_wconf 87' lang='lat' dir='ltr'>agentes,</span> <span class='ocrx_word' id='word_1_645' title='bbox 1078 5258 1269 5332; x_wconf 83' lang='lat' dir='ltr'>media</span> <span class='ocrx_word' id='word_1_646' title='bbox 1294 5259 1515 5332; x_wconf 84' lang='lat' dir='ltr'>circiter</span> <span class='ocrx_word' id='word_1_647' title='bbox 1536 5258 1647 5332; x_wconf 80' lang='lat' dir='ltr'>via,</span> <span class='ocrx_word' id='word_1_648' title='bbox 1682 5274 1816 5328; x_wconf 90' lang='lat' dir='ltr'>pau-</span> 
     </span>
    </p>
   </div>
   <div class='ocr_carea' id='block_1_93' title="bbox 136 5329 1818 5401">
    <p class='ocr_par' dir='ltr' id='par_1_93' title="bbox 136 5329 1818 5401">
     <span class='ocr_line' id='line_1_94' title="bbox 136 5329 1818 5401; baseline -0.002 -13"><span class='ocrx_word' id='word_1_649' title='bbox 136 5329 342 5388; x_wconf 67' lang='lat' dir='ltr'>lulum</span> <span class='ocrx_word' id='word_1_650' title='bbox 364 5329 575 5387; x_wconf 69' lang='lat' dir='ltr'>sistere</span> <span class='ocrx_word' id='word_1_651' title='bbox 608 5349 710 5386; x_wconf 89' lang='lat' dir='ltr'>nos</span> <span class='ocrx_word' id='word_1_652' title='bbox 760 5329 1313 5401; x_wconf 87' lang='lat' dir='ltr'>compellitEcclesia</span> <span class='ocrx_word' id='word_1_653' title='bbox 1340 5329 1665 5393; x_wconf 80' lang='lat' dir='ltr'>Brixiensis,</span> <span class='ocrx_word' id='word_1_654' title='bbox 1691 5346 1818 5400; x_wconf 70' lang='lat' dir='ltr'>quae</span> 
     </span>
    </p>
   </div>
   <div class='ocr_carea' id='block_1_94' title="bbox 136 5402 1817 5474">
    <p class='ocr_par' dir='ltr' id='par_1_94' title="bbox 136 5402 1817 5474">
     <span class='ocr_line' id='line_1_95' title="bbox 136 5402 1817 5474; baseline -0.002 -15"><span class='ocrx_word' id='word_1_655' title='bbox 136 5406 335 5459; x_wconf 86' lang='lat' dir='ltr'>habet</span> <span class='ocrx_word' id='word_1_656' title='bbox 364 5404 513 5474; x_wconf 90' lang='lat' dir='ltr'>quod</span> <span class='ocrx_word' id='word_1_657' title='bbox 536 5404 699 5459; x_wconf 89' lang='lat' dir='ltr'>nobis</span> <span class='ocrx_word' id='word_1_658' title='bbox 734 5402 988 5473; x_wconf 91' lang='lat' dir='ltr'>proferat</span> <span class='ocrx_word' id='word_1_659' title='bbox 1025 5402 1542 5474; x_wconf 80' lang='lat' dir='ltr'>superpaganismo</span> <span class='ocrx_word' id='word_1_660' title='bbox 1571 5419 1686 5456; x_wconf 71' lang='lat' dir='ltr'>sure</span> <span class='ocrx_word' id='word_1_661' title='bbox 1734 5418 1817 5474; x_wconf 85' lang='lat' dir='ltr'>re-</span> 
     </span>
    </p>
   </div>
   <div class='ocr_carea' id='block_1_95' title="bbox 133 5471 1817 5549">
    <p class='ocr_par' dir='ltr' id='par_1_95' title="bbox 133 5471 1817 5549">
     <span class='ocr_line' id='line_1_96' title="bbox 133 5471 1817 5549; baseline -0.002 -20"><span class='ocrx_word' id='word_1_662' title='bbox 133 5474 343 5549; x_wconf 81' lang='lat' dir='ltr'>gionis</span> <span class='ocrx_word' id='word_1_663' title='bbox 370 5471 435 5529; x_wconf 81' lang='lat' dir='ltr'>ex</span> <span class='ocrx_word' id='word_1_664' title='bbox 464 5471 825 5549; x_wconf 82' lang='lat' dir='ltr'>sermonibus</span> <span class='ocrx_word' id='word_1_665' title='bbox 842 5475 1023 5549; x_wconf 77' lang='lat' dir='ltr'>sancti</span> <span class='ocrx_word' id='word_1_666' title='bbox 1072 5471 1157 5549; x_wconf 79' lang='lat' dir='ltr'>sui</span> <span class='ocrx_word' id='word_1_667' title='bbox 1188 5471 1434 5544; x_wconf 67' lang='lat' dir='ltr'>episcopi</span> <span class='ocrx_word' id='word_1_668' title='bbox 1482 5471 1817 5549; x_wconf 74' lang='lat' dir='ltr'>Gaudentii,</span> 
     </span>
    </p>
   </div>
   <div class='ocr_carea' id='block_1_96' title="bbox 134 5544 1814 5619">
    <p class='ocr_par' dir='ltr' id='par_1_96' title="bbox 134 5544 1814 5619">
     <span class='ocr_line' id='line_1_97' title="bbox 134 5544 1814 5619; baseline -0.003 -18"><span class='ocrx_word' id='word_1_669' title='bbox 134 5544 486 5619; x_wconf 8' lang='lat' dir='ltr'>ﬁnisquarlo</span> <span class='ocrx_word' id='word_1_670' title='bbox 510 5546 805 5619; x_wconf 84' lang='lat' dir='ltr'>desinente</span> <span class='ocrx_word' id='word_1_671' title='bbox 833 5545 1099 5616; x_wconf 88' lang='lat' dir='ltr'>etquinto</span> <span class='ocrx_word' id='word_1_672' title='bbox 1122 5546 1353 5619; x_wconf 88' lang='lat' dir='ltr'>ineunte</span> <span class='ocrx_word' id='word_1_673' title='bbox 1373 5544 1581 5619; x_wconf 66' lang='lat' dir='ltr'>saecuio</span> <span class='ocrx_word' id='word_1_674' title='bbox 1600 5544 1814 5597; x_wconf 81' lang='lat' dir='ltr'>ﬂoruit:</span> 
     </span>
    </p>
   </div>
   <div class='ocr_carea' id='block_1_97' title="bbox 136 5615 1820 5688">
    <p class='ocr_par' dir='ltr' id='par_1_97' title="bbox 136 5615 1820 5688">
     <span class='ocr_line' id='line_1_98' title="bbox 136 5615 1820 5688; baseline -0.005 -13"><span class='ocrx_word' id='word_1_675' title='bbox 136 5615 667 5688; x_wconf 25' lang='lat' dir='ltr'>dbiit’enimjuxta</span> <span class='ocrx_word' id='word_1_676' title='bbox 702 5615 932 5688; x_wconf 80' lang='lat' dir='ltr'>aliquos</span> <span class='ocrx_word' id='word_1_677' title='bbox 956 5634 1108 5672; x_wconf 90' lang='lat' dir='ltr'>anno</span> <span class='ocrx_word' id='word_1_678' title='bbox 1135 5618 1259 5685; x_wconf 77' lang='grc'><strong>410,</strong></span> <span class='ocrx_word' id='word_1_679' title='bbox 1309 5618 1472 5688; x_wconf 76' lang='lat' dir='ltr'>juxta</span> <span class='ocrx_word' id='word_1_680' title='bbox 1491 5615 1634 5669; x_wconf 85' lang='lat' dir='ltr'>alios</span> <span class='ocrx_word' id='word_1_681' title='bbox 1689 5630 1820 5688; x_wconf 87' lang='lat' dir='ltr'>vero</span> 
     </span>
    </p>
   </div>
   <div class='ocr_carea' id='block_1_98' title="bbox 137 5686 1824 5771">
    <p class='ocr_par' dir='ltr' id='par_1_98' title="bbox 137 5686 1824 5771">
     <span class='ocr_line' id='line_1_99' title="bbox 137 5686 1824 5771; baseline -0.002 -28"><span class='ocrx_word' id='word_1_682' title='bbox 137 5705 313 5771; x_wconf 46' lang='lat' dir='ltr'>anno</span> <span class='ocrx_word' id='word_1_683' title='bbox 338 5690 474 5771; x_wconf 58' lang='grc' dir='ltr'>ιιὲἾὶ</span> <span class='ocrx_word' id='word_1_684' title='bbox 494 5686 1037 5771; x_wconf 55' lang='lat' dir='ltr'>uti_ex_prssnfatione</span> <span class='ocrx_word' id='word_1_685' title='bbox 1060 5688 1215 5771; x_wconf 78' lang='lat' dir='ltr'>Pauli</span> <span class='ocrx_word' id='word_1_686' title='bbox 1264 5686 1549 5771; x_wconf 60' lang='lat' dir='ltr'>Calsardi</span> <span class='ocrx_word' id='word_1_687' title='bbox 1578 5688 1652 5771; x_wconf 81' lang='lat' dir='ltr'>ad</span> <span class='ocrx_word' id='word_1_688' title='bbox 1699 5686 1824 5758; x_wconf 88' lang='lat' dir='ltr'>ejus</span> 
     </span>
    </p>
   </div>
   <div class='ocr_carea' id='block_1_99' title="bbox 141 5759 1826 5832">
    <p class='ocr_par' dir='ltr' id='par_1_99' title="bbox 141 5759 1826 5832">
     <span class='ocr_line' id='line_1_100' title="bbox 141 5759 1826 5832; baseline -0.003 -14"><span class='ocrx_word' id='word_1_689' title='bbox 141 5763 352 5831; x_wconf 85' lang='lat' dir='ltr'>Opera</span> <span class='ocrx_word' id='word_1_690' title='bbox 381 5760 597 5817; x_wconf 84' lang='lat' dir='ltr'>Patavii</span> <span class='ocrx_word' id='word_1_691' title='bbox 630 5759 784 5816; x_wconf 87' lang='lat' dir='ltr'>edita</span> <span class='ocrx_word' id='word_1_692' title='bbox 798 5760 1152 5817; x_wconf 88' lang='lat' dir='ltr'>Cominianis</span> <span class='ocrx_word' id='word_1_693' title='bbox 1183 5760 1351 5832; x_wconf 80' lang='lat' dir='ltr'>typis.</span> <span class='ocrx_word' id='word_1_694' title='bbox 1372 5759 1517 5826; x_wconf 87' lang='lat' dir='ltr'>Quid</span> <span class='ocrx_word' id='word_1_695' title='bbox 1537 5759 1709 5831; x_wconf 87' lang='lat' dir='ltr'>igitur</span> <span class='ocrx_word' id='word_1_696' title='bbox 1728 5775 1826 5813; x_wconf 86' lang='lat' dir='ltr'>no-</span> 
     </span>
    </p>
   </div>
   <div class='ocr_carea' id='block_1_100' title="bbox 414 5849 818 5908">
    <p class='ocr_par' dir='ltr' id='par_1_100' title="bbox 414 5849 818 5908">
     <span class='ocr_line' id='line_1_101' title="bbox 414 5849 818 5908; baseline 0.002 -3"><span class='ocrx_word' id='word_1_697' title='bbox 414 5850 659 5906; x_wconf 77' lang='lat' dir='ltr'>PATROL.</span> <span class='ocrx_word' id='word_1_698' title='bbox 700 5849 818 5908; x_wconf 90' lang='lat' dir='ltr'>LII.</span> 
     </span>
    </p>
   </div>
   <div class='ocr_carea' id='block_1_101' title="bbox 1850 4447 1893 4505">
    <p class='ocr_par' dir='ltr' id='par_1_101' title="bbox 1850 4447 1893 4505">
     <span class='ocr_line' id='line_1_102' title="bbox 1850 4447 1893 4505; baseline 0 0"><span class='ocrx_word' id='word_1_699' title='bbox 1850 4447 1893 4505; x_wconf 94' lang='lat' dir='ltr'>D</span> 
     </span>
    </p>
   </div>
   <div class='ocr_carea' id='block_1_102' title="bbox 1934 1778 3589 1849">
    <p class='ocr_par' dir='ltr' id='par_1_102' title="bbox 1934 1778 3589 1849">
     <span class='ocr_line' id='line_1_103' title="bbox 1934 1778 3589 1849; baseline -0.001 -17"><span class='ocrx_word' id='word_1_700' title='bbox 1934 1778 2384 1848; x_wconf 87' lang='lat' dir='ltr'>possessionibus</span> <span class='ocrx_word' id='word_1_701' title='bbox 2414 1780 2527 1832; x_wconf 92' lang='lat' dir='ltr'>suis</span> <span class='ocrx_word' id='word_1_702' title='bbox 2549 1778 2656 1832; x_wconf 91' lang='lat' dir='ltr'>coli</span> <span class='ocrx_word' id='word_1_703' title='bbox 2676 1779 2987 1849; x_wconf 89' lang='lat' dir='ltr'>permittit;</span> <span class='ocrx_word' id='word_1_704' title='bbox 3009 1779 3102 1847; x_wconf 89' lang='lat' dir='ltr'>qui</span> <span class='ocrx_word' id='word_1_705' title='bbox 3128 1778 3325 1849; x_wconf 88' lang='lat' dir='ltr'>fanum</span> <span class='ocrx_word' id='word_1_706' title='bbox 3376 1779 3589 1849; x_wconf 68' lang='lat' dir='ltr'>daemo—</span> 
     </span>
    </p>
   </div>
   <div class='ocr_carea' id='block_1_103' title="bbox 1934 1847 3589 1917">
    <p class='ocr_par' dir='ltr' id='par_1_103' title="bbox 1934 1847 3589 1917">
     <span class='ocr_line' id='line_1_104' title="bbox 1934 1847 3589 1917; baseline -0.002 -14"><span class='ocrx_word' id='word_1_707' title='bbox 1934 1847 2020 1903; x_wconf 86' lang='lat' dir='ltr'>nis</span> <span class='ocrx_word' id='word_1_708' title='bbox 2051 1854 2107 1904; x_wconf 92' lang='lat' dir='ltr'>et</span> <span class='ocrx_word' id='word_1_709' title='bbox 2136 1866 2297 1904; x_wconf 90' lang='lat' dir='ltr'>aram</span> <span class='ocrx_word' id='word_1_710' title='bbox 2325 1849 2538 1903; x_wconf 92' lang='lat' dir='ltr'>diaboli</span> <span class='ocrx_word' id='word_1_711' title='bbox 2571 1847 2720 1904; x_wconf 79' lang='lat' dir='ltr'>stare</span> <span class='ocrx_word' id='word_1_712' title='bbox 2742 1849 2799 1902; x_wconf 90' lang='lat' dir='ltr'>in</span> <span class='ocrx_word' id='word_1_713' title='bbox 2849 1848 3261 1904; x_wconf 87' lang='lat' dir='ltr'>contumeliam</span> <span class='ocrx_word' id='word_1_714' title='bbox 3296 1847 3393 1901; x_wconf 91' lang='lat' dir='ltr'>Dei</span> <span class='ocrx_word' id='word_1_715' title='bbox 3446 1847 3589 1917; x_wconf 85' lang='lat' dir='ltr'>pati-</span> 
     </span>
    </p>
   </div>
   <div class='ocr_carea' id='block_1_104' title="bbox 1932 1917 3585 1990">
    <p class='ocr_par' dir='ltr' id='par_1_104' title="bbox 1932 1917 3585 1990">
     <span class='ocr_line' id='line_1_105' title="bbox 1932 1917 3585 1990; baseline -0.002 -16"><span class='ocrx_word' id='word_1_716' title='bbox 1932 1920 2068 1974; x_wconf 79' lang='lat' dir='ltr'>tur?</span> <span class='ocrx_word' id='word_1_717' title='bbox 2101 1943 2128 1969; x_wconf 87' lang='grc'><em>‹‹</em></span> <span class='ocrx_word' id='word_1_718' title='bbox 2162 1920 2439 1975; x_wconf 86' lang='lat' dir='ltr'>Exhibent</span> <span class='ocrx_word' id='word_1_719' title='bbox 2461 1921 2652 1990; x_wconf 88' lang='lat' dir='ltr'>itaque</span> <span class='ocrx_word' id='word_1_720' title='bbox 2683 1920 2845 1974; x_wconf 91' lang='lat' dir='ltr'>nobis</span> <span class='ocrx_word' id='word_1_721' title='bbox 2877 1919 3058 1974; x_wconf 90' lang='lat' dir='ltr'>sancti</span> <span class='ocrx_word' id='word_1_722' title='bbox 3109 1917 3410 1973; x_wconf 88' lang='lat' dir='ltr'>Gaudentii</span> <span class='ocrx_word' id='word_1_723' title='bbox 3468 1918 3585 1990; x_wconf 87' lang='lat' dir='ltr'>Bri-</span> 
     </span>
    </p>
   </div>
   <div class='ocr_carea' id='block_1_105' title="bbox 1932 1989 3588 2062">
    <p class='ocr_par' dir='ltr' id='par_1_105' title="bbox 1932 1989 3588 2062">
     <span class='ocr_line' id='line_1_106' title="bbox 1932 1989 3588 2062; baseline -0.003 -15"><span class='ocrx_word' id='word_1_724' title='bbox 1932 1991 2139 2047; x_wconf 87' lang='lat' dir='ltr'>xiensis</span> <span class='ocrx_word' id='word_1_725' title='bbox 2171 2008 2463 2046; x_wconf 91' lang='lat' dir='ltr'>sermones</span> <span class='ocrx_word' id='word_1_726' title='bbox 2489 1989 2843 2062; x_wconf 86' lang='lat' dir='ltr'>paganorum</span> <span class='ocrx_word' id='word_1_727' title='bbox 2866 1991 3081 2046; x_wconf 88' lang='lat' dir='ltr'>cultum</span> <span class='ocrx_word' id='word_1_728' title='bbox 3105 1994 3275 2045; x_wconf 59' lang='lat' dir='ltr'>aetate</span> <span class='ocrx_word' id='word_1_729' title='bbox 3296 2006 3400 2044; x_wconf 90' lang='lat' dir='ltr'>sua</span> <span class='ocrx_word' id='word_1_730' title='bbox 3412 1989 3588 2062; x_wconf 82' lang='lat' dir='ltr'>etiam</span> 
     </span>
    </p>
   </div>
   <div class='ocr_carea' id='block_1_106' title="bbox 1934 2060 3588 2131">
    <p class='ocr_par' dir='ltr' id='par_1_106' title="bbox 1934 2060 3588 2131">
     <span class='ocr_line' id='line_1_107' title="bbox 1934 2060 3588 2131; baseline -0.001 -15"><span class='ocrx_word' id='word_1_731' title='bbox 1934 2062 1991 2116; x_wconf 89' lang='lat' dir='ltr'>in</span> <span class='ocrx_word' id='word_1_732' title='bbox 2020 2062 2287 2117; x_wconf 85' lang='lat' dir='ltr'>Brixiensi</span> <span class='ocrx_word' id='word_1_733' title='bbox 2319 2060 2585 2127; x_wconf 23' lang='lat' dir='ltr'>diuace’si,‘</span> <span class='ocrx_word' id='word_1_734' title='bbox 2601 2062 2852 2117; x_wconf 87' lang='lat' dir='ltr'>maxime</span> <span class='ocrx_word' id='word_1_735' title='bbox 2892 2078 3024 2117; x_wconf 88' lang='lat' dir='ltr'>vero</span> <span class='ocrx_word' id='word_1_736' title='bbox 3052 2063 3109 2115; x_wconf 86' lang='lat' dir='ltr'>in</span> <span class='ocrx_word' id='word_1_737' title='bbox 3168 2060 3588 2131; x_wconf 74' lang='lat' dir='ltr'>possessionibus</span> 
     </span>
    </p>
   </div>
   <div class='ocr_carea' id='block_1_107' title="bbox 1934 2132 3591 2215">
    <p class='ocr_par' dir='ltr' id='par_1_107' title="bbox 1934 2132 3591 2215">
     <span class='ocr_line' id='line_1_108' title="bbox 1934 2132 3591 2215; baseline -0.001 -29"><span class='ocrx_word' id='word_1_738' title='bbox 1934 2132 2083 2215; x_wconf 80' lang='lat' dir='ltr'>inter</span> <span class='ocrx_word' id='word_1_739' title='bbox 2108 2133 2344 2215; x_wconf 59' lang='lat' dir='ltr'>rusticqs</span> <span class='ocrx_word' id='word_1_740' title='bbox 2376 2150 2586 2215; x_wconf 76' lang='lat' dir='ltr'>nempe</span> <span class='ocrx_word' id='word_1_741' title='bbox 2608 2133 2666 2187; x_wconf 92' lang='lat' dir='ltr'>in</span> <span class='ocrx_word' id='word_1_742' title='bbox 2699 2134 2866 2215; x_wconf 37' lang='lat' dir='ltr'>pagis.</span> <span class='ocrx_word' id='word_1_743' title='bbox 2887 2150 2953 2215; x_wconf 73' lang='lat' dir='ltr'>ac</span> <span class='ocrx_word' id='word_1_744' title='bbox 2980 2132 3347 2215; x_wconf 39' lang='lat' dir='ltr'>villis,.p_rout</span> <span class='ocrx_word' id='word_1_745' title='bbox 3380 2147 3591 2215; x_wconf 78' lang='lat' dir='ltr'>nupe-r</span> 
     </span>
    </p>
   </div>
   <div class='ocr_carea' id='block_1_108' title="bbox 1933 2202 3588 2274">
    <p class='ocr_par' dir='ltr' id='par_1_108' title="bbox 1933 2202 3588 2274">
     <span class='ocr_line' id='line_1_109' title="bbox 1933 2202 3588 2274; baseline 0 -17"><span class='ocrx_word' id='word_1_746' title='bbox 1933 2204 2180 2258; x_wconf 89' lang='lat' dir='ltr'>vidimus</span> <span class='ocrx_word' id='word_1_747' title='bbox 2210 2205 2268 2257; x_wconf 92' lang='lat' dir='ltr'>in</span> <span class='ocrx_word' id='word_1_748' title='bbox 2298 2202 2653 2274; x_wconf 87' lang='lat' dir='ltr'>Subalpinis:</span> <span class='ocrx_word' id='word_1_749' title='bbox 2702 2202 2810 2259; x_wconf 80' lang='lat' dir='ltr'>nec</span> <span class='ocrx_word' id='word_1_750' title='bbox 2852 2204 3028 2259; x_wconf 85' lang='lat' dir='ltr'>talem</span> <span class='ocrx_word' id='word_1_751' title='bbox 3082 2202 3311 2273; x_wconf 90' lang='lat' dir='ltr'>quidem</span> <span class='ocrx_word' id='word_1_752' title='bbox 3372 2204 3588 2257; x_wconf 89' lang='lat' dir='ltr'>cultum</span> 
     </span>
    </p>
   </div>
   <div class='ocr_carea' id='block_1_109' title="bbox 1934 2274 3590 2346">
    <p class='ocr_par' dir='ltr' id='par_1_109' title="bbox 1934 2274 3590 2346">
     <span class='ocr_line' id='line_1_110' title="bbox 1934 2274 3590 2346; baseline -0.002 -16"><span class='ocrx_word' id='word_1_753' title='bbox 1934 2274 2030 2346; x_wconf 90' lang='lat' dir='ltr'>qui</span> <span class='ocrx_word' id='word_1_754' title='bbox 2044 2275 2148 2329; x_wconf 91' lang='lat' dir='ltr'>dici</span> <span class='ocrx_word' id='word_1_755' title='bbox 2168 2280 2357 2343; x_wconf 88' lang='lat' dir='ltr'>posset</span> <span class='ocrx_word' id='word_1_756' title='bbox 2369 2275 2615 2330; x_wconf 70' lang='lat' dir='ltr'>ethnicaa</span> <span class='ocrx_word' id='word_1_757' title='bbox 2635 2274 3053 2345; x_wconf 86' lang='lat' dir='ltr'>superstitionis</span> <span class='ocrx_word' id='word_1_758' title='bbox 3076 2275 3453 2346; x_wconf 70' lang='lat' dir='ltr'>aspernanda:</span> <span class='ocrx_word' id='word_1_759' title='bbox 3468 2289 3590 2343; x_wconf 71' lang='lat' dir='ltr'>quae</span> 
     </span>
    </p>
   </div>
   <div class='ocr_carea' id='block_1_110' title="bbox 1933 2344 3593 2416">
    <p class='ocr_par' dir='ltr' id='par_1_110' title="bbox 1933 2344 3593 2416">
     <span class='ocr_line' id='line_1_111' title="bbox 1933 2344 3593 2416; baseline -0.002 -16"><span class='ocrx_word' id='word_1_760' title='bbox 1933 2344 2056 2400; x_wconf 72' lang='lat' dir='ltr'>(iam</span> <span class='ocrx_word' id='word_1_761' title='bbox 2092 2347 2341 2416; x_wconf 67' lang='lat' dir='ltr'>reliquae,</span> <span class='ocrx_word' id='word_1_762' title='bbox 2375 2347 2473 2401; x_wconf 91' lang='lat' dir='ltr'>sed</span> <span class='ocrx_word' id='word_1_763' title='bbox 2494 2347 2669 2401; x_wconf 90' lang='lat' dir='ltr'>talem</span> <span class='ocrx_word' id='word_1_764' title='bbox 2693 2344 2788 2416; x_wconf 85' lang='lat' dir='ltr'>qui</span> <span class='ocrx_word' id='word_1_765' title='bbox 2818 2346 2969 2399; x_wconf 83' lang='lat' dir='ltr'>idola</span> <span class='ocrx_word' id='word_1_766' title='bbox 2997 2344 3183 2399; x_wconf 86' lang='lat' dir='ltr'>adhuc</span> <span class='ocrx_word' id='word_1_767' title='bbox 3209 2344 3453 2416; x_wconf 83' lang='lat' dir='ltr'>haberet</span> <span class='ocrx_word' id='word_1_768' title='bbox 3471 2360 3593 2416; x_wconf 85' lang='lat' dir='ltr'>om-</span> 
     </span>
    </p>
   </div>
   <div class='ocr_carea' id='block_1_111' title="bbox 1935 2414 3593 2487">
    <p class='ocr_par' dir='ltr' id='par_1_111' title="bbox 1935 2414 3593 2487">
     <span class='ocr_line' id='line_1_112' title="bbox 1935 2414 3593 2487; baseline -0.002 -16"><span class='ocrx_word' id='word_1_769' title='bbox 1935 2417 2094 2472; x_wconf 89' lang='lat' dir='ltr'>nium</span> <span class='ocrx_word' id='word_1_770' title='bbox 2127 2414 2304 2471; x_wconf 83' lang='lat' dir='ltr'>oculis</span> <span class='ocrx_word' id='word_1_771' title='bbox 2327 2417 2599 2487; x_wconf 85' lang='lat' dir='ltr'>exposita,</span> <span class='ocrx_word' id='word_1_772' title='bbox 2634 2414 2728 2487; x_wconf 86' lang='lat' dir='ltr'>qui</span> <span class='ocrx_word' id='word_1_773' title='bbox 2753 2432 2882 2471; x_wconf 83' lang='lat' dir='ltr'>aras</span> <span class='ocrx_word' id='word_1_774' title='bbox 2909 2422 2965 2471; x_wconf 90' lang='lat' dir='ltr'>et</span> <span class='ocrx_word' id='word_1_775' title='bbox 2990 2416 3145 2486; x_wconf 82' lang='lat' dir='ltr'>fana.</span> <span class='ocrx_word' id='word_1_776' title='bbox 3173 2414 3269 2485; x_wconf 92' lang='lat' dir='ltr'>qui</span> <span class='ocrx_word' id='word_1_777' title='bbox 3314 2414 3593 2487; x_wconf 87' lang='lat' dir='ltr'>sacriﬁcia</span> 
     </span>
    </p>
   </div>
   <div class='ocr_carea' id='block_1_112' title="bbox 1933 2486 3589 2559">
    <p class='ocr_par' dir='ltr' id='par_1_112' title="bbox 1933 2486 3589 2559">
     <span class='ocr_line' id='line_1_113' title="bbox 1933 2486 3589 2559; baseline -0.003 -16"><span class='ocrx_word' id='word_1_778' title='bbox 1933 2505 2156 2559; x_wconf 89' lang='lat' dir='ltr'>quoque</span> <span class='ocrx_word' id='word_1_779' title='bbox 2188 2486 2529 2542; x_wconf 84' lang='lat' dir='ltr'>animalium</span> <span class='ocrx_word' id='word_1_780' title='bbox 2560 2486 2709 2543; x_wconf 89' lang='lat' dir='ltr'>unde</span> <span class='ocrx_word' id='word_1_781' title='bbox 2753 2503 2884 2543; x_wconf 57' lang='lat' dir='ltr'>esca</span> <span class='ocrx_word' id='word_1_782' title='bbox 2910 2488 3154 2559; x_wconf 81' lang='lat' dir='ltr'>fortasse</span> <span class='ocrx_word' id='word_1_783' title='bbox 3207 2486 3589 2559; x_wconf 86' lang='lat' dir='ltr'>venales,_qui</span> 
     </span>
    </p>
   </div>
   <div class='ocr_carea' id='block_1_113' title="bbox 1934 2556 3592 2628">
    <p class='ocr_par' dir='ltr' id='par_1_113' title="bbox 1934 2556 3592 2628">
     <span class='ocr_line' id='line_1_114' title="bbox 1934 2556 3592 2628; baseline -0.002 -15"><span class='ocrx_word' id='word_1_784' title='bbox 1934 2556 2167 2613; x_wconf 75' lang='lat' dir='ltr'>caeteras</span> <span class='ocrx_word' id='word_1_785' title='bbox 2194 2559 2426 2628; x_wconf 89' lang='lat' dir='ltr'>insuper</span> <span class='ocrx_word' id='word_1_786' title='bbox 2458 2559 2672 2613; x_wconf 89' lang='lat' dir='ltr'>foveret</span> <span class='ocrx_word' id='word_1_787' title='bbox 2726 2558 3226 2628; x_wconf 73' lang='lat' dir='ltr'>abominationes;</span> <span class='ocrx_word' id='word_1_788' title='bbox 3277 2557 3346 2611; x_wconf 93' lang='lat' dir='ltr'>de</span> <span class='ocrx_word' id='word_1_789' title='bbox 3389 2556 3592 2628; x_wconf 85' lang='lat' dir='ltr'>quibus</span> 
     </span>
    </p>
   </div>
   <div class='ocr_carea' id='block_1_114' title="bbox 1935 2626 3593 2697">
    <p class='ocr_par' dir='ltr' id='par_1_114' title="bbox 1935 2626 3593 2697">
     <span class='ocr_line' id='line_1_115' title="bbox 1935 2626 3593 2697; baseline -0.003 -13"><span class='ocrx_word' id='word_1_790' title='bbox 1935 2629 2202 2684; x_wconf 90' lang='lat' dir='ltr'>omnibus</span> <span class='ocrx_word' id='word_1_791' title='bbox 2232 2626 2462 2684; x_wconf 80' lang='lat' dir='ltr'>necesse</span> <span class='ocrx_word' id='word_1_792' title='bbox 2490 2633 2615 2683; x_wconf 90' lang='lat' dir='ltr'>erat</span> <span class='ocrx_word' id='word_1_793' title='bbox 2640 2633 2702 2683; x_wconf 91' lang='lat' dir='ltr'>ut</span> <span class='ocrx_word' id='word_1_794' title='bbox 2728 2628 3034 2684; x_wconf 87' lang='lat' dir='ltr'>Christiani</span> <span class='ocrx_word' id='word_1_795' title='bbox 3053 2626 3369 2681; x_wconf 89' lang='lat' dir='ltr'>identidem</span> <span class='ocrx_word' id='word_1_796' title='bbox 3389 2626 3460 2680; x_wconf 88' lang='lat' dir='ltr'>ab</span> <span class='ocrx_word' id='word_1_797' title='bbox 3478 2627 3593 2697; x_wconf 87' lang='lat' dir='ltr'>epi-</span> 
     </span>
    </p>
   </div>
   <div class='ocr_carea' id='block_1_115' title="bbox 1933 2698 3593 2771">
    <p class='ocr_par' dir='ltr' id='par_1_115' title="bbox 1933 2698 3593 2771">
     <span class='ocr_line' id='line_1_116' title="bbox 1933 2698 3593 2771; baseline -0.003 -16"><span class='ocrx_word' id='word_1_798' title='bbox 1933 2717 2105 2771; x_wconf 91' lang='lat' dir='ltr'>scopo</span> <span class='ocrx_word' id='word_1_799' title='bbox 2135 2708 2518 2755; x_wconf 86' lang='lat' dir='ltr'>monerentur.</span> <span class='ocrx_word' id='word_1_800' title='bbox 2541 2701 2663 2771; x_wconf 13' lang='lat' dir='ltr'>Hac,</span> <span class='ocrx_word' id='word_1_801' title='bbox 2685 2715 2926 2769; x_wconf 69' lang='lat' dir='ltr'>qumque</span> <span class='ocrx_word' id='word_1_802' title='bbox 2947 2698 3150 2771; x_wconf 82' lang='lat' dir='ltr'>notitia</span> <span class='ocrx_word' id='word_1_803' title='bbox 3180 2714 3294 2751; x_wconf 91' lang='lat' dir='ltr'>non</span> <span class='ocrx_word' id='word_1_804' title='bbox 3328 2698 3593 2771; x_wconf 78' lang='lat' dir='ltr'>inOppor-</span> 
     </span>
    </p>
   </div>
   <div class='ocr_carea' id='block_1_116' title="bbox 1934 2768 3587 2841">
    <p class='ocr_par' dir='ltr' id='par_1_116' title="bbox 1934 2768 3587 2841">
     <span class='ocr_line' id='line_1_117' title="bbox 1934 2768 3587 2841; baseline -0.002 -15"><span class='ocrx_word' id='word_1_805' title='bbox 1934 2768 2071 2826; x_wconf 83' lang='lat' dir='ltr'>tune</span> <span class='ocrx_word' id='word_1_806' title='bbox 2101 2788 2200 2841; x_wconf 92' lang='lat' dir='ltr'>per</span> <span class='ocrx_word' id='word_1_807' title='bbox 2228 2771 2380 2825; x_wconf 90' lang='lat' dir='ltr'>viam</span> <span class='ocrx_word' id='word_1_808' title='bbox 2412 2768 2774 2834; x_wconf 33' lang='lat' dir='ltr'>instructi,&quot;et</span> <span class='ocrx_word' id='word_1_809' title='bbox 2798 2768 2843 2824; x_wconf 86' lang='lat' dir='ltr'>a</span> <span class='ocrx_word' id='word_1_810' title='bbox 2870 2768 3142 2824; x_wconf 87' lang='lat' dir='ltr'>Brixiensi</span> <span class='ocrx_word' id='word_1_811' title='bbox 3167 2785 3305 2838; x_wconf 90' lang='lat' dir='ltr'>agro</span> <span class='ocrx_word' id='word_1_812' title='bbox 3329 2768 3587 2841; x_wconf 87' lang='lat' dir='ltr'>digressi,</span> 
     </span>
    </p>
   </div>
   <div class='ocr_carea' id='block_1_117' title="bbox 1934 2839 3591 2914">
    <p class='ocr_par' dir='ltr' id='par_1_117' title="bbox 1934 2839 3591 2914">
     <span class='ocr_line' id='line_1_118' title="bbox 1934 2839 3591 2914; baseline -0.002 -17"><span class='ocrx_word' id='word_1_813' title='bbox 1934 2860 2062 2898; x_wconf 90' lang='lat' dir='ltr'>ecce</span> <span class='ocrx_word' id='word_1_814' title='bbox 2081 2839 2206 2914; x_wconf 63' lang='lat' dir='ltr'>jam</span> <span class='ocrx_word' id='word_1_815' title='bbox 2234 2844 2504 2897; x_wconf 91' lang='lat' dir='ltr'>adsumus</span> <span class='ocrx_word' id='word_1_816' title='bbox 2535 2841 2808 2914; x_wconf 64' lang='lat' dir='ltr'>Aquileia:</span> <span class='ocrx_word' id='word_1_817' title='bbox 2833 2857 2846 2906; x_wconf 91' lang='lat'><strong>;</strong></span> <span class='ocrx_word' id='word_1_818' title='bbox 2880 2857 3003 2911; x_wconf 62' lang='lat' dir='ltr'>quas</span> <span class='ocrx_word' id='word_1_819' title='bbox 3033 2856 3250 2914; x_wconf 82' lang='lat' dir='ltr'>scopus</span> <span class='ocrx_word' id='word_1_820' title='bbox 3287 2844 3372 2895; x_wconf 88' lang='lat' dir='ltr'>est</span> <span class='ocrx_word' id='word_1_821' title='bbox 3402 2839 3591 2894; x_wconf 90' lang='lat' dir='ltr'>totius</span> 
     </span>
    </p>
   </div>
   <div class='ocr_carea' id='block_1_118' title="bbox 1934 2910 3590 2985">
    <p class='ocr_par' dir='ltr' id='par_1_118' title="bbox 1934 2910 3590 2985">
     <span class='ocr_line' id='line_1_119' title="bbox 1934 2910 3590 2985; baseline -0.002 -16"><span class='ocrx_word' id='word_1_822' title='bbox 1934 2910 2115 2969; x_wconf 74' lang='lat' dir='ltr'>nostri</span> <span class='ocrx_word' id='word_1_823' title='bbox 2141 2931 2241 2985; x_wconf 91' lang='lat' dir='ltr'>per</span> <span class='ocrx_word' id='word_1_824' title='bbox 2267 2914 2454 2969; x_wconf 86' lang='lat' dir='ltr'>varias</span> <span class='ocrx_word' id='word_1_825' title='bbox 2481 2910 2657 2968; x_wconf 57' lang='lat' dir='ltr'>Italia;</span> <span class='ocrx_word' id='word_1_826' title='bbox 2688 2910 2911 2985; x_wconf 73' lang='lat' dir='ltr'>partes,</span> <span class='ocrx_word' id='word_1_827' title='bbox 2934 2928 3033 2967; x_wconf 90' lang='lat' dir='ltr'>seu</span> <span class='ocrx_word' id='word_1_828' title='bbox 3063 2910 3283 2965; x_wconf 89' lang='lat' dir='ltr'>itineris</span> <span class='ocrx_word' id='word_1_829' title='bbox 3344 2927 3439 2966; x_wconf 90' lang='lat' dir='ltr'>seu</span> <span class='ocrx_word' id='word_1_830' title='bbox 3494 2927 3590 2967; x_wconf 84' lang='lat' dir='ltr'>ex-</span> 
     </span>
    </p>
   </div>
   <div class='ocr_carea' id='block_1_119' title="bbox 1934 3002 2153 3040">
    <p class='ocr_par' dir='ltr' id='par_1_119' title="bbox 1934 3002 2153 3040">
     <span class='ocr_line' id='line_1_120' title="bbox 1934 3002 2153 3040; baseline -0.005 0"><span class='ocrx_word' id='word_1_831' title='bbox 1934 3002 2153 3040; x_wconf 78' lang='lat' dir='ltr'>CUI‘SUS.</span> 
     </span>
    </p>
   </div>
   <div class='ocr_carea' id='block_1_120' title="bbox 2007 3052 3592 3127">
    <p class='ocr_par' dir='ltr' id='par_1_120' title="bbox 2007 3052 3592 3127">
     <span class='ocr_line' id='line_1_121' title="bbox 2007 3052 3592 3127; baseline -0.003 -15"><span class='ocrx_word' id='word_1_832' title='bbox 2007 3058 2079 3112; x_wconf 90' lang='lat' dir='ltr'>Ut</span> <span class='ocrx_word' id='word_1_833' title='bbox 2106 3056 2357 3127; x_wconf 90' lang='lat' dir='ltr'>primum</span> <span class='ocrx_word' id='word_1_834' title='bbox 2385 3072 2518 3127; x_wconf 87' lang='lat' dir='ltr'>vero</span> <span class='ocrx_word' id='word_1_835' title='bbox 2548 3053 2971 3127; x_wconf 80' lang='lat' dir='ltr'>Aquileiensem</span> <span class='ocrx_word' id='word_1_836' title='bbox 3015 3052 3307 3127; x_wconf 68' lang='lat' dir='ltr'>dimcesim</span> <span class='ocrx_word' id='word_1_837' title='bbox 3347 3053 3592 3127; x_wconf 90' lang='lat' dir='ltr'>ingredi-</span> 
     </span>
    </p>
   </div>
   <div class='ocr_carea' id='block_1_121' title="bbox 1934 3124 3592 3195">
    <p class='ocr_par' dir='ltr' id='par_1_121' title="bbox 1934 3124 3592 3195">
     <span class='ocr_line' id='line_1_122' title="bbox 1934 3124 3592 3195; baseline -0.002 -13"><span class='ocrx_word' id='word_1_838' title='bbox 1934 3144 2085 3193; x_wconf 92' lang='lat' dir='ltr'>mur,</span> <span class='ocrx_word' id='word_1_839' title='bbox 2106 3124 2239 3183; x_wconf 78' lang='lat' dir='ltr'>ecce</span> <span class='ocrx_word' id='word_1_840' title='bbox 2270 3126 2434 3181; x_wconf 90' lang='lat' dir='ltr'>nobis</span> <span class='ocrx_word' id='word_1_841' title='bbox 2461 3125 2659 3180; x_wconf 88' lang='lat' dir='ltr'>obvius</span> <span class='ocrx_word' id='word_1_842' title='bbox 2686 3131 2913 3180; x_wconf 89' lang='lat' dir='ltr'>sanctus</span> <span class='ocrx_word' id='word_1_843' title='bbox 2942 3124 3393 3195; x_wconf 80' lang='lat' dir='ltr'>Aquileiensium</span> <span class='ocrx_word' id='word_1_844' title='bbox 3420 3124 3592 3195; x_wconf 34' lang='lat' dir='ltr'>’epis-</span> 
     </span>
    </p>
   </div>
   <div class='ocr_carea' id='block_1_122' title="bbox 1935 3197 3589 3269">
    <p class='ocr_par' dir='ltr' id='par_1_122' title="bbox 1935 3197 3589 3269">
     <span class='ocr_line' id='line_1_123' title="bbox 1935 3197 3589 3269; baseline -0.002 -15"><span class='ocrx_word' id='word_1_845' title='bbox 1935 3215 2109 3269; x_wconf 89' lang='lat' dir='ltr'>copus</span> <span class='ocrx_word' id='word_1_846' title='bbox 2139 3197 2519 3263; x_wconf 88' lang='lat' dir='ltr'>Chromatius,</span> <span class='ocrx_word' id='word_1_847' title='bbox 2565 3202 2764 3269; x_wconf 88' lang='lat' dir='ltr'>auctor</span> <span class='ocrx_word' id='word_1_848' title='bbox 2813 3198 3153 3269; x_wconf 84' lang='lat' dir='ltr'>sermonum</span> <span class='ocrx_word' id='word_1_849' title='bbox 3212 3212 3319 3269; x_wconf 82' lang='lat' dir='ltr'>seu</span> <span class='ocrx_word' id='word_1_850' title='bbox 3366 3197 3589 3269; x_wconf 74' lang='lat' dir='ltr'>Tracta-</span> 
     </span>
    </p>
   </div>
   <div class='ocr_carea' id='block_1_123' title="bbox 1934 3266 3589 3340">
    <p class='ocr_par' dir='ltr' id='par_1_123' title="bbox 1934 3266 3589 3340">
     <span class='ocr_line' id='line_1_124' title="bbox 1934 3266 3589 3340; baseline -0.001 -17"><span class='ocrx_word' id='word_1_851' title='bbox 1934 3266 2120 3337; x_wconf 81' lang='lat' dir='ltr'>tuum,</span> <span class='ocrx_word' id='word_1_852' title='bbox 2146 3269 2242 3340; x_wconf 91' lang='lat' dir='ltr'>qui</span> <span class='ocrx_word' id='word_1_853' title='bbox 2269 3272 2590 3339; x_wconf 91' lang='lat' dir='ltr'>supersunt,</span> <span class='ocrx_word' id='word_1_854' title='bbox 2626 3268 2683 3340; x_wconf 86' lang='lat' dir='ltr'>in</span> <span class='ocrx_word' id='word_1_855' title='bbox 2740 3268 3068 3340; x_wconf 70' lang='lat' dir='ltr'>Matthaaum</span> <span class='ocrx_word' id='word_1_856' title='bbox 3092 3283 3104 3332; x_wconf 92' lang='lat'><strong>;</strong></span> <span class='ocrx_word' id='word_1_857' title='bbox 3129 3266 3240 3340; x_wconf 77' lang='lat' dir='ltr'>qui</span> <span class='ocrx_word' id='word_1_858' title='bbox 3277 3266 3589 3340; x_wconf 81' lang='lat' dir='ltr'>Ecclesiam</span> 
     </span>
    </p>
   </div>
   <div class='ocr_carea' id='block_1_124' title="bbox 1933 3338 3589 3411">
    <p class='ocr_par' dir='ltr' id='par_1_124' title="bbox 1933 3338 3589 3411">
     <span class='ocr_line' id='line_1_125' title="bbox 1933 3338 3589 3411; baseline -0.004 -15"><span class='ocrx_word' id='word_1_859' title='bbox 1933 3338 2377 3411; x_wconf 83' lang='lat' dir='ltr'>Aquileiensem,</span> <span class='ocrx_word' id='word_1_860' title='bbox 2410 3343 2614 3411; x_wconf 90' lang='lat' dir='ltr'>quarto</span> <span class='ocrx_word' id='word_1_861' title='bbox 2638 3339 2867 3394; x_wconf 89' lang='lat' dir='ltr'>labente</span> <span class='ocrx_word' id='word_1_862' title='bbox 2892 3339 3118 3400; x_wconf 69' lang='lat' dir='ltr'>saeculo,</span> <span class='ocrx_word' id='word_1_863' title='bbox 3152 3338 3489 3411; x_wconf 76' lang='lat' dir='ltr'>gubernavit</span> <span class='ocrx_word' id='word_1_864' title='bbox 3516 3339 3589 3411; x_wconf 82' lang='lat' dir='ltr'>ad</span> 
     </span>
    </p>
   </div>
   <div class='ocr_carea' id='block_1_125' title="bbox 1933 3408 3578 3482">
    <p class='ocr_par' dir='ltr' id='par_1_125' title="bbox 1933 3408 3578 3482">
     <span class='ocr_line' id='line_1_126' title="bbox 1933 3408 3578 3482; baseline -0.002 -16"><span class='ocrx_word' id='word_1_865' title='bbox 1933 3408 2152 3467; x_wconf 78' lang='lat' dir='ltr'>annum</span> <span class='ocrx_word' id='word_1_866' title='bbox 2185 3428 2361 3482; x_wconf 89' lang='lat' dir='ltr'>usque</span> <span class='ocrx_word' id='word_1_867' title='bbox 2391 3408 2700 3481; x_wconf 80' lang='lat' dir='ltr'>septimum</span> <span class='ocrx_word' id='word_1_868' title='bbox 2722 3426 2821 3482; x_wconf 88' lang='lat' dir='ltr'>seu</span> <span class='ocrx_word' id='word_1_869' title='bbox 2853 3414 3116 3464; x_wconf 83' lang='lat' dir='ltr'>octavum</span> <span class='ocrx_word' id='word_1_870' title='bbox 3141 3408 3325 3482; x_wconf 48' lang='lat' dir='ltr'>seculi</span> <span class='ocrx_word' id='word_1_871' title='bbox 3370 3408 3578 3482; x_wconf 84' lang='lat' dir='ltr'>quinti.</span> 
     </span>
    </p>
   </div>
   <div class='ocr_carea' id='block_1_126' title="bbox 1934 3479 3588 3567">
    <p class='ocr_par' dir='ltr' id='par_1_126' title="bbox 1934 3479 3588 3567">
     <span class='ocr_line' id='line_1_127' title="bbox 1934 3479 3588 3567; baseline -0.003 -30"><span class='ocrx_word' id='word_1_872' title='bbox 1934 3483 2081 3565; x_wconf 82' lang='lat' dir='ltr'>Quid</span> <span class='ocrx_word' id='word_1_873' title='bbox 2101 3479 2285 3567; x_wconf 66' lang='lat' dir='ltr'>porro</span> <span class='ocrx_word' id='word_1_874' title='bbox 2311 3484 2379 3537; x_wconf 92' lang='lat' dir='ltr'>de</span> <span class='ocrx_word' id='word_1_875' title='bbox 2410 3479 2677 3567; x_wconf 60' lang='lat' dir='ltr'>paganis,</span> <span class='ocrx_word' id='word_1_876' title='bbox 2705 3481 2801 3551; x_wconf 91' lang='lat' dir='ltr'>qui</span> <span class='ocrx_word' id='word_1_877' title='bbox 2823 3485 2988 3567; x_wconf 48' lang='lat' dir='ltr'>astate</span> <span class='ocrx_word' id='word_1_878' title='bbox 3018 3488 3122 3567; x_wconf 75' lang='lat' dir='ltr'>sua</span> <span class='ocrx_word' id='word_1_879' title='bbox 3160 3479 3588 3567; x_wconf 53' lang='lat' dir='ltr'>iii‘Aquileien;</span> 
     </span>
    </p>
   </div>
   <div class='ocr_carea' id='block_1_127' title="bbox 1933 3548 3587 3615">
    <p class='ocr_par' dir='ltr' id='par_1_127' title="bbox 1933 3548 3587 3615">
     <span class='ocr_line' id='line_1_128' title="bbox 1933 3548 3587 3615; baseline -0.002 -8"><span class='ocrx_word' id='word_1_880' title='bbox 1933 3554 2082 3609; x_wconf 91' lang='lat' dir='ltr'>sium</span> <span class='ocrx_word' id='word_1_881' title='bbox 2096 3548 2306 3608; x_wconf 81' lang='lat' dir='ltr'>ﬁnibus</span> <span class='ocrx_word' id='word_1_882' title='bbox 2319 3548 2528 3615; x_wconf 73' lang='lat' dir='ltr'>essent.</span> <span class='ocrx_word' id='word_1_883' title='bbox 2548 3548 3161 3615; x_wconf 49' lang='lat' dir='ltr'>nobis—proditsanctus</span> <span class='ocrx_word' id='word_1_884' title='bbox 3180 3548 3545 3604; x_wconf 87' lang='lat' dir='ltr'>Chromatius</span> <span class='ocrx_word' id='word_1_885' title='bbox 3558 3548 3587 3603; x_wconf 79' lang='lat'><strong>?</strong></span> 
     </span>
    </p>
   </div>
   <div class='ocr_carea' id='block_1_128' title="bbox 1930 3619 3583 3694">
    <p class='ocr_par' dir='ltr' id='par_1_128' title="bbox 1930 3619 3583 3694">
     <span class='ocr_line' id='line_1_129' title="bbox 1930 3619 3583 3694; baseline -0.003 -14"><span class='ocrx_word' id='word_1_886' title='bbox 1930 3628 2054 3680; x_wconf 89' lang='lat' dir='ltr'>Non</span> <span class='ocrx_word' id='word_1_887' title='bbox 2085 3624 2318 3694; x_wconf 89' lang='lat' dir='ltr'>quidem</span> <span class='ocrx_word' id='word_1_888' title='bbox 2336 3641 2402 3678; x_wconf 83' lang='lat' dir='ltr'>ex</span> <span class='ocrx_word' id='word_1_889' title='bbox 2433 3622 2687 3694; x_wconf 87' lang='lat' dir='ltr'>professo</span> <span class='ocrx_word' id='word_1_890' title='bbox 2719 3619 2788 3675; x_wconf 90' lang='lat' dir='ltr'>de</span> <span class='ocrx_word' id='word_1_891' title='bbox 2814 3619 3423 3694; x_wconf 77' lang='lat' dir='ltr'>paganismoioquitur</span> <span class='ocrx_word' id='word_1_892' title='bbox 3443 3620 3583 3691; x_wconf 92' lang='lat' dir='ltr'>ipse,</span> 
     </span>
    </p>
   </div>
   <div class='ocr_carea' id='block_1_129' title="bbox 1931 3691 3585 3765">
    <p class='ocr_par' dir='ltr' id='par_1_129' title="bbox 1931 3691 3585 3765">
     <span class='ocr_line' id='line_1_130' title="bbox 1931 3691 3585 3765; baseline -0.001 -15"><span class='ocrx_word' id='word_1_893' title='bbox 1931 3696 2025 3765; x_wconf 90' lang='lat' dir='ltr'>qui</span> <span class='ocrx_word' id='word_1_894' title='bbox 2058 3691 2205 3749; x_wconf 78' lang='lat' dir='ltr'>fdrte</span> <span class='ocrx_word' id='word_1_895' title='bbox 2228 3698 2284 3749; x_wconf 92' lang='lat' dir='ltr'>et</span> <span class='ocrx_word' id='word_1_896' title='bbox 2302 3694 2415 3748; x_wconf 87' lang='lat' dir='ltr'>alia</span> <span class='ocrx_word' id='word_1_897' title='bbox 2434 3691 2666 3765; x_wconf 71' lang='lat' dir='ltr'>scripsit</span> <span class='ocrx_word' id='word_1_898' title='bbox 2686 3708 2815 3762; x_wconf 71' lang='lat' dir='ltr'>quae</span> <span class='ocrx_word' id='word_1_899' title='bbox 2852 3693 2926 3765; x_wconf 83' lang='lat' dir='ltr'>ad</span> <span class='ocrx_word' id='word_1_900' title='bbox 2957 3708 3060 3746; x_wconf 91' lang='lat' dir='ltr'>nos</span> <span class='ocrx_word' id='word_1_901' title='bbox 3103 3691 3343 3746; x_wconf 91' lang='lat' dir='ltr'>minime</span> <span class='ocrx_word' id='word_1_902' title='bbox 3395 3709 3585 3765; x_wconf 83' lang='lat' dir='ltr'>perve-</span> 
     </span>
    </p>
   </div>
   <div class='ocr_carea' id='block_1_130' title="bbox 1930 3762 3586 3843">
    <p class='ocr_par' dir='ltr' id='par_1_130' title="bbox 1930 3762 3586 3843">
     <span class='ocr_line' id='line_1_131' title="bbox 1930 3762 3586 3843; baseline 0 -24"><span class='ocrx_word' id='word_1_903' title='bbox 1930 3762 2169 3843; x_wconf 74' lang='lat' dir='ltr'>nerunt;</span> <span class='ocrx_word' id='word_1_904' title='bbox 2208 3765 2311 3843; x_wconf 80' lang='lat' dir='ltr'>sed</span> <span class='ocrx_word' id='word_1_905' title='bbox 2354 3763 2635 3843; x_wconf 32' lang='lat' dir='ltr'>ubiudata</span> <span class='ocrx_word' id='word_1_906' title='bbox 2680 3762 2977 3843; x_wconf 79' lang='lat' dir='ltr'>occasione</span> <span class='ocrx_word' id='word_1_907' title='bbox 3024 3778 3278 3843; x_wconf 86' lang='lat' dir='ltr'>paganos</span> <span class='ocrx_word' id='word_1_908' title='bbox 3322 3762 3586 3843; x_wconf 63' lang='lat' dir='ltr'>nominat</span> 
     </span>
    </p>
   </div>
   <div class='ocr_carea' id='block_1_131' title="bbox 1930 3835 3560 3906">
    <p class='ocr_par' dir='ltr' id='par_1_131' title="bbox 1930 3835 3560 3906">
     <span class='ocr_line' id='line_1_132' title="bbox 1930 3835 3560 3906; baseline 0 -16"><span class='ocrx_word' id='word_1_909' title='bbox 1930 3840 2177 3891; x_wconf 89' lang='lat' dir='ltr'>tractatu</span> <span class='ocrx_word' id='word_1_910' title='bbox 2208 3837 2240 3890; x_wconf 89' lang='lat'><strong>7</strong></span> <span class='ocrx_word' id='word_1_911' title='bbox 2268 3835 2323 3889; x_wconf 92' lang='lat' dir='ltr'>in</span> <span class='ocrx_word' id='word_1_912' title='bbox 2357 3835 2693 3890; x_wconf 65' lang='lat' dir='ltr'>Matthaaum</span> <span class='ocrx_word' id='word_1_913' title='bbox 2722 3835 2906 3906; x_wconf 90' lang='lat' dir='ltr'>capite</span> <span class='ocrx_word' id='word_1_914' title='bbox 2938 3835 2989 3899; x_wconf 82' lang='grc'>1,</span> <span class='ocrx_word' id='word_1_915' title='bbox 3023 3835 3120 3904; x_wconf 91' lang='lat' dir='ltr'>qui</span> <span class='ocrx_word' id='word_1_916' title='bbox 3153 3839 3365 3906; x_wconf 14' lang='lat' dir='ltr'>exstat,</span> <span class='ocrx_word' id='word_1_917' title='bbox 3392 3836 3448 3890; x_wconf 93' lang='lat' dir='ltr'>in</span> <span class='ocrx_word' id='word_1_918' title='bbox 3498 3835 3560 3890; x_wconf 89' lang='lat' dir='ltr'>Bi</span> 
     </span>
    </p>
   </div>
   <div class='ocr_carea' id='block_1_132' title="bbox 1929 3905 3583 3967">
    <p class='ocr_par' dir='ltr' id='par_1_132' title="bbox 1929 3905 3583 3967">
     <span class='ocr_line' id='line_1_133' title="bbox 1929 3905 3583 3967; baseline -0.002 -6"><span class='ocrx_word' id='word_1_919' title='bbox 1929 3907 2216 3962; x_wconf 90' lang='lat' dir='ltr'>bliotheca</span> <span class='ocrx_word' id='word_1_920' title='bbox 2244 3908 2513 3961; x_wconf 86' lang='lat' dir='ltr'>Veterum</span> <span class='ocrx_word' id='word_1_921' title='bbox 2546 3909 2780 3960; x_wconf 83' lang='lat' dir='ltr'>Patrum</span> <span class='ocrx_word' id='word_1_922' title='bbox 2813 3907 3055 3960; x_wconf 64' lang='lat' dir='ltr'>Andreae</span> <span class='ocrx_word' id='word_1_923' title='bbox 3086 3905 3390 3967; x_wconf 88' lang='lat' dir='ltr'>Gallandii,</span> <span class='ocrx_word' id='word_1_924' title='bbox 3424 3910 3583 3959; x_wconf 89' lang='lat' dir='ltr'>tomo</span> 
     </span>
    </p>
   </div>
   <div class='ocr_carea' id='block_1_133' title="bbox 1928 3976 3583 4057">
    <p class='ocr_par' dir='ltr' id='par_1_133' title="bbox 1928 3976 3583 4057">
     <span class='ocr_line' id='line_1_134' title="bbox 1928 3976 3583 4057; baseline -0.001 -26"><span class='ocrx_word' id='word_1_925' title='bbox 1928 3980 2069 4057; x_wconf 74' lang='lat' dir='ltr'>Vill,</span> <span class='ocrx_word' id='word_1_926' title='bbox 2098 3978 2217 4057; x_wconf 53' lang='lat' dir='ltr'>haec</span> <span class='ocrx_word' id='word_1_927' title='bbox 2244 3994 2425 4057; x_wconf 81' lang='lat' dir='ltr'>pauca</span> <span class='ocrx_word' id='word_1_928' title='bbox 2444 3982 2642 4057; x_wconf 79' lang='lat' dir='ltr'>notatu</span> <span class='ocrx_word' id='word_1_929' title='bbox 2663 3976 3001 4057; x_wconf 65' lang='lat' dir='ltr'>dignissima</span> <span class='ocrx_word' id='word_1_930' title='bbox 3027 3976 3217 4057; x_wconf 82' lang='lat' dir='ltr'>habet.</span> <span class='ocrx_word' id='word_1_931' title='bbox 3241 3997 3265 4057; x_wconf 52' lang='grc' dir='ltr'><strong><em>ξ</em></strong></span> <span class='ocrx_word' id='word_1_932' title='bbox 3297 3976 3583 4057; x_wconf 83' lang='lat' dir='ltr'>Habemus</span> 
     </span>
    </p>
   </div>
   <div class='ocr_carea' id='block_1_134' title="bbox 1930 4046 3579 4117">
    <p class='ocr_par' dir='ltr' id='par_1_134' title="bbox 1930 4046 3579 4117">
     <span class='ocr_line' id='line_1_135' title="bbox 1930 4046 3579 4117; baseline -0.002 -14"><span class='ocrx_word' id='word_1_933' title='bbox 1930 4046 2288 4104; x_wconf 85' lang='lat' dir='ltr'>adversarios</span> <span class='ocrx_word' id='word_1_934' title='bbox 2314 4053 2371 4102; x_wconf 93' lang='lat' dir='ltr'>et</span> <span class='ocrx_word' id='word_1_935' title='bbox 2385 4047 2627 4117; x_wconf 89' lang='lat' dir='ltr'>gentiles</span> <span class='ocrx_word' id='word_1_936' title='bbox 2648 4046 2743 4117; x_wconf 92' lang='lat' dir='ltr'>qui</span> <span class='ocrx_word' id='word_1_937' title='bbox 2775 4046 2905 4101; x_wconf 90' lang='lat' dir='ltr'>ﬁdei</span> <span class='ocrx_word' id='word_1_938' title='bbox 2939 4050 3162 4117; x_wconf 55' lang='lat' dir='ltr'>nostra:</span> <span class='ocrx_word' id='word_1_939' title='bbox 3185 4046 3579 4117; x_wconf 82' lang='lat' dir='ltr'>adversantur,</span> 
     </span>
    </p>
   </div>
   <div class='ocr_carea' id='block_1_135' title="bbox 1928 4115 3583 4190">
    <p class='ocr_par' dir='ltr' id='par_1_135' title="bbox 1928 4115 3583 4190">
     <span class='ocr_line' id='line_1_136' title="bbox 1928 4115 3583 4190; baseline -0.002 -15"><span class='ocrx_word' id='word_1_940' title='bbox 1928 4120 2024 4190; x_wconf 91' lang='lat' dir='ltr'>qui</span> <span class='ocrx_word' id='word_1_941' title='bbox 2056 4137 2159 4175; x_wconf 91' lang='lat' dir='ltr'>nos</span> <span class='ocrx_word' id='word_1_942' title='bbox 2188 4115 2475 4174; x_wconf 81' lang='lat' dir='ltr'>interdum</span> <span class='ocrx_word' id='word_1_943' title='bbox 2501 4115 2759 4188; x_wconf 82' lang='lat' dir='ltr'>tempore</span> <span class='ocrx_word' id='word_1_944' title='bbox 2787 4115 3197 4190; x_wconf 78' lang='lat' dir='ltr'>persecutionis</span> <span class='ocrx_word' id='word_1_945' title='bbox 3229 4117 3310 4190; x_wconf 76' lang='lat' dir='ltr'>ad</span> <span class='ocrx_word' id='word_1_946' title='bbox 3330 4116 3583 4173; x_wconf 89' lang='lat' dir='ltr'>nefanda</span> 
     </span>
    </p>
   </div>
   <div class='ocr_carea' id='block_1_136' title="bbox 1929 4186 3583 4271">
    <p class='ocr_par' dir='ltr' id='par_1_136' title="bbox 1929 4186 3583 4271">
     <span class='ocr_line' id='line_1_137' title="bbox 1929 4186 3583 4271; baseline -0.002 -26"><span class='ocrx_word' id='word_1_947' title='bbox 1929 4186 2213 4271; x_wconf 8' lang='lat' dir='ltr'>sacriﬁcia,</span> <span class='ocrx_word' id='word_1_948' title='bbox 2232 4195 2461 4271; x_wconf 82' lang='lat' dir='ltr'>cogunt.</span> <span class='ocrx_word' id='word_1_949' title='bbox 2481 4186 2647 4271; x_wconf 53' lang='grc' dir='ltr'>»μεθὸ</span> <span class='ocrx_word' id='word_1_950' title='bbox 2678 4186 2847 4271; x_wconf 66' lang='lat' dir='ltr'>verba</span> <span class='ocrx_word' id='word_1_951' title='bbox 2874 4186 3583 4271; x_wconf 43' lang='lat' dir='ltr'>profestotg‘entilespsten-</span> 
     </span>
    </p>
   </div>
   <div class='ocr_carea' id='block_1_137' title="bbox 1929 4258 3584 4332">
    <p class='ocr_par' dir='ltr' id='par_1_137' title="bbox 1929 4258 3584 4332">
     <span class='ocr_line' id='line_1_138' title="bbox 1929 4258 3584 4332; baseline -0.002 -15"><span class='ocrx_word' id='word_1_952' title='bbox 1929 4264 2073 4317; x_wconf 91' lang='lat' dir='ltr'>dunt</span> <span class='ocrx_word' id='word_1_953' title='bbox 2102 4263 2159 4317; x_wconf 90' lang='lat' dir='ltr'>in</span> <span class='ocrx_word' id='word_1_954' title='bbox 2191 4258 2535 4332; x_wconf 75' lang='lat' dir='ltr'>Aquileiensi</span> <span class='ocrx_word' id='word_1_955' title='bbox 2566 4261 2690 4330; x_wconf 90' lang='lat' dir='ltr'>ipsa</span> <span class='ocrx_word' id='word_1_956' title='bbox 2722 4258 2968 4332; x_wconf 73' lang='lat' dir='ltr'>dioecesi,</span> <span class='ocrx_word' id='word_1_957' title='bbox 2998 4258 3093 4313; x_wconf 90' lang='lat' dir='ltr'>ubi</span> <span class='ocrx_word' id='word_1_958' title='bbox 3118 4259 3584 4332; x_wconf 17' lang='lat' dir='ltr'>AChroAmatiuslo-</span> 
     </span>
    </p>
   </div>
   <div class='ocr_carea' id='block_1_138' title="bbox 1929 4329 3580 4405">
    <p class='ocr_par' dir='ltr' id='par_1_138' title="bbox 1929 4329 3580 4405">
     <span class='ocr_line' id='line_1_139' title="bbox 1929 4329 3580 4405; baseline -0.002 -16"><span class='ocrx_word' id='word_1_959' title='bbox 1929 4336 2231 4405; x_wconf 89' lang='lat' dir='ltr'>quebatur,</span> <span class='ocrx_word' id='word_1_960' title='bbox 2257 4329 2469 4403; x_wconf 78' lang='lat' dir='ltr'>quarto</span> <span class='ocrx_word' id='word_1_961' title='bbox 2498 4329 2740 4405; x_wconf 83' lang='lat' dir='ltr'>exeunte</span> <span class='ocrx_word' id='word_1_962' title='bbox 2769 4336 2826 4386; x_wconf 89' lang='lat' dir='ltr'>et</span> <span class='ocrx_word' id='word_1_963' title='bbox 2875 4331 3075 4400; x_wconf 91' lang='lat' dir='ltr'>quinto</span> <span class='ocrx_word' id='word_1_964' title='bbox 3114 4329 3418 4405; x_wconf 83' lang='lat' dir='ltr'>incipiente</span> <span class='ocrx_word' id='word_1_965' title='bbox 3471 4347 3580 4386; x_wconf 66' lang='lat' dir='ltr'>saa-</span> 
     </span>
    </p>
   </div>
   <div class='ocr_carea' id='block_1_139' title="bbox 1929 4402 3583 4485">
    <p class='ocr_par' dir='ltr' id='par_1_139' title="bbox 1929 4402 3583 4485">
     <span class='ocr_line' id='line_1_140' title="bbox 1929 4402 3583 4485; baseline -0.002 -25"><span class='ocrx_word' id='word_1_966' title='bbox 1929 4402 2077 4470; x_wconf 81' lang='lat' dir='ltr'>culo,</span> <span class='ocrx_word' id='word_1_967' title='bbox 2099 4402 2560 4485; x_wconf 74' lang='lat' dir='ltr'>proutindicant</span> <span class='ocrx_word' id='word_1_968' title='bbox 2584 4404 2722 4485; x_wconf 64' lang='lat' dir='ltr'>ipsa:</span> <span class='ocrx_word' id='word_1_969' title='bbox 2753 4418 2936 4485; x_wconf 68' lang='lat' dir='ltr'>voces,</span> <span class='ocrx_word' id='word_1_970' title='bbox 2970 4418 3091 4485; x_wconf 48' lang='lat' dir='ltr'>qua</span> <span class='ocrx_word' id='word_1_971' title='bbox 3120 4406 3346 4472; x_wconf 87' lang='lat' dir='ltr'>tempus</span> <span class='ocrx_word' id='word_1_972' title='bbox 3368 4402 3583 4483; x_wconf 74' lang='lat' dir='ltr'>locum-</span> 
     </span>
    </p>
   </div>
   <div class='ocr_carea' id='block_1_140' title="bbox 1927 4474 3582 4548">
    <p class='ocr_par' dir='ltr' id='par_1_140' title="bbox 1927 4474 3582 4548">
     <span class='ocr_line' id='line_1_141' title="bbox 1927 4474 3582 4548; baseline -0.001 -16"><span class='ocrx_word' id='word_1_973' title='bbox 1927 4494 2035 4548; x_wconf 88' lang='lat' dir='ltr'>que</span> <span class='ocrx_word' id='word_1_974' title='bbox 2081 4474 2412 4531; x_wconf 83' lang='lat' dir='ltr'>disserentis</span> <span class='ocrx_word' id='word_1_975' title='bbox 2467 4474 2965 4548; x_wconf 78' lang='lat' dir='ltr'>respiciunt.__Nec</span> <span class='ocrx_word' id='word_1_976' title='bbox 3029 4474 3114 4548; x_wconf 89' lang='lat' dir='ltr'>ita</span> <span class='ocrx_word' id='word_1_977' title='bbox 3171 4491 3305 4529; x_wconf 88' lang='lat' dir='ltr'>vero</span> <span class='ocrx_word' id='word_1_978' title='bbox 3352 4474 3582 4548; x_wconf 87' lang='lat' dir='ltr'>exiguos</span> 
     </span>
    </p>
   </div>
   <div class='ocr_carea' id='block_1_141' title="bbox 1928 4544 3579 4616">
    <p class='ocr_par' dir='ltr' id='par_1_141' title="bbox 1928 4544 3579 4616">
     <span class='ocr_line' id='line_1_142' title="bbox 1928 4544 3579 4616; baseline -0.002 -13"><span class='ocrx_word' id='word_1_979' title='bbox 1928 4544 2169 4603; x_wconf 77' lang='lat' dir='ltr'>numero</span> <span class='ocrx_word' id='word_1_980' title='bbox 2200 4565 2296 4602; x_wconf 92' lang='lat' dir='ltr'>eos</span> <span class='ocrx_word' id='word_1_981' title='bbox 2317 4544 2645 4610; x_wconf 88' lang='lat' dir='ltr'>ostendunt,</span> <span class='ocrx_word' id='word_1_982' title='bbox 2678 4552 2736 4600; x_wconf 90' lang='lat' dir='ltr'>ut</span> <span class='ocrx_word' id='word_1_983' title='bbox 2755 4544 3154 4616; x_wconf 72' lang='lat' dir='ltr'>reliquiteforte</span> <span class='ocrx_word' id='word_1_984' title='bbox 3181 4549 3384 4615; x_wconf 74' lang='lat' dir='ltr'>aliquae</span> <span class='ocrx_word' id='word_1_985' title='bbox 3407 4544 3579 4616; x_wconf 76' lang='lat' dir='ltr'>genti-</span> 
     </span>
    </p>
   </div>
   <div class='ocr_carea' id='block_1_142' title="bbox 1930 4564 3577 4689">
    <p class='ocr_par' dir='ltr' id='par_1_142' title="bbox 1930 4564 3577 4689">
     <span class='ocr_line' id='line_1_143' title="bbox 1930 4564 3577 4616; baseline -0.002 -13"><span class='ocrx_word' id='word_1_986' title='bbox 1930 4564 2169 4603; x_wconf 88' lang='lat' dir='ltr'>numero</span> <span class='ocrx_word' id='word_1_987' title='bbox 2200 4565 2296 4602; x_wconf 92' lang='lat' dir='ltr'>eos</span> <span class='ocrx_word' id='word_1_988' title='bbox 2317 4564 2645 4610; x_wconf 66' lang='lat' dir='ltr'>osrenuunt,</span> <span class='ocrx_word' id='word_1_989' title='bbox 2678 4564 2736 4600; x_wconf 81' lang='grc' dir='ltr'>ιιι</span> <span class='ocrx_word' id='word_1_990' title='bbox 2755 4564 3154 4616; x_wconf 74' lang='lat' dir='ltr'>rmquue/orre</span> <span class='ocrx_word' id='word_1_991' title='bbox 3181 4564 3384 4615; x_wconf 54' lang='lat' dir='ltr'>aliqua</span> <span class='ocrx_word' id='word_1_992' title='bbox 3443 4564 3577 4602; x_wconf 79' lang='lat' dir='ltr'>enu-</span> 
     </span>
     <span class='ocr_line' id='line_1_144' title="bbox 1930 4564 3577 4689; baseline -0.002 -16"><span class='ocrx_word' id='word_1_993' title='bbox 1930 4620 2104 4674; x_wconf 81' lang='lat' dir='ltr'>litatis</span> <span class='ocrx_word' id='word_1_994' title='bbox 2136 4623 2192 4675; x_wconf 92' lang='lat' dir='ltr'>et</span> <span class='ocrx_word' id='word_1_995' title='bbox 2215 4619 2563 4689; x_wconf 74' lang='lat' dir='ltr'>paucissimae</span> <span class='ocrx_word' id='word_1_996' title='bbox 2585 4625 2725 4673; x_wconf 79' lang='lat' dir='ltr'>certe</span> <span class='ocrx_word' id='word_1_997' title='bbox 2755 4617 2864 4689; x_wconf 87' lang='lat' dir='ltr'>dici</span> <span class='ocrx_word' id='word_1_998' title='bbox 2895 4622 3146 4689; x_wconf 84' lang='lat' dir='ltr'>possent,</span> <span class='ocrx_word' id='word_1_999' title='bbox 3187 4617 3355 4689; x_wconf 84' lang='lat' dir='ltr'>veluti</span> <span class='ocrx_word' id='word_1_1000' title='bbox 3407 4564 3577 4689; x_wconf 44' lang='lat'>{43</span> 
     </span>
    </p>
   </div>
   <div class='ocr_carea' id='block_1_143' title="bbox 1927 4687 3581 4760">
    <p class='ocr_par' dir='ltr' id='par_1_143' title="bbox 1927 4687 3581 4760">
     <span class='ocr_line' id='line_1_145' title="bbox 1927 4687 3581 4760; baseline -0.003 -14"><span class='ocrx_word' id='word_1_1001' title='bbox 1927 4692 2145 4747; x_wconf 90' lang='lat' dir='ltr'>Zabeus</span> <span class='ocrx_word' id='word_1_1002' title='bbox 2171 4687 2462 4745; x_wconf 78' lang='lat' dir='ltr'>existimat</span> <span class='ocrx_word' id='word_1_1003' title='bbox 2494 4705 2505 4743; x_wconf 91' lang='lat'>:</span> <span class='ocrx_word' id='word_1_1004' title='bbox 2554 4705 2737 4760; x_wconf 90' lang='lat' dir='ltr'>neque</span> <span class='ocrx_word' id='word_1_1005' title='bbox 2765 4687 2942 4760; x_wconf 10' lang='lat' dir='ltr'>enim;</span> <span class='ocrx_word' id='word_1_1006' title='bbox 2970 4688 3297 4760; x_wconf 89' lang='lat' dir='ltr'>paucissimi</span> <span class='ocrx_word' id='word_1_1007' title='bbox 3340 4687 3581 4760; x_wconf 74' lang='lat' dir='ltr'>numero</span> 
     </span>
    </p>
   </div>
   <div class='ocr_carea' id='block_1_144' title="bbox 1929 4758 3581 4833">
    <p class='ocr_par' dir='ltr' id='par_1_144' title="bbox 1929 4758 3581 4833">
     <span class='ocr_line' id='line_1_146' title="bbox 1929 4758 3581 4833; baseline -0.003 -16"><span class='ocrx_word' id='word_1_1008' title='bbox 1929 4763 2072 4818; x_wconf 92' lang='lat' dir='ltr'>tales</span> <span class='ocrx_word' id='word_1_1009' title='bbox 2090 4779 2213 4817; x_wconf 88' lang='lat' dir='ltr'>esse</span> <span class='ocrx_word' id='word_1_1010' title='bbox 2233 4765 2519 4833; x_wconf 87' lang='lat' dir='ltr'>poterant,</span> <span class='ocrx_word' id='word_1_1011' title='bbox 2544 4758 2755 4832; x_wconf 13' lang='lat' dir='ltr'>quiﬁvel</span> <span class='ocrx_word' id='word_1_1012' title='bbox 2789 4758 3075 4833; x_wconf 79' lang='lat' dir='ltr'>nominari</span> <span class='ocrx_word' id='word_1_1013' title='bbox 3106 4759 3581 4833; x_wconf 83' lang='lat' dir='ltr'>deberent_veluti</span> 
     </span>
    </p>
   </div>
   <div class='ocr_carea' id='block_1_145' title="bbox 1926 4830 3580 4902">
    <p class='ocr_par' dir='ltr' id='par_1_145' title="bbox 1926 4830 3580 4902">
     <span class='ocr_line' id='line_1_147' title="bbox 1926 4830 3580 4902; baseline -0.002 -14"><span class='ocrx_word' id='word_1_1014' title='bbox 1926 4830 2462 4902; x_wconf 43' lang='lat' dir='ltr'>adversarii&#39;nostri,</span> <span class='ocrx_word' id='word_1_1015' title='bbox 2492 4830 2804 4901; x_wconf 45' lang='lat' dir='ltr'>nolstra’que</span> <span class='ocrx_word' id='word_1_1016' title='bbox 2840 4830 2967 4900; x_wconf 79' lang='lat' dir='ltr'>ﬁdei</span> <span class='ocrx_word' id='word_1_1017' title='bbox 2991 4830 3232 4902; x_wconf 79' lang='lat' dir='ltr'>adversi,</span> <span class='ocrx_word' id='word_1_1018' title='bbox 3289 4830 3580 4899; x_wconf 90' lang='lat' dir='ltr'>multoque</span> 
     </span>
    </p>
   </div>
   <div class='ocr_carea' id='block_1_146' title="bbox 1929 4901 3579 4977">
    <p class='ocr_par' dir='ltr' id='par_1_146' title="bbox 1929 4901 3579 4977">
     <span class='ocr_line' id='line_1_148' title="bbox 1929 4901 3579 4977; baseline -0.005 -16"><span class='ocrx_word' id='word_1_1019' title='bbox 1929 4905 2121 4961; x_wconf 90' lang='lat' dir='ltr'>minus</span> <span class='ocrx_word' id='word_1_1020' title='bbox 2153 4905 2248 4977; x_wconf 88' lang='lat' dir='ltr'>qui</span> <span class='ocrx_word' id='word_1_1021' title='bbox 2279 4922 2382 4959; x_wconf 90' lang='lat' dir='ltr'>nos</span> <span class='ocrx_word' id='word_1_1022' title='bbox 2404 4904 2798 4977; x_wconf 72' lang='lat' dir='ltr'>persecutionis</span> <span class='ocrx_word' id='word_1_1023' title='bbox 2826 4908 3068 4977; x_wconf 65' lang='lat' dir='ltr'>iampore</span> <span class='ocrx_word' id='word_1_1024' title='bbox 3090 4901 3166 4955; x_wconf 87' lang='lat' dir='ltr'>ad</span> <span class='ocrx_word' id='word_1_1025' title='bbox 3189 4901 3466 4977; x_wconf 62' lang='lat' dir='ltr'>sacriﬁcia</span> <span class='ocrx_word' id='word_1_1026' title='bbox 3497 4916 3579 4954; x_wconf 85' lang='lat' dir='ltr'>co-</span> 
     </span>
    </p>
   </div>
   <div class='ocr_carea' id='block_1_147' title="bbox 1928 4971 3582 5047">
    <p class='ocr_par' dir='ltr' id='par_1_147' title="bbox 1928 4971 3582 5047">
     <span class='ocr_line' id='line_1_149' title="bbox 1928 4971 3582 5047; baseline -0.004 -16"><span class='ocrx_word' id='word_1_1027' title='bbox 1928 4994 2053 5047; x_wconf 78' lang='lat' dir='ltr'>gere</span> <span class='ocrx_word' id='word_1_1028' title='bbox 2073 4971 2349 5041; x_wconf 70' lang='lat' dir='ltr'>valércnt,</span> <span class='ocrx_word' id='word_1_1029' title='bbox 2374 4971 2543 5047; x_wconf 83' lang='lat' dir='ltr'>prout</span> <span class='ocrx_word' id='word_1_1030' title='bbox 2568 4974 2660 5028; x_wconf 93' lang='lat' dir='ltr'>hic</span> <span class='ocrx_word' id='word_1_1031' title='bbox 2684 4972 2940 5047; x_wconf 75' lang='lat' dir='ltr'>accidere</span> <span class='ocrx_word' id='word_1_1032' title='bbox 2968 4988 3127 5042; x_wconf 90' lang='lat' dir='ltr'>posse</span> <span class='ocrx_word' id='word_1_1033' title='bbox 3153 4972 3391 5042; x_wconf 89' lang='lat' dir='ltr'>putabat</span> <span class='ocrx_word' id='word_1_1034' title='bbox 3411 4971 3582 5047; x_wconf 76' lang='lat' dir='ltr'>Chro-</span> 
     </span>
    </p>
   </div>
   <div class='ocr_carea' id='block_1_148' title="bbox 1929 5041 3577 5112">
    <p class='ocr_par' dir='ltr' id='par_1_148' title="bbox 1929 5041 3577 5112">
     <span class='ocr_line' id='line_1_150' title="bbox 1929 5041 3577 5112; baseline -0.004 -9"><span class='ocrx_word' id='word_1_1035' title='bbox 1929 5041 2162 5103; x_wconf 73' lang='lat' dir='ltr'>inatius.</span> <span class='ocrx_word' id='word_1_1036' title='bbox 2188 5041 2592 5101; x_wconf 81' lang='lat' dir='ltr'>Luculéntiora</span> <span class='ocrx_word' id='word_1_1037' title='bbox 2643 5043 3021 5098; x_wconf 91' lang='lat' dir='ltr'>nihilominus</span> <span class='ocrx_word' id='word_1_1038' title='bbox 3056 5047 3283 5097; x_wconf 88' lang='lat' dir='ltr'>exstant</span> <span class='ocrx_word' id='word_1_1039' title='bbox 3322 5060 3448 5112; x_wconf 83' lang='lat' dir='ltr'>quae</span> <span class='ocrx_word' id='word_1_1040' title='bbox 3496 5041 3577 5096; x_wconf 91' lang='lat' dir='ltr'>di-</span> 
     </span>
    </p>
   </div>
   <div class='ocr_carea' id='block_1_149' title="bbox 1930 5112 3580 5185">
    <p class='ocr_par' dir='ltr' id='par_1_149' title="bbox 1930 5112 3580 5185">
     <span class='ocr_line' id='line_1_151' title="bbox 1930 5112 3580 5185; baseline -0.004 -11"><span class='ocrx_word' id='word_1_1041' title='bbox 1930 5119 2110 5174; x_wconf 90' lang='lat' dir='ltr'>cenda</span> <span class='ocrx_word' id='word_1_1042' title='bbox 2138 5115 2393 5181; x_wconf 87' lang='lat' dir='ltr'>veniunt,</span> <span class='ocrx_word' id='word_1_1043' title='bbox 2424 5132 2655 5185; x_wconf 66' lang='lat' dir='ltr'>quaeque</span> <span class='ocrx_word' id='word_1_1044' title='bbox 2668 5114 2916 5185; x_wconf 90' lang='lat' dir='ltr'>petenda</span> <span class='ocrx_word' id='word_1_1045' title='bbox 2929 5118 3061 5167; x_wconf 87' lang='lat' dir='ltr'>sunt</span> <span class='ocrx_word' id='word_1_1046' title='bbox 3087 5130 3154 5167; x_wconf 86' lang='lat' dir='ltr'>ex</span> <span class='ocrx_word' id='word_1_1047' title='bbox 3173 5114 3376 5185; x_wconf 88' lang='lat' dir='ltr'>eodem</span> <span class='ocrx_word' id='word_1_1048' title='bbox 3400 5112 3580 5178; x_wconf 89' lang='lat' dir='ltr'>fonte,</span> 
     </span>
    </p>
   </div>
   <div class='ocr_carea' id='block_1_150' title="bbox 1931 5184 3401 5268">
    <p class='ocr_par' dir='ltr' id='par_1_150' title="bbox 1931 5184 3401 5268">
     <span class='ocr_line' id='line_1_152' title="bbox 1931 5184 3401 5268; baseline -0.003 -24"><span class='ocrx_word' id='word_1_1049' title='bbox 1931 5191 2203 5268; x_wconf 49' lang='lat' dir='ltr'>adnquem</span> <span class='ocrx_word' id='word_1_1050' title='bbox 2238 5204 2340 5267; x_wconf 82' lang='lat' dir='ltr'>nos</span> <span class='ocrx_word' id='word_1_1051' title='bbox 2362 5184 2752 5268; x_wconf 54' lang='lat' dir='ltr'>advuqatipse</span> <span class='ocrx_word' id='word_1_1052' title='bbox 2782 5184 3131 5268; x_wconf 71' lang='lat' dir='ltr'>clarissimus</span> <span class='ocrx_word' id='word_1_1053' title='bbox 3164 5184 3401 5240; x_wconf 80' lang='lat' dir='ltr'>Zabeus.</span> 
     </span>
    </p>
   </div>
   <div class='ocr_carea' id='block_1_151' title="bbox 2002 5255 3583 5326">
    <p class='ocr_par' dir='ltr' id='par_1_151' title="bbox 2002 5255 3583 5326">
     <span class='ocr_line' id='line_1_153' title="bbox 2002 5255 3583 5326; baseline -0.002 -12"><span class='ocrx_word' id='word_1_1054' title='bbox 2002 5255 2103 5314; x_wconf 83' lang='lat' dir='ltr'>Hic</span> <span class='ocrx_word' id='word_1_1055' title='bbox 2127 5257 2402 5312; x_wconf 90' lang='lat' dir='ltr'>nimirum</span> <span class='ocrx_word' id='word_1_1056' title='bbox 2426 5258 2499 5311; x_wconf 91' lang='lat' dir='ltr'>ad</span> <span class='ocrx_word' id='word_1_1057' title='bbox 2521 5255 2787 5311; x_wconf 83' lang='lat' dir='ltr'>Ruﬁnum</span> <span class='ocrx_word' id='word_1_1058' title='bbox 2817 5255 3238 5326; x_wconf 88' lang='lat' dir='ltr'>Aquileiensem</span> <span class='ocrx_word' id='word_1_1059' title='bbox 3261 5273 3365 5311; x_wconf 90' lang='lat' dir='ltr'>nos</span> <span class='ocrx_word' id='word_1_1060' title='bbox 3385 5272 3583 5326; x_wconf 87' lang='lat' dir='ltr'>provo-</span> 
     </span>
    </p>
   </div>
   <div class='ocr_carea' id='block_1_152' title="bbox 1932 5326 3585 5398">
    <p class='ocr_par' dir='ltr' id='par_1_152' title="bbox 1932 5326 3585 5398">
     <span class='ocr_line' id='line_1_154' title="bbox 1932 5326 3585 5398; baseline -0.001 -14"><span class='ocrx_word' id='word_1_1061' title='bbox 1932 5334 2040 5392; x_wconf 84' lang='lat' dir='ltr'>cat,</span> <span class='ocrx_word' id='word_1_1062' title='bbox 2073 5328 2168 5398; x_wconf 91' lang='lat' dir='ltr'>qui</span> <span class='ocrx_word' id='word_1_1063' title='bbox 2191 5345 2408 5383; x_wconf 69' lang='lat' dir='ltr'>coaevus</span> <span class='ocrx_word' id='word_1_1064' title='bbox 2436 5328 2766 5383; x_wconf 87' lang='lat' dir='ltr'>Chromatio</span> <span class='ocrx_word' id='word_1_1065' title='bbox 2792 5327 2899 5381; x_wconf 90' lang='lat' dir='ltr'>fuit</span> <span class='ocrx_word' id='word_1_1066' title='bbox 2927 5331 2984 5381; x_wconf 90' lang='lat' dir='ltr'>et</span> <span class='ocrx_word' id='word_1_1067' title='bbox 3014 5326 3152 5381; x_wconf 89' lang='lat' dir='ltr'>obiit</span> <span class='ocrx_word' id='word_1_1068' title='bbox 3176 5344 3329 5382; x_wconf 90' lang='lat' dir='ltr'>anno</span> <span class='ocrx_word' id='word_1_1069' title='bbox 3367 5326 3491 5390; x_wconf 69' lang='lat' dir='ltr'>M0,</span> <span class='ocrx_word' id='word_1_1070' title='bbox 3522 5332 3585 5383; x_wconf 90' lang='lat' dir='ltr'>ut</span> 
     </span>
    </p>
   </div>
   <div class='ocr_carea' id='block_1_153' title="bbox 1934 5397 3581 5469">
    <p class='ocr_par' dir='ltr' id='par_1_153' title="bbox 1934 5397 3581 5469">
     <span class='ocr_line' id='line_1_155' title="bbox 1934 5397 3581 5469; baseline -0.001 -13"><span class='ocrx_word' id='word_1_1071' title='bbox 1934 5397 2289 5456; x_wconf 84' lang='lat' dir='ltr'>Fontaninus</span> <span class='ocrx_word' id='word_1_1072' title='bbox 2314 5400 2565 5455; x_wconf 88' lang='lat' dir='ltr'>ostendit</span> <span class='ocrx_word' id='word_1_1073' title='bbox 2594 5399 2649 5452; x_wconf 91' lang='lat' dir='ltr'>in</span> <span class='ocrx_word' id='word_1_1074' title='bbox 2684 5399 2811 5454; x_wconf 88' lang='lat' dir='ltr'>Vita</span> <span class='ocrx_word' id='word_1_1075' title='bbox 2842 5397 3017 5469; x_wconf 90' lang='lat' dir='ltr'>ipsius</span> <span class='ocrx_word' id='word_1_1076' title='bbox 3043 5416 3214 5468; x_wconf 89' lang='lat' dir='ltr'>quam</span> <span class='ocrx_word' id='word_1_1077' title='bbox 3260 5400 3581 5467; x_wconf 86' lang='lat' dir='ltr'>adornavit,</span> 
     </span>
    </p>
   </div>
   <div class='ocr_carea' id='block_1_154' title="bbox 1933 5469 3585 5529">
    <p class='ocr_par' dir='ltr' id='par_1_154' title="bbox 1933 5469 3585 5529">
     <span class='ocr_line' id='line_1_156' title="bbox 1933 5469 3585 5529; baseline 0.001 -2"><span class='ocrx_word' id='word_1_1078' title='bbox 1933 5471 2281 5527; x_wconf 90' lang='lat' dir='ltr'>assentiente</span> <span class='ocrx_word' id='word_1_1079' title='bbox 2310 5472 2485 5527; x_wconf 88' lang='lat' dir='ltr'>etiam</span> <span class='ocrx_word' id='word_1_1080' title='bbox 2515 5472 2592 5525; x_wconf 92' lang='lat' dir='ltr'>De</span> <span class='ocrx_word' id='word_1_1081' title='bbox 2614 5470 2822 5526; x_wconf 82' lang='lat' dir='ltr'>Bubeis</span> <span class='ocrx_word' id='word_1_1082' title='bbox 2846 5470 2902 5524; x_wconf 91' lang='lat' dir='ltr'>in</span> <span class='ocrx_word' id='word_1_1083' title='bbox 2935 5469 3345 5527; x_wconf 87' lang='lat' dir='ltr'>Dissertatione</span> <span class='ocrx_word' id='word_1_1084' title='bbox 3374 5488 3479 5526; x_wconf 90' lang='lat' dir='ltr'>sua</span> <span class='ocrx_word' id='word_1_1085' title='bbox 3516 5472 3585 5529; x_wconf 90' lang='lat' dir='ltr'>de</span> 
     </span>
    </p>
   </div>
   <div class='ocr_carea' id='block_1_155' title="bbox 1934 5542 3586 5613">
    <p class='ocr_par' dir='ltr' id='par_1_155' title="bbox 1934 5542 3586 5613">
     <span class='ocr_line' id='line_1_157' title="bbox 1934 5542 3586 5613; baseline 0 -15"><span class='ocrx_word' id='word_1_1086' title='bbox 1934 5544 2159 5608; x_wconf 82' lang='lat' dir='ltr'>Ruﬁno,</span> <span class='ocrx_word' id='word_1_1087' title='bbox 2189 5543 2373 5613; x_wconf 89' lang='lat' dir='ltr'>capite</span> <span class='ocrx_word' id='word_1_1088' title='bbox 2394 5543 2591 5597; x_wconf 88' lang='lat' dir='ltr'>ultimo</span> <span class='ocrx_word' id='word_1_1089' title='bbox 2616 5559 2629 5598; x_wconf 88' lang='lat'>:</span> <span class='ocrx_word' id='word_1_1090' title='bbox 2664 5565 2683 5592; x_wconf 76' lang='grc' dir='ltr'>ι</span> <span class='ocrx_word' id='word_1_1091' title='bbox 2715 5544 3104 5604; x_wconf 76' lang='lat' dir='ltr'>Praecesserat,</span> <span class='ocrx_word' id='word_1_1092' title='bbox 3126 5542 3207 5597; x_wconf 91' lang='lat' dir='ltr'>ait</span> <span class='ocrx_word' id='word_1_1093' title='bbox 3229 5544 3467 5610; x_wconf 88' lang='lat' dir='ltr'>Zabeus,</span> <span class='ocrx_word' id='word_1_1094' title='bbox 3491 5544 3586 5598; x_wconf 86' lang='lat' dir='ltr'>Ni-</span> 
     </span>
    </p>
   </div>
   <div class='ocr_carea' id='block_1_156' title="bbox 1936 5613 3586 5686">
    <p class='ocr_par' dir='ltr' id='par_1_156' title="bbox 1936 5613 3586 5686">
     <span class='ocr_line' id='line_1_158' title="bbox 1936 5613 3586 5686; baseline -0.001 -16"><span class='ocrx_word' id='word_1_1095' title='bbox 1936 5620 2077 5670; x_wconf 73' lang='lat' dir='ltr'>cetes</span> <span class='ocrx_word' id='word_1_1096' title='bbox 2098 5614 2446 5686; x_wconf 84' lang='lat' dir='ltr'>Aquileiensi</span> <span class='ocrx_word' id='word_1_1097' title='bbox 2469 5614 2771 5670; x_wconf 86' lang='lat' dir='ltr'>Ruﬁnus...</span> <span class='ocrx_word' id='word_1_1098' title='bbox 2820 5613 3058 5668; x_wconf 84' lang='lat' dir='ltr'>Ruﬁnus</span> <span class='ocrx_word' id='word_1_1099' title='bbox 3105 5618 3297 5669; x_wconf 88' lang='lat' dir='ltr'>autem</span> <span class='ocrx_word' id='word_1_1100' title='bbox 3356 5620 3413 5670; x_wconf 90' lang='lat' dir='ltr'>et</span> <span class='ocrx_word' id='word_1_1101' title='bbox 3468 5615 3586 5685; x_wconf 89' lang='lat' dir='ltr'>ipse</span> 
     </span>
    </p>
   </div>
   <div class='ocr_carea' id='block_1_157' title="bbox 1936 5686 3589 5758">
    <p class='ocr_par' dir='ltr' id='par_1_157' title="bbox 1936 5686 3589 5758">
     <span class='ocr_line' id='line_1_159' title="bbox 1936 5686 3589 5758; baseline -0.001 -17"><span class='ocrx_word' id='word_1_1102' title='bbox 1936 5687 2258 5758; x_wconf 83' lang='lat' dir='ltr'>symbolum</span> <span class='ocrx_word' id='word_1_1103' title='bbox 2292 5686 2801 5757; x_wconf 84' lang='lat' dir='ltr'>explicavit...Jam</span> <span class='ocrx_word' id='word_1_1104' title='bbox 2828 5702 2962 5741; x_wconf 84' lang='lat' dir='ltr'>vero</span> <span class='ocrx_word' id='word_1_1105' title='bbox 2975 5686 3208 5741; x_wconf 78' lang='lat' dir='ltr'>Ruﬁnus</span> <span class='ocrx_word' id='word_1_1106' title='bbox 3230 5686 3308 5758; x_wconf 88' lang='lat' dir='ltr'>ita</span> <span class='ocrx_word' id='word_1_1107' title='bbox 3338 5686 3589 5757; x_wconf 89' lang='lat' dir='ltr'>loquitur</span> 
     </span>
    </p>
   </div>
   <div class='ocr_carea' id='block_1_158' title="bbox 1939 5757 3587 5826">
    <p class='ocr_par' dir='ltr' id='par_1_158' title="bbox 1939 5757 3587 5826">
     <span class='ocr_line' id='line_1_160' title="bbox 1939 5757 3587 5826; baseline -0.002 -12"><span class='ocrx_word' id='word_1_1108' title='bbox 1939 5757 2010 5814; x_wconf 87' lang='lat' dir='ltr'>de</span> <span class='ocrx_word' id='word_1_1109' title='bbox 2040 5759 2139 5820; x_wconf 86' lang='lat' dir='ltr'>Dei</span> <span class='ocrx_word' id='word_1_1110' title='bbox 2164 5759 2283 5816; x_wconf 81' lang='lat' dir='ltr'>veri</span> <span class='ocrx_word' id='word_1_1111' title='bbox 2313 5758 2534 5817; x_wconf 81' lang='lat' dir='ltr'>unitate</span> <span class='ocrx_word' id='word_1_1112' title='bbox 2563 5763 2619 5817; x_wconf 87' lang='lat' dir='ltr'>et</span> <span class='ocrx_word' id='word_1_1113' title='bbox 2645 5757 2967 5826; x_wconf 80' lang='lat' dir='ltr'>existentia,</span> <span class='ocrx_word' id='word_1_1114' title='bbox 2987 5762 3049 5815; x_wconf 91' lang='lat' dir='ltr'>ut</span> <span class='ocrx_word' id='word_1_1115' title='bbox 3095 5758 3182 5815; x_wconf 91' lang='lat' dir='ltr'>vel</span> <span class='ocrx_word' id='word_1_1116' title='bbox 3240 5757 3411 5815; x_wconf 87' lang='lat' dir='ltr'>silens</span> <span class='ocrx_word' id='word_1_1117' title='bbox 3458 5773 3587 5811; x_wconf 88' lang='lat' dir='ltr'>mo-</span> 
     </span>
    </p>
   </div>
   <div class='ocr_carea' id='block_1_159' title="bbox 3231 5849 3300 5902">
    <p class='ocr_par' dir='ltr' id='par_1_159' title="bbox 3231 5849 3300 5902">
     <span class='ocr_line' id='line_1_161' title="bbox 3231 5849 3300 5902; baseline -0.043 0"><span class='ocrx_word' id='word_1_1118' title='bbox 3231 5849 3300 5902; x_wconf 81' lang='lat'>32</span> 
     </span>
    </p>
   </div>
  </div>
