4004 6182
387 245 541 305 1015

1064 239 1124 298 P.
1175 236 1467 295 BRAlD/E
1513 230 1988 293 DISSER'I‘ATIO
2034 230 2102 288 IN
2152 230 2209 289 S.
2261 230 2609 290 NICETAM.
2655 259 2712 271 -ν
2766 228 2931 288 CAP.
2978 228 3099 286 Vll.

3647 229 3802 286 1016

388 372 824 429 Gennadianum
860 369 954 441 qui
984 367 1442 441 Explanationcm
1485 364 1726 441 Symboli
1774 362 1845 441 ad
1889 378 2037 415 com-
2076 364 2123 423 Α
2151 359 2843 441 ambiguitatem‘nonnisi
2875 375 2941 413 ex
2989 357 3193 441 il‘lincette
3238 355 3415 441 ipsius
3441 354 3633 441 aliqua
3674 357 3808 410 scri-

390 450 639 516 petentes
661 434 1205 516 scripsitscrmones
1228 436 1421 516 nitido,
1439 434 1893 516 ροηιρροέαιπςηοτ
1923 448 2037 516 non

389 503 562 572 inisse
583 503 862 575 Nicetam,
894 512 1269 565 barbararum
1296 503 1565 576 gentium
1588 508 1643 559 in
1675 505 1847 560 Dacia
1880 503 2039 576 insti-

390 592 659 649 tutorem,
696 589 750 639 et
782 583 961 637 sancti
982 579 1197 634 Paulini
1219 575 2042 649 Nolaniamicum,sed_fuisse

384 660 573 731 potius
600 647 857 731 Nicetam
885 650 1589 731 nostrumﬁqnuileiensem
1645 648 1738 718 qui
1762 647 1874 701 divi
1908 647 2044 701 Leo-

388 721 475 785 nis
504 727 688 798 Magni
714 730 974 798 tempore
993 721 1205 798 floruit.
1239 721 1648 798 Difficultatem
1673 736 1787 798 non
1829 734 2042 798 moror,

386 817 560 871 quam
593 789 1154 871 superadditlabeus
1180 809 1245 871 ex
1265 792 1457 871 Graeca
1474 789 2041 871 01-igine_.AquiLeien-

387 860 463 924 sis
488 860 693 923 Nicetes
720 885 752 921 a
779 866 1038 920 Dandulo
1056 868 1294 918 asserta.
1331 862 1542 917 Dixisse
1571 860 1741 915 modo
1774 860 2041 923 sufﬁciat,

386 958 452 996 ex
485 941 673 993 Graaca
695 938 902 993 Nicetaa
945 935 1195 991 nominis
1218 934 1574 988 derivatione
1618 932 1861 987 fortasse
1900 933 2047 984 Dan-

388 1012 587 1067 dulum
610 1011 963 1081 conjectasse
997 1005 1419 1076 Aquileiensem
1439 1006 1695 1081 Nicetam
1732 1004 1904 1057 fuisse
1932 1002 2045 1081 ori.-

387 1072 961 1155 gineGreecu'in.Quis
1004 1072 1198 1155 tamen
1240 1080 1406 1155 vetat
1444 1075 1684 1155 intelligi
1719 1091 1899 1154 posse,
1956 1072 2048 1155 Ni-

388 1145 574 1209 cetam
618 1153 769 1206 hunc
814 1156 871 1205 et
926 1166 1053 1204 vere
1091 1148 1262 1201 fuisse
1318 1148 1529 1216 origine
1591 1146 1839 1201 ercum
1879 1145 2046 1216 juxta

388 1226 736 1285 Dandulum,
774 1227 830 1275 et
844 1220 1218 1274 nihilominus
1235 1217 1407 1271 fuisse
1423 1218 1608 1287 patria
1625 1216 2044 1286 Aquileiensem

382 1297 550 1368 juxta
566 1295 819 1347 Lirutum
848 1312 861 1361 ;
894 1291 1166 1368 nimirum
1200 1289 1470 1368 Aquileia:
1504 1292 1698 1368 natum
1733 1304 1799 1367 ex
1829 1287 2047 1366 genito-

389 1356 563 1429 ribus,
589 1368 689 1418 aut
720 1356 1192 1433 progenitoribus,
1227 1356 1322 1429 qui
1355 1365 1543 1414 essent
1562 1376 1601 1433 Ae
1629 1357 1839 1412 Graecia
1858 1356 2049 1433 oriun—

390 1438 446 1491 di
483 1454 496 1497 ;
530 1428 799 1505 Aquileiae
826 1428 1072 1505 proinde
1102 1428 1283 1505 altum
1318 1430 1836 1505 atqueeducatum,
1882 1428 1961 1481 ita
1989 1431 2050 1505 ut

390 1498 877 1561 ibideninativam
905 1502 1356 1573 Aquileiensium
1384 1498 1647 1554 Latinam
1667 1500 1921 1571 linguam
1939 1498 2051 1573 vel-

391 1580 471 1633 uti
492 1594 624 1631 cum
655 1577 801 1630 lacte
830 1570 1141 1637 imbiberit,
1175 1588 1347 1642 quam
1392 1590 1492 1626 usu
1527 1576 1722 1642 postea
1762 1570 1828 1624 ac
1859 1570 2046 1642 studio

392 1647 717 1706 excoluerit.
759 1651 821 1700 ut
850 1645 1063 1716 stylum
1096 1640 1327 1698 demum
1357 1640 1679 1716 conﬁceret,
1730 1640 2050 1716 qualemein

2158 427 2603 512 ptionepoterat
2633 430 3129 512 sanctusponti'fex
3156 427 3599 512 deprehendere,
3618 427 3674 481 in
3692 444 3808 497 qua

2155 499 2307 557 idem
2332 499 2554 557 Nicetes
2570 503 2977 572 ambiguitatem
3030 500 3188 553 illam
3225 515 3394 572 suam
3410 499 3603 572 verbis
3632 515 3809 572 appo-

2155 574 2276 627 sitis
2308 574 2647 643 expressiset
2676 589 2688 637 ;
2717 569 2872 643 quod
2905 572 3080 643 etiam
3112 587 3176 626 ex
3225 569 3616 643 alia‘dietione
3665 570 3809 622 vide-

2156 653 2256 701 tur
2281 639 2607 699 confirmari
2625 639 2835 714 potest:
2863 660 2974 698 non
2996 642 3148 698 enim
3168 646 3297 711 apte
3322 639 3811 714 dixissetcbqrita:

2156 724 2249 771 tua
2278 717 2488 770 videtur
2517 710 2807 785 ambigere,
2826 716 2870 769 si
2891 716 2997 768 hac
3019 730 3189 783 super
3208 710 3286 785 ire
3308 710 3524 781 aliquid
3552 727 3586 764 a
3610 712 3809 766 Niceti:

2157 788 2428 858 scriptum
2454 804 2567 841 non
2605 783 2849 857 legisset.
2903 784 2991 840 cui
3024 784 3161 839 illud
3194 783 3412 858 videtur
3438 786 3815 858 recte‘pos‘set

2157 854 2600 912 accommodari.
2639 854 2721 911 rid
2753 858 2933 911 solam
2966 861 3116 911 certe
3157 854 3496 910 relationem
3529 854 3813 908 Adeodali

2158 930 2401 995 diaconi,
2431 934 2693 984 oretenus
2713 929 2943 993 factam,
2960 927 3099 981 illud
3122 927 3356 981 verbum
3383 926 3599 978 videtur
3618 926 3812 979 minus

2158 1001 2413 1071 apposite
2443 1001 2640 1055 fuisset
2670 1018 2702 1054 a
2733 1000 2861 1053 divo
2924 1002 3105 1054 Leone
3146 1001 3504 1066 usurpatum.
3540 996 3649 1071 S‘ed
3673 995 3815 1071 alia

2156 1066 2379 1143 quoque
2405 1074 2616 1126 adsunt
2635 1072 2707 1125 ad
2736 1088 2857 1143 rem
2892 1075 3147 1143 nostrain
3182 1072 3534 1143 opportuna.
3557 1066 3758 1143 Capite
3783 1068 3816 1120 ὃ

2157 1137 2310 1197 illius
2351 1143 2609 1213 epistolae
2642 1142 2721 1196 ita
2750 1142 2947 1195 scribit
2976 1137 3344 1213 sanctus’Leo
3374 1139 3489 1193 :De
3517 1137 3601 1191 his
3627 1146 3815 1213 autem

2158 1210 2518 1269 Christianis.
2550 1216 2645 1283 qui
2674 1215 2827 1268 inter
2853 1229 2959 1275 eos,
2989 1228 3024 1267 a
3057 1211 3495 1283 quibusfuerant
3526 1210 3813 1283 capticati,

2157 1287 2523 1339 immolatitiis
2541 1280 2678 1339 cibis
2708 1289 3026 1340 asseruntur
3052 1280 3159 1338 esse
3176 1282 3400 1352 polluti,
3424 1280 3821 1352 consultationi

2156 1357 2459 1412 citat-italis
2489 1362 2600 1410 tuae
2632 1356 2723 1409 hoc
2753 1364 2927 1410 etiam
2951 1351 3382 1423 respondendum
3422 1368 3541 1406 esse
3572 1351 3823 1423 credidi-

2156 1444 2302 1482 mus.
2334 1428 2527 1497 Capite
2550 1426 2687 1481 item
2712 1426 2743 1479 6
2776 1426 2891 1479 hinc
2922 1422 3078 1497 alia:
3112 1425 3215 1478 His
3250 1424 3485 1497 vero,_de
3514 1423 3717 1497 quibus

2160 1500 2311 1552 lectio
2330 1494 2429 1551 tua
2452 1497 2829 1552 similiternos
2844 1496 3076 1552 credidit
3104 1494 3487 1550 consulendos.
3514 1494 3709 1563 Capite
3732 1494 3826 1547 de—

2160 1570 2388 1631 mum‘l,
2413 1569 2494 1622 ita
2519 1568 2806 1623 concludit
2834 1584 2845 1620 ε
2878 1568 3033 1621 Hanc
3051 1574 3232 1622 autem
3250 1566 3527 1636 epistolam
3554 1570 3821 1627 nostram,

2159 1658 2317 1712 quam
2333 1641 2403 1694 ad
2418 1641 2873 1694 consultationem
2896 1645 3004 1693 tuae
3014 1638 3406 1712 fraternitatis
3423 1636 3825 1712 remisimusLail

389 1718 798 1789 Explanatione
843 1706 1081 1789 Sjmboli
1104 1716 1458 1789 cumAZabeo
1484 1706 2051 1789 _admirainur,niti-
2086 1725 2131 1782 Β
2162 1706 2340 1789 omnes
2354 1716 2640 1789 /ratres_ct
2673 1709 3162 1789 comprovinciales
3186 1716 3311 1789 tuos
3339 1711 3613 1789 episcopos

392 1783 544 1853 dum,
577 1783 1155 1855 comptumeatinum
1184 1787 1212 1841 i’
1239 1786 1352 1840 Sed
1384 1786 1451 1839 de
1483 1784 1590 1839 hac
1621 1785 1829 1840 Nicetae
1880 1783 2047 1853 Aqui-

393 1862 621 1917 leiensis
647 1860 865 1930 origine
897 1858 1132 1912 inferius
1167 1873 1268 1930 suo
1300 1856 1442 1930 loco.

466 1932 644 1987 Venio
663 1924 1029 2000 ad'quartam
1058 1927 1290 2000 alterius
1318 1926 1834 2000 animadversionis
1881 1924 2050 2000 Z_abei

394 2008 646 2075 partem;
669 2002 727 2055 in
757 1996 890 2071 qua.
916 2006 978 2054 ut
1006 2016 1199 2075 verum
1228 1996 2052 2075 fatear,nonniltilinjuriosus

394 2067 573 2131 videri
589 2067 1095 2144 posset-memoriae
1120 2067 1899 2144 sanctienostriAquileiensis
1934 2067 2051 2144 epi-

394 2146 548 2215 sc0pi
580 2140 808 2215 Nicetaa,
844 2143 951 2215 nisi
984 2142 1212 2215 aliunde
1241 2141 1393 2215 illius
1426 2140 1585 2193 nobis
1611 2140 2051 2215 animus_mo(le-

393 2209 617 2271 ratione
634 2232 699 2269 ac
730 2214 1003 2284 religione
1034 2213 1233 2281 plenus
1263 2209 2054 2284 innotlesceret._'l‘raducitur

396 2289 551 2343 enim
579 2303 612 2339 a
642 2280 1105 2345 Zabeo'Nicetas,
1133 2282 1522 2352 Aquileiensis
1546 2282 1713 2352 157
1742 2280 2055 2352 velutiscri-

400 2358 554 2410 bendi
573 2357 833 2423 parcior;
849 2354 944 2423 qui
966 2356 1190 2423 urgente
1214 2352 1389 2423 etiam
1407 2351 1664 2405 Ecclesiae
1688 2367 1802 2423 sua:
1826 2351 2055 2423 necessi-

400 2434 527 2488 tate,
553 2421 808 2478 laborem
855 2421 1155 2476 evitavcrit
1184 2421 1498 2475 scribendae
1531 2421 1797 2491 Epistolas
1846 2421 1916 2474 ad
1970 2438 2055 2474 su-

394 2512 641 2568 premum
663 2493 933 2568 Ecclesia?
959 2499 1247 2568 pastorem,
1283 2498 1339 2545 et
1369 2492 1552 2568 aliena
1584 2492 1768 2561 potius
1790 2508 1911 2568 voce
1931 2508 2056 2545 usus

406 2563 572 2622 fuerit
603 2566 671 2619 ad
697 2564 847 2618 illius
865 2563 1291 2634 implorandam
1314 2563 1715 2617 auctoritatem
1760 2563 1887 2632 ;qui
1905 2580 2059 2616 acce—

402 2644 499 2710 pta
525 2636 700 2692 etiam
732 2653 765 2690 a
798 2636 926 2710 divo
954 2633 1144 2710 Leone
1172 2635 1375 2710 Magno
1420 2633 1680 2710 epistola,
1732 2650 1846 2703 qua
1878 2634 2059 2710 Eccle-

403 2704 502 2765 siae
533 2725 646 2763 suaa
661 2706 1090 2762 necessitatibus
1124 2705 1545 2776 providebatur,
1572 2710 1799 2774 quaeest
1820 2704 2061 2775 epistola

404 2780 506 2834 159
534 2780 591 2834 in
623 2779 872 2834 editione
899 2779 1117 2832 Veneta
1148 2777 1610 2840 Balleriniorum,
1634 2777 1821 2831 eidem
1842 2792 2059 2845 respon-

402 2854 610 2907 sionem
637 2868 751 2905 non
785 2849 1022 2905 dederit.
1051 2848 1311 2902 Nicetam
1372 2848 1563 2917 itaque
1606 2852 1864 2902 nostrum
1895 2847 2062 2916 Aqui—

405 2923 680 2979 leiensem
716 2923 859 2992 (qua:
900 2920 980 2975 rei
1022 2936 1263 2992 summa
1285 2918 1396 2992 est)
1429 2919 1707 2992 socordiae
1732 2919 2060 2992 inagendo,

407 2989 769 3075 negligentiae;
815 2993 879 3072 in.
904 2990 1177 3075 pastorali
1203 2990 1412 3075 ofﬁc-io,
1448 2989 1851 3075 inprbanitratils
1882 2990 2062 3075 immo

409 3069 466 3120 et
485 3059 829 3126 irreventite,
866 3059 923 3115 in
959 3064 1282 3115 Romanum
1330 3061 1686 3122 Pontificem,
1732 3061 1949 3115 Zabeus
1979 3059 2063 3114 vel

408 3134 584 3190 etiam
627 3134 825 3186 nolens
873 3136 1120 3193 accusat,
1152 3136 1213 3184 ut
1238 3133 1318 3185 ita
1358 3131 1555 3185 Latine
1581 3130 1863 3185 scribendi
1890 3130 2062 3185 etiam

410 3204 858 3259 exercitationem
876 3202 955 3254 illi
982 3202 1227 3255 defuisse
1250 3203 1480 3270 probet;
1504 3204 1576 3256 ad
1604 3203 2065 3256 confirmandum

413 3273 625 3329 scilicet
653 3274 805 3342 quod
832 3272 939 3325 sibi
968 3271 1317 3341 propositum
1350 3278 1493 3335 erat,
1519 3273 1682 3325 illum
1716 3289 1921 3342 nempe
1952 3289 2067 3326 non

417 3361 540 3401 esse
558 3349 853 3398 auctorem
886 3343 1320 3413 Explmiationis
1341 3342 1581 3413 Symboli
1610 3343 1680 3395 ad
1695 3350 2063 3411 competentes,

416 3432 538 3488 qua:
564 3415 699 3488 quia
718 3414 927 3488 nitida,
959 3412 1188 3488 compta,
1214 3414 1441 3488 Latina,
1474 3412 1788 3488 plurimum
1819 3413 2069 3488 require-

417 3482 731 3553 bat,etiam
766 3486 821 3539 in
864 3482 1162 3539 scribendo
1194 3482 1637 3548 exercitationis,
1662 3484 1717 3537 in
1735 3500 1799 3539 eo
1814 3483 2075 3555 quiejus-

417 3560 548 3615 dem
572 3562 769 3613 auctor
792 3556 1009 3611 fuisset.

490 3632 561 3684 Ut
589 3630 663 3684 ad
676 3629 799 3683 haec
816 3643 1041 3697 quoque
1070 3625 1539 3697 respondeamus,
1565 3641 1692 3695 quae
1728 3624 2074 3697 cmteroquin

419 3696 849 3769 videripossent
902 3696 1271 3769 responsione
1312 3713 1427 3769 non
1489 3696 1765 3769 indigere,
1800 3696 2077 3769 nonnulla

421 3775 555 3824 sunt
571 3766 1082 3839 perpendenda,'Si
1102 3770 1297 3839 prima:
1326 3767 1488 3821 linem
1528 3766 1850 3839 reculantur
1880 3766 2075 3839 praeci-

421 3838 835 3909 tatazepistolae
865 3838 1043 3891 sancti
1067 3838 1268 3909 Leonis
1296 3854 1453 3907 papae
1476 3840 1548 3909 ad
1582 3838 1835 3893 Nicetam
1864 3838 2078 3909 episco~

422 3927 561 3982 pum
591 3908 1035 3982 Aquileiensem,
1064 3908 1436 3982 intelligimus
1450 3908 1681 3982 quidem
1717 3910 2075 3982 Adeedatum

423 3979 753 4051 apostolicae
783 3981 934 4034 sedis
962 3980 1291 4051 diaconum,
1335 3979 1404 4032 ab
1454 3979 1799 4048 Aquileiensi
1834 3980 2079 4051 Ecclesia

426 4049 482 4109 et
503 4054 574 4108 ab
596 4052 718 4122 ipsa
740 4051 947 4106 Nicetie
976 4049 1409 4104 conversatione
1444 4054 1614 4119 atque
1666 4050 1945 4122 colloquio
1977 4054 2078 4104 Ho-

427 4140 585 4178 mam
620 4121 961 4193 regressum,
977 4138 1300 4193 memorasse
1312 4125 1509 4193 sancto
1525 4121 1773 4193 pontifici
1791 4122 2079 4192 postulata

426 4192 819 4258 Nicetaeysed
852 4209 963 4248 non
1006 4192 1138 4246 inde
1195 4192 1515 4262 colligimus
1564 4192 1783 4246 nullam
1841 4192 2077 4246 omnino

426 4265 782 4320 Adeodatum
818 4264 1005 4334 ipsum
1035 4280 1227 4317 secum
1251 4262 1668 4317 tulisseNicette
1689 4264 2076 4333 scriptionem,

426 4336 484 4390 in
512 4352 626 4406 qua
650 4335 937 4405 postulata
964 4335 1222 4405 ejusdem
1249 4334 1696 4406 continerentur,
1731 4351 1856 4404 quae
1897 4334 2080 4404 ponti-

427 4404 915 4476 ﬁci'meinoraret.
941 4406 1144 4476 immo
1186 4421 1251 4476 ex
1304 4404 1438 4476 ipsa,
1466 4406 1646 4459 sancti
1678 4406 1881 4459 Leonis
1916 4422 2078 4476 papa:

429 4423 518 4461 1101
544 4423 915 4460 memoraret.
966 4423 1144 4458 immo
1186 4423 1251 4459 ex
1304 4423 1426 4528 ipsa
1466 4423 1646 4459 sancu
1678 4423 1881 4459 Leonis
1916 4423 2078 4476 papa:

429 4474 860 4546 epistolajsatis,
894 4474 952 4527 ni
982 4475 1171 4546 fallor,
1201 4475 1318 4546 inte
1348 4475 1576 4545 ligimus
1598 4475 2078 4546 scriptionemali-

429 4544 605 4614 quam
633 4544 839 4598 Nicetce
866 4544 1241 4613 Aquileiensis
1269 4544 1631 4601 Adeodatum
1659 4544 1965 4602 diaconum
1997 4563 2079 4601 se-

428 4631 559 4672 cum
587 4614 802 4696 tulisse,
832 4632 897 4696 ex
929 4632 1041 4696 qua
1064 4618 1359 4696 postulata
1390 4618 1644 4696 ejusdem
1676 4626 1882 4696 sancto
1904 4618 2077 4696 Leoni

430 4689 800 4758 memoraret.
827 4688 1023 4756 Capite
1054 4689 1077 4740 l
1117 4688 1375 4758 ejusdem
1403 4689 1658 4758 epistola;
1690 4690 1764 4742 ad
1820 4689 2075 4742 Nicetam

430 4758 512 4813 ita
535 4756 730 4812 scribit
756 4762 986 4812 sanctus
1017 4756 1272 4828 pontifex
1321 4777 1332 4812 :
1359 4756 1489 4813 Cum
1530 4776 1659 4826 ergo
1681 4775 1791 4827 per
1836 4759 2077 4813 bellicam

430 4828 655 4894 cladem,
690 4834 741 4882 et
770 4844 870 4899 per
888 4830 1255 4898 gravissimos
1311 4830 1624 4883 hostilitatis
1673 4832 1957 4896 incursus,
1992 4830 2077 4885 ita

430 4900 891 4971 quwdamdicatis
910 4900 1087 4954 divisa
1105 4918 1210 4953 esse
1222 4900 1511 4969 conjugia,
1535 4905 1641 4953 etc.
1668 4899 1807 4953 Illud
1843 4901 2079 4971 verbum

430 4970 628 5026 dicatis
653 4970 955 5042 pluraliter
970 4986 1317 5040 expressum,
1341 4988 1469 5042 cum
1502 4972 1576 5023 ad
1623 4986 1801 5024 unum
1824 4970 2075 5025 Nicetam

429 5041 724 5098 Romanus
742 5042 997 5113 pontifex
1029 5042 1317 5104 scriberet,
1373 5041 1599 5096 videtur
1627 5045 1777 5096 certe
1803 5042 2079 5112 respicere

429 5130 545 5195 non
570 5113 1143 5195 minusadeodatpin
1166 5116 1431 5195 protenus
1454 5118 1892 5195 memorantem,
1912 5131 2079 5195 quam

427 5184 686 5241 Nicetam
709 5185 899 5255 aliquo
932 5184 1103 5255 modo
1127 5183 1183 5237 id
1208 5183 1393 5253 ipsum
1420 5184 1727 5255 scriptione
1766 5201 1869 5238 sua
1894 5183 2082 5239 dicen-

428 5259 567 5311 tem.
587 5256 697 5312 Sed
722 5254 963 5310 fortasse
981 5254 1223 5309 clariora
1247 5255 1422 5310 etiam
1445 5254 1577 5309 sunt
1598 5262 2078 5326 quiescquuntur,

428 5331 492 5381 ut
514 5344 781 5382 eruamus
803 5328 1061 5381 Nicetam
1095 5331 1368 5391 nostrum,
1405 5327 1617 5397 aliquid
1666 5327 1873 5396 scripto
1906 5327 2079 5381 tradi-

430 5397 579 5469 disse
598 5400 893 5453 Adeodato
916 5399 1175 5452 Romano
1208 5399 1466 5461 diacono,
1497 5399 1645 5469 quod
1693 5402 1923 5451 sanctus
1968 5399 2077 5452 Leo

430 5465 666 5538 haberet
687 5483 803 5537 prae
835 5469 1030 5533 oculis,
1066 5470 1200 5522 dum
1259 5465 1562 5538 epistolam
1595 5469 1754 5522 illam
1796 5485 1958 5523 suam
2007 5469 2078 5522 ad

430 5534 1003 5616 Nectum—exarmat.
1037 5534 1376 5616 tlujusmedi
1434 5538 1647 5616 censeri
1687 5544 2079 5616 possunt‘quie

429 5605 671 5677 legimus
696 5609 895 5660 eodem
926 5605 1159 5677 capite—1
1193 5627 1203 5661 :
1229 5611 1427 5665 Merito
1454 5605 1704 5664 vlim-itas
1730 5618 1825 5663 tua
1858 5605 2081 5663 mdétur

429 5673 721 5756 ambigere,
754 5678 894 5756 'quid.
912 5677 974 5756 de
997 5673 1361 5756 mulieribus,
1380 5698 1511 5756 Aqtltt‘
1537 5681 1665 5756 aliis
1690 5682 1931 5756 juncta)"
1954 5686 2080 5731 sunt

428 5744 595 5807 viris,
617 5758 651 5797 α
677 5742 826 5797 nobis
852 5745 1039 5801 debeat
1068 5742 1353 5805 ordinari.
1379 5742 1532 5805 lianc
1562 5742 1835 5804 nimirum
1867 5747 2079 5803 Nicelte

2159 1784 2322 1854 facies
2353 1782 2655 1854 pervenire.
2687 1782 2791 1836 Ubi
2812 1788 2962 1854 certe
3003 1785 3121 1835 tam
3154 1781 3349 1854 crebro
3380 1781 3707 1854 consultatio
3732 1780 3829 1854 Ni-

2161 1849 2321 1918 cette,
2353 1849 2731 1923 Aquileiensis
2774 1852 3048 1907 asseritur
3079 1868 3113 1905 a
3160 1851 3287 1904 divo
3353 1867 3506 1923 papa
3539 1852 3723 1923 Leone
3771 1849 3826 1902 in

2164 1921 2533 1994 responsione
2559 1941 2683 1980 sua.
2743 1923 2932 1977 minus
2967 1922 3223 1994 quidem,
3253 1922 3548 1994 probabile
3592 1921 3827 1994 videtur

2164 1992 2333 2068 hujus
2364 1996 2796 2068 consultationis
2820 1992 3094 2064 scriptum
3145 1993 3375 2063 aliquod
3400 1992 3828 2068 ipsiusNiceta:

2164 2063 2279 2122 non
2315 2066 2617 2129 exstitisse,
2642 2067 2791 2135 quod
2804 2063 3050 2136 praesens
3065 2070 3295 2119 sanctus
3318 2063 3573 2133 pontifex
3588 2063 3830 2117 haberet

2165 2140 2301 2193 dum
2336 2138 2739 2208 respondebat.

2237 2204 2622 2278 Praeterquam
2647 2208 2817 2278 quod,
2843 2206 2887 2261 si
2926 2207 3102 2262 etiam
3144 2206 3460 2260 recolamus
3518 2204 3828 2278 materiam

2164 2275 2893 2359 consultationum'i‘iicetze
2926 2277 3192 2359 episcopi,
3227 2275 3827 2359 saneOgravissimam,

2167 2352 2235 2405 de
2257 2352 2383 2421 conj
2397 2350 2536 2421 ugiis
2579 2366 2784 2421 nempe
2812 2346 3019 2421 eorum
3039 2346 3135 2419 qui
3163 2366 3191 2402 c
3228 2346 3830 2421 captivitateregressi

2166 2419 2808 2502 proprias‘uxores'aliis
2857 2420 3091 2501 interim
3116 2419 3726 2502 nuptasrepetebant,
3763 2419 3831 2502 de

2167 2489 2235 2546 iis
2261 2489 2355 2562 qui
2383 2492 2438 2545 in
2471 2491 2798 2561 captivitate
2858 2490 3027 2560 positi
3078 2490 3409 2562 idolothytis
3442 2490 3529 2562 usi
3573 2489 3833 2562 fuerant.

2169 2560 2369 2618 aut'ad
2398 2560 2725 2616 iterandum
2759 2562 3046 2631 baptisma
3066 2560 3345 2631 compulsi
3376 2580 3387 2625 ;
3425 2560 3514 2613 vix
3548 2560 3701 2615 credi
3734 2577 3837 2630 po-

2170 2638 2280 2689 test
2304 2633 2565 2687 Nicetam
2586 2633 3014 2703 Aquileiensem
3050 2633 3171 2687 haec
3219 2632 3355 2686 talia
3382 2631 3685 2685 memoriae
3708 2636 3834 2703 tan-

2170 2710 2292 2759 tum
2322 2702 2679 2758 commisisse
2720 2704 2998 2759 Adeodati
3047 2703 3293 2768 diaconi,
3342 2718 3443 2757 nec
3484 2720 3587 2755 suo
3620 2702 3834 2771 scripto

2172 2778 2364 2845 aliquo
2397 2775 2745 2845 exposuisse,
2786 2780 2845 2828 ut
2876 2774 3127 2844 pontiﬁci
3154 2776 3325 2835 clare,
3350 2790 3415 2827 ac
3438 2773 3835 2827 dilucidecum

2172 2846 2619 2901 circumstantiis
2647 2846 2911 2900 omnibus
2928 2862 2992 2899 ac
3006 2862 3195 2900 rerum
3216 2845 3360 2901 serie
3378 2845 3835 2905 innotescerent,

2174 2918 2230 2972 Si
2263 2918 2342 2972 ita
2375 2918 2665 2988 negligens
2695 2916 2883 2987 reipsa
2918 2918 3144 2971 Nicetas
3189 2915 3569 2986 Aquileiensis
3612 2914 3836 2981 fuisset,

2174 2990 2264 3044 vix
2286 2989 2458 3043 etiam
2488 2988 2642 3042 credi
2686 2992 2877 3057 posset
2924 2993 3186 3042 sanctum
3245 2989 3493 3041 Leonem
3536 2988 3833 3055 Magnum,

2175 3060 2269 3131 qui
2303 3060 2359 3114 in
2391 3060 2660 3113 notandis
2689 3060 3081 3131 sacerdotum,
3115 3057 3473 3131 negligentiis
3524 3059 3674 3111 adeo
3712 3063 3837 3131 erat

2176 3129 2451 3186 sollicitus
2484 3136 2543 3184 ut
2574 3147 2639 3185 ex
2690 3131 2947 3201 ejusdem
2999 3129 3252 3201 epistolis
3277 3132 3522 3194 constat,
3572 3146 3691 3201 non
3739 3129 3837 3182 ad—

2177 3202 2467 3256 monuisse
2487 3200 2740 3256 Nicetam
2772 3200 3112 3255 nostrumin
3141 3202 3245 3255 hac
3276 3202 3478 3255 eadem
3509 3200 3835 3271 epistolaut

2179 3274 2284 3327 sibi
2309 3282 2365 3327 et
2390 3272 2652 3327 Ecclesiae
2674 3289 2791 3327 suae
2819 3272 3116 3338 saltem,in
3186 3277 3475 3340 posterum
3505 3270 3839 3342 diligentius

2181 3362 2247 3399 ac
2279 3344 2577 3397 sollicitius
2601 3343 2940 3412 provideret.
2979 3343 3083 3396 Sed
3122 3342 3217 3396 alii
3246 3343 3514 3413 episcopi,
3544 3348 3714 3413 urget
3737 3343 3838 3413 Zia-

2182 3416 2341 3479 beus,
2370 3414 2426 3467 in
2460 3415 2628 3467 rebus
2647 3414 2853 3479 dubiis,
2880 3415 3087 3484 proprii
3106 3412 3379 3484 muneris,
3405 3413 3557 3467 dalis
3579 3412 3839 3484 epistolis

2184 3485 2379 3539 sedem
2413 3484 2786 3553 apostolicam
2839 3483 3213 3540 censulebant
3239 3501 3251 3539 :
3281 3502 3380 3539 cur
3408 3501 3522 3538 non
3557 3485 3635 3538 ita
3674 3483 3840 3553 Aqui-

2184 3555 2649 3610 ]eiensisNicetas
2666 3554 2695 3608 ‘l
2728 3557 2935 3610 Verum
2958 3556 3003 3610 si
3048 3558 3271 3610 Nicetas
3296 3556 3505 3625 scripto
3538 3555 3760 3626 aliquo,
3784 3559 3839 3626 ut

2186 3627 2408 3679 videtur
2430 3628 2861 3682 consultationes
2905 3644 3035 3681 suas
3092 3627 3352 3697 exposuit
3389 3643 3623 3680 summo
3647 3625 3838 3696 ponti-

2187 3697 2296 3761 fici,
2314 3697 2448 3768 quid
2475 3697 2653 3751 refert
2674 3697 2718 3751 si
2738 3698 3081 3768 peculiarem
3104 3697 3405 3767 epistolam
3428 3699 3503 3751 ad
3520 3698 3713 3766 ipsum
3731 3712 3836 3768 non

2188 3766 2623 3823 dederitﬂtatio
2642 3766 2833 3822 autem
2880 3774 3005 3823 erat
3032 3766 3217 3823 cidem
3248 3769 3459 3824 Nicette
3499 3784 3620 3822 non
3666 3766 3837 3821 dandi

2188 3839 2533 3909 peculiarem
2552 3840 2852 3909 epistolam
2888 3856 2902 3904 ;
2930 3856 3052 3910 quia
3091 3840 3237 3894 ratio
3265 3840 3354 3893 vix
3385 3857 3484 3910 pro
3512 3839 3629 3893 alio
3657 3838 3835 3893 fuerat

2187 3926 2464 3979 umquam
2492 3910 2775 3981 episcopo.
2810 3912 3021 3965 Aderat
3050 3911 3254 3980 quippe
3286 3911 3835 3965 AdeodatusHoma-

2188 3997 2277 4034 nte
2308 3980 2564 4035 Ecclesia:
2594 3981 2886 4045 diaconus,
2916 3982 3009 4052 qui
3047 3982 3416 4051 probabiliter
3454 3982 3525 4035 ab
3557 3981 3685 4051 ipso
3712 3996 3832 4034 san-

2187 4056 2278 4105 cto
2306 4052 2571 4121 pontiﬁce
2590 4052 2903 4121 Aquileiam
2934 4051 3143 4107 missus
3165 4053 3370 4119 fuerat,
3409 4053 3715 4106 autetiam
3768 4051 3832 4104 ab

2188 4122 2308 4247 ipso
2328 4122 2568 4177 fortasse
2595 4122 2789 4177 Niceta
2815 4123 3077 4193 episcopo
3129 4123 3428 4193 expetitus,
3462 4127 3523 4177 ut
3548 4122 3707 4177 illius
3750 4123 3837 4175 Ec-

2188 4210 2216 4247 c
2243 4193 2375 4247 esite
2395 4198 2607 4247 statum
2633 4210 2877 4247 nrazsens
2901 4202 3231 4247 agnosceret
3253 4199 3422 4247 atoue
3480 4195 3553 4247 ad
3613 4199 3833 4247 anosto-

2188 4193 2375 4248 clesite
2395 4198 2607 4247 statum
2633 4210 2877 4263 praisens
2901 4202 3231 4263 agnosceret
3253 4199 3422 4264 atque
3480 4195 3553 4247 ad
3613 4199 3833 4263 aposto-

2187 4264 2355 4317 licam
2386 4266 2581 4319 sedem
2614 4265 2772 4319 testis
2811 4267 3065 4319 oculatus
3089 4265 3509 4328 referret.Quid
3539 4281 3687 4335 opus
3719 4267 3835 4317 erat

2188 4335 2447 4406 cpistola,
2500 4334 2593 4388 ubi
2620 4352 2864 4405 przesens
2892 4338 3091 4391 aderat
3136 4336 3201 4399 is,
3232 4336 3326 4406 qui
3372 4336 3559 4390 locum
3611 4337 3837 4390 tenebat

2187 4405 2338 4460 illius
2364 4407 2438 4459 ad
2460 4422 2627 4475 quem
2657 4407 2848 4460 danda
2865 4412 3013 4462 esset
3032 4406 3270 4477 epistola
3287 4406 3316 4460 ?
3349 4407 3469 4460 Non
3490 4407 3607 4461 alia
3627 4423 3688 4461 re
3703 4422 3835 4476 opus

2188 4478 3145 4557 erat,‘Adeod_atoprae_sentc,quam
3180 4478 3577 4557 lucubratione
3625 4478 3831 4557 aliqua,

2188 4565 2301 4617 qua
2325 4547 2702 4617 Aquileiensis
2748 4548 3002 4603 Ecclesiaa
3032 4553 3233 4610 status.
3280 4553 3336 4603 et
3365 4565 3559 4602 rerum
3587 4549 3833 4618 gravitas

2188 4622 2583 4691 exponeretur,
2609 4620 2966 4691 subjicienda
2988 4619 3311 4691 apostolicae
3328 4617 3660 4691 auctoritati
3678 4636 3690 4683 ;
3707 4617 3835 4691 quid

2188 4692 2243 4743 et
2265 4688 2517 4743 Nicetam
2547 4688 2744 4744 fecisse
2774 4688 3065 4760 probabile
3086 4696 3191 4755 est,
3224 4696 3466 4745 etnemo
3500 4690 3699 4745 Niceta
3720 4690 3831 4759 ipso

2190 4760 2506 4831 accuratius
2552 4760 2737 4815 facere
2787 4765 3029 4831 poterat.
3077 4762 3189 4817 Sed
3219 4779 3318 4815 cur
3373 4762 3581 4816 saltem
3615 4762 3830 4815 Nicetas

2190 4830 2443 4910 epistolae
2476 4832 2655 4910 sancti
2684 4830 2892 4910 Leonis
2908 4833 3117 4910 Magni
3139 4833 3544 4910 responsionem
3586 4849 3715 4910 _non
3741 4832 3830 4910 de:

2190 4900 2319 4954 dit?
2350 4902 2555 4973 Verum
2580 4902 2701 4972 ipsa
2740 4903 2921 4957 sancti
2954 4900 3150 4957 leonis
3177 4900 3364 4973 Magni
3396 4902 3661 4972 epistola,
3718 4904 3829 4956 erat

2192 4972 2482 5041 responsio
2514 4974 2584 5027 ad
2614 4975 3041 5045 consultationes
3102 4972 3331 5038 Nicetis,
3365 4989 3492 5043 quas
3524 4976 3735 5045 scripto
3763 4973 3824 5025 ab

2190 5045 2393 5098 eodem
2433 5048 2679 5098 cxaratm
2732 5044 3119 5100 verisimiliter
3178 5046 3425 5111 fuerant,
3457 5046 3537 5098 uti
3568 5045 3819 5098 vidimus.

2191 5114 2335 5178 Quid
2359 5114 2531 5186 igitur
2562 5115 2854 5184 responsio
2887 5116 3430 5185 adresponsioncm,
3452 5118 3667 5186 absque
3692 5129 3824 5169 nova

2191 5184 2528 5257 necessitate
2549 5186 2877 5240 scribendi?
2921 5184 3103 5257 Atque
3159 5187 3282 5241 haec
3338 5188 3409 5240 ad
3450 5184 3714 5256 quartam
3750 5200 3822 5237 sc-

2188 5258 2389 5327 cundm
2407 5256 2920 5311 animadversionis
2950 5256 3117 5311 Zabci
3138 5262 3362 5327 partem
3376 5257 3528 5311 dicta
3546 5258 3693 5319 sint;
3716 5269 3823 5327 qua

2189 5326 2445 5398 simulad
2471 5328 2871 5396 purgationem
2895 5328 3105 5382 Nicclzc
3138 5323 3561 5398 ‘Aquileiensis,
3594 5346 3629 5381 a
3655 5323 3821 5381 crimi-

2188 5397 2513 5469 nationibus
2535 5398 2590 5451 in
2614 5415 2746 5452 cum
2773 5398 3064 5469 conjectis,
3098 5397 3323 5452 abunde
3350 5398 3663 5453 sufficiunt.

2258 5468 2505 5522 Tertiam
2539 5486 2701 5523 suam
2763 5468 3323 5523 animadversionem
3364 5486 3429 5525 cx
3485 5468 3822 5540 pcnitioribus

2188 5555 2376 5593 causa:
2399 5544 2620 5593 erutam
2652 5542 2871 5595 Zabeus
2898 5540 3095 5608 incipit
3127 5558 3160 5594 a
3191 5558 3431 5595 numero
3492 5541 3660 5595 tertio
3694 5540 3818 5610 ejus-

2190 5611 2317 5681 dem
2343 5611 2605 5664 secundm
2632 5612 2804 5680 partis
2836 5612 3252 5665 dissertationis
3281 5630 3413 5674 sua),
3448 5628 3691 5681 eamque
3714 5624 3817 5681 pro-

2190 5680 2341 5733 ducit
2363 5681 2435 5733 ad
2468 5696 2770 5753 numerum
2823 5699 2998 5752 usque
3053 5683 3340 5736 decimum
3386 5680 3654 5753 primum.
3709 5680 3818 5733 Haec

2188 5754 2311 5805 tota
2344 5755 2602 5806 versatur
2630 5752 2686 5805 in
2719 5751 2968 5807 formula
3030 5752 3284 5825 Symboli
3358 5751 3648 5824 apostolici
3706 5762 3816 5820 quis
