4004 6182
234 271 396 331 1017

934 276 995 334 P.
1043 275 1335 335 BRAIDE
1377 274 1847 335 DISSERTATIO
1889 276 1961 333 IN
2005 276 2064 335 S.
2114 276 2459 343 NICETAM.
2498 313 2579 327 --
2619 283 2784 345 CAP.
2832 283 2953 341 Vll.

3500 295 3657 353 1018

232 402 391 486 apud
427 401 834 486 Aquileienses.
852 403 991 486 olim
1016 405 1339 486 .obtinebat,
1379 406 1559 486 tribus
1590 406 1893 486 singulari-
1924 410 1969 469 Α
2108 407 2249 486 illud
2282 411 2382 486 a_it_
2403 416 2687 486 praecipue
2736 416 3076 479 notandum,
3121 420 3273 486 quod
3304 419 3360 473 in
3391 423 3659 486 Explana—

232 471 782 547 bus‘additamentis
822 475 1052 547 insigni,
1084 481 1139 531 et
1178 477 1430 547 quadam
1470 477 1583 532 alia
1612 471 1890 533 varietate

230 542 525 618 distincta.
558 544 712 618 Cum
745 542 1055 618 formulam
1094 542 1242 601 hanc
1284 550 1502 603 Zabeus
1542 549 1889 618 ipsissimam

231 630 351 668 non
381 614 655 690 inveniat
700 615 757 669 in
802 616 1039 687 Symbolz’
1072 619 1472 690 Explanalz'one
1524 614 1734 675 N'icetaa
1780 620 1894 690 epi-

229 686 416 769 scopi,
444 685 609 767 .hinc
649 692 734 769 est
775 685 931 769 quod
974 705 1104 769 eam
1150 685 1891 769 ExplanationemdNice'tte

227 756 581 831 Aquileiensi
605 756 938 831 _abjudicat;
967 764 1023 814 et
1055 756 1485 831 longa—quidem
1517 762 1792 826 oratione,
1827 778 1893 817 ex

228 844 349 897 qua
380 827 752 915 intelligimus
790 846 970 915 unum
1014 847 1135 886 esse
1158 827 1369 887 hoc'ex
1400 832 1698 915 praecipuis
1729 850 1892 915 argu-

228 898 451 952 mentis
476 916 662 973 causae
686 917 824 956 sum.
852 901 990 973 Huic
1016 919 1354 973 responsum
1372 898 1437 958 ex
1457 898 1719 973 professo
1736 898 1893 958 dedi-

232 986 368 1044 mus
402 970 586 1040 capite
631 977 841 1044 quarto
865 972 1035 1044 hujus
1072 970 1281 1029 nostra;
1333 970 1753 1044 disputationis,
1798 974 1891 1029 ubi

230 1041 522 1115 etiam,_ex
549 1042 874 1115 manifestis
901 1041 1126 1099 indiciis
1151 1062 1275 1115 qua)
1306 1041 1671 1115 reperiuntur
1689 1041 1891 1101 veteris

230 1111 615 1188 Aquileiensis
661 1112 922 1188 formulae
947 1116 1001 1169 in
1044 1111 1310 1186 hac'ipsa
1338 1111 1581 1185 Symbolz'
1609 1118 1892 1188 Explana-

231 1182 613 1257 tion_e__Nicetze
640 1184 908 1257 episcopi,
939 1182 1517 1257 eamdem'pertinere
1539 1182 1888 1243 asseruimus

232 1254 307 1307 ad
338 1254 1063 1335 Nicetam.Aquileiensiein_
1090 1277 1100 1315 :
1139 1254 1488 1335 quapropter
1517 1258 1607 1313 hic
1627 1260 1893 1335 abstine-

230 1326 452 1409 musab
470 1325 629 1409 omni
646 1325 762 1409 aiia
787 1325 1308 1409 disquisitioneihac
1325 1325 1491 1409 super
1512 1347 1592 1397 re,
1626 1332 1667 1399 1
1684 1331 1797 1402 59
1821 1332 1888 1386 de

230 1413 351 1470 qua
374 1395 584 1450 ibidem
608 1398 754 1470 satis
782 1395 1059 1470 superque
1090 1400 1303 1454 dictum
1332 1395 1459 1455 fuit.

300 1468 557 1521 Numero
587 1468 945 1533 duodecimo,
972 1468 1052 1523 iac
1084 1470 1304 1525 decimo
1345 1471 1531 1535 tertio,
1586 1471 1888 1526 solvendas

228 1537 338 1611 sibi
371 1538 637 1611 proponit
661 1540 878 1594 Zabeus
909 1541 1274 1611 objectiones,
1307 1559 1447 1611 quas
1480 1542 1753 1611 praevidet
1783 1543 1885 1596 sibi

228 1556 338 1591 sim
371 1556 637 1662 proponit
661 1556 878 1594 Laneus
909 1556 1274 1611 Objectiones,
1307 1559 1447 1611 quas
1479 1556 1753 1664 prtevmet
1783 1556 1885 1596 smn

227 1609 301 1663 ab
336 1625 371 1662 a
397 1609 527 1679 iquo
567 1610 797 1665 obtendi
832 1628 1013 1681 posse,
1056 1630 1123 1666 ex
1165 1613 1366 1666 Latino
1396 1612 1471 1666 sci
1500 1612 1608 1666 ieet
1644 1628 1888 1668 sermone

226 1696 343 1750 quo
381 1684 617 1734 exarata
655 1686 739 1735 est
779 1683 1118 1749 Emplanatio
1164 1683 1414 1751 Symboli
1454 1683 1685 1746 Nieetze,
1724 1688 1780 1738 et
1820 1701 1885 1738 ex

2002 480 2149 560 tione
2169 480 2427 560 Symbolf
2441 480 2599 560 beati
2620 486 2825 541 Nicetze
2858 503 3046 560 sermo
3081 480 3168 541 est
3200 494 3401 545 contra
3430 480 3658 551 idolola-

2003 556 2193 631 triaei,
2216 557 2271 607 et
2290 558 2491 631 contra
2512 556 2758 631 haereses
2791 557 3102 631 praesertim
3126 560 3167 611 Α
3182 560 3484 627 λνὶαηονωη,
3512 567 3660 620 Mar-

2001 626 2360 697 ciom'tqrum,
2400 626 2813 697 Calaphryguni
2844 632 2893 681 et
2924 629 3375 686 Manio/urorum.
3424 626 3660 691 «Porro

2003 690 2121 771 inec
2151 694 2417 771 absurda,
2453 690 2673 771 ait'ille:
2690 690 2740 753 va
2770 698 3085 754 cultissima
3114 702 3558 771 Aquileiensium
3594 690 3659 762 ea

2003 764 2343 839 tempestate
2373 768 2687 837 provincia,
2722 774 2784 823 ut
2827 787 2995 824 suara
3023 764 3419 839 indicavimus,
3462 777 3660 833 abesse

2001 832 2315 890 debuerant
2347 832 2731 912 z'contravero
2766 842 2937 912 160
2967 842 3142 897 indoli
3174 832 3549 901 barbararum
3581 849 3660 903 fe-

2001 909 2666 980 rarumque__nationum
2712 909 3159 980 convepiebant;
3202 938 3221 964 ι
3260 916 3315 969 id
3352 921 3438 972 est
3480 918 3657 974 indoli

2002 977 2284 1057 Dacorum
2306 978 2562 1057 illorum,
2588 986 2650 1035 ut
2668 982 2784 1051 ipse
2812 988 3093 1057 autumat,
3115 977 3206 1055 qui
3229 987 3307 1040 eis
3332 988 3654 1044 Danubium

2000 1047 2444 1122 Remissianensi
2469 1047 2734 1122 episeopo
2757 1055 3046 1119 suberant,
3072 1047 3168 1111 Hie
3197 1058 3427 1113 interim
3458 1061 3657 1116 admo-

2001 1133 2133 1197 nere
2164 1118 2589 1197 iterum_juv_at,
2630 1118 2782 1179 male
2815 1142 2847 1179 a
2877 1118 3063 1180 Zabeo
3094 1128 3368 1197 appellari
3396 1131 3657 1187 barbaras

1996 1188 2242 1272 [erasgue
2268 1188 2539 1272 nationes,
2574 1212 2669 1272 eas
2700 1212 2835 1272 quin
2866 1188 3155 1272 dexteram
3169 1188 3429 1255 -Dannbii
3468 1202 3653 1272 ripam

1997 1260 2209 1316 Nicetae
2227 1267 2488 1334 tempore
2514 1260 3115 1330 incoleb‘ant,maxime
3140 1286 3271 1323 vero
3305 1260 3653 1327 Dardaniam

1998 1347 2095 1410 seu
2126 1348 2333 1410 novam
2357 1336 2593 1410 Daciam
2620 1337 3117 1400 Mcditerraneam,
3145 1340 3260 1404 ubi,
3279 1340 3651 1410 juxtaillum,

1997 1402 2203 1483 lgieetaa
2233 1405 2368 1483 Daci
2400 1407 2921 1483 episcopatus‘erat.
2947 1410 3056 1483 Sed
3082 1402 3300 1464 Zabeus
3328 1410 3386 1464 in
3414 1415 3534 1465 tota
3551 1402 3654 1467 sua

1998 1474 2404 1547 dissertatione
2436 1474 2609 1547 sirpe
2631 1479 2931 1533 confundit
2972 1482 3151 1534 Dacos
3196 1482 3486 1536 Romanos
3524 1499 3654 1537 cum

1997 1545 2282 1609 Barbaris,
2337 1552 2394 1601 et
2425 1545 2658 1603 Daciam
2718 1550 2954 1609 proinde
2983 1551 3463 1607 Cisdanubianam
3524 1570 3654 1608 cum

1994 1615 2554 1693 T_ran_sdanubiana}
2584 1615 2736 1690 quod
2765 1623 2937 1691 probe
2965 1623 3283 1677 necessario
3306 1623 3409 1693 ipsi
3432 1629 3556 1678 erat
3575 1624 3656 1678 fa-

1994 1685 2259 1773 ciendum
2294 1685 2799 1773 posthadoptat‘am
2845 1693 3197 1773 opinionem,
3236 1685 3395 1773 quod
3425 1694 3650 1773 Nicetes

224 1751 593 1834 cultui-asty“
617 1752 878 1834 ejusdem
895 1754 1345 1834 Explqna'tjonis.
1371 1753 1732 1834 Objectiones
1755 1771 1885 1834 vero
1920 1765 1965 1821 Β
1997 1755 2178 1834 Dacus
2218 1751 2403 1834 sancti
2426 1751 2652 1834 Paulini
2671 1751 2897 1834 Nolani
2922 1763 3138 1817 amicus
3160 1751 3455 1834 episcOpus
3482 1766 3653 1820 fuerit

226 1820 355 1894 ista:
383 1820 527 1894 tales
548 1820 681 1876 sunt
705 1823 907 1893 quibus
936 1820 1125 1879 omnis
1152 1825 1320 1879 Zabei
1350 1820 1640 1894 responsio
1667 1824 1885 1879 insuft‘r

226 1892 385 1947 ciens
414 1893 677 1966 videatur
710 1892 735 1949 ξ
756 1900 811 1949 et
847 1912 949 1950 nos
994 1913 1217 1966 quoque
1264 1892 1593 1965 paulo‘ante
1637 1897 1882 1951 ostendi-

227 1981 379 2047 mus,
402 1965 858 2047 'cylturamnstyli
884 1967 940 2020 in
960 1965 1159 2047 Latino
1178 1967 1401 2047 eloquio
1432 1968 1783 2047 apudDacos
1805 1968 1884 2021 eis

226 2035 555 2109 Danubium
582 2037 795 2109 positos
822 2054 937 2109 non
970 2038 1218 2108 potuisse
1241 2035 1450 2091 Nicetze
1473 2035 1605 2109 Daci
1626 2042 1883 2109 tempore

226 2105 507 2178 oblinere,
540 2105 673 2175 quia
701 2107 872 2162 simul
902 2105 1093 2163 in'una
1114 2110 1427 2178 eademque
1450 2105 1883 2178 provinciaduaa

225 2176 456 2249 linguae,
482 2177 677 2249 Graeca
698 2184 869 2249 atque
894 2180 1117 2245 Latina,
1134 2198 1167 2233 a
1195 2176 1377 2233 multo
1399 2176 1658 2249 tempore
1679 2179 1884 2235 existe-

225 2248 387 2321 bant,
419 2248 608 2321 minus
637 2248 1061 2305 vero’Latinum
1107 2251 1294 2321 ipsum
1335 2248 1654 2313 sermonem,
1707 2251 1880 2304 etiam

226 2319 445 2390 absque
468 2319 687 2373 cultura
713 2321 859 2390 styli,
884 2322 942 2376 in
964 2319 1144 2376 Dacia
1161 2323 1404 2375 barbara
1425 2321 1883 2375 Transdanubia-

224 2405 322 2474 na,
356 2389 667 2474 ubi‘reipsa
695 2389 921 2474 Nicetes
951 2392 1046 2447 ille
1068 2393 1663 2474 Dacusepiscopatum
1684 2392 1877 2462 gessit,

222 2460 416 2514 locum
448 2460 732 2527 habuisse,
766 2464 838 2518 Ut
863 2468 1056 2518 autem
1089 2460 1347 2518 nonnihil
1375 2460 1548 2518 etiam
1574 2462 1664 2517 hic
1692 2460 1796 2532 pro
1819 2480 1881 2518 re

225 2536 369 2603 nata
397 2532 677 2603 addamus
699 2534 771 2587 ad
802 2536 1301 2589 conﬁrmationem
1333 2551 1532 2589 eorum
1564 2550 1687 2603 quae
1716 2550 1880 2603 supe-

223 2602 344 2676 rius
375 2601 523 2657 dicta
539 2610 705 2676 sunt;
737 2604 916 2660 Ulﬁlaa
946 2606 1175 2675 quidem
1193 2606 1440 2676 episcOpi
1462 2601 1694 2676 factum,
1723 2601 1827 2658 sibi
1847 2622 1881 2659 a

224 2674 423 2747 Zabeo
440 2674 787 2747 oppositum,
813 2677 907 2746 qui
938 2674 1141 2747 quarto
1168 2674 1424 2731 Ecclesia":
1456 2675 1657 2747 szeculo
1676 2675 1732 2729 in
1755 2693 1881 2729 suo-

222 2760 358 2817 rum
390 2744 705 2817 Gothorum
738 2744 845 2801 seu'
866 2744 1135 2801 Getarum
1168 2747 1440 2817 gratiam,
1466 2746 1667 2817 quicis
1693 2747 1878 2800 Danu-

220 2815 384 2887 bium
416 2816 627 2871 Maesia;
659 2822 881 2887 partem
913 2835 979 2873 ac
1008 2815 1193 2873 etiam'
1210 2818 1463 2872 Thraciae
1488 2816 1735 2871 Valentis
1765 2820 1877 2871 Au-

218 2886 375 2959 gusti
405 2886 770 2942 coneessiOne
797 2889 1165 2944 obtinuerunt
1192 2889 1295 2959 (uti
1319 2905 1383 2942 ex
1416 2888 1650 2942 historia
1675 2891 1876 2942 notum

221 2957 354 3026 est),
386 2962 633 3031 quatuor
654 2959 961 3031 Evangelia
982 2961 1037 3014 in
1067 2957 1266 3015 eorum
1290 2960 1543 3031 linguam
1564 2959 1874 3023 transtulit,

221 3044 363 3101 qua;
384 3029 645 3093 Dordaei,
676 3047 741 3084 ex
770 3029 1016 3101 pretioso
1048 3032 1238 3085 codice
1278 3030 1431 3085 edita
1463 3030 1692 3101 fuerunt
1725 3046 1877 3084 anno

1995 1826 2368 1882 Remissianaa
2391 1829 2645 1903 civitatis
2662 1830 2725 1903 in
2760 1832 2931 1885 Dacia
2963 1826 3224 1887 Romana
3255 1826 3474 1903 positae.
3503 1837 3652 1889 Nam

1993 1913 2123 1951 cum
2172 1915 2239 1952 ex
2271 1904 2468 1954 saneto
2516 1901 2751 1975 Pauiino
2794 1906 3033 1975 constet,
3068 1901 3333 1975 barbaras
3362 1904 3551 1972 reipsa
3577 1906 3655 1975 fe-

1993 1984 2184 2048 rasque
2212 1976 2407 2048 gentes
2434 1987 2529 2025 eas
2569 1972 2764 2048 fuisse,
2798 1990 2919 2042 quae
2950 1974 3357 2048 beatoNiceta:
3384 1972 3646 2048 episeopo

1993 2041 2180 2116 amico
2194 2057 2296 2094 suo
2310 2041 2612 2116 suberant;
2631 2041 2886 2116 barbara:
2903 2044 3098 2116 procul
3114 2045 3284 2098 dubio
3300 2041 3557 2116 ferreque:
3570 2041 3651 2100 di-

1992 2111 2188 2185 cendae
2215 2117 2380 2185 erant
2422 2111 2603 2167 etiam
2627 2113 2740 2168 illae
2773 2114 2851 2168 cis
2886 2111 3205 2169 Danubium
3239 2111 3460 2185 positae,
3495 2122 3548 2171 et
3590 2117 3647 2171 in

1994 2182 2281 2237 Dardania
2302 2199 2398 2237 seu
2421 2199 2569 2237 nova
2590 2184 2760 2239 Dacia
2781 2186 3199 2241 Mediterranea
3220 2182 3563 2251 constitutae,
3590 2188 3649 2242 in

1992 2267 2057 2305 ex
2088 2254 2358 2329 cogitato,
2406 2254 3083 2329 Remissianensil‘licetie
3122 2257 3497 2329 episcopatu,
3526 2258 3650 2329 Ipse

1990 2337 2119 2397 vero
2137 2325 2374 2387 Zabeus,
2395 2325 2489 2394 qui
2512 2329 2711 2379 contra
2728 2326 2952 2380 Paulini
2977 2325 3173 2381 Nolani
3194 2325 3452 2397 apertam
3474 2325 3646 2383 ﬁdem

1990 2393 2212 2473 cogitur
2242 2393 2664 2473 asserere,_no_n
2698 2396 2873 2473 fuisse
2902 2397 3159 2473 Niceten]
3188 2393 3518 2473 episcopum
3551 2399 3647 2468 qui

1990 2465 2209 2539 primus
2236 2466 2496 2539 omnium
2524 2465 2576 2520 in
2606 2467 2839 2539 Daciam
2860 2467 3051 2521 intulit
3070 2465 3645 2539 Christireli'giouein,

1991 2533 2073 2587 uti
2103 2540 2295 2604 aperte
2328 2536 2385 2589 in
2409 2540 2543 2590 nota
2571 2538 2825 2591 secunda
2848 2540 2917 2591 ad
2950 2539 3199 2607 primam
3224 2533 3646 2594 dissertationis

1990 2621 2106 2679 suae
2138 2610 2393 2675 partem;
2435 2610 2529 2679 qui
2562 2607 2793 2679 insuper
2819 2608 3031 2679 fatetur
3078 2609 3289 2663 ibidem
3332 2626 3397 2664 ac
3426 2611 3644 2679 probat,

1982 2675 2108 2757 jam
2134 2692 2166 2729 a
2192 2675 2920 2757 temporeﬁiezeniconcilii
2946 2678 3118 2757 fuisse
3142 2678 3195 2732 in
3221 2675 3645 2757 eadem—Dacia,

1990 2747 2045 2822 in
2076 2747 2361 2822 Dardania
2382 2747 2600 2822 scilicet
2631 2765 2696 2802 ae
2721 2748 2777 2802 in
2806 2748 3006 2822 Maesia
3027 2766 3271 2822 quoque,
3308 2751 3494 2819 plures
3513 2752 3641 2822 jam

1989 2816 2288 2890 institutos
2305 2818 2660 2890 episcopatus
2691 2836 2819 2873 cum
2848 2819 2963 2873 suis
2994 2816 3268 2890 episcopis
3299 2816 3403 2874 suh
3436 2816 3644 2876 metro-

1988 2888 2105 2959 poli
2127 2888 2469 2954 Sardicensi,
2504 2891 2655 2959 quod
2692 2906 2829 2945 sane
2860 2907 2927 2944 ex
2956 2888 3348 2944 menumentis
3378 2892 3638 2947 ecclesiae

1988 2958 2140 3033 sticis
2180 2966 2372 3033 aperte
2402 2958 2645 3033 constat,
2691 2965 2745 3015 et
2775 2977 2880 3033 nos
2914 2978 3145 3033 quoque
3174 2962 3423 3016 secundo
3455 2962 3639 3033 capite

1990 3030 2159 3103 hujus
2186 3031 2603 3103 dissertationis
2627 3032 2754 3103 jam
2784 3032 2907 3086 fuse
2929 3030 3318 3097 ostendimus;
3347 3030 3637 3103 quomodo

222 3098 385 3175 i665,
415 3116 446 3153 θ.
477 3098 965 3175 ΙθιςειηοὶεεοΊᾳηὶο
997 3106 1053 3157 et
1082 3100 1674 3175 ThomaiMaresehaio
1700 3117 1712 3165 ;
1749 3101 1873 3163 hoc,
1914 3112 1957 3169 ο
1988 3098 2102 3154 non
2135 3100 2413 3175 intellexit
2444 3098 2715 3175 barbaras
2741 3104 2989 3173 ferasque
3009 3108 3225 3175 gentes,
3257 3098 3484 3175 non'nisi
3515 3121 3637 3175 per-

222 3170 485 3243 inquam,
527 3170 741 3243 factum
778 3172 891 3227 tale
922 3178 1023 3233 est,
1058 3172 1334 3243 quidquid
1364 3173 1580 3227 Zabeus
1610 3171 1779 3233 dicat,
1817 3177 1878 3224 ut

221 3242 428 3364 {irobet
448 3242 710 3323 Latinam
727 3243 983 3325 linguam
1007 3242 1349 3325 eo’t'empore
1372 3244 1519 3313 apud
1538 3246 1734 3314 gentes
1752 3243 1877 3324 bar-

264 3328 411 3364 aras.
446 3317 619 3364 etiam
651 3331 729 3364 eis
763 3315 1081 3364 Danubium
1108 3332 1163 3364 in
1188 3316 1476 3364 Romanas
1508 3320 1687 3364 terras
1707 3318 1877 3364 traie-

264 3328 411 3375 aras,
446 3313 619 3367 etiam
651 3314 729 3368 eis
762 3315 1081 3369 Danubium
1108 3315 1163 3368 in
1188 3315 1476 3368 Romanas
1508 3313 1687 3368 terras
1707 3314 1877 3383 traje-

220 3387 367 3456 eias,
390 3400 506 3456 non
531 3385 702 3456 fuisse
728 3385 1003 3456 linguam,
1028 3403 1140 3455 qua
1163 3391 1349 3455 posset
1366 3385 1501 3455 ipsis
1519 3384 1717 3454 religio
1735 3401 1875 3456 praef

221 3453 422 3525 dicari.
460 3455 619 3525 Quid
674 3453 845 3525 igitur
891 3458 935 3511 si
988 3453 1309 3511 Danubium
1343 3453 1747 3516 transeam’us.’
1781 3454 1872 3508 ubi

222 3524 432 3597 Nicetae
458 3524 591 3597 Daci
620 3528 954 3597 episcopalis
975 3544 1108 3581 cura
1133 3528 1299 3597 longe
1326 3528 1552 3597 lateque
1576 3526 1875 3596 protende-

222 3595 409 3667 batur,
444 3596 617 3650 etiam
656 3595 763 3667 iper
802 3595 897 3652 eas
946 3600 1017 3652 ad
1058 3595 1297 3653 Boream
1341 3595 1715 3667 RiphwaSque
1745 3613 1874 3650 oras

222 3665 505 3735 regiones,
532 3685 643 3738 quo
665 3665 969 3738 nunquam
1002 3671 1394 3723 Romanorum
1414 3665 1664 3738 vestigia
1688 3683 1873 3737 perve-

221 3741 459 3810 nerant;
492 3743 549 3792 et
578 3739 671 3793 ubi
722 3741 1103 3794 Barbarorum
1148 3744 1367 3810 gentes,
1420 3739 1593 3810 etiam
1644 3754 1769 3810 quite
1800 3738 1873 3791 ad

218 3807 427 3881 laevam
460 3810 697 3865 Danubii
729 3810 911 3881 ripam
937 3812 1061 3865 sitae
1083 3807 1267 3875 erant,
1310 3810 1367 3881 in
1397 3808 1621 3881 proprio
1644 3808 1784 3873 solo,
1820 3812 1876 3862 et

220 3895 255 3952 a
292 3880 685 3952 Romanarum
716 3879 983 3937 societate
1010 3883 1279 3952 seiunctae
1303 3879 1531 3952 jamdiu
1572 3894 1873 3952 permane-

218 3948 401 4003 bant?
427 3952 535 4005 Sed
567 3950 657 4005 hic
678 3954 750 4005 ad
778 3953 987 4023 linguae
1018 3948 1190 4008 etiam
1224 3948 1436 4006 Latinae
1466 3948 1648 4004 fatum
1681 3950 1875 4023 oculos

216 4026 623 4094 convertamus
652 4020 895 4093 oportet,
932 4028 1231 4094 postquam
1283 4023 1667 4094 Barbarorum
1698 4020 1874 4094 copia:

218 4108 249 4146 e
271 4091 796 4164 Transdanubianis
814 4091 1135 4164 regionibus
1152 4094 1206 4147 in
1224 4096 1545 4164 Romanum
1570 4091 1873 4164 imperium

220 4163 475 4232 undique
506 4164 805 4233 irruentes,
838 4162 991 4220 orbis
1032 4170 1313 4219 terrarum
1344 4163 1547 4217 faciem
1580 4162 1777 4232 quinto
1810 4178 1873 4215 ac

220 4237 384 4314 Sesto
410 4235 610 4314 smculo
639 4237 1040 4314 immutarunt.
1075 4239 1399 4314 Romanum
1431 4234 1626 4314 orbem
1653 4233 1872 4314 procui-

222 4303 397 4377 dubio
425 4309 622 4377 gentes
642 4306 749 4359 illa:
773 4308 1357 4377 ubiqueinvenerunt,
1384 4303 1707 4359 maximein
1733 4303 1874 4377 occi-

219 4374 351 4427 duis
370 4376 650 4457 partibus,
667 4378 862 4457 Latine
880 4374 1229 4457 loquentem:
1252 4377 1308 4431 Si
1337 4392 1504 4457 porro
1527 4375 1873 4457 gentes‘illas

216 4462 506 4567 gonamus
531 4447 715 4501 Latini
755 4446 1037 4502 sermonis
1069 4466 1182 4503 non
1214 4448 1443 4519 ignaras
1477 4446 1667 4516 fuisse,
1702 4446 1782 4500 ita
1815 4450 1875 4499 ut
1906 4472 1949 4528 Ι)

216 4550 229 4567 λ
268 4516 477 4567 iretam
509 4519 835 4567 eniseomim
877 4524 1081 4567 nnarto
1112 4524 1168 4567 et
1197 4518 1397 4567 miinto
1426 4517 1628 4567 saeculo
1675 4516 1873 4567 Latine

215 4550 229 4570 Δ

268 4516 477 4590 icetam
509 4519 835 4590 episcopum
877 4524 1081 4589 quarto
1112 4524 1168 4573 et
1197 4516 1397 4590 quinto
1426 4517 1628 4590 saeculo
1675 4516 1873 4590 Latine

215 4587 479 4659 culteque
510 4587 835 4658 loquentem
860 4587 1148 4659 potuerint
1184 4587 1388 4659 ubique
1431 4588 1562 4642 Daci
1596 4604 1661 4641 ac
1692 4588 1870 4659 Getae,

216 4658 376 4731 Dessi
403 4674 469 4711 ac
496 4660 716 4729 Scythae
749 4660 804 4713 in
845 4658 961 4715 suis
986 4658 1308 4731 regionibus
1339 4659 1675 4729 intelligere,
1710 4663 1767 4713 et
1800 4658 1873 4712 ad

216 4728 373 4802 illius
403 4728 599 4783 vocem
633 4732 957 4802 barbariem
976 4728 1160 4802 ipsam
1187 4728 1618 4802 quodammodo
1645 4745 1869 4802 exuere,

216 4804 275 4853 et
302 4800 377 4853 ad
400 4816 543 4873 verae
575 4801 861 4873 religionis
889 4800 1303 4873 professionem
1322 4802 1618 4873 accedere;
1647 4818 1746 4873 cur
1767 4800 1872 4854 lin-

213 4886 393 4940 guam
428 4871 1217 4944 Latinam‘longelatequein
1249 4872 1549 4944 Occidente
1570 4872 1873 4925 dominan-

214 4947 358 5005 tem,
393 4942 644 4997 maxime
671 4961 800 4998 vero
828 4942 895 4998 in
930 4942 1092 4999 Italia
1124 4944 1217 4998 ubi
1247 4943 1436 4997 natale
1467 4942 1652 4995 solum
1695 4959 1759 4995 ac
1789 4957 1873 4996 se-

214 5013 349 5067 dem
393 5014 731 5084 prtecipuam
774 5016 1194 5079 liabebat;cur,
1241 5014 1494 5082 inquam,
1524 5018 1721 5081 gentes
1758 5012 1869 5066 illae

212 5084 485 5157 Latinam;
507 5084 763 5157 linguam
797 5086 1055 5156 protinus
1086 5102 1199 5139 non
1233 5084 1869 5157 didicerunt;_cur_ear_n

213 5152 641 5226 potiusiubiqu'e
676 5152 1030 5211 obtinentem
1070 5159 1212 5211 adeo
1241 5156 1559 5209 iniecerunt
1607 5152 1869 5207 barbarie

208 5224 427 5298 proprii
455 5224 756 5292 sermonis,
792 5229 985 5298 utjain
1005 5228 1199 5298 lingua
1221 5226 1441 5290 Latina,
1462 5226 1715 5298 ipsarum
1738 5240 1871 5298 gen-

207 5295 359 5350 tium
389 5313 580 5357 causa.
615 5298 825 5368 passim
862 5295 1111 5353 desieritv
1132 5315 1252 5353 esse
1294 5295 1636 5368 communis,
1674 5312 1737 5349 ae
1774 5295 1869 5348 de-

209 5384 375 5421 mum
407 5369 583 5422 sacris
610 5366 834 5423 tantum
868 5370 1115 5433 addicta,
1152 5374 1208 5423 et
1248 5369 1303 5422 in
1336 5366 1660 5421 scholarum
1689 5382 1867 5436 angu-

206 5438 334 5491 stiis
363 5438 636 5517 relegata,
662 5457 873 5517 novam
895 5441 1219 5517 linguarum
1243 5439 1491 5517 formam
1516 5438 1588 5490 ad
1607 5437 1866 5517 omnium

207 5526 378 5581 usum
398 5508 630 5581 gignere
656 5512 821 5565 veluti
845 5508 1040 5567 coacta
1062 5512 1243 5572 fuerit,
1265 5510 1489 5579 qualem
1512 5525 1661 5581 nunc
1687 5508 1865 5581 ipsiin

209 5580 378 5634 Italia
398 5578 703 5659 loquimur,
729 5585 1070 5659 quaiemque
1094 5584 1148 5659 in
1171 5578 1364 5637 Galliis
1391 5584 1558 5659 atque
1584 5578 1867 5659 Hispaniis

206 5653 474 5724 usurpari
500 5650 807 5724 novimus?
835 5656 943 5708 Sed
973 5650 1044 5708 ad
1067 5654 1209 5708 alias
1239 5650 1673 5724 progrediamur
1697 5650 1865 5704 Zabei

209 5721 765 5778 animadversiones.

284 5792 475 5864 Pergit
498 5794 690 5865 itaque
716 5796 933 5853 Zabeus
959 5795 1241 5869 pem'tiora
1262 5792 1527 5863 scrutari,
1551 5797 1607 5849 et
1628 5807 1866 5848 numero

1986 3188 2181 3241 peram
2212 3189 2276 3226 ac
2304 3172 2530 3245 injurie,
2556 3175 2662 3228 diei
2699 3172 2861 3245 pesse
2896 3172 2991 3228 eas
3017 3172 3239 3244 'quibus
3271 3174 3495 3230 bicetas
3519 3172 3640 3245 epi-

1985 3259 2192 3316 seopus
2213 3243 2688 3316 Remissianensis
2714 3244 2769 3298 in
2796 3243 3066 3299 Romana,
3087 3244 3257 3299 Dacia
3285 3243 3637 3316 praefuisset?

1985 3312 2099 3438 Sed
2126 3315 2198 3367 ad
2249 3331 2457 3369 novam
2488 3315 2663 3385 ipsius
2704 3316 3263 3372 animadversionem
3285 3312 3429 3388 'jam
3474 3332 3637 3372 acce-

2025 3400 2209 3438 amns.

2025 3400 2209 3438 amus.

2056 3456 2134 3527 De
2162 3455 2485 3510 idololatria
2514 3456 2655 3510 nihil
2687 3461 2771 3511 est
2806 3456 2895 3510 hic
2935 3458 3266 3511 addendum
3311 3457 3383 3511 ad
3408 3473 3476 3512 ea
3506 3473 3635 3527 quin

1985 3525 2229 3608 diximus
2260 3527 2331 3606 ab
2363 3526 2727 3608 iiiitioiiujus
2764 3527 2984 3608 capitis,
3021 3528 3112 3582 ubi
3156 3525 3638 3608 ostendimus—ha-

1988 3595 2172 3651 buisse
2196 3596 2384 3665 reipsa
2413 3595 2800 3665 Aquileienses
2832 3595 2983 3667 ipsos
3013 3599 3284 3667 praesules
3313 3614 3412 3652 cur
3441 3599 3640 3654 adver-

1984 3684 2078 3721 sus
2109 3666 2447 3738 idololatria:
2464 3668 2733 3737 reliquias
2757 3666 2929 3721 etiam
2955 3666 3154 3738 quinto
3178 3667 3386 3723 saeculo
3404 3668 3639 3724 dimica-

1982 3743 2129 3791 rent.
2161 3737 2307 3801 Quid
2340 3754 2489 3790 nunc
2529 3738 2599 3792 de
2638 3738 2949 3793 liaeresibus
2975 3737 3347 3801 Arianorum,
3399 3740 3638 3794 Marcio-

1982 3808 2259 3879 nilarum,
2318 3807 2721 3879 Cataphrygum
2763 3813 2820 3863 et
2865 3810 3348 3865 Manz'chworum?
3391 3811 3641 3865 Breviter

1984 3878 3003 3952 animadvertamusopertet,nullam
3027 3882 3441 3952 propemodum
3469 3882 3641 3936 fuisse

1983 3949 2242 4004 haeresim
2254 3954 2636 4019 contraquam
2653 3949 3337 4021 Aquileiensis'episcopus
3353 3968 3420 4005 ea
3432 3957 3642 4020 tempe-

1984 4024 2130 4074 state
2152 4035 2263 4073 non
2288 4020 2544 4074 debuerit
2567 4021 2759 4076 ﬁdeles
2780 4038 2911 4075 suos
2934 4020 3310 4084 communire,
3334 4022 3449 4075 sive
3471 4020 3641 4090 Aqui-

1984 4091 2106 4145 leize
2136 4091 2377 4155 sederet,
2410 4091 2527 4144 sive
2556 4091 2690 4145 alibi
2714 4091 2769 4145 in
2803 4092 3031 4146 dimeesi
3058 4108 3179 4159 sua,
3214 4097 3275 4146 et
3305 4092 3377 4145 ad
3409 4096 3637 4160 portum

1984 4162 2157 4216 etiam
2190 4161 2560 4215 Romatinum
2596 4178 2708 4215 non
2755 4162 2930 4216 semel
2970 4161 3224 4216 evenisse
3258 4162 3636 4228 arbitramur;

1983 4249 2111 4286 cum
2132 4237 2333 4285 notum
2356 4232 2429 4285 sit
2445 4249 2509 4286 ex
2524 4232 2783 4297 historia,
2807 4250 2873 4287 eo
2888 4236 3163 4302 tempore,
3184 4250 3246 4287 ac
3268 4233 3449 4287 multo
3462 4232 3639 4288 etiam

1984 4308 2136 4368 ante,
2162 4320 2228 4358 ex
2250 4307 2369 4357 toto
2393 4302 2642 4365 Oriente.
2668 4320 2734 4358 ex
2758 4304 2975 4360 Graecia
2992 4304 3287 4359 nimirum.
3312 4320 3380 4359 ex
3400 4304 3550 4368 Asia,
3572 4320 3639 4360 ex

1983 4373 2178 4446 Ponto
2198 4374 2434 4446 Euxino,
2475 4390 2541 4429 ex
2572 4376 2833 4445 Algypto,
2889 4390 3111 4429 necnon
3143 4392 3209 4430 ex
3243 4375 3369 4429 aliis
3414 4391 3639 4446 quoque

1984 4444 2183 4517 mundi
2216 4445 2491 4515 partibus,
2522 4444 2850 4517 commercii
2881 4462 3072 4509 causa,
3104 4444 3510 4517 cujuscumque
3541 4444 3639 4501 Seu

1983 4515 2275 4585 religionis
2305 4532 2403 4570 seu
2435 4516 2643 4571 erroris
2676 4516 2938 4571 homines
2960 4519 3031 4571 ad
3058 4515 3367 4572 maritimas
3385 4515 3639 4572 Venetiae

1984 4602 2112 4641 oras
2127 4586 2437 4659 appulisse,
2474 4586 2907 4659 Aquileiamque
2942 4589 3253 4658 prmsertim
3282 4587 3636 4659 petiisse,ibi-

1982 4674 2091 4727 quc
2122 4657 2431 4712 incolatum
2453 4657 2629 4713 etiam
2654 4657 3058 4728 permanenter
3076 4657 3366 4729 habuisse,
3390 4659 3562 4715 veluti
3582 4659 3639 4729 in

1984 4731 2120 4783 urbe
2151 4746 2274 4799 quze
2302 4729 2624 4799 emporium
2656 4735 2780 4785 erat
2804 4728 3438 4800 locupletissimum,ac
3469 4728 3640 4784 veluti

1982 4804 2242 4855 centrum
2275 4800 2503 4855 unionis
2530 4800 2702 4855 totius
2734 4802 2923 4865 orbis;
2954 4801 3331 4856 Occidentalis
3355 4816 3562 4869 nempe
3584 4803 3641 4852 et

1983 4871 2308 4926 Orientalis.
2325 4876 2660 4927 mercatura!
2684 4872 2956 4925 faciendae
2968 4871 3173 4941 gratia.
3197 4872 3453 4941 Adeatur
3468 4882 3641 4941 super

1982 4942 2089 4997 hac
2115 4959 2173 4996 re
2199 4942 2550 4996 clarissimus
2582 4942 2839 5004 Filiasus,
2874 4939 3127 4996 Memorio
3157 4941 3392 4995 storiehe
3419 4940 3507 4993 dei
3548 4939 3640 4993 Ve-

1982 5014 2096 5067 neti
2120 5014 2296 5083 primi
2324 5013 2633 5083 e'secondi,
2656 5018 2811 5065 tomo
2842 5014 2901 5076 II,
2951 5012 3135 5082 capite
3169 5012 3258 5083 22,
3297 5010 3390 5081 qui
3433 5012 3503 5064 de
3533 5008 3639 5064 hoc

1982 5088 2321 5154 argumento
2349 5084 2567 5154 erudite
2593 5082 2762 5136 simul
2789 5100 2853 5137 ac
2888 5083 3113 5154 copiose
3144 5082 3283 5154 agit.

2057 5148 2125 5229 Ut
2169 5153 2428 5233 vei-onita
2478 5170 2679 5222 reapse
2734 5154 2803 5207 de
2852 5148 3319 5233 Aquileiensi'bus
3361 5148 3637 5233 episcopis

1982 5222 2151 5276 fuisse
2181 5220 2608 5286 conﬁrmamus,
2644 5240 2770 5277 ecce
2793 5220 2956 5277 nobis
2978 5221 3353 5292 Aquileiensis
3376 5220 3637 5276 Ecclesia:

1980 5294 2270 5362 presbyter
2302 5294 2557 5355 Rufinus.
2591 5293 2687 5363 qui
2720 5296 2789 5347 de
2821 5293 3170 5363 Aquileiensi
3222 5292 3471 5348 Ecclesia
3510 5308 3634 5347 rem

1978 5363 2325 5433 singularem
2358 5364 2519 5417 nobis
2546 5368 2807 5424 testatur.
2843 5364 2993 5433 quod
3024 5368 3244 5434 spectat
3274 5364 3344 5417 ad
3366 5364 3634 5427 haereses,

1980 5436 2036 5487 in
2074 5435 2501 5489 Commentario
2534 5452 2634 5489 suo
2668 5451 2821 5504 saepe
2851 5435 3021 5489 citato
3054 5435 3110 5489 in
3142 5435 3472 5506 Symbolum
3507 5452 3637 5505 apo-

1979 5506 2256 5577 stolorum
2286 5522 2297 5569 ;
2324 5509 2380 5577 et
2419 5522 2537 5559 rem
2576 5506 2854 5576 profecto,
2885 5507 3047 5575 cujus
3073 5506 3161 5560 vix
3192 5506 3349 5560 aliud
3380 5509 3639 5577 superest

1979 5576 2300 5646 exemplum
2327 5576 2382 5629 in
2408 5580 2527 5631 tota
2555 5576 2899 5632 Oceidentali
2937 5577 3199 5632 Ecclesia.
3227 5577 3639 5632 Additamenta

1978 5647 2193 5702 scilicet
2223 5648 2384 5701 nobis
2416 5647 2663 5712 exhibet,
2693 5666 2814 5720 quae
2838 5648 3228 5719 apostolorum
3249 5648 3637 5720 Symboloin.

1978 5727 2277 5775 seruerunt
2326 5723 2544 5791 veteres
2596 5718 2973 5791 Aquileiensis
3038 5718 3301 5775 Eeclesiaa'
3344 5718 3635 5791 praesules,

1978 5791 2210 5861 majores
2234 5790 2413 5847 nostri
2438 5791 2508 5846 ab
2548 5792 2752 5847 eodem
2783 5790 2999 5847 ibidem
3032 5791 3327 5864 appellati,
3348 5790 3426 5846 ut
3462 5790 3629 5861 16],
