4004 6182
245 274 402 335 1025

844 288 847 295 ‘
924 269 987 328 P.
1037 266 1331 329 BRAIDAE
1372 264 1845 328 DlSSERTATIO
1885 264 1958 324 IN
2001 267 2061 327 S.
2108 266 2462 330 NICETAM.
2494 268 2757 331 —CAP.
2805 268 2929 331 VII.

3498 279 3649 338 1026

241 400 739 479 vemsimjnimum
763 397 1003 463 videtur,
1031 402 1103 453 ad
1134 398 1511 479 provinciales
1533 414 1666 478 suos
1684 396 1897 478 episco-
1925 402 1973 460 Α
2003 416 2116 479 non
2150 405 2277 479 erat
2302 401 2393 457 hic
2409 401 3061 479 se_rmo_d_e_ha3resibus_;
3091 418 3205 479 nou
3220 403 3473 479 singulas
3488 425 3650 479 pseu-

238 493 344 546 pos
368 473 633 546 misisset,
659 475 723 546 Aut
749 486 948 546 eorum
971 486 1038 524 ac
1050 472 1518 546 presbyterorum
1536 469 1794 546 uniuscuj
1808 485 1897 523 us-

237 539 351 617 que
372 541 883 617 subscriptionibus
904 539 1249 617 firmaretur,
1271 540 1532 617 libellum
1562 539 1893 617 praedictum

237 610 270 671 εἰ
298 610 609 671 nonnullis
622 630 689 668 ex
707 612 911 666 eisdem
942 610 1244 682 Pelagiana
1271 610 1639 666 labeinfectis
1658 610 1892 682 accepit,

236 704 352 757 quo
379 691 436 741 et
457 683 929 757 subscriptionem
950 681 1263 757 _tractoriaa_
1280 682 1488 757 Zosimi
1512 698 1608 757 eos
1659 681 1894 752 apertis-

235 753 383 813 sime
400 763 691 812 recusaSsc
711 753 1009 824 intellexit,
1040 758 1098 807 ct
1119 756 1190 807 ad
1211 753 1520 824 plenariam
1536 753 1711 808 etiam
1729 768 1893 824 synof

235 830 379 884 dum
404 842 712 898 provocare
743 840 911 898 ausos
934 823 1130 881 fuisse.
1181 822 1465 898 Incertum
1517 822 1892 898 quidemqui

234 894 544 955 fuerintilli
569 915 582 962 ;
608 900 663 951 et
677 895 1130 965 aequcincertum
1158 912 1296 949 num
1319 896 1632 966 presbyteri
1659 894 1888 966 fuerint,

237 988 312 1025 an
333 969 507 1024 simul
533 968 709 1023 etiam
737 966 983 1037 episcopi
1017 965 1330 1037 aliqui,rex'
1370 965 1610 1021 numero
1648 965 1891 1037 fortasse

233 1042 467 1096 illorum
495 1041 692 1093 decem
722 1036 785 1093 ct
808 1042 954 1097 octo,
989 1038 1105 1108 qui,
1147 1036 1373 1092 Juliano
1398 1036 1695 1092 Eclanensi
1728 1037 1888 1101 duce,

236 1113 341 1167 soli
366 1112 423 1165 in
455 1110 716 1165 universa
740 1108 984 1163 Ecclesia
1000 1108 1647 1163 tractoriaesubscribere
1669 1123 1891 1162 recusa-

234 1188 379 1237 runt
413 1199 424 1235 :
458 1180 757 1236 indubiam
772 1184 966 1233 tamen
986 1178 1223 1233 omnino
1247 1180 1486 1244 videtur,
1507 1182 1634 1249 post
1663 1182 1749 1232 tot
1768 1194 1893 1233 eru-

237 1254 493 1330 ditorum
516 1251 821 1330 judicium,
853 1266 951 1330 eos
980 1251 1051 1303 ad
1078 1248 1888 1330 Aquileiensem’pro-viuciam

235 1319 598 1395 pertinuisse,
638 1326 694 1375 et
724 1320 1029 1395 ex__ordine
1081 1319 1259 1395 etiam
1309 1320 1649 1395 sacerdotali
1695 1319 1889 1395 fuisse,

277 1396 445 1449 uibus
467 1411 499 1448 a
530 1391 975 1461 metropolitano
1006 1391 1268 1461 episcopo
1296 1408 1363 1445 ex
1397 1392 1673 1445 mandato
1708 1390 1891 1461 ponti-

277 1414 445 1449 UIDUS
467 1414 499 1448 ἃ
530 1414 975 1461 metropouwuo
1006 1414 1268 1461 εριδυυρυ
1296 1414 1363 1445 ex
1397 1414 1409 1444 1

234 1414 362 1520 gcis
391 1463 602 1519 Zosimi
624 1461 963 1532 subscriptio
995 1467 1144 1517 esset
1177 1461 1409 1516 indicta.

308 1536 458 1600 Quid
487 1551 621 1589 vero
652 1538 779 1603 post
830 1530 993 1588 hinc?
1032 1534 1205 1587 Adest
1249 1532 1599 1603 supracitata
1650 1530 1889 1601 epistola

233 1607 421 1661 sancti
454 1605 651 1661 Leonis
684 1620 846 1675 papae
878 1605 950 1657 ad
973 1603 1392 1675 Aquileiensem
1449 1603 1776 1675 episcopum
1807 1603 1893 1656 in-

232 1679 471 1748 scripta,
500 1681 555 1731 et
585 1677 658 1731 ad
685 1673 903 1748 annum
931 1674 1113 1748 relata
1138 1675 1260 1748 442,
1289 1674 1353 1748 in
1374 1673 1585 1748 quaex
1614 1673 1891 1748 relatione

235 1744 494 1827 Septimi
508 1764 605 1827 seu
622 1745 881 1827 Septimii
913 1745 1180 1827 episcopi,
1206 1745 1300 1827 qui
1321 1744 1661 1827 Altinatium
1680 1744 1893 1827 episActr

232 1815 340 1891 pus
381 1823 504 1897 erat
526 1819 585 1872 in
608 1815 952 1897 Aquileiensi
974 1815 1283 1897 provincia,
1305 1833 1366 1897 se
1388 1815 1686 1897 agnovisse
1717 1815 1890 1897 163

233 1887 623 1971 conqueritur,
644 1888 899 1971 quosdam
925 1887 1287 1971 presbyteros,
1316 1892 1368 1943 et
1393 1887 1782 1971 diaconoshac.
1803 1887 1891 1941 di-

233 1958 382 2016 versi
405 1960 622 2015 ordinis
654 1958 892 2020 Clericos,
936 1974 1063 2028 quos
1092 1958 1395 2028 Pelagiana
1424 1961 1532 2012 sive
1554 1958 1891 2014 Caelestiana

235 2032 465 2089 haeresis
493 2031 687 2085 habuit
714 2029 1038 2099 implicatos,
1062 2031 1144 2082 ita
1166 2029 1593 2099 inAquileiensi
1604 2029 1891 2099 provincia

234 2104 313 2159 ad
343 2102 765 2157 communionem
787 2100 1109 2155 catholicam
1122 2100 1455 2170 pervenisse,
1473 2107 1531 2155 ut
1546 2099 1700 2153 nulla
1713 2100 1782 2154 ab
1799 2101 1892 2170 eis

232 2175 526 2255 damnatio
550 2169 1377 2255 proprii‘exigeretu:erroris,
1416 2177 1467 2225 ct
1506 2169 1891 2255 pastoralibus

234 2245 485 2300 excubiis
498 2241 732 2298 nimium
755 2242 1211 2305 doamitantibus,
1242 2244 1395 2312 lupos
1433 2241 1615 2297 ovium
1660 2241 1891 2312 pellibus

237 2323 400 2371 tectos
423 2315 488 2370 in
517 2314 650 2369 ovile
676 2313 1050 2381 Dominicum,
1101 2330 1205 2366 non
1265 2311 1523 2383 depositis
1577 2311 1889 2383 bestialibus

232 2389 443 2465 animis
455 2387 737 2441 introisse:
748 2388 1093 2465 quapropter
1102 2383 1547 2465 metropolitano
1568 2382 1889 2464 Aquileien-

235 2458 280 2512 si
316 2455 879 2531 episcOpoAprmcipit,
913 2459 976 2509 ut
999 2461 1334 2531 congregata
1356 2455 1554 2531 synodo
1584 2455 1888 2531 pravincia-

237 2525 381 2585 lium
405 2525 965 2593 sacerdotum,omnes
1001 2526 1116 2581 sive
1132 2525 1460 2595 presbyteri,
1489 2526 1600 2580 sive
1650 2525 1884 2589 diaconi,

232 2602 357 2657 sive
385 2600 647 2670 cujusque
669 2598 887 2653 ordinis
900 2597 1105 2660 clerici,
1129 2597 1222 2667 qui
1239 2597 1301 2649 de
1325 2597 1748 2670 Pelagianorum
1763 2599 1889 2670 tia:-

238 2666 689 2739 lestianorumque
717 2670 978 2723 consortio
1018 2669 1076 2721 in
1113 2666 1533 2739 communionem
1570 2666 1887 2739 catholicam

235 2758 301 2797 ea
328 2738 707 2812 imprudentia
729 2740 1092 2809 suntrecepti,
1134 2746 1197 2812 ut
1226 2755 1332 2792 non
1355 2738 1527 2812 prius
1552 2738 1622 2791 ad
1666 2738 1888 2792 damna-

236 2808 434 2868 tionem
465 2816 552 2866 sui
582 2817 997 2866 coarctarcntur
1015 2809 1241 2869 erroris.
1274 2808 1419 2862 nunc
1446 2808 1656 2873 saltem,
1681 2814 1887 2878 postea-

233 2900 407 2954 quam
439 2883 741 2953 hypocrisis
769 2897 957 2936 eorum
986 2896 1059 2935 ea:
1090 2880 1333 2954 quadam
1356 2885 1523 2954 parte
1582 2879 1884 2954 detegitur,

234 2950 313 3009 ad
340 2950 529 3008 veram
558 2954 965 3016 correctionem,
994 2966 1115 3022 qua:
1137 2958 1190 3005 et
1222 2951 1360 3019 ipsis
1382 2951 1645 3022 prodesse,
1678 2957 1727 3003 et
1755 2950 1889 3005 nul-

238 3026 310 3080 lis
337 3025 503 3096 possit
532 3040 737 3096 nocere,
765 3020 1083 3091 cogantur;
1108 3026 1166 3096 ut
1188 3022 1475 3096 damnent
1505 3020 1718 3076 scilicet
1733 3037 1887 3092 aper-

1923 1758 1966 1815 B
2003 1754 2064 1803 ut
2089 1753 2149 1802 ut
2172 1750 2379 1804 Nicetis
2394 1754 2650 1819 tempore
2664 1751 2733 1805 Pe

2005 472 2368 537 doecclesias,
2386 474 2521 544 quia
2549 474 2623 528 ad
2653 473 2813 528 illum
2839 474 3134 544 spectabat
3157 475 3225 529 de
3255 472 3505 533 Ecclesia
3527 485 3652 533 tan-

2002 546 2127 597 tum
2159 544 2442 599 catholica
2468 544 2669 600 dicere.
2698 546 2860 609 Quod
2884 546 2929 598 si
2961 545 3445 615 pseudoecclesias
3473 549 3654 604 nomi-

2004 619 2106 695 nat
2111 615 2577 697 Manichaeorum,
2600 615 3119 697 Cataphrygarum,
3135 616 3648 697 Marcionistarum,

2003 684 2296 762 evidenter
2308 690 2463 762 patet
2487 702 2584 741 eas
2605 684 2936 762 nominasse
2949 704 3121 762 causa
3134 690 3540 762 tantummodo
3560 684 3655 762 po-

2002 756 2175 810 ncndi
2206 756 2447 880 alicujus
2473 757 2717 827 exempli
2757 757 3030 812 falsarum
3078 758 3477 828 Ecclesiarum,
3541 756 3653 832 quo

2002 828 2211 880 veritas
2242 829 2347 880 Ecc
2370 828 2503 880 esim
2524 828 2819 880 catholicae
2840 846 2905 880 ex
2926 829 3176 880 ipsarum
3203 830 3477 880 falsarum
3499 849 3653 880 com-

2001 828 2211 882 veritas
2242 828 2503 883 Ecclesia:
2524 828 2819 883 catholicae
2840 846 2905 884 ex
2926 829 3176 899 ipsarum
3202 830 3477 886 falsarum
3499 828 3654 887 com-

2004 898 2518 971 parationemagis
2544 899 2842 971 magisque
2875 900 3312 970 splendescerct.
3363 903 3653 958 Satisfecit

2002 967 2194 1045 itaque
2226 969 2325 1045 fini
2346 967 2457 1041 quo
2480 967 2931 1045 mentemsuam
2960 970 3255 1045 dirigebat,
3279 974 3416 1027 dum
3430 974 3651 1045 aliquas

2003 1040 2323 1117 nominavit
2348 1040 2378 1117 εί
2394 1057 2509 1117 non
2528 1041 2924 1117 d_efuit_oft_i_cio
2942 1041 2987 1096 si
3002 1040 3140 1117 alias
3155 1045 3495 1116 prmterivit;
3518 1040 3651 1117 quia

2002 1127 2115 1182 non
2150 1116 2273 1165 erat
2305 1112 2396 1166 hic
2425 1113 2495 1166 de
2524 1112 2762 1182 singulis
2792 1112 2998 1176 dicere,
3032 1116 3129 1169 sed
3158 1119 3384 1169 tantum
3430 1112 3499 1171 de
3534 1112 3653 1171 ali-

2001 1181 2559 1255 quibusuesemplum
2602 1181 2829 1255 ponere.
2880 1185 3051 1255 169
3101 1186 3423 1241 Nominatis
3452 1192 3648 1243 tamen

2000 1252 2179 1307 tribus
2206 1253 2317 1330 illis
2347 1252 2815 1330 pseudoecclesiis
2842 1252 3318 1330 Manichaeorum,
3340 1258 3650 1330 Cataphry-

2000 1339 2228 1393 garum,
2262 1325 2993 1389 Marcionistarum,nonne
3043 1328 3111 1381 de
3165 1328 3429 1383 omnibus
3475 1325 3649 1384 etiam

2002 1411 2325 1449 sermonem
2350 1396 2523 1450 habet
2548 1397 2684 1450 dum
2717 1396 2908 1451 subdit
2938 1412 2951 1451 :
2984 1397 3065 1453 vel
3092 1404 3411 1454 cwterorum
3431 1401 3651 1456 ἠκηίὶ-

1999 1481 2205 1530 eorum,
2236 1467 2351 1521 sive
2373 1467 2846 1522 schismaticorum
2867 1470 2894 1521 ?

2071 1537 2508 1597 Pelagianorum
2542 1538 2916 1593 nihilominus
2945 1539 3276 1593 distinctam
3294 1541 3651 1597 mentionem

2000 1606 2190 1682 videre
2204 1579 2301 1662 zhic
2331 1608 2600 1682 voluisset
2620 1610 2854 1682 zabeus,
2880 1609 2937 1682 si
2958 1627 3086 1682 vere
3117 1612 3191 1665 ad
3229 1612 3649 1682 Aquileiensem

2001 1678 2327 1748 cpiscOpum
2354 1679 2613 1734 Nicetam
2643 1680 2979 1803 Explanatio
3012 1681 3134 1735 haec
3174 1678 3505 1763 pertineret.
3553 1686 3650 1738 Ast

2003 1754 2064 1803 ut
2089 1753 2149 1802 ut
2172 1750 2379 1803 Nicetis
2394 1754 2650 1803 tempore
2664 1751 2733 1803 Pe
2760 1751 2966 1803 aeiana
2983 1752 3287 1803 hmresxsin
3304 1753 3650 1803 Aauilniensi

2760 1751 2966 1831 agiana
2983 1751 3217 1831 haeresis
3232 1753 3287 1831 iu
3302 1753 3651 1831 Aquileiensi

2001 1820 2292 1944 provincia
2316 1823 2625 1875 sectatores
2652 1820 3043 1881 habuisset.de
3059 1839 3171 1891 quo
3194 1823 3343 1877 infra
3355 1820 3608 1879 dicemus
3630 1843 3646 1895 ;

2047 1890 2419 1944 elaeianismo
2449 1894 2601 1944 certe
2633 1907 2747 1944 non
2760 1892 2987 1944 erathic
3012 1892 3168 1944 locus
3191 1895 3341 1944 anud
3366 1894 3646 1944 Nicetam.

2047 1890 2419 1962 elagianismo
2449 1894 2601 1946 certe
2633 1907 2747 1962 non
2760 1892 2987 1946 erathic
3012 1890 3168 1947 locus
3191 1895 3341 1962 apud
3366 1890 3646 1958 Nicetam,

1999 1961 2133 2042 quia
2162 1962 2254 2016 hic
2278 1961 2747 2042 pseudpecclesiae
2778 1961 3315 2042 erant‘indicandae,
3347 1980 3446 2019 seu
3477 1964 3653 2042 haere-

1998 2032 2262 2098 ticorum,
2283 2048 2379 2087 seu
2400 2032 2898 2087 schismaticorum
2923 2050 2935 2087 :
2958 2033 3241 2104 Pelagiani
3265 2051 3417 2100 vero,
3448 2039 3509 2089 ut
3529 2052 3648 2091 om-

1998 2103 2163 2184 nibus
2193 2108 2548 2184 compertum
2565 2120 2686 2184 esse
2709 2103 3002 2176 potestqui
3018 2103 3228 2184 eorum
3245 2111 3374 2184 acta
3397 2106 3648 2179 perlege-

1996 2174 2129 2241 rint,
2161 2176 2232 2229 ab
2259 2174 2422 2228 initio
2451 2175 2623 2246 hujus
2639 2174 2939 2230 haereseos
2952 2192 3132 2245 usque
3158 2178 3232 2230 ad
3260 2174 3458 2241 ﬁnem,
3487 2174 3651 2232 num-

1998 2262 2176 2318 quam
2237 2246 2545 2300 Ecclesiam
2615 2261 2713 2300 seu
2769 2246 3241 2318 pseudoecclesiam
3302 2248 3648 2318 peculiarem

1998 2315 2437 2379 constituerunt,
2471 2332 2584 2386 qua
2609 2332 2644 2369 a
2671 2315 2953 2387 catholica
2983 2315 3490 2387 distinguerentur,
3531 2323 3588 2373 et
3616 2335 3650 2373 a

1998 2404 2112 2456 qua
2131 2388 2407 2441 deberent
2429 2386 2694 2458 catholici
2724 2387 3031 2453 abstinere,
3063 2386 3227 2442 sicuti
3258 2389 3651 2458 pseudoeccle-

1997 2458 2111 2512 sias
2122 2456 2783 2521 constitueruntsibi,scu
2796 2458 2866 2512 ab
2878 2458 3111 2513 exordio
3125 2456 3385 2514 errorum
3398 2476 3645 2520 suorum,

1999 2545 2095 2583 seu
2129 2528 2314 2599 potius
2342 2532 2467 2597 post
2493 2528 2766 2598 temporis
2795 2529 3042 2599 lapsum,
3110 2530 3203 2585 alii
3252 2530 3647 2585 ecclesiastica:

1998 2600 2519 2671 pacisturbatores,
2566 2604 2628 2652 ut
2684 2604 2822 2671 puta
2872 2600 3188 2671 Manichzei,
3248 2601 3641 2671 Cataphrygm,

1996 2668 2363 2733 Marcionitae,
2418 2686 2560 2740 quos
2602 2668 2867 2740 nominat
2910 2669 3265 2740 Explanalio,
3322 2668 3421 2725 aut
3468 2668 3643 2725 etiam

1996 2740 2210 2804 Ariani,
2228 2739 2590 2802 Eunomiani,
2606 2739 2816 2810 aliique
2829 2740 2977 2794 inter
2990 2739 3304 2804 haereticos,
3322 2741 3642 2807 Novatiani,

1997 2810 2328 2874 Donatistae,
2361 2816 2418 2865 et
2445 2810 2542 2865 alii
2579 2827 2804 2934 quoque
2835 2810 2983 2866 inter
3033 2810 3447 2866 schismaticos.
3490 2812 3645 2867 Pela-

1997 2881 2147 2934 giani
2173 2881 2477 2934 siquidem.
2510 2898 2684 2934 uuam
2730 2881 2786 2934 iu
2812 2898 3011 2934 eorum
3037 2898 3194 2934 error
3222 2882 3482 2934 invaluit.
3529 2898 3645 2934 non

2035 2881 2147 2953 iani
2173 2881 2477 2953 siquidem,
2510 2881 2786 2953 quamdiu
2812 2898 3011 2936 eorum
3037 2898 3194 2936 error
3222 2882 3482 2947 invaluit,
3529 2898 3646 2937 non

2035 2899 2147 2937 1am
2173 2899 2477 2953 siquidem,
2510 2899 2786 2951 quamam
2812 2899 3011 2936 eorum
3037 2899 3194 2936 error
3222 2899 3482 2947 invaluit,
3529 2899 3646 2937 non

1996 2899 2340 3034 gestiterunt
2366 2953 2597 3033 quidem
2626 2950 2868 3034 qualate
2894 2953 3375 3034 potuerunt-virus
3396 2954 3649 3009 effunde-

1997 3040 2077 3090 re,
2101 3024 2283 3079 socios
2315 3022 2524 3095 erroris
2549 3022 2843 3095 asciscere,
2866 3022 3138 3093 patronos
3159 3024 3264 3095 sibi
3288 3041 3645 3095 comparare,

239 3098 309 3151 tis
332 3091 777 3167 professionibus
810 3096 928 3149 suis
978 3092 1203 3167 superbi
1246 3093 1452 3167 erroris
1507 3091 1778 3167 auctores,
1836 3098 1887 3146 et
1921 3091 1966 3151 Ο
2000 3094 2178 3149 acutis
2207 3094 2689 3167 disputationibus
2720 3091 3012 3167 dimicare,
3041 3094 3310 3167 captiosis
3341 3091 3517 3150 etiam
3534 3112 3648 3150 ser-

270 3164 509 3237 ιιίᾶᾳαὶιί
525 3166 584 3220 in
604 3166 860 3220 doctrina
879 3181 1079 3237 eorum
1101 3164 1448 3237 universalis
1505 3164 1754 3237 Ecclesia
1798 3178 1887 3218 exs

270 3184 509 3237 umqum
525 3184 584 3220 in
604 3184 860 3220 aoctmna
879 3184 1060 3219 eorum
1101 3184 1448 3219 universalis
1505 3184 1750 3217 nccmza
1798 3184 1887 3218 ea:-

236 3184 857 3316 zorruit_,.detestent_ur,
881 3240 990 3316 etc.
1022 3235 1271 3316 tliigitur
1291 3234 1604 3316 presbyteri
1624 3233 1888 3316 et-diaco:

236 3309 317 3372 ni,
344 3326 412 3364 ac
436 3308 643 3363 diversi
664 3306 880 3362 ordinis
906 3305 1091 3361 clerici
1123 3306 1192 3360 de
1212 3305 1417 3376 quibus
1437 3309 1667 3360 sanctus
1688 3306 1797 3360 Leo
1814 3306 1888 3359 ad

237 3379 665 3459 Aquileiensem
698 3378 1044 3459 episcOpum,
1080 3376 1368 3459 ‘videntu'r
1415 3393 1482 3431 ex
1524 3376 1649 3459 illis
1718 3376 1890 3430 fuisse

237 3446 619 3522 Aquileiensis
652 3446 1397 3522 provinciasecclesiasticis.
1436 3452 1559 3522 aut
1592 3464 1659 3522 ex_
1689 3463 1889 3522 eorum

236 3517 493 3589 asseclis,
517 3522 612 3591 qui
635 3517 768 3575 ante
794 3536 976 3574 annos
996 3519 1221 3591 circiter
1242 3517 1449 3591 viginti
1470 3517 1790 3591 Pelagianis
1806 3534 1891 3573 er-

232 3594 457 3648 roribus
488 3589 702 3647 addicti
732 3591 1013 3645 tractoria:
1042 3589 1253 3644 Zosimi
1280 3590 1630 3644 subscribere
1667 3606 1891 3643 recusa-

233 3669 393 3725 runt,
428 3680 493 3718 ac
522 3662 778 3718 libellum
809 3662 972 3715 illum
994 3660 1147 3715 Fidei
1177 3677 1348 3730 super
1376 3660 1482 3715 hac
1500 3677 1558 3715 re
1575 3659 1890 3731 Augustino

233 3734 586 3806 Aquileiensi
624 3734 1001 3806 metropolita:
1036 3731 1564 3806 porrcseruntiqui
1591 3735 1891 3806 propterea

228 3801 361 3879 jam
394 3806 630 3879 tuncob
660 3801 1084 3879 contumaciam
1109 3802 1165 3879 in
1194 3801 1486 3879 damnatis
1503 3802 1789 3879 erroribus
1820 3802 1890 3855 ab

236 3872 625 3934 ecclesiastica
650 3874 1057 3931 communione
1088 3875 1159 3927 ab
1198 3874 1400 3929 eodem
1448 3872 1763 3934 Augustino
1808 3888 1893 3926 re-

230 3948 397 4022 jecti,
414 3951 612 4022 postea
624 3948 696 4002 ab
708 3946 898 4022 aliquo
916 3945 1065 3999 illius
1077 3944 1524 4022 sugcessore,cui
1539 3944 1713 4022 fidem
1726 3959 1890 4022 suam

238 4013 435 4091 aliquo
466 4020 661 4087 modo,
694 4013 1063 4091 sed-fortasse
1086 4015 1279 4091 minus
1304 4019 1437 4086 apto
1470 4018 1570 4091 aut
1607 4013 1892 4091 nonsatis

239 4084 446 4162 aperto
477 4084 861 4162 probaverint,
888 4084 1395 4162 recepti_fu_erant_;
1427 4084 1664 4162 quique__
1684 4085 1892 4140 idcirco

237 4156 626 4232 suspicionem
653 4176 767 4215 non
789 4159 981 4232 levem
1011 4156 1270 4213 dederint
1297 4157 1522 4232 animos
1547 4156 1767 4232 _adh_uc_
1802 4173 1892 4225 ge-

236 4227 404 4289 rendi
418 4232 704 4287 erroribus
716 4230 969 4302 pristinis
982 4233 1301 4302 occupatos.
1327 4229 1472 4302 Hinc
1486 4227 1655 4302 igitur
1676 4229 1892 4282 Zabeus

237 4304 485 4359 validius
504 4303 679 4359 etiam
706 4298 1091 4363 confirmabit,
1120 4298 1540 4371 Aquileiensem
1566 4298 1891 4371 episcopum

238 4376 517 4440 Nicetam,
553 4375 597 4429 si
626 4390 753 4430 vere
780 4377 979 4429 auctor
1006 4372 1125 4443 ipse
1157 4370 1358 4443 fuisset
1414 4370 1585 4443 illius
1608 4370 1895 4443 Explana-

1999 3167 2266 3238 monibus
2296 3165 2557 3238 illudere,
2584 3165 2838 3220 subdolis
2868 3166 3321 3238 confessionibus
3370 3168 3648 3238 decipere,

1999 3237 2304 3318 concilium
2326 3236 2651 3318 plenarium
2682 3240 2893 3318 petere,
2924 3237 3216 3318 episcopos
3271 3236 3513 3318 quoque
3536 3254 3651 3293 non

1999 3254 2304 3292 concilium
2320 3254 2651 3363 (p'ienarium
2682 3254 2893 3307 petere,
2924 3254 3216 3318 episcOpos
3271 3255 3497 3308 quoque
3536 3254 3651 3293 non

1998 3324 2209 3390 paucos
2240 3308 2296 3390 in
2368 3307 2516 3390 alliis
2530 3307 2846 3390 praesertim
2871 3324 2935 3362 ac
2962 3324 3021 3361 in
3036 3308 3331 3390 Britannia
3360 3310 3654 3390 sibi-copu-

1999 3379 2139 3443 lare,
2169 3380 2363 3434 turbas
2384 3378 2560 3433 etiam
2590 3379 2933 3449 quandoque
2962 3380 3227 3445 excitare,
3288 3396 3355 3433 ac
3410 3378 3654 3434 crimina

2001 3454 2329 3532 perpetrare
2358 3467 2370 3504 :
2400 3453 2461 3504 at
2476 3451 3292 3532 numquamneo‘deyenenunt,
3320 3451 3653 3532 utnconﬂato

2000 3520 2305 3576 schismate
2318 3520 2695 3576 secessionem
2713 3521 2784 3574 ab
2799 3520 3046 3575 Ecclesia
3066 3520 3346 3574 catholica
3375 3520 3650 3584 facerent,

2000 3596 2057 3646 et
2083 3592 2387 3647 Ecclesiam
2416 3591 2524 3645 sibi
2550 3607 2649 3645 seu
2680 3590 3192 3660 pseudoecclesiam
3238 3591 3656 3645 constituerent

2000 3662 2379 3733 peculiarem;
2413 3661 2674 3733 quamvis
2695 3660 2905 3733 pluries
2935 3662 3006 3715 ab
3038 3661 3183 3733 Asiae
3209 3665 3265 3716 et
3291 3660 3497 3716 Africae
3540 3661 3655 3731 epi-

1999 3731 2318 3802 scopalibus
2342 3731 2596 3785 conciliis
2621 3732 2901 3802 damnati,
2934 3732 3195 3802 quamvis
3212 3732 3651 3802 pertractoriam

2002 3801 2212 3875 Zosimi
2232 3804 2317 3875 ab
2348 3801 2879 3875 universaEcclesia
2896 3801 3271 3875 anathemate
3293 3803 3463 3875 plexi,
3492 3808 3549 3860 et
3569 3821 3654 3859 ec-

2000 3872 2317 3928 clesiastica
2345 3873 2753 3945 communione
2782 3873 3009 3945 privati,
3048 3872 3310 3945 quamvis
3335 3877 3510 3931 etiam
3537 3879 3654 3931 Au-

1999 3949 2299 4015 gustorum
2327 3943 2650 4015 principum
2676 3943 2894 4015 legibus
2921 3962 3035 3999 non
3066 3943 3244 4001 semel
3298 3948 3396 4001 sed
3446 3948 3653 4001 iterato

2002 4014 2283 4087 mulctati,
2317 4014 2480 4069 Italia
2506 4014 2678 4087 pulsi,
2706 4014 2776 4087 et;
2792 4016 2998 4087 ubique
3025 4016 3199 4087 etiam
3230 4015 3442 4087 fuerint
3465 4016 3654 4087 exagi-

2002 4086 2127 4143 tati.
2156 4086 2277 4157 Ipsa
2313 4102 2562 4155 namque
2593 4085 2994 4154 Pelagianismi
3026 4085 3265 4157 indoles,
3301 4091 3363 4140 ut
3390 4086 3486 4140 alii
3518 4085 3652 4156 quo-

2004 4174 2114 4227 que
2135 4155 2621 4220 animadvertunt,
2651 4173 2719 4210 ca
2745 4161 2887 4217 erat,
2908 4172 3030 4225 qum
3046 4155 3300 4211 favorem
3326 4156 3518 4227 populi
3537 4155 3651 4212 non

2004 4226 2110 4283 sibi
2143 4227 2309 4283 facile
2338 4230 2703 4297 compararet
2729 4227 2802 4280 ad
2843 4226 3057 4296 plebem
3113 4226 3369 4296 aliquam
3404 4226 3656 4297 peculia-

2003 4316 2125 4355 rem
2155 4298 2523 4353 formandam
2552 4302 2754 4353 contra
2782 4297 3092 4353 catholicos
3118 4316 3131 4351 :
3164 4315 3300 4353 nam
3332 4298 3437 4354 etsi
3495 4299 3656 4354 liberi

2005 4370 2223 4425 arbitrii
2254 4370 2401 4425 vires
2438 4386 2536 4440 pro
2564 4368 2824 4441 instituto
2865 4369 2991 4439 plus
3030 4386 3192 4441 aequo
3233 4369 3550 4441 extolleret,
3591 4387 3656 4424 ac

238 4449 407 4501 tionis
431 4446 663 4517 Symboli
691 4446 759 4499 ad
788 4440 1162 4515 competentes,
1185 4442 1446 4498 debuisse
1475 4458 1542 4497 eo
1573 4440 1895 4517 loci’nomi-
1925 4461 1969 4517 Ι)
2004 4446 2288 4517 tueretur:
2322 4456 2439 4496 non
2470 4441 2597 4517 ideo
2628 4440 2936 4517 idagebat,
2970 4445 3027 4495 ut
3055 4441 3326 4517 humanae
3362 4440 3657 4517 imbecilli-

236 4518 424 4573 natim
448 4512 783 4588 Pelagianos
814 4512 1290 4588 commemorare,
1353 4516 1545 4583 utpote
1591 4512 1894 4567 haereticos

236 4588 528 4659 homines,
551 4586 645 4658 qui
666 4587 1034 4658 probabiliter
1058 4586 1247 4641 adhuc
1270 4602 1371 4659 suo
1399 4589 1656 4659 tempore
1706 4588 1894 4659 essent

237 4660 297 4714 in
328 4654 682 4730 Aquileiensi
708 4659 1015 4730 provincia,
1045 4662 1101 4713 et
1129 4675 1170 4730 a7
1206 4656 1428 4728 quibus,
1479 4654 1664 4728 magis
1695 4654 1892 4730 etiam

235 4726 416 4803 quam
448 4726 860 4803 arManichaais,
897 4726 1373 4803 aliisqueibidem
1392 4726 1737 4803 memoratis
1786 4726 1894 4781 hi8-

236 4799 452 4865 reticis,
488 4802 812 4857 Christiano
849 4801 1003 4873 gregi
1037 4799 1347 4870 periculum
1388 4799 1743 4873 immineret.

312 4875 525 4928 Verum
554 4873 834 4928 nonnulla
858 4870 1141 4927 addamus
1167 4875 1410 4942 oportet,
1442 4887 1569 4942 qua)
1600 4870 1767 4925 Zabei
1798 4870 1894 4923 ob-

228 4944 574 5018 jectionem,
606 4944 666 5018 ni
699 4944 900 5018 fallor,
916 4944 1140 5018 penitus
1166 4940 1411 5018 solvant,
1446 4940 1894 5018 NicetaiGenna:

235 5010 399 5072 diani
432 5016 489 5070 in
519 5015 755 5087 Symboli
776 5010 1160 5087 explanatimie
1188 5013 1312 5087 haec
1368 5016 1502 5087 sunt
1541 5012 1745 5087 ‘verba,
1773 5010 1892 5087 _ubi

234 5088 483 5143 haereses
512 5082 1135 5158 singillatim—nominat
1158 5084 1342 5155 capite
1373 5084 1461 5147 10,
1485 5082 1559 5158 ad
1588 5082 1891 5158 articulum

234 5152 835 5234 SanciamEcE-lesiam
859 5157 1182 5234 catholicam
1202 5152 1437 5234 {neque
1464 5153 1617 5234 enim
1649 5152 1784 5208 alibi
1834 5154 1890 5234 in

236 5234 363 5285 tota
395 5230 807 5301 Explanatione
839 5230 1077 5299 alicujus
1108 5225 1605 5301 haeresismentio,
1658 5225 1891 5301 proprio

232 5295 763 5357 nomine-indicata:
794 5317 806 5356 :
834 5324 860 5350 ι(
885 5295 1031 5356 Sunt
1052 5298 1285 5369 quidem
1298 5295 1891 5369 etalimpseudoeccle-

232 5373 358 5439 sim,
392 5373 492 5427 sed
514 5373 653 5427 nihil
683 5372 784 5427 tibi
815 5366 1119 5427 commune
1141 5386 1270 5425 cum
1291 5368 1403 5423 illis
1428 5385 1442 5435 ;
1472 5366 1534 5422 ut
1562 5366 1891 5439 putaMani-

230 5445 553 5520 chteorum,
570 5444 1082 5520 Cataphrygarum,
1096 5440 1611 5520 Marcionistarum,
1624 5438 1711 5520 vel
1730 5442 1893 5519 caste-

231 5532 437 5590 rorum
470 5511 892 5590 hmreticurum',
921 5514 1035 5569 sive
1063 5511 1594 5590 schismaticorum;
1619 5511 1751 5590 quia
1763 5511 1890 5590 jam

232 5587 510 5643 desinunt
540 5587 664 5643 istae
688 5581 947 5642 Ecclesiae
975 5602 1097 5642 esse
1118 5587 1348 5639 sanctae.
1381 5605 1409 5633 «
1436 5582 1697 5637 Auctoris
1718 5581 1893 5651 igitur

232 5660 413 5731 hujus
443 5659 697 5729 opusculi
728 5658 819 5712 hic
849 5674 1050 5731 scapus
1084 5672 1198 5711 non
1234 5655 1341 5731 fuit
1364 5653 1619 5731 singulas
1650 5652 1890 5731 haereses

231 5723 583 5801 ac'singu'las
611 5723 1095 5802 pseudoecclesias
1124 5723 1483 5802 nominandi,
1526 5723 1607 5780 uti
1654 5726 1892 5802 apparet

231 5794 569 5873 verba'ipsa
592 5794 964 5874 perpendenti
990 5816 1005 5867 ;
1030 5813 1147 5854 non
1179 5798 1429 5871 singulas
1459 5794 1891 5868 hmreses,’quia

2004 4513 2107 4594 tati
2134 4512 2380 4594 faveret,
2402 4512 2551 4594 quod
2566 4511 2955 4594 multitudinis
2962 4516 3177 4594 _votum
3204 4512 3262 4566 in
3284 4513 3445 4594 novis
3470 4513 3657 4594 orien-

2002 4584 2152 4639 tibus
2179 4584 2249 4640 de
2281 4583 2557 4656 religione
2587 4583 3065 4656 disputationibus
3096 4601 3218 4640 esse
3239 4585 3406 4655 solet,
3434 4586 3534 4640 sed
3559 4602 3655 4656 po-

2002 4655 2115 4711 tius
2142 4660 2203 4710 ut
2223 4654 2616 4712 vehementius
2646 4658 2702 4709 et
2722 4655 2907 4710 acrius
2928 4655 2983 4710 in
3015 4658 3280 4711 socordes
3303 4654 3653 4711 Christianos

2003 4727 2340 4799 insurgeret,
2373 4726 2468 4798 qui
2504 4726 2823 4799 humanam
2868 4727 3321 4799 imbecillitatem
3376 4728 3434 4782 in
3504 4727 3652 4799 vitiis

2002 4797 2444 4870 protendeban’t,
2477 4815 2581 4854 nec
2609 4797 2764 4870 vires,
2782 4798 3060 4870 proprias,
3073 4799 3242 4869 juxta
3267 4797 3415 4870 illos,
3448 4798 3650 4870 sentie-

2001 4868 2160 4935 bant,
2194 4870 2417 4941 quibus,
2446 4870 2664 4926 secluso
2695 4868 2869 4924 etiam
2902 4868 3111 4941 divinae
3158 4868 3363 4936 gratia:
3415 4868 3648 4941 auxilio,

2004 4939 2237 5011 possent
2251 4943 2325 4997 ad
2353 4941 2687 4998 Christianas
2707 4940 2834 4995 vita:
2856 4939 3647 5011 perfectionemcontendere.

2003 5010 2127 5069 Non
2160 5018 2281 5068 erat
2308 5012 2479 5083 igitur
2503 5028 2602 5066 cur
2620 5012 2852 5083 ANicetas
2881 5010 3517 5083 Aquileiensishocloco
3551 5010 3651 5064 Pe-

2001 5080 2365 5155 lagianorum
2392 5081 2750 5155 meminisset
2773 5081 2923 5136 inter
2950 5080 3460 5155 pseudoecclesias,
3511 5097 3653 5155 quas

2002 5151 2246 5223 exempli
2268 5170 2439 5207 causa
2460 5152 2820 5208 memorabat
2843 5169 2901 5206 1n
2933 5151 3307 5223 explicatione
3345 5151 3654 5223 articulide

2003 5222 2252 5280 Ecclesia
2271 5224 2573 5288 catholica,
2607 5223 2835 5278 etiamsi
2862 5222 3155 5292 Pelagiani
3196 5222 3383 5293 reipsa
3439 5222 3497 5277 in
3549 5238 3654 5277 sua

2004 5294 2293 5367 provincia
2320 5311 2385 5349 eo
2412 5299 2674 5367 tempore
2686 5292 3061 5367 exstitissent.

2072 5367 2149 5420 At
2176 5365 2497 5429 fueruntnc,
2534 5364 2911 5435 Aquileiensis
2937 5364 3141 5420 Nicetes
3160 5368 3441 5434 tempore,
3496 5364 3653 5420 Pela-

2000 5436 2157 5520 giani
2188 5436 2434 5520 hmrelici
2450 5437 2506 5490 in
2537 5435 3189 5520 provinciaAquileiensi
3210 5436 3364 5520 c{Hoc
3378 5436 3649 5520 nimirum

2001 5507 2406 5578 inquirendum
2440 5507 2614 5563 restat
2642 5525 2812 5577 super
2840 5507 2948 5562 hac
2974 5524 3053 5571 rc,
3098 5513 3157 5562 ut
3189 5508 3355 5579 plena
3400 5510 3650 5579 undique

2001 5579 2074 5634 sit
2093 5581 2166 5634 ad
2194 5581 2443 5635 Zabeum
2478 5579 2788 5651 responsio.
2806 5650 2809 5651 ν
2827 5580 2978 5634 Inter
2997 5579 3651 5651 memoratasAugusto-

1998 5668 2126 5706 rum
2158 5651 2310 5721 leges
2336 5649 2605 5707 adversus
2626 5650 3154 5722 Pelagianos,adest
3180 5649 3511 5722 constitutio
3542 5652 3646 5706 sub

2002 5723 2236 5779 nomine
2254 5722 2636 5795 Valentiniani
2657 5724 2747 5791 ΙΙΙ,
2769 5721 2848 5795 ab
2860 5723 2983 5795 ejus
2995 5726 3177 5795 matre
3189 5721 3443 5795 Placidia
3456 5723 3647 5795 Angui-

1999 5798 2089 5853 sta
2103 5798 2303 5852 contra
2329 5811 2427 5853 eos
2452 5794 2589 5869 lata,
2620 5811 2750 5869 quin
2778 5793 2914 5853 data
2944 5794 3052 5851 fuit
3074 5793 3348 5868 Aquileiae
3370 5793 3645 5852 annol25
3674 5862 3679 5865 _
