4004 6182
175 293 333 355 1033

896 292 964 354 Ρ.
1010 289 1304 356 BRAlD/E
1347 294 1821 358 DISSER'I‘ATIO

1980 295 2041 357 S.
2089 295 2724 358 NICETAM.—CAP.
2769 293 2918 354 VIII.

3434 304 3585 364 1034

166 425 369 497 rilegis
399 425 494 479 ubi
545 441 734 480 sermo
772 426 1132 497 postulasset,
1166 426 1329 481 sicuti
1373 444 1407 481 a
1455 426 1688 481 Marone
1718 428 1826 497 pri-
1856 431 1907 490 Α
1935 427 2321 497 ἱηκξιοΝἰρθὶαε
2342 427 2469 483 illos
2488 429 2559 483 ab
2576 392 3141 492 Allatioillustratos,
3164 426 3350 483 locum
3378 430 3589 489 habue-

166 496 356 566 mum,
384 501 554 567 atque
568 514 601 551 a
616 496 741 570 divo
763 496 1105 570 Hieronymo
1124 499 1337 552 factum
1354 502 1552 568 postea
1567 496 1821 570 legimus,

167 585 396 623 necnon
431 586 464 640 a
508 573 593 621 tot
630 566 756 621 aliis
786 566 1175 637 scriptoribus,
1223 566 1465 639 quorum
1511 566 1826 640 opportune

167 639 391 763 trientio
419 639 542 693 ﬁeri
572 643 781 709 posset,
817 640 922 693 nisi
949 656 1038 694 res
1077 646 1226 695 esset
1268 640 1405 694 satis
1432 657 1710 711 superque
1737 660 1826 698 cx-

168 729 202 763 n
231 716 419 763 orata.

231 716 419 764 orata.

208 729 419 764 iorata.

168 729 202 781 Ρ
242 783 358 836 Sed
396 779 774 851 Aquileiensis
811 779 1108 850 episcopus
1128 780 1403 850 peculiari
1440 781 1617 836 etiam
1653 784 1826 838 modo

166 852 562 922 aurilegorum
591 851 922 905 meminisse
948 851 1150 921 potuit,
1183 856 1240 905 et
1263 851 1505 906 fortasse
1527 854 1703 907 etiam
1731 870 1826 909 au-

167 921 489 993 rilegorum
523 922 708 976 Daciae
726 923 818 991 qui
836 921 1292 992 Aquileiensibus
1313 923 1428 977 suis
1455 924 1576 977 noti
1603 930 1823 990 essent;

168 992 303 1049 cum
330 998 553 1048 constet
572 992 891 1062 Aquileiam
915 993 1235 1062 emporium
1260 994 1545 1049 exstitisse
1564 996 1827 1064 gentibus

167 1067 241 1119 ad
265 1065 594 1119 Danubium
612 1064 827 1133 positis.
851 1064 1071 1118 Etenim
1094 1065 1664 1135 Aquileia,Strabone
1686 1072 1828 1122 teste

169 1137 391 1207 Geogra
405 1135 547 1205 phiae
564 1135 780 1208 libroAv,
810 1138 1086 1208 «patebat
1099 1137 1423 1208 emporium
1441 1137 1677 1208 Illyricis
1694 1154 1827 1207 gen-

168 1205 320 1261 tibus
344 1210 550 1261 Istrum
574 1205 975 1277 accolentibus.
1004 1227 1030 1253 υ
1046 1207 1245 1260 Aiebat
1260 1208 1437 1261 etiam
1450 1205 1826 1277 Herodianus,

167 1279 318 1332 libro
350 1294 443 1331 vui
471 1277 527 1349 in
552 1275 866 1330 Maximino
892 1292 903 1328 :
931 1277 1160 1349 «Super
1181 1278 1391 1331 civium
1414 1278 1702 1349 ingentem
1726 1275 1828 1335 nué

164 1365 417 1413 merum,
441 1348 612 1402 etiam
631 1362 901 1417 magnam
924 1347 1035 1400 vim
1055 1348 1341 1418 hospitum
1360 1366 1425 1403 ac
1444 1347 1827 1405 mercatorum

164 1436 298 1475 eam
330 1421 531 1492 urbem
564 1418 930 1492 (Aquileiam)
978 1419 1367 1492 frequentasse
1415 1440 1427 1479 :
1479 1438 1722 1492 eamque
1754 1424 1827 1476 ad

164 1508 332 1564 mare
362 1491 556 1564 sitam,
578 1488 744 1559 quasi
770 1488 1330 1564 terminum’lllyriae.
1365 1515 1385 1564 ξ
1423 1488 1827 1564 Quidni—igitur

164 1562 559 1634 Aquileienses
587 1559 1007 1634 saepe_v_id_eri_nt
1034 1566 1131 1613 aut
1158 1559 1337 1634 Dacos
1362 1561 1513 1634 ipsos
1540 1559 1825 1634 aurilegos

164 1630 408 1712 suorum
431 1633 696 1712 laborum"
726 1630 890 1712 177
918 1630 1461 1712 fructum_Aquileize
1486 1630 1820 1701 vendentés;

166 1710 267 1757 aut
298 1704 445 1757 alios
466 1703 635 1775 Dacis
666 1701 959 1775 ﬁnitimos,
994 1704 1085 1771 qui
1132 1704 1201 1756 ab
1250 1701 1384 1773 ipsis
1428 1712 1824 1775 comparatum

1933 499 2008 553 rit
2024 488 2517 580 EtNicetasposter
2533 499 2826 580 episcOpus
2847 488 3225 580 Aquileiensis
3243 488 3587 580 agennadio

1935 575 2291 626 memoratus
2309 570 2337 625 ‘i’
2367 569 2579 636 Quidni
2600 569 2814 639 aliquid
2845 570 2914 623 de
2940 569 3047 623 hoc
3069 569 3245 623 etiam
3279 570 3475 628 Niceta
3494 574 3592 628 ibi-

1936 642 2066 721 dem
2099 641 2299 721 dixerit
2318 642 2582 721 Allatius,
2616 640 3156 721 quod_l'1_'u§traalibi
3188 641 3591 721 inquiramus?

1937 712 2257 767 Dolendum
2271 730 2407 767 sane
2425 711 2727 767 clarissimi
2751 713 2793 783 1
2805 712 2853 781 7
2867 712 2924 780 8
2940 711 3041 764 viri
3060 728 3199 781 Opus
3212 711 3586 783 intercidisse,

1936 789 2276 855 quonostra
2304 784 2546 839 fortasse
2569 782 2762 855 juvari
2788 783 3064 855 potuisset
3088 783 3291 855 oratio.

2007 854 2232 909 Nicetes
2269 856 2501 922 multos,
2547 853 2790 918 Nicetos,
2842 853 3064 925 Niceas,
3098 854 3299 925 fNicas,
3346 856 3591 912 Nicetios

1937 924 2291 998 habemusin
2316 925 2732 997 Martyrologiis
2752 924 2969 998 Latinas
2988 924 3268 998 Ecclesiae,
3286 924 3410 980 tum
3432 945 3591 998 sepa-

1934 995 2106 1049 ratim
2140 996 2326 1060 editis,
2364 1002 2422 1051 ut
2452 994 2732 1060 Romano,
2769 994 3234 1066 Hieronymiano,
3264 994 3511 1064 Adonis,
3532 1004 3590 1054 et

1937 1067 2197 1132 Usuardi,
2228 1072 2349 1121 tum
2376 1068 2434 1121 in
2456 1068 2524 1121 iis
2553 1083 2681 1136 quae
2706 1067 2763 1120 in
2796 1066 3221 1121 collectionibus
3247 1084 3588 1124 monumen-

1936 1142 2126 1209 torum
2149 1143 2402 1192 veterum
2434 1138 2797 1208 prodierunt;
2823 1138 2880 1191 in
2914 1137 3214 1208 Spicilegio
3246 1155 3450 1209 nempe
3478 1142 3588 1195 Da-

1936 1208 2128 1274 cherii,
2156 1208 2212 1262 in
2242 1209 2598 1264 Lectionibus
2611 1208 2873 1278 Antiquis
2895 1208 3128 1277 Canisii,
3155 1209 3279 1264 etin
3303 1208 3589 1267 Thesauro

1935 1295 2083 1333 novo
2118 1282 2562 1363 Anecdotorum,
2590 1296 2695 1335 nec
2724 1296 2841 1332 non
2867 1283 2923 1333 ct
2946 1280 3011 1363 in
3038 1282 3308 1363 Vieteru‘m
3341 1282 3589 1363 scripto-

1933 1366 2061 1404 rum
2094 1355 2150 1405 et
2178 1353 2678 1407 Monumentorum
2701 1366 2848 1405 nova
2873 1350 3205 1406 collectione
3234 1350 3496 1408 Martenii
3525 1369 3593 1408 ac

1935 1422 2189 1476 Durandi
2225 1439 2237 1476 :
2291 1424 2390 1477 sed
2420 1423 2555 1492 quid
2587 1423 2645 1476 in
2703 1422 2789 1476 his
2843 1426 3051 1491 praeter
3080 1439 3291 1477 nomen
3325 1440 3391 1478 ac
3424 1425 3591 1480 breve

1935 1495 2275 1563 quandoque
2306 1494 2554 1563 elogium
2589 1510 2602 1559 ;
2652 1493 2982 1548 testimonia
3012 1493 3243 1563 quidem
3272 1495 3592 1550 sanctitatis

1935 1580 2157 1635 eorum,
2192 1582 2257 1619 ac
2283 1566 2466 1619 cultus
2493 1564 2667 1619 etiam
2698 1564 2791 1634 qui
2814 1563 2869 1617 in
2911 1563 3161 1619 Ecclesia
3187 1565 3321 1635 ipsis
3347 1566 3592 1621 tributus

1937 1634 2063 1698 fuit,
2092 1635 2192 1707 sed
2222 1652 2347 1705 quas
2374 1635 2513 1688 nihil
2547 1634 2885 1705 plerumque
2906 1637 2980 1707 de
3003 1634 3423 1707 eorum’gestis,
3449 1637 3589 1691 nihil

1934 1707 2111 1760 etiam
2139 1706 2207 1759 de
2228 1723 2429 1760 eorum
2456 1711 2618 1759 aetate
2647 1707 2807 1759 nobis
2830 1706 3157 1771 exhibeant,
3182 1706 3365 1762 si’alia
3386 1706 3589 1763 monu-

166 1791 398 1857 au‘rum,
424 1774 547 1857 sive
572 1777 845 1857 auratum
877 1772 1099 1857 limum,
1131 1772 1358 1857 .venum
1386 1772 1709 1857 Aquileiam
1732 1779 1825 1831 de—
1857 1799 1904 1857 Β
1934 1781 2132 1857 menta
2155 1782 2360 1857 praesto
2381 1793 2495 1857 non
2514 1776 2644 1845 sint,
2675 1776 2877 1857 quibus
2907 1777 3138 1831 illorum
3165 1778 3444 1857 exiguitas
3465 1797 3594 1849 sup-

165 1844 450 1899 tulerint?
480 1843 685 1910 Quidni
713 1846 988 1897 Romanae
1016 1843 1192 1897 Daciae
1213 1845 1410 1899 incola
1435 1843 1469 1899 εἰ
1496 1848 1659 1902 Dacis
1697 1849 1822 1902 bar-

170 1916 326 1970 baris
358 1922 517 1969 trans
548 1914 873 1970 Danubium
904 1914 1097 1983 positis
1130 1932 1335 1971 arenas
1367 1919 1613 1972 eruerint
1641 1919 1825 1974 aureis

168 1988 467 2058 particulis
498 1986 716 2048 divites,
748 1989 847 2058 aut
876 2001 1110 2058 auream
1143 1991 1359 2041 terram
1380 2004 1409 2042 e
1440 1989 1725 2043 montium
1748 1990 1824 2043 vi-

167 2056 423 2130 sceribus
445 2063 701 2130 erutam_;
735 2061 791 2130 et
826 2057 972 2109 hanc
996 2056 1234 2130 illasque
1274 2060 1347 2112 ad
1372 2060 1633 2114 auriﬁces
1654 2061 1822 2130 Aqui-

166 2129 345 2184 leiam
400 2129 506 2199 ipsi
533 2127 1298 2199 detulerint"negotiationis
1345 2130 1564 2185 causa?
1606 2127 1825 2185 Arehas

167 2201 281 2255 dixi
311 2198 500 2255 aureis
531 2198 819 2269 particulis
841 2198 1063 2269 divites,
1098 2205 1195 2253 aut
1225 2217 1462 2256 auream
1488 2206 1722 2255 terram.
1758 2204 1827 2258 Ut

166 2272 324 2326 enim
356 2268 588 2343 Barbari
621 2270 721 2343 illi
764 2268 1002 2338 aurilegi
1057 2286 1261 2324 aurum
1301 2288 1335 2325 a
1382 2272 1520 2325 limo
1570 2278 1738 2343 atque
1791 2289 1825 2327 a

166 2349 323 2397 terra
354 2341 741 2396 lavationibus
762 2355 1033 2408 separare
1064 2343 1353 2410 potuerint
1374 2348 1433 2396 ut
1454 2343 1509 2395 in
1534 2341 1822 2397 sacculum

168 2414 485 2479 mitterent,
516 2429 629 2466 non
652 2412 732 2465 ita
752 2417 947 2465 tamen
983 2428 1188 2483 aurum
1215 2412 1354 2466 illud
1386 2430 1593 2483 purum
1625 2415 1821 2470 redde-

169 2486 326 2549 bant,
359 2490 422 2538 ut
450 2500 563 2537 non
595 2484 946 2538 cohaerentes
964 2481 1067 2535 sibi
1088 2484 1299 2537 multas
1322 2481 1511 2538 arena:
1535 2491 1635 2539 aut
1656 2490 1822 2541 terrae

168 2561 362 2625 partes
391 2554 731 2616 contineret,
753 2568 879 2622 qua:
903 2553 1202 2625 auriﬁcum
1234 2555 1604 2611 laboriosiore
1635 2562 1827 2612 essent

169 2623 344 2697 opera
370 2626 607 2679 omnino
651 2623 1000 2697 separandae.
1037 2624 1177 2677 Hinc
1206 2626 1378 2695 igitur
1420 2628 1825 2697 negotiationis

170 2696 413 2770 occasio,
448 2697 699 2770 primum
726 2698 874 2749 inter
904 2696 1081 2770 Dacos
1114 2697 1397 2770 Barbaros,
1421 2702 1477 2750 et
1504 2696 1821 2770 Romanos,

166 2769 260 2838 qui
280 2764 597 2848 materiam
614 2768 881 2848 primam,
898 2764 1056 2848 utita
1082 2768 1291 2834 dicam,
1323 2784 1358 2821 a
1389 2768 1653 2848 Barbari-8
1676 2764 1825 2824 eme-

166 2837 332 2903 rent;
366 2840 567 2894 deinde
612 2837 761 2892 inter
796 2838 973 2889 Dacos
1018 2837 1308 2908 Romanos
1358 2843 1414 2892 et
1444 2839 1827 2908 negotiatores

169 2910 539 2965 autauriﬁces
553 2910 955 2980 Aquileienses,
974 2907 1068 2975 qui
1086 2910 1388 2963 materiam
1402 2907 1562 2963 illam
1577 2910 1825 2980 primam

166 2998 200 3035 a
220 2982 387 3035 Dacis
407 2977 677 3035 Romanis
692 2977 1012 3052 Aquileiam
1034 2980 1333 3034 advectam
1349 2977 1828 3052 sibiacquirerent

166 3053 301 3106 novi
331 3052 469 3106 lucri
512 3051 757 3106 faciendi
783 3065 955 3102 causa
984 3064 1051 3103 ex
1082 3067 1252 3120 opere
1298 3051 1567 3107 adhibito"
1587 3053 1656 3106 ad
1685 3053 1827 3108 inte-

163 3140 334 3190 gram
359 3122 481 3215 auri
512 3123 929 3215 purgationem.
952 3122 1135 3215 ﬁtque
1156 3123 1469 3203 hiecsuper
1487 3125 1825 3215 auctoritate
1861 3154 1905 3215 α

165 3189 394 3265 quoque
412 3189 1072 3248 etahimadversionibus
1085 3189 1386 3248 clarissimi
1409 3194 1510 3248 viri
1534 3194 1828 3251 Michaelis

168 3267 343 3320 Denis
375 3266 527 3319 dicta
547 3266 859 3320 sufﬁciant.

798 3376 1025 3431 CAPUT
1069 3372 1203 3426 VIII.

166 3470 235 3524 De
264 3474 464 3542 sancto
492 3468 683 3523 Niceta
721 3473 964 3542 episcopo
996 3470 1357 3541 Aquileiensi,
1407 3472 1626 3542 ejusque
1663 3488 1821 3542 opus-

237 3540 398 3607 culis,
428 3546 536 3593 tum
562 3557 705 3594 nunc
732 3540 918 3607 editis]
953 3540 1073 3597 tuni
1086 3542 1250 3596 etiam
1268 3540 1708 3612 autdeperditis,
1722 3552 1819 3598 aut

238 3612 422 3684 adhuc
450 3612 779 3684 latentibus;
809 3630 906 3670 nec
934 3632 1041 3669 non
1062 3621 1112 3667 et
1141 3614 1202 3665 de
1225 3614 1555 3683 fragmentis
1580 3631 1696 3684 qua:
1730 3631 1821 3668 no—

242 3684 328 3737 bis
354 3682 717 3736 innatuerunt
745 3682 926 3739 Studia
950 3692 1002 3739 et
1031 3684 1307 3737 industria
1320 3682 1685 3738 eruditissimi
1706 3686 1819 3740 vim

236 3753 528 3876 Mzéqhaelis
570 3753 756 3809 Denis.
808 3758 883 3810 De
932 3756 1092 3810 illius
1144 3770 1359 3825 quoque
1412 3757 1708 3809 sanctitate
1758 3772 1824 3809 ac

237 3842 310 3876 cu
362 3840 417 3876 υ.

237 3829 417 3878 cultu.

235 3896 382 3949 Cum
417 3910 531 3948 non
560 3895 634 3949 sit
661 3896 907 3966 amplius
929 3896 1359 3966 ambigendum,
1378 3900 1440 3949 ut
1466 3894 1702 3959 videtur,
1729 3895 1820 3949 Ni-

168 3982 331 4021 ceam
374 3982 472 4020 seu
504 3966 760 4021 Nicetam
811 3968 1169 4021 Geunadium
1211 3983 1332 4021 esse
1375 3966 1562 4036 reipsa
1589 3967 1821 4021 Niceam

168 4054 267 4091 seu
290 4038 338 4090 Ν
346 4035 551 4108 icetam
574 4038 902 4107 episcOpum
924 4038 1365 4108 Aquileiensem,
1392 4042 1447 4092 et
1464 4035 1700 4091 Niceam
1726 4054 1823 4092 seu

166 4109 433 4162 Nicetam
464 4107 613 4161 hunc
650 4107 1073 4178 Aquileiensém
1106 4112 1389 4162 auctorem
1428 4124 1549 4162 esse
1580 4109 1823 4161 duorum

170 4178 577 4248 Opusculorum
599 4196 721 4247 quae
736 4197 885 4233 nunc
901 4181 1151 4250 primum
1166 4179 1327 4233 unita
1340 4180 1565 4242 damus,
1588 4195 1689 4233 nec
1710 4196 1823 4233 non

169 4259 225 4321 et
248 4249 706 4318 fragmentorum
734 4268 862 4320 quae
884 4249 950 4305 ex
981 4250 1291 4321 deperditis
1313 4254 1413 4303 aut
1442 4250 1629 4321 adhuc
1651 4250 1825 4305 laten-

172 4320 323 4374 tibus
348 4320 631 4392 opusculis
654 4321 779 4374 aliis
806 4320 1136 4391 supersunt;
1161 4322 1289 4392 jam
1317 4322 1385 4374 de
1408 4320 1513 4374 hoc
1536 4320 1701 4375 Nicea
1727 4338 1825 4375 seu

171 4392 368 4463 Niceta
398 4391 764 4463 Aquileiensi,
800 4393 971 4446 veluti
1000 4391 1231 4447 auctore
1256 4393 1659 4463 opusculorum
1699 4407 1825 4463 quin

172 4462 504 4515 Gennadius
519 4463 861 4516 Romatiano
885 4464 1098 4527 tribuit,
1120 4464 1290 4516 libere
1303 4462 1694 4517 disserendum
1717 4462 1828 4517 exi-

172 4538 504 4588 stimamus.
530 4533 674 4596 Quid
696 4539 893 4588 autem
916 4536 984 4588 de
1002 4508 1107 4587 hoc
1129 4533 1301 4587 Nicea
1322 4550 1418 4587 seu
1441 4534 1636 4588 Niceta
1660 4534 1829 4603 Aqui-
1858 4508 1901 4565 D

172 4604 376 4658 leiensi
388 4604 719 4673 dixerimus,
736 4606 886 4675 quod
902 4607 1084 4659 lucem
1099 4604 1353 4674 aliquam
1367 4605 1572 4659 afferat
1590 4606 1661 4658 ad
1676 4621 1830 4658 eum-

176 4676 311 4729 dem
346 4675 571 4744 penitus
616 4675 1091 4747 agnoscendum?
1134 4677 1211 4730 De
1262 4676 1472 4731 Nicetis
1522 4676 1831 4730 diatribam

176 4746 637 4813 elucubraverat,
661 4746 783 4816 quae
803 4747 1109 4810 intercidit,
1136 4748 1244 4801 Leo
1265 4747 1526 4813 Allatius,
1551 4752 1613 4801 ut
1638 4748 1835 4801 admo-

180 4822 281 4871 net
312 4818 565 4870 Joannes
597 4818 858 4871 Albertus
890 4819 1175 4871 Fabricius
1217 4818 1580 4873 Bibliotheca:
1622 4822 1833 4875 Graecae

180 4893 346 4941 tomo
367 4888 455 4952 Vl,
474 4904 603 4957 pag.
624 4890 726 4941 429
739 4889 820 4958 pri
833 4906 934 4942 mre
965 4888 1259 4951 editionis;
1287 4888 1677 4957 proutsimiles
1694 4890 1835 4944 alias

182 4960 339 5013 idem
372 4960 568 5025 edidit,
600 4976 727 5028 qua:
749 4965 1072 5029 supersunt,
1098 4962 1167 5013 de
1186 4959 1378 5012 Psellis
1400 4964 1456 5012 et
1478 4976 1678 5013 eorum
1702 4960 1833 5014 scri-

182 5030 417 5110 ptis_,nd_e
438 5028 988 5110 Methodiorum'scri
996 5030 1126 5099 ptis,
1151 5031 1219 5084 de
1247 5028 1575 5110 Sim‘eonu’m
1593 5031 1833 5110 scriptis,

184 5104 255 5155 de
281 5100 424 5153 Nilis
452 5105 508 5154 et
537 5118 736 5154 eorum
766 5101 1008 5171 scriptis,
1044 5118 1146 5155 nec
1176 5116 1288 5154 non
1321 5106 1377 5153 et
1402 5101 1471 5154 de
1497 5100 1754 5170 Georgiis
1785 5104 1842 5154 et

185 5188 388 5251 eorum
412 5171 650 5251 scriptis.
672 5172 994 5251 l‘lihil'certe
1008 5172 1199 5251 utilius
1221 5176 1472 5251 quamut
1494 5172 1584 5225 ubi
1608 5170 1840 5251 plurimi

185 5243 451 5313 ejusdem
471 5242 719 5296 nominis
743 5242 843 5295 viri
864 5244 975 5296 vita
998 5248 1053 5296 et
1073 5241 1290 5313 scriptis
1309 5242 1715 5307 inclaruerunt,
1741 5241 1841 5295 ali-

185 5313 669 5394 quisninveniatur
697 5314 791 5394 qui
822 5314 1086 5394 distincte
1116 5316 1184 5394 de
1229 5330 1568 5394 unoquoque
1595 5318 1747 5394 agat,
1780 5316 1843 5366 ut

186 5384 543 5438 confusionis
560 5384 876 5454 errorisque
888 5385 1110 5439 occasio
1126 5389 1179 5439 et
1193 5385 1506 5454 periculum
1525 5384 1839 5439 auferatur.

189 5457 233 5509 Η
246 5459 296 5525 υ]
312 5472 373 5507 us
392 5462 691 5525 propterea
704 5455 909 5509 eruditi
926 5456 1026 5510 viri
1044 5456 1304 5525 exemplo
1319 5455 1413 5508 alii
1431 5471 1654 5524 quoque
1666 5457 1733 5509 de
1747 5456 1844 5508 ho-

189 5525 476 5597 monyniis
490 5526 1518 5597 disseruerunt,uti,ex.gr.,Anseluius
1530 5526 1845 5580 Bandurius

190 5598 262 5650 de
294 5596 627 5666 Nicephoris
657 5614 971 5667 eorumque
994 5598 1237 5667 scriptis,
1266 5596 1561 5650 licetillius
1584 5597 1847 5650 disserta-

191 5668 274 5721 tio
294 5683 422 5739 nonr
437 5668 711 5739 prodierit
732 5684 751 5739 ;7
767 5675 823 5723 et
848 5686 1027 5739 nuper
1047 5671 1117 5723 de
1137 5667 1304 5723 claris
1331 5667 1602 5739 Remigiis
1624 5684 1849 5721 eorum-

197 5754 306 5811 que
322 5738 542 5808 scriptis
556 5738 888 5811 Ij‘ranciscus
912 5738 1241 5805 Fontanius,
1259 5744 1416 5811 tomo
1441 5739 1505 5793 Ill
1526 5738 1851 5811 ΝουφΕννα-

1933 1845 2200 1919 ρίΙεᾶγιω-Ἱν
2223 1846 2538 1917 Menologia
2563 1845 2787 1919 quoque
2814 1846 3157 1919 Graecorum,
3192 1845 3418 1902 ut'illud
3451 1845 3594 1919 pree-

1933 1917 2338 1983 clarissimum,
2368 1935 2433 1971 ac
2464 1918 2769 1988 magniﬁce
2807 1917 3000 1972 Urbini
3031 1919 3375 1988 impressum
3412 1917 3592 1974 tribus

1933 1988 2105 2042 tomis
2136 1988 2355 2043 in-folio
2386 2005 2539 2042 anno
2584 1990 2750 2056 1727;
2779 2004 3002 2043 necnon
3034 1996 3087 2043 et
3121 1989 3487 2056 Kalendaria,
3514 1990 3592 2045 uti

1934 2060 2637 2131 ConstantinOpolitanum
2668 2075 2703 2113 a
2735 2058 3054 2114 clarissimo
3087 2060 3378 2131 Stephano
3408 2066 3593 2119 Auto-

1934 2130 2028 2183 nio
2057 2131 2321 2184 Morcello
2362 2131 2712 2184 illustratum
2762 2146 2828 2184 ac
2871 2133 3079 2185 editum
3127 2130 3340 2201 ROmze,
3373 2133 3593 2187 duobus

1934 2201 2107 2254 tomis
2141 2201 2427 2270 in-quarto
2451 2201 2611 2269 i788,
2642 2201 2877 2272 Nicetes
2906 2202 3068 2272 nobis
3113 2202 3299 2272 plures
3344 2205 3595 2272 produnt

1935 2277 2218 2341 martyres
2254 2276 2310 2326 et
2338 2272 2696 2327 confessores
2728 2289 2740 2325 :
2790 2271 2889 2325 sed
2918 2271 2977 2325 hi
3008 2274 3080 2327 ad
3112 2271 3463 2329 Orientalem
3495 2276 3593 2330 Ec-

1932 2342 2166 2397 clesiam
2198 2348 2416 2412 spectat
2459 2348 2517 2415 et
2545 2342 2698 2415 nihil
2734 2358 3043 2397 commune
3093 2342 3329 2415 habent,
3387 2350 3595 2415 praeter

1930 2429 2165 2479 nomen,
2197 2430 2327 2467 cum
2358 2412 2703 2483 Aquileiensi
2733 2419 2948 2477 nostro,
2982 2415 3052 2467 de
3099 2431 3211 2484 quo
3243 2412 3593 2473 Gennadius.

1934 2485 2081 2539 Tota
2132 2485 2324 2554 itaque
2355 2484 2719 2556 aNGennadio
2750 2484 3145 2554 proﬁciscatur
3194 2491 3419 2556 oportet
3473 2487 3596 2543 haec

1935 2560 2134 2628 nostra
2169 2555 2609 2628 deAAAquileiensi
2631 2555 2809 2628 Nicea,
2824 2572 2921 2609 seu
2944 2556 3139 2628 Niceta
3165 2555 3401 2627 ejusque
3428 2575 3596 2628 opus-

1935 2626 2401 2698 culisinquisitio
2419 2644 2433 2694 ;
2469 2626 2558 2679 cui
2588 2626 2951 2698 addendaea
2980 2626 3155 2679 etiam
3184 2626 3335 2698 sunt,
3366 2626 3492 2698 qua}
3524 2630 3593 2685 dc

1935 2696 2281 2767 Aquileiensi
2312 2696 2481 2750 Nicea
2512 2713 2610 2750 seu
2641 2696 2835 2751 Niceta
2860 2696 3137 2751 hactenus
3168 2697 3272 2751 viri
3296 2696 3447 2752 docti
3479 2702 3596 2753 tra-

1936 2768 2222 2833 diderunt,
2242 2772 2366 2838 tum
2393 2783 2459 2821 ex
2485 2767 2598 2820 divi
2630 2767 2832 2821 Leonis
2851 2767 3039 2837 Magni
3064 2768 3305 2838 epistola
3335 2770 3407 2823 ad
3430 2786 3587 2824 eum-

1938 2840 2090 2902 dem,
2111 2843 2233 2893 tum
2258 2854 2325 2893 ex
2356 2837 2532 2908 ipsius
2564 2838 2942 2908 Aquileiensis
2963 2839 3219 2894 Ecclesiae
3250 2857 3589 2895 monumen-

1935 2910 2028 3034 ἕρ,
2061 2925 2127 2989 ac
2155 2908 2579 2979 vetustioribus,
2619 2926 2745 2980 quae
2780 2914 3105 2979 supersunt,
3138 2912 3433 2967 memoriis
3472 2912 3587 2968 ﬁde

1975 2997 2144 3034 mnis.

1975 2997 2144 3033 ιαῐιιε.

2037 2997 2144 3033 nis.

1997 2997 2077 3104 at
2106 3050 2292 3121 potius
2317 3068 2490 3121 quam
2520 3067 2553 3104 a
2584 3049 2899 3115 Gennadio,
2925 3067 3115 3106 nonne
3141 3067 3209 3105 ex
3240 3052 3368 3106 divo
3392 3052 3585 3107 Hiero-

1934 3138 2108 3192 nymo
2142 3121 2423 3191 auspicari
2448 3123 2680 3177 deberet
2699 3122 2819 3192 haec
2858 3128 3056 3176 nostra
3086 3123 3154 3177 de
3174 3124 3346 3178 Nicea
3367 3140 3464 3179 seu
3494 3124 3589 3179 Νί-

1934 3191 2057 3265 ceta
2077 3192 2424 3265 Aquileiensi
2454 3192 2748 3265 inquisitio
2770 3191 2997 3265 {Divus
3027 3197 3178 3248 certe
3210 3196 3587 3265 Hieronymus

1933 3264 2151 3335 primus
2191 3267 2276 3335 est
2301 3264 2396 3333 qui
2450 3263 2781 3335 meminerit
2808 3263 2990 3317 Nicea;
3034 3264 3358 3335 cujusdam,
3401 3263 3588 3335 patria

1933 3334 2331 3405 Aquileiensis,
2352 3338 2408 3388 et
2424 3334 2593 3388 amici
2617 3334 2724 3400 sui,
2748 3334 2928 3388 immo
2950 3338 3006 3388 et
3027 3334 3160 3389 socii
3182 3334 3588 3405 peregrinatio-

1932 3422 2112 3471 num;
2146 3407 2218 3459 ad
2246 3422 2416 3475 quem
2446 3405 2716 3475 Aquileia:
2767 3410 2902 3459 tunc
2955 3405 3380 3475 consistentem,
3415 3412 3587 3476 atque

1931 3476 2313 3548 hypodiaconi
2356 3493 2595 3531 munera
2624 3476 2691 3548 in
2721 3476 3069 3548 Aquileiensi
3102 3476 3347 3548 Ecclesia
3373 3478 3585 3530 obeun-

1932 3546 2070 3613 tem,
2106 3549 2223 3617 ipse
2254 3565 2320 3602 ex
2349 3548 2577 3601 Oriente
2607 3546 2909 3616 epistolam
2942 3547 3096 3599 dedit
3113 3546 3429 3602 amicarum
3449 3564 3581 3617 que-

1928 3620 2175 3697 relarum
2198 3619 2453 3687 plenam,
2470 3634 2600 3697 quae
2622 3623 2709 3697 est
2726 3622 2928 3697 octava
2948 3617 3005 3669 in
3023 3617 3580 3697 editioneAYallarsii,

1931 3694 1988 3745 et
2011 3692 2085 3743 ad
2116 3706 2332 3743 annum
2363 3687 2625 3757 pertinet,
2657 3692 2717 3740 ut
2748 3687 2960 3741 ibidem
2989 3692 3241 3756 notatur,
3272 3690 3395 3741 374.
3426 3690 3585 3744 Hunc

1932 3765 2126 3815 autem
2141 3758 2416 3812 Baronius
2430 3757 2640 3829 aliique
2653 3758 3334 3814 existimarunteumdem
3352 3760 3585 3815 Niceam

1932 3846 2035 3901 seu
2060 3829 2315 3901 Nicetam
2342 3845 2506 3901 esse,
2550 3828 2649 3899 qui
2689 3845 2820 3901 cum
2878 3829 3303 3899 hypodiaconus
3334 3832 3587 3901 primum

1931 3900 2108 3956 fuerit
2134 3898 2509 3973 Aquileiensis
2540 3898 2820 3973 Ecclesiae,
2852 3898 3050 3970 postea
3090 3898 3350 3972 ejusdem
3375 3903 3585 3973 episco-

1932 3990 2036 4054 pus
2067 3971 2361 4054 factussit,
2388 3975 2557 4040 atque
2584 3988 2617 4025 a
2639 3971 2768 4054 divo
2795 3972 2980 4054 Leone
2994 3971 3194 4054 ltlagno
3221 3971 3585 4054 notissimam

1932 4041 2094 4097 illam
2125 4042 2427 4112 epistolam
2459 4041 2740 4110 acceperit
2768 4060 2780 4108 ;
2814 4041 3293 4096 addentes'etiam
3323 4044 3586 4097 eumdem

1933 4114 1991 4168 in
2022 4111 2365 4182 Aqui’leiensi
2396 4112 2529 4166 sede
2562 4111 2811 4182 prosime
2856 4111 3188 4165 successisse
3229 4113 3584 4168 Chromatio.

1931 4185 2053 4239 Jam
2085 4181 2219 4237 alibi
2248 4184 2562 4246 innuimus,
2594 4186 2651 4236 et
2680 4181 2770 4235 hic
2799 4198 2900 4251 pro
2931 4182 3189 4236 instituto
3217 4184 3424 4238 iterum
3465 4202 3587 4238 mo-

1934 4270 2068 4310 nere
2090 4256 2384 4319 debemus,
2405 4252 2704 4325 dupliciter
2724 4269 2758 4305 a
2779 4253 3044 4325 Baronio,
3079 4253 3315 4323 aliisque
3337 4256 3431 4325 qui
3454 4272 3586 4311 eum

1934 4325 2108 4382 secuti
2136 4332 2289 4392 sunt,
2320 4323 2575 4379 erratum
2605 4323 2775 4377 fuisse
2817 4323 2875 4377 in
2920 4324 3027 4378 hoc
3068 4323 3443 4394 Aquileiensis
3493 4334 3587 4381 Ec-

1935 4396 2121 4452 clesia:
2152 4396 2548 4467 hypodiacono
2594 4395 2765 4467 Nicea
2807 4411 2905 4467 seu
2946 4394 3141 4467 Niceta
3172 4413 3185 4461 ;
3218 4396 3351 4466 quia
3404 4413 3588 4467 neque

1934 4468 2136 4524 Niceas
2153 4466 2250 4521 seu
2274 4468 2496 4522 Nicetas
2520 4466 2892 4536 Aquileiensis
2910 4466 3225 4537 episcopus,
3265 4469 3361 4537 qui
3393 4484 3425 4523 ει
3460 4466 3589 4523 divo

1937 4540 2122 4611 Leone
2153 4539 2361 4611 Magno
2404 4542 2602 4611 notam
2635 4537 2944 4611 epistolam
2975 4539 3321 4611 decretalem
3352 4540 3589 4611 accepit,

1939 4609 2231 4682 proximus
2252 4609 2577 4682 Chromatii
2599 4624 2891 4682 successor
2921 4609 3049 4682 fuit,
3071 4612 3165 4665 sed
3184 4627 3471 4667 successor
3489 4609 3594 4667 Se-

1939 4680 2130 4745 cundi,
2168 4680 2264 4751 qui
2294 4685 2422 4751 post
2452 4680 2847 4735 Chromatium
2890 4681 3121 4750 quintus
3171 4682 3594 4751 Aquileiensem

1940 4752 2123 4806 tenuit
2156 4753 2349 4807 sedem
2372 4768 2385 4815 ;
2412 4756 2468 4823 et
2518 4752 2654 4821 quia
2703 4752 2900 4805 Niceas
2930 4768 3027 4806 seu
3058 4752 3305 4816 Nicetas,
3357 4755 3452 4823 qui
3481 4753 3595 4807 divi

1943 4823 2277 4893 Hieronymi
2302 4839 2422 4877 {evo
2447 4822 2875 4893 hypodiaconus
2893 4822 3425 4892 eratAquileiensis,
3454 4830 3599 4878 tam-

1944 4895 2039 4948 diu
2072 4894 2259 4948 vivere
2290 4911 2402 4948 non
2436 4894 2643 4963 potuit,
2677 4900 2737 4948 ut
2768 4894 2942 4947 etiam
2974 4894 3268 4963 episcopus
3296 4900 3494 4963 postea
3516 4894 3596 4947 fa-

1943 4971 2064 5020 ctus
2079 4964 2449 5035 Aquileiensis
2473 4966 2747 5025 Ecclesias,
2768 4970 2825 5017 et
2850 4963 3081 5016 citatam
3105 4964 3408 5033 epistolam
3423 4964 3597 5018 adivo

1946 5037 2131 5091 Leone
2164 5038 2367 5104 Magno
2417 5036 2716 5103 acciperet,
2750 5038 2802 5087 et
2833 5049 3016 5087 annos
3054 5036 3411 5104 episcopatus
3449 5051 3603 5089 com-

1948 5108 2127 5179 pleret
2151 5123 2292 5174 quos
2323 5104 2961 5179 Aquileiensi-episcopo
3012 5104 3195 5159 Niceaa
3244 5122 3342 5160 seu
3398 5106 3602 5179 Niceta:

1949 5174 2140 5230 vetera
2174 5182 2549 5245 monumenta
2579 5174 2894 5243 assignant.
2926 5177 3070 5231 Rem
3099 5180 3401 5245 utramque
3419 5177 3604 5230 claris-

1950 5247 2128 5300 simus
2153 5247 2227 5317 De
2272 5244 2473 5299 Rubeis
2499 5244 2555 5298 in
2580 5245 2966 5317 Monumentis
2996 5246 3255 5301 Ecclesiae
3282 5244 3602 5317 Aquileien-

1951 5317 2026 5371 sis
2058 5316 2240 5388 capite
2263 5317 2327 5369 l'l
2348 5332 2594 5388 numero
2613 5316 2663 5379 3,
2691 5316 2771 5388 ita
2802 5317 3032 5388 exponit
3058 5334 3123 5371 ac
3145 5316 3369 5388 probat,
3397 5324 3457 5373 ut
3478 5320 3606 5372 nul—

1953 5388 2072 5443 lum
2130 5387 2414 5457 relinquat
2464 5387 2762 5440 dubitandi
2820 5387 3056 5446 locum:
3111 5387 3604 5454 «(’Immediatam,

1954 5456 2145 5529 inquit
2166 5456 2537 5529 ille,'Nicetze
2570 5456 2985 5511 successionem
3032 5464 3158 5529 post
3189 5460 3607 5517 Chromatium.

1954 5528 2283 5585 convellunt
2335 5527 2612 5582 Chronica
2645 5530 2777 5593 duo,
2842 5527 3200 5599 Aquileiense
3254 5536 3305 5586 et
3359 5534 3610 5588 Graden-

1956 5617 2068 5679 35L
2088 5600 2507 5679 Ξίβειιθιοειξε
2558 5598 3006 5679 F0r9juliensis_
3049 5602 3523 5672 patriarcharum.
3579 5626 3608 5653 ››

1966 5671 2137 5742 179
2173 5671 2557 5743 Numerantur
2594 5671 2801 5741 quippe
2830 5676 2956 5741 post
2994 5671 3181 5743 ipsum
3213 5676 3613 5731 Chromatium

1959 5740 2147 5819 pii}le
2170 5741 2284 5819 hoc
2306 5740 2904 5819 ordine_successores,
2925 5740 3283 5819 Augustiaus,
3304 5747 3611 5819 Adetphus,

194 5808 443 5867 (litorum
474 5808 726 5878 Delicta,
758 5816 892 5882 etc.,
922 5810 1223 5870 Florentia:
1256 5810 1410 5869 I793.
1445 5809 1654 5880 Quidni
1682 5809 1855 5889 igitur
1960 5808 2048 5875 'vel
2079 5813 2402 5894 Delphinus,
2457 5813 2771 5891 Maximus,
2800 5808 3127 5900 Ianuarius,
3160 5808 3460 5874 Secandus'
3492 5834 3507 5875 :
3547 5808 3618 5896 aq

459 5915 702 5974 PATBOL.
746 5916 865 5999 LII,

3271 5921 3340 6009 331
