4004 6182
464 288 615 350 10³9

1182 282 1249 352 Ρ.
1291 282 2098 349 ΒΒΑΙΒᾸῧοῠΙὸεΕΒΤΑΤΙΟ
2137 279 2212 345 IN
2254 284 2315 349 S.
2360 284 2712 351 NICETAM.
2765 284 3028 349 —CAP.
3073 281 3226 346 VIII.

3695 287 3836 347 ίοιο

437 419 635 476 licolas
664 417 1044 490 Aquileiensis
1066 416 1323 490 diceeesis
1348 418 1404 471 in
1436 434 1546 473 ms.
1578 419 1770 475 codice
1795 436 1910 474 non
1942 418 2089 474 anti-
2116 426 2166 488 Α
2195 418 2453 472 maxima
2479 435 2702 490 quoque
2734 417 3056 490 prudentia,
3086 416 3229 490 acin
3251 414 3633 490 apostolicam
3656 416 3838 490 sedem

436 509 567 563 quo,
586 492 680 562 qui
693 488 947 563 servatur
963 490 1019 543 in
1037 490 1147 563 hac
1163 488 1390 563 publica
1402 490 1869 562 archiepiscOpali
1888 492 2086 545 biblio-

437 561 623 618 theca}
642 567 699 615 ln
724 562 1014 633 hisiitaque
1058 561 1410 633 lectionibus
1437 568 1707 631 assertur,
1728 561 1880 633 quod
1918 563 2086 618 Nice-

436 638 530 690 tas
557 654 580 684 α
600 632 870 703 Aquileia:
882 632 1150 703 migravit.
1163 634 1236 686 ad
1254 632 1455 687 Domin
1466 650 1561 687 um
1575 650 1725 689 anno
1739 632 1943 689 Christi
1959 636 2081 699 458,

436 704 659 760 decimo
672 703 1113 757 kalendasJulii.
1136 722 1162 754 ››
1192 707 1318 758 Haec
1334 705 1540 759 saltem
1560 706 1779 774 epocha
1820 708 2086 759 decessus

436 775 773 847 Nicetmnon
792 779 1007 844 pugnat
1041 791 1164 847 cum
1199 775 1415 847 epocha
1454 776 1895 847 signataeeodem
1931 792 2084 830 anno

438 792 773 829 mceramon
792 792 1007 844 pugnat
1041 792 1164 829 cum
1194 792 1415 899 1epocna
1454 792 1895 847 signataeeoaem
1931 792 2080 830 anno

438 862 474 901 a
496 845 626 917 divo
660 847 842 917 Leone
868 848 1069 916 Magno
1095 846 1168 899 ad
1243 850 1452 900 icetam
1493 848 1762 901 eumdem
1810 846 2080 917 epistolae,

433 920 511 971 xii
536 915 898 973 kalendarum
914 915 1192 987 Aprilium
1216 935 1239 981 ;
1253 934 1376 987 quas
1396 918 1561 971 unica
1578 922 1663 973 est
1683 915 2002 973 certis—siina
2019 935 2085 973 ac

434 988 757 1059 synchrona
785 987 997 1043 Nicetai
1046 988 1421 1058 Aquileiensis
1455 990 1813 1059 episcopatus
1844 990 2079 1058 epocha.

487 1060 597 1114 nde
626 1064 818 1113 autem
870 1059 1181 1113 lectionum
1220 1076 1419 1113 earum
1476 1066 1694 1125 auctor,
1752 1060 2084 1115 recentioris

433 1131 603 1201 plane
630 1130 870 1184 dixerim
893 1130 993 1184 εθνὶ
1024 1147 1037 1196 ;
1072 1132 1220 1184 unde
1242 1130 1431 1184 hausit
1458 1130 1713 1185 Nicetam
1760 1132 1909 1185 hunc
1957 1136 2085 1201 post

434 1206 549 1256 tres
580 1218 807 1256 menses
835 1219 868 1255 a
894 1202 1031 1255 data
1056 1201 1260 1273 Leonis
1284 1201 1525 1270 epistola
1555 1219 1584 1256 e
1614 1202 1729 1256 vita
1752 1203 2028 1273 migrasse
2057 1203 2084 1255 ?

436 1272 763 1328 Dandulum
794 1275 986 1342 itaque
1015 1272 1202 1342 potius
1230 1273 1353 1341 quis
1386 1288 1498 1326 non
1530 1279 1801 1343 sequatur
1826 1272 1999 1327 etiam
2026 1273 2085 1327 in

436 1359 588 1397 anno
615 1344 1049 1415 signandoquo
1096 1343 1319 1397 Nicetas
1366 1348 1662 1414 episcopus
1709 1344 2084 1415 Aquileiensis

435 1416 509 1469 ad
540 1430 772 1484 superos
796 1414 1061 1480 evolavit,
1092 1418 1260 1485 prout
1295 1416 1565 1469 eumdem
1590 1420 1813 1471 secutus
1843 1421 1930 1469 est
1973 1417 2085 1471 cla-

433 1484 696 1540 rissimus
718 1488 796 1540 De
814 1487 1023 1541 Rubeis
1043 1486 1069 1538 ‘?
1098 1484 1179 1540 lta
1210 1502 1460 1556 namque
1492 1486 1685 1541 scribit
1706 1503 1873 1556 super
1895 1488 1999 1541 hac
2022 1503 2084 1541 re

435 1556 1110 1637 Vene‘tusitlhronologus
1136 1573 1149 1637 ἓ
1178 1557 1444 1637 (εὓξίεθῳδ
1474 1557 1856 1637 Aquileiensie
1872 1558 2082 1637 episco-

433 1644 559 1700 pus,
592 1628 773 1700 tantis
797 1628 1075 1700 angustiis
1104 1632 1159 1683 et
1188 1628 1481 1700 laboribus
1510 1628 1938 1700 circumseptus,
1970 1631 2086 1685 ela-

433 1699 549 1769 psis
576 1700 646 1753 ab
676 1699 1155 1753 inthronizatione
1180 1716 1285 1753 sua
1307 1699 1471 1753 annis
1495 1700 1564 1753 30
1590 1699 1882 1755 mensibus
1899 1702 1951 1765 9,
1999 1718 2083 1756 se-

433 1774 659 1842 nectute
676 1771 851 1825 etiam
869 1786 1192 1841 oppressus,
1216 1771 1357 1825 obiit
1402 1787 1554 1825 anno
1573 1772 1698 1826 495.
1724 1794 1744 1819 ι
1774 1772 1899 1827 Dies
1938 1789 2079 1842 quo-

432 1840 710 1913 queillius
733 1840 921 1896 obitus
942 1840 1056 1896 non
1099 1846 1185 1897 est
1212 1842 1638 1912 praetereunda;
1685 1859 1813 1912 quas
1843 1840 1994 1897 certe
2014 1859 2081 1897 ex

428 1928 711 1986 consensu
728 1913 990 1986 omnium
1012 1913 1525 1986 Martyrologorum
1542 1930 1665 1984 quas
1680 1914 1881 1986 Nicetes
1912 1914 2081 1986 hujus

429 1984 841 2051 meminerunt,
873 1984 1198 2055 incipiendo
1233 1986 1304 2056 ab
1358 1984 1461 2056 illo
1504 1985 1888 2040 vetustissimo
1931 1984 2083 2056 quod

430 2056 614 2111 sancti
646 2056 973 2128 Hieronymi
1004 2056 1237 2128 nomine
1260 2055 1621 2128 insignitum,
1654 2055 1779 2128 fuit,
1821 2055 2083 2128 non’alia

430 2143 553 2183 esse
580 2131 766 2197 potest
793 2126 969 2198 quam
1000 2126 1119 2180 dies
1145 2126 1400 2197 vigisima
1423 2127 1658 2198 secunda
1687 2127 1879 2196 Junii;
1898 2127 1953 2180 in
1968 2144 2082 2197 qua

430 2213 659 2277 nempe,
692 2197 823 2277 non
849 2198 1199 2277 modo‘ill‘ius
1251 2197 1554 2277 memoria,
1583 2198 1683 2277 sed
1710 2198 1907 2277 etiam,
1933 2203 1993 2277 ut
2022 2198 2078 2251 in

470 2267 691 2338 lurimis
722 2267 912 2321 videre
939 2270 1044 2338 est;
1079 2268 1231 2338 illius
1258 2267 1514 2336 depositio
1541 2267 1846 2338 indicatur.
1900 2272 2081 2338 Atque

428 2285 691 2390 plurimis
722 2285 912 2321 viuere
939 2285 1044 2332 ess,
1079 2285 1228 2321 unus
1258 2285 1514 2336 aepositzo
1541 2285 1846 2321 indicatur.
1900 2285 2081 2338 Atque

473 2354 552 2391 asc
577 2337 693 2390 sint
727 2338 797 2391 de
826 2337 1126 2408 praecipuis
1168 2336 1379 2408 Nicetis
1413 2337 1791 2407 Aquileiensis
1832 2339 2081 2408 epochis,

425 2411 550 2462 tum
590 2407 873 2480 assumpti
892 2407 1155 2480 videlicet
1203 2407 1582 2480 episcopatus,
1610 2413 1733 2463 tum
1772 2407 1981 2480 obitus,
2013 2412 2083 2466 de

430 2480 637 2558 quibus
667 2478 881 2558 aliquid
910 2477 1440 2558 dicerepportebat.

502 2550 588 2606 Ad
609 2548 886 2620 epocham
919 2565 1071 2603 nunc
1100 2548 1249 2603 illius
1273 2549 1637 2619 episcopatus
1666 2549 1983 2616 indubiam,
2013 2568 2079 2606 ac

428 2636 567 2676 sane
594 2620 1159 2691 illustrem,gradum
1186 2622 1369 2675 facere
1389 2620 1671 2691 juvat;ad
1690 2628 2076 2677 memoratam

427 2692 642 2747 scilicet
670 2691 974 2763 epistolam
988 2692 1101 2745 divi
1121 2692 1321 2746 Leonis
1336 2693 1526 2763 Magni
1553 2693 1625 2746 ad
1648 2694 1937 2756 eumdem,
1969 2694 2077 2748 hoc

426 2764 686 2834 apposito
708 2762 1009 2834 tempore:
1058 2765 1205 2818 Data
1229 2779 1303 2818 xu
1349 2762 1697 2817 kalendarum
1755 2765 2072 2830 Aprilium,

422 2834 1323 2914 consulatyﬂiilgjgrianiAugusti:
1341 2851 1466 2914 quia
1476 2839 1773 2914 propterea
1785 2836 2076 2913 adannum

423 2911 643 2976 spectat
660 2907 784 2970 458,
813 2904 985 2977 184
1014 2906 1107 2975 qui
1130 2911 1367 2977 quartus
1391 2905 1498 2977 fuit
1527 2904 1735 2977 l‘licetaa
1784 2905 2074 2975 episcopa-

422 2982 515 3031 tus
542 2993 747 3031 annus.
782 2979 934 3031 lnter
956 2976 1040 3030 tot
1061 2976 1361 3047 pastoralis
1393 2976 1567 3030 ofﬁcii
1585 2992 1846 3040 munera,
1871 2977 2073 3046 quibus

423 3046 781 3101 difﬁcillimis
810 3046 920 3100 illis
948 3046 1297 3116 temporibus
1327 3047 1696 3103 inclarescere
1727 3048 1921 3102 debuit
1951 3048 2072 3103 diu-

2112 1789 2156 1849 Β

2195 487 2552 560 obsequium,
2588 487 2649 545 ut
2662 487 2765 545 sibi
2795 490 3079 551 difﬁdens,
3108 488 3539 560 illiusposceret
3566 487 3626 540 in
3656 487 3840 543 difﬁci-

2196 558 2434 615 lioribus
2461 562 2881 617 auctoritatem.
2912 561 3230 615 Diaconum
3252 558 3494 612 fortasse
3523 559 3839 628 apostolica

2195 632 2346 703 sedis
2373 632 2492 702 ipse
2520 634 2808 703 expetivit,
2827 632 2924 702 qui
2958 647 3208 703 praesens
3233 630 3475 691 adesset,
3494 630 3840 703 prOpriisque

2197 702 2470 758 lustraret
2500 702 2677 758 oculis
2716 721 2833 758 sua:
2867 702 3128 757 Ecclesia:
3159 706 3393 767 statum,
3425 706 3599 769 atque
3627 702 3839 755 auribus

2195 773 2513 844 perciperet
2534 774 2923 844 querimonias
2951 772 3631 844 praecipuemaritorum,
3674 774 3767 841 qui
3814 790 3838 827 e

2196 842 2526 915 captivitate
2551 842 2785 901 reduces
2817 842 3181 914 aliis’nuptas
3210 842 3339 896 viris
3371 858 3743 915 uxoresisuas
3769 844 3840 896 in-

2196 913 2493 971 venerunt.
2520 917 2783 971 Fortasse
2802 920 2858 971 et
2888 915 3007 986 ipse
3038 913 3270 986 Sanctus
3299 913 3557 986 pontifex
3582 914 3715 986 Leo,
3749 916 3841 968 mi-

2196 988 2484 1058 seratione
2524 989 2723 1042 ductus
2762 984 3763 1058 ergaAquileiensiumcalamitates,
3790 993 3840 1040 et

2196 1057 2591 1113 instauranda:
2621 1055 2930 1129 disciplinae
2953 1055 3071 1112 zelo
3084 1058 3340 1129 adactus,
3355 1055 3667 1109 diaconum
3690 1056 3838 1110 illum

2197 1131 2577 1209 Adeodatum,
2604 1127 2778 1209 motu
2796 1130 3046 1209 pr0prio,
3062 1127 3265 1209 'veluti_
3284 1127 3546 1209 legatum.
3565 1144 3733 1181 suum
3781 1144 3837 1181 ac

2197 1200 2574 1264 visitatorem,
2598 1202 2673 1255 ad
2700 1197 3123 1271 Aquileiensem
3144 1199 3451 1271 Ecclesiam
3472 1197 3733 1271 aliasque
3754 1216 3841 1271 per

2196 1270 2426 1325 Italiam
2462 1269 2791 1335 destinavit,
2828 1270 3124 1326 medendis
3186 1269 3555 1341 levandisque
3589 1270 3839 1341 jacturis,

2194 1358 2337 1411 quas
2359 1343 2416 1396 in
2454 1344 2622 1397 rebus
2657 1342 2788 1397 ﬁdei
2818 1359 2884 1396 ac
2904 1358 3132 1396 morum
3168 1339 3498 1394 barbaricus
3527 1339 3698 1393 turbo
3726 1342 3839 1394 reli-

2194 1418 2415 1483 querat.
2449 1415 2541 1467 Hae
2569 1414 2778 1468 Nicetes
2810 1413 2989 1467 nostri
3046 1411 3516 1483 consultationes,
3572 1411 3693 1465 haec
3740 1411 3842 1465 divi

2193 1481 3240 1562 LeonisAepistolaLtestanturinterim
3271 1481 3468 1562 vigens
3481 1487 3619 1562 tunc
3630 1499 3845 1562 quoque

2195 1553 2547 1619 institutum,
2585 1560 2647 1609 ut
2678 1557 2943 1610 Romana
2972 1556 3134 1609 sedes
3173 1553 3424 1623 undique
3476 1554 3547 1607 ab
3578 1553 3845 1624 episcOpis

2194 1627 2586 1681 consuleretur
2614 1626 2672 1681 in
2699 1626 3053 1698 gravioribus
3080 1642 3145 1698 ac
3166 1623 3567 1698 dubiisrebus,
3603 1624 3724 1679 sive
3756 1628 3846 1677 do-

2193 1698 2413 1761 ctrinae,
2430 1698 2547 1751 sive
2572 1694 2889 1753 communis
2901 1696 3301 1751 ecclesiastica:
3326 1694 3665 1765 disciplinas,
3686 1701 3848 1765 prout

2194 1769 2402 1823 totalia
2426 1770 2925 1839 exstantexempla
2941 1772 3063 1822 tum
3088 1767 3341 1839 priorum
3364 1771 3487 1819 tum
3503 1767 3843 1839 subsequen-

2192 1840 2339 1894 tium
2359 1841 2720 1905 saeculorum,
2754 1837 2882 1910 quia
2912 1840 2970 1893 in
2991 1839 3080 1893 bis
3104 1838 3419 1910 ingenitam
3440 1837 3841 1910 auctoritatem

2192 1912 2516 1981 apostolica
2540 1912 2687 1967 sedis
2720 1909 3049 1966 ostendunt.
3096 1909 3534 1965 Consultationes
3558 1909 3841 1979 synodica:

2196 1983 2435 2037 Orientis
2460 1989 2509 2036 et
2544 1984 2864 2046 Occidentis,
2919 1997 3045 2052 quae
3077 1982 3151 2035 ad
3193 1981 3508 2052 Damasum
3562 1981 3840 2052 Romana

2194 2052 2351 2107 urbis
2372 2053 2700 2123 episcOpum
2729 2050 3048 2116 veniebant,
3091 2056 3147 2106 et
3174 2051 3232 2104 in
3254 2050 3457 2121 quibus
3471 2050 3742 2123 eumdem
3760 2051 3846 2120 ju-

2193 2124 2349 2195 cabal
2364 2125 2420 2178 in
2436 2122 2893 2195 responsionibus
2906 2122 3207 2195 exarandis
3222 2127 3445 2195 sanctus
3460 2122 3842 2195 hieronymus,

2193 2194 2312 2266 ipse
2343 2192 2870 2250 memo'ratsanctus
2882 2196 3082 2249 doctor
3102 2194 3271 2264 185
3287 2192 3619 2266 epistolaad
3641 2201 3846 2266 Agem-

2193 2263 2653 2337 chiam,qua3123
2667 2272 2753 2321 est
2768 2267 2827 2320 in
2846 2266 3105 2337 editione
3115 2269 3146 2317 ν·
3157 2263 3394 2337 allarsii,
3415 2263 3685 2337 num.1_0.
3703 2263 3845 2337 Ββω

2193 2353 2325 2391 vero
2356 2334 2540 2391 totam
2586 2343 2873 2392 exornant
2922 2335 3375 2391 cumulatissime
3418 2334 3631 2389 eruditi
3671 2335 3842 2389 eccle-

2192 2406 2434 2461 siasticas
2467 2408 2783 2478 disciplinae
2801 2412 3160 2470 tractatores,
3189 2405 3847 2478 etnuperrimeillustra-

2190 2479 2271 2531 vit
2292 2476 2702 2533 solertissimus
2734 2479 3029 2547 Selvagius
3072 2476 3491 2547 Antiquitatum
3536 2476 3842 2547 Christian.

2188 2550 2433 2604 lnstitut.
2468 2550 2610 2604 libro
2635 2567 2674 2614 1,
2698 2550 2883 2619 capite
2902 2546 2986 2615 l6,
3024 2552 3050 2617 θ
3076 2550 3128 2616 'l,
3161 2546 3241 2601 ita
3265 2553 3327 2601 ut
3351 2548 3491 2619 nihil
3525 2546 3621 2601 hic
3637 2549 3845 2619 addere

2188 2636 2330 2689 opus
2358 2620 2450 2674 sit.
2495 2618 3026 2690 Extremaepistolas
3053 2620 3236 2673 sancti
3268 2618 3466 2673 Leonis
3482 2618 3843 2690 verbadigna

2184 2688 2451 2761 suntquae
2465 2688 2972 2761 perpendanturob
2988 2695 3332 2745 memoratos
3344 2706 3461 2743 com
3467 2688 3844 2761 provinciales

2184 2760 2392 2817 Nicetis
2424 2760 2602 2816 unstii
2634 2763 2948 2833 episcopos,
3002 2764 3075 2815 ad
3128 2779 3267 2831 quos
3301 2766 3536 2833 sanctus
3586 2760 3845 2833 pontifex

2186 2834 2552 2903 praecipiebat
2576 2838 2638 2887 ut
2668 2831 2766 2904 per
2796 2831 3053 2888 Nicetam
3092 2850 3194 2904 sua
3225 2831 3464 2903 epistola
3498 2832 3839 2901 perveniret,

2184 2912 2247 2983 ut
2268 2903 3001 2983 ἱητγοηιηξᾳγη.οόριενυαζιήιὶαΑ
3014 2908 3077 2983 ut
3105 2903 3223 2983 ipse
3256 2903 3355 2967 ait,
3387 2905 3519 2958 data
3543 2906 3729 2983 prosit
3755 2920 3845 2955 au-

2183 2976 2438 3030 ctoritas.
2475 2975 2837 3030 Clarissimus
2860 2977 2937 3028 De
2966 2975 3174 3028 Bubeis
3204 2975 3260 3028 in
3285 2976 3704 3036 monumentis,
3760 2990 3843 3028 ca-

2184 3045 2302 3116 pite
2328 3048 2393 3100 17
2434 3062 2593 3100 num.
2625 3048 2675 3111 l,
2719 3048 2793 3100 ad
2833 3045 2955 3099 haec
2992 3046 3193 3099 eadem
3257 3046 3425 3116 verba
3463 3045 3548 3098 ita
3601 3044 3839 3098 scribit:

423 3120 626 3171 turnus
665 3117 876 3203 Nicette
922 3115 1158 3203 triginta
1184 3133 1484 3203 ‘an'noru'm
1542 3119 1921 3203 episcopatus,
1966 3121 2074 3175 hoc
2105 3142 2150 3203 ο
2188 3115 2748 3203 sComprovinciaies
2764 3116 3143 3203 metro‘poleos
3161 3115 3845 3203 AquileiensisAuntistites

422 3203 602 3242 unum
635 3186 954 3259 nobis,pos_t
969 3186 1239 3259 opuscula
1257 3189 1325 3242 de
1342 3188 1543 3258 quibus
1575 3186 1631 3242 in
1642 3186 2070 3259 fra'eritsermo,

423 3261 605 3313 restat
634 3257 1133 3329 episcopalisillius
1153 3257 1547 3312 sollicitudinis
1560 3259 1941 3314 certissimum
1954 3257 2074 3315 mo-

422 3328 788 3384 numentum.
844 3328 1022 3393 Quale
1055 3345 1207 3392 vero,
1242 3345 1522 3399 quamque
1553 3331 1891 3398 praeclarum
1923 3330 1951 3384 i’
1992 3333 2073 3385 En

423 3399 653 3473 initium
672 3401 841 3473 hujus
858 3399 1132 3473 epistolae,
1152 3416 1276 3473 quas
1291 3404 1376 3454 est
1397 3401 1499 3453 159
1519 3399 1582 3473 in
1597 3400 1845 3473 editione
1860 3402 2075 3456 Veneta

421 3470 877 3533 Balleriniorum,
902 3471 959 3524 in
982 3471 1232 3526 editione
1254 3472 1516 3525 Romana
1546 3470 1818 3525 Caeciarii
1850 3473 1971 3537 133,
2019 3477 2076 3527 et

422 3542 482 3599 in
504 3543 754 3599 editione
783 3542 1065 3603 Quesnelli
1094 3542 1227 3597 129:
1262 3564 1282 3591 ι
1313 3541 1619 3603 Regressus
1647 3542 1719 3595 ad
1767 3558 1871 3597 nos
1920 3543 2073 3598 filius

424 3631 590 3669 meus
609 3615 939 3670 Adeodatus
960 3612 1110 3669 sedis
1136 3616 1348 3667 nostra:
1382 3612 1674 3682 diaconus,
1707 3612 2073 3668 dilectionem

423 3689 586 3739 tuam
613 3686 933 3755 poposcisse
964 3684 1324 3748 memoravit,
1342 3688 1403 3738 ut
1431 3684 1500 3739 de
1520 3683 1608 3737 his
1634 3701 1668 3738 a
1696 3684 1857 3755 nobis
1883 3690 2075 3740 aucto-

423 3754 657 3811 ritatem
688 3754 1017 3825 apostolicae
1047 3756 1197 3810 sedis
1215 3755 1521 3824 acciperes,
1550 3772 1676 3824 qua:
1694 3754 1925 3825 quidem
1943 3773 2073 3811 ma-

423 3840 598 3898 gnam
612 3824 823 3898 difficul
834 3830 1004 3880 tatem
1016 3826 1091 3897 dij
1103 3825 1439 3898 udicationis
1451 3824 2074 3898 vid‘entur’atl‘erreSed

423 3895 526 3968 pro
556 3896 879 3967 inpectione
906 3895 1307 3967 temporalium
1337 3895 1736 3968 necessitatem
1754 3897 2073 3953 adhibenda

427 3967 645 4023 curatio
676 3973 780 4032 est,
821 3972 884 4023 ut
912 3968 1161 4031 vulnera,
1213 3983 1340 4038 quae
1383 3967 1680 4038 hospitalis
1730 3970 2072 4025 adversitate

423 4038 584 4096 illata
599 4045 750 4106 sunt,
768 4039 1054 4111 religionis
1067 4038 1316 4093 maxime
1342 4038 1566 4093 ratione
1583 4043 1874 4111 sanentur.
1896 4062 1923 4089 »
1939 4041 2073 4095 Post

424 4111 521 4183 huj
532 4111 757 4166 usinodi
770 4110 1109 4183 ingressum,
1126 4115 1352 4183 septem
1372 4115 1693 4183 sequuntur,
1708 4110 1961 4181 epistolas
1982 4128 2072 4166 ca-

425 4181 1224 4263 pita,quorum_haacsumma.
1265 4181 1543 4236 Primum.
1571 4184 1650 4263 De
1665 4182 1918 4262 feminis,
1951 4198 2073 4263 qua

425 4252 700 4308 occasione
720 4254 1057 4323 captivitatis
1070 4252 1320 4306 virorum
1340 4269 1574 4307 suorum
1588 4252 1720 4305 aliis
1747 4260 2070 4322 nupserunt.

433 4325 759 4379 Secundum
776 4327 871 4378 An
887 4323 1177 4393 culpabilis
1205 4326 1297 4386 sit,
1314 4327 1416 4392 qui
1438 4323 1607 4376 locum
1635 4324 1857 4392 captivi
1881 4325 2075 4378 mariti

425 4396 739 4463 assumpsit.
767 4394 1047 4448 Tertium:
1082 4393 1489 4448 Restituendam
1519 4410 1623 4447 esse
1648 4409 1879 4449 uxorem
1896 4396 2073 4464 primo

424 4466 645 4518 marito.
680 4465 1567 4527 Quartuszcccommunicandas
1595 4480 1702 4518 esse
1717 4465 1982 4519 mulieres
2005 4466 2074 4519 ad

421 4535 683 4605 primum
706 4534 969 4588 maritum
984 4534 1159 4605 redire
1174 4536 1426 4589 nolentes.
1444 4535 1717 4599 Quintum
1739 4552 1751 4589 ξ
1778 4540 1857 4591 De
1876 4536 1964 4590 his
1982 4538 2074 4605 qui

427 4604 632 4675 captivi
654 4621 772 4659 cum
799 4610 991 4659 essent.
1026 4604 1332 4675 idolothyla
1361 4606 1509 4673 fame
1525 4608 1607 4661 vel
1650 4615 1795 4661 metu
1837 4604 2075 4675 compel-

426 4677 563 4731 lente
591 4676 962 4731 comederunt.
997 4676 1227 4747 Sextum
1258 4692 1269 4729 :
1297 4678 1374 4747 De
1397 4677 1480 4729 his
1509 4679 1768 4747 quimetu
1795 4680 2073 4733 veterrore

426 4747 764 4818 rebaptizati
774 4751 920 4801 sunt.
945 4746 1261 4817 Septimum
1284 4762 1295 4800 :
1320 4745 1398 4800 De
1414 4747 1496 4799 his
1508 4745 1603 4816 Qui
1629 4748 1792 4802 semel
1814 4749 2075 4818 baptizati

426 4817 573 4886 sunt,
595 4819 691 4873 sed
708 4819 774 4873 ab
801 4817 1088 4875 haereticis.
1124 4818 1206 4871 Ita
1233 4833 1385 4882 vero,
1411 4824 1536 4886 post
1566 4818 1764 4871 datum
1805 4817 1956 4873 hisce
1974 4821 2075 4875 du-

422 4891 550 4957 hiis,
567 4906 924 4960 responsum,
939 4887 1239 4960 epistolam
1250 4889 1460 4943 claudit
1474 4893 1704 4960 sanctus
1716 4888 1823 4942 Leo
1846 4905 1900 4942 ;‹‹
1918 4891 2074 4945 Hanc

425 4968 619 5019 autem
651 4959 949 5032 epistolam
969 4959 1250 5025 nostram,
1297 4976 1469 5030 quam
1518 4959 1586 5013 ad
1618 4960 2073 5032 consultaionem

427 5038 538 5089 tuae
558 5030 935 5089 fraternitatis
959 5031 1276 5096 emisimus,
1305 5032 1378 5085 ad
1394 5047 1593 5085 omnes
1613 5030 1817 5086 fratres
1838 5035 1894 5085 et
1921 5048 2074 5087 com-

425 5105 805 5184 provinciales
837 5108 964 5158 tuos
1007 5104 1300 5184 episcopos
1333 5102 1505 5184 facies
1555 5101 1868 5184 pervenire,
1921 5105 2071 5159 utin

428 5172 689 5231 omnium
731 5172 1094 5230 observantia
1126 5172 1263 5229 data
1300 5174 1477 5244 prosit
1503 5172 1831 5227 auctoritas.
1868 5196 1889 5223 ι

499 5248 662 5313 Quod
691 5249 875 5317 prima
923 5247 1112 5300 fronte
1142 5262 1263 5300 sese
1300 5245 1461 5299 nobis
1495 5245 1662 5317 offert
1712 5260 1779 5299 ex
1809 5246 1915 5300 hac
1958 5245 2069 5299 divi

424 5316 627 5387 Leonis
656 5315 729 5372 ad
760 5318 1018 5372 Nicetam
1049 5316 1308 5386 epistola,
1350 5320 1448 5387 cst
1497 5315 1690 5370 infelix
1735 5333 1874 5371 sane
1905 5317 2072 5387 Aqui-

423 5384 651 5442 leiensis
684 5388 941 5442 Ecclesiae
960 5384 1141 5441 status
1161 5404 1231 5441 ex
1248 5386 1498 5441 Attilana
1518 5387 1945 5458 cladesecutus,
1968 5384 2069 5458 qui

424 5459 669 5538 multam
683 5464 981 5528 propterea
995 5474 1060 5511 ac
1070 5458 1416 5538 singularem
1432 5456 1829 5538 medicationis
1842 5456 2070 5538 operam

423 5528 699 5596 exigebat,
738 5527 911 5598 quam
958 5527 1186 5583 nonnisi
1232 5527 1544 5598 apostolica
1596 5529 1729 5582 sede
1785 5527 2066 5594 consulta,

423 5598 677 5667 episcopi
712 5597 979 5665 praestare
1002 5603 1123 5652 tuto
1152 5615 1217 5652 ac
1246 5597 1609 5651 u'niformiter
1672 5599 1979 5667 potuissent
2010 5600 2068 5653 in

422 5666 510 5738 tot
525 5666 877 5738 gravioribus
897 5670 1061 5722 rebus
1079 5686 1199 5738 quae
1216 5673 1352 5722 tunc
1380 5666 1778 5738 occurrebant.
1811 5671 2066 5725 Pastora-

422 5736 493 5791 lis
524 5734 730 5788 deinde
752 5735 933 5807 elucet
955 5734 1158 5807 Nicetes
1205 5737 1582 5807 Aquileiensis
1637 5739 1959 5794 sollicitudo
2008 5740 2068 5796 in

419 5818 659 5871 suorum
677 5804 939 5863 curandis
949 5806 1183 5874 morbis,
1196 5804 1580 5882 juvandisque
1602 5808 2062 5883 necessitatibus;

2107 4499 2151 4557 D

2185 3193 2351 3242 erant
2383 3186 2489 3241 hoc
2517 3205 2632 3241 aevo
2662 3187 2811 3253 lstri,
2844 3204 2907 3241 ac
2940 3187 3158 3249 Veneti,
3188 3187 3399 3256 aliique
3416 3202 3486 3241 ex
3520 3186 3734 3241 Rhetia
3761 3202 3841 3241 se-

2184 3259 2372 3313 cunda
2389 3263 2445 3313 et
2459 3259 2687 3313 Norico.
2705 3278 2732 3309 »
2750 3258 3044 3313 Probabile
3062 3258 3234 3329 igitur
3262 3264 3366 3321 est,
3387 3262 3487 3329 aut
3519 3258 3629 3311 hos
3648 3273 3843 3311 omnes

2186 3329 2489 3399 provinciae
2514 3328 2890 3399 Aquileiensis
2920 3328 3236 3400 episcopos,
3266 3333 3365 3382 aut
3394 3328 3607 3382 saltem
3642 3328 3842 3398 pleros~

2184 3416 2312 3470 que,
2346 3400 2598 3455 maxime
2623 3417 2755 3455 vero
2788 3399 3127 3462 Altinatem,
3154 3399 3410 3469 aliosque
3431 3399 3731 3454 terrestris
3750 3400 3841 3453 Ve-

2186 3470 2349 3524 netiae
2365 3470 2461 3540 qui
2478 3475 2614 3525 tunc
2643 3475 2828 3539 erant,
2856 3472 2911 3524 in
2931 3472 3133 3525 eadem
3154 3471 3326 3525 fuisse
3348 3486 3479 3524 cum
3496 3470 3841 3540 Aquileiensi

2184 3540 2630 3610 metropolitano
2665 3542 3021 3607 necessitate,
3057 3547 3113 3596 et
3138 3541 3396 3595 omnium
3424 3542 3643 3596 harum
3671 3541 3838 3596 Eccle-

2184 3612 2401 3666 siarum
2435 3612 2883 3668 sollicitudinem
2906 3612 3146 3683 gessisse
3177 3612 3453 3679 Nicetam,
3474 3629 3601 3666 cum
3625 3612 3837 3667 consul-

2183 3683 2431 3737 tationes
2465 3700 2597 3738 suas
2626 3685 2700 3739 ad
2740 3682 3115 3754 apostolicam
3148 3685 3344 3738 sedem
3374 3700 3476 3754 per
3530 3682 3833 3739 diaconum

2184 3754 2549 3808 Adeodatum
2581 3754 2804 3809 direxit.

2252 3826 2337 3879 Ad
2350 3826 2621 3895 cpuscula
2634 3842 2784 3880 nunc
2795 3826 3363 3895 descendamus,quae
3376 3824 3714 3880 Gennadius
3726 3839 3830 3879 me—

2179 3902 2387 3961 morat,
2424 3898 2566 3951 etad
2587 3912 2785 3951 eorum
2803 3896 2978 3951 etiam
3015 3895 3825 3967 unumquodquesingillatim.

2182 3913 2387 3961 morat,
2424 3913 2566 3951 etad
2587 3913 2785 3951 eorum
2803 3913 2978 3951 etiam
3015 3913 3821 4019 unumquoaquesingmaum.

2182 3988 2211 4038 ς(
2231 3967 2426 4021 Niceas
2454 3967 2663 4038 (inquit
2709 3967 3033 4022 Gennadius
3059 3966 3129 4021 de
3164 3967 3312 4021 Viris
3351 3969 3368 4019 l
3397 3967 3675 4022 lustribus
3704 3982 3821 4036 cap.

2179 4037 2269 4105 22,
2303 4054 2371 4093 ex
2396 4038 2749 4093 Bibliotheca
2772 4038 3158 4092 Ecclesiastica
3187 4038 3425 4092 Joannis
3461 4037 3680 4092 Alberti
3735 4038 3825 4091 Fs-

2181 4109 2366 4178 bricii)
2398 4110 2596 4164 Niceas
2629 4109 2996 4163 Romacianm
3059 4109 3300 4163 civitatis
3331 4108 3652 4178 episCOpus.
3687 4123 3829 4162 com-

2181 4180 2372 4251 posuit
2392 4180 2636 4251 simplici
2664 4197 2729 4234 ac
2756 4180 2937 4234 nitido
2967 4195 3232 4234 sermone
3280 4179 3738 4251 competentibus
3763 4178 3828 4251 ad

2182 4249 2531 4321 baptismum
2564 4251 2952 4305 instructionis
2978 4251 3199 4304 libellos
3225 4267 3341 4305 sex.
3368 4251 3423 4304 ln
3440 4250 3647 4320 quibus
3664 4249 3830 4304 conti-

2183 4326 2282 4375 net
2302 4322 2540 4391 primus,
2560 4322 2805 4392 qualiter
2835 4339 2893 4375 se
2920 4323 3165 4375 debeant
3183 4321 3391 4375 habere
3421 4327 3823 4392 competentes,

2183 4392 2278 4462 qui
2296 4394 2366 4446 ab
2398 4393 2666 4462 baptismi
2688 4395 2937 4462 gratiam
2953 4392 3188 4462 cupiunt
3214 4392 3525 4463 pervenire.
3545 4393 3827 4446 Secundus

2182 4469 2268 4517 est
2300 4465 2370 4517 de
2401 4464 2736 4534 gentilitatis
2760 4464 3051 4517 Erroribus
3087 4481 3098 4510 :
3130 4463 3187 4516 in
3227 4480 3337 4533 quo
3361 4463 3497 4517 dicit
3527 4480 3633 4517 suo
3696 4478 3825 4534 pene

2185 4533 2441 4605 tempore
2460 4535 2767 4589 Melodium
2784 4535 3094 4604 quemdam
3110 4533 3583 4605 patremfamilias
3601 4534 3673 4588 ob
3704 4533 3826 4586 libe—

2182 4604 2494 4668 ralitatem,
2529 4611 2585 4660 et
2622 4605 2963 4660 Gardarium
3018 4604 3291 4659 rusticum
3323 4608 3394 4659 ob
3434 4604 3823 4659 fortitudinem

2184 4677 2255 4730 ab
2267 4676 2506 4731 ethnicis
2537 4692 2657 4732 esse
2688 4676 2835 4730 inter
2860 4678 2995 4730 deos
3018 4676 3575 4730 translatos.Tertius
3596 4677 3740 4730 liber
3761 4676 3823 4728 de

2184 4747 2318 4819 Fide
2335 4747 2513 4819 unicae
2527 4747 2837 4819 Maiestatis
2857 4764 2870 4813 ;
2888 4752 3123 4819 quartus
3153 4750 3422 4801 adversus
3450 4746 3824 4819 Genethliolo-

2226 4817 2343 4889 iam
2368 4816 2631 4889 ;quintus
2653 4820 2722 4873 de
2757 4816 3027 4889 Symbolo
3050 4835 3063 4883 ;
3085 4822 3278 4873 sextus
3301 4820 3371 4873 de
3386 4820 3529 4889 Agni
3548 4816 3821 4888 paschalis

2182 4835 2343 4943 gnam
2368 4835 2631 4889 ;quintus
2653 4835 2722 4873 ae
2757 4835 3027 4889 symbolo
3050 4835 3063 4883 ;
3085 4835 3278 4873 sextus
3301 4835 3371 4873 ae
3386 4835 3529 4889 agni
3548 4835 3819 4888 pascnans

2230 4888 2443 4943 ictima.
2476 4889 2660 4944 Edidit
2689 4891 2831 4944 etad
2852 4891 3074 4959 lapsam
3101 4889 3819 4959 Virginemlibellum,pene

2183 4961 2450 5015 omnibus
2476 4961 2796 5015 labentibus
2812 4960 3233 5015 emendationis
3258 4959 3679 5015 incentivum.»
3702 4959 3818 5013 Post

2183 5032 2565 5095 Gennadium,
2589 5032 2779 5101 paucis
2796 5031 3117 5085 immutatis
3134 5037 3235 5085 aut
3250 5031 3519 5102 demptis,
3536 5032 3618 5085 ita
3641 5028 3815 5102 scribit

2180 5102 2461 5157 Honorius
2487 5099 3015 5173 Augustodunensis
3046 5102 3113 5156 de
3135 5099 3515 5173 Scriptoribus
3560 5099 3816 5173 Ecclesia-

2180 5173 2336 5247 sticis
2350 5174 2507 5247 libro,
2519 5171 2773 5247 “(capite
2791 5174 2878 5237 22,
2902 5190 2969 5247 ex
2985 5174 3187 5247 eadem
3201 5171 3439 5247 Fabricii
3454 5171 3808 5247 Bibliotheca;

2184 5265 2209 5295 ‹‹
2242 5245 2461 5312 Niceas,
2497 5242 2858 5299 Romacianas
2893 5243 3138 5298 civitatis
3168 5246 3485 5313 episcopus,
3510 5242 3811 5312 composuit

2179 5315 2422 5386 simplici
2453 5321 2508 5371 et
2534 5316 2713 5378 nitido
2731 5330 2993 5369 sermone
3023 5331 3121 5369 sex
3144 5312 3603 5384 competentibus
3632 5314 3702 5367 ad
3730 5312 3811 5386 ba-

2180 5384 2453 5457 ptismum
2482 5386 2870 5441 instructionis
2898 5386 3135 5440 libellos.
3171 5386 3250 5439 Ex
3276 5385 3481 5456 quibus
3503 5385 3717 5457 primus
3740 5384 3808 5457 est

2180 5452 2249 5511 de
2280 5458 2741 5527 Competentibus
2771 5456 3070 5527 baptismi;
3097 5452 3380 5512 secundus
3398 5457 3469 5509 de
3488 5452 3805 5525 gentilitatis

2180 5528 2502 5591 Erroribus;
2527 5528 2722 5583 tertius
2745 5528 2815 5582 de
2846 5528 2979 5582 Fide
3012 5528 3188 5582 unica
3211 5528 3561 5598 Majestatis;
3590 5530 3804 5597 quartus

2179 5600 2449 5678 adversus
2462 5599 2871 5678 Qenealogiain
2893 5599 2993 5678 (at.
3017 5598 3547 5678 Genethliologiam)
3565 5615 3579 5662 ;
3597 5598 3802 5678 quintus

2178 5670 2255 5750 de.
2271 5672 2548 5750 Symbolo
2564 5687 2577 5736 ;
2595 5663 2781 5750 sexti'is
2806 5671 2876 5750 de
2890 5663 3331 5750 Agnipasghalis
3348 5663 3798 5750 Victima._'tlondi-

2179 5740 2264 5821 dit
2380 5742 2454 5795 ad
2472 5735 3001 5821 lapsam‘Yirginem
3032 5735 3291 5821 libellum
3312 5755 3456 5821 pene
3469 5735 3801 5821 o‘mnibusls:

2176 5811 2439 5870 bentibus
2451 5807 2872 5873 emendationis
2883 5811 3256 5873 incentivum.
3276 5807 3460 5869 {Post
3470 5807 3801 5877 Gennadim
