4004 6182
360 288 514 349 1055

1072 282 1139 342 Ρ.
1182 278 1479 343 BBAIDE
1518 272 1991 339 DISSERTATIO
2030 271 2106 334 IN
2147 273 2208 335 8.
2253 273 2601 336 NICETAM.
2634 271 2899 335 —CAP.
2944 271 3095 335 VIII.

3607 268 3763 330 {058

359 416 655 475 Paschatis
682 418 845 470 nocte
874 432 885 472 :
921 416 1090 484 atque
1128 412 1219 467 hic
1244 415 1545 484 prOtherea
1591 407 1760 484 fuerit
1798 408 2006 484 Niceten
2038 407 2085 466 A
2116 406 2649 484 injicianaslignum
2668 406 2964 484 inpagem
2987 404 3211 484 ipsius";
3245 402 3323 457 ita
3349 400 3776 484 illuminari-dos

362 506 565 560 scopus
592 489 666 564 in
691 486 880 541 libello
909 486 982 564 de
1001 478 1145 564 Lippi
1175 478 1442 564 paschalis
1474 481 1731 564 Victima,
1764 478 1857 564 qui
1890 494 2010 559 sex-

361 550 539 616 tus'et
567 560 800 613 ultimus
840 560 925 611 est
972 572 1037 609 ex
1058 550 1224 609 libris
1255 570 1349 608 seu
1382 552 1742 608 sermonibus
1782 550 1851 604 ab
1889 550 2008 620 ipso

363 631 573 687 habitis
600 632 669 683 ad
703 630 1107 696 competentes.

434 699 726 778 Sermouis
744 691 1135 778 nihilominus,
1158 695 1338 778 quiad
1351 697 1738 778 competentes
1756 691 2011 778 apposite

364 773 589 827 habitus
642 768 812 823 fuerit
840 769 909 822 de
957 762 1313 822 eucharistize
1352 762 1731 827 sacramento,
1774 764 1865 817 vix
1897 762 2011 816 alia

364 842 602 905 mentio,
633 844 731 894 aut
760 855 829 893 ne
855 838 944 891 vix
988 839 1216 907 quidem
1251 837 1495 891 occurrit
1524 836 1578 889 in
1614 832 2011 907 totaantiqui-

364 918 502 975 tate,
522 928 635 966 uno
659 911 764 963 hoc
782 905 1020 979 excepto
1050 908 1277 967 Niceten,
1297 908 1391 978 qui
1416 907 1593 979 etiam
1614 905 1799 976 periit,
1837 908 2012 979 et__cu-

356 984 453 1053 jus
484 982 885 1053 tantummodo
917 976 1144 1034 titulum
1176 976 1338 1053 nobis
1378 977 1623 1053 servavit
1662 976 2009 1053 Gennadius.

365 1050 510 1118 Quid
530 1051 1004 1126 igituritaiSane
1019 1053 1086 1105 de
1101 1050 1860 1126 eucharistiaesacramento,
1874 1062 2014 1126 non-

365 1118 774 1196 duminitiatis,
810 1122 973 1192 plena
1002 1126 1171 1196 atque
1193 1121 1454 1175 absoluta
1472 1120 1753 1196 institutio
1770 1118 2014 1196 antiqui:

364 1200 455 1249 tus
488 1212 601 1249 non
633 1190 892 1251 dabatur,
928 1209 993 1247 ex
1025 1190 1325 1261 diligenter
1350 1196 1483 1245 tunc
1510 1190 1793 1244 custodita
1817 1190 2010 1261 arcani

364 1266 663 1335 disciplina
698 1283 709 1319 :
745 1264 1001 1318 nondum
1034 1257 1163 1317 vero
1196 1259 1882 1335 initiaticensebanturii
1914 1257 2013 1335 _qui

365 1330 600 1391 salutari
634 1336 857 1389 lavacro
886 1335 1141 1387 nondum
1173 1338 1337 1388 erant
1381 1332 1573 1393 abluti,
1608 1332 1725 1385 sive
1754 1330 2016 1383 catechu-

368 1407 519 1460 meni
552 1408 587 1459 ii
622 1410 829 1467 essent,
866 1404 981 1459 sive
1015 1405 1189 1458 etiam
1221 1408 1628 1474 competentes.
1660 1404 2016 1474 Quapropter

366 1481 597 1531 sanctus
628 1475 964 1533 Ambrosius
982 1475 1074 1544 qui
1091 1476 1297 1529 librum
1323 1471 1545 1543 scripsit
1568 1475 1634 1528 de
1653 1472 1928 1544 Mysteriis
1944 1471 2016 1524 ad

367 1564 549 1615 nuper
597 1548 931 1616 baptizatos,
964 1543 1056 1600 ubi
1099 1546 1272 1601 etiam
1306 1546 1472 1601 tertio
1512 1545 1727 1616 locoex
1761 1543 2015 1616 professo

366 1613 489 1687 agit
514 1620 583 1672 de
604 1613 961 1672 eucharistia}
991 1621 1371 1683 sacramento,
1394 1616 1545 1685 quod
1562 1615 1794 1687 quidem
1821 1613 2020 1687 asserit

365 1686 441 1743 ab
473 1690 606 1759 ipsis
628 1692 921 1757 acceptum
940 1688 1134 1741 statim
1158 1692 1285 1757 post
1305 1688 1673 1759 baptismum,
1701 1686 1777 1759 ita
1801 1686 1873 1737 ad
1897 1701 2018 1739 eos-

2118 472 2515 548 alloquebatur
2555 495 2565 532 :
2605 500 2624 526 ‹
2662 479 2718 532 Si
2749 472 2804 531 te
2836 476 3111 556 Dominus
3141 475 3375 556 dignum
3404 472 3692 556 habuerit,
3716 472 3778 525 in

2157 545 2403 603 osterum
2430 565 2754 621 cognosces,
2780 550 2940 621 quod
2958 564 3156 621 corpus
3178 545 3781 621 ejusjustahvange:

2141 620 2279 682 ium,
2310 614 2551 689 figuram
2576 614 2994 690 ferebat-panis.
3027 614 3779 690 inluminandisitaque,_id

2118 695 2203 745 est
2231 685 2705 761 competentibus,
2736 685 3038 745 ex'silentii
3070 688 3361 758 religione,
3402 685 3781 761 eucharistiaz

2120 758 2449 832 mysterium
2482 764 2733 816 nondum
2761 762 3142 831 aperiebatur,
3177 761 3275 832 sed
3302 758 3679 832 aperiendum
3724 758 3779 832 in

2155 830 2401 887 osterum
2424 830 2877 903 promittebatur,
2904 833 2947 886 si
2976 849 3071 887 eos
3098 831 3373 885 Dominus
3396 830 3597 898 dignos
3618 830 3785 881 esset

2118 850 2448 957 habiturus:
2466 905 2518 957 id
2538 908 2623 957 est
2648 904 2691 957 si
2716 920 2877 957 sacro
2907 903 3247 957 baptismate
3266 901 3417 957 digni
3440 916 3557 955 esse
3582 914 3782 952 mere-

2163 901 2448 973 abiturus;
2466 905 2518 977 id
2538 908 2623 977 est
2648 904 2691 958 si
2716 920 2877 977 sacro
2902 903 3247 977 baptismate
3266 901 3417 977 digni
3440 916 3557 955 esse
3582 914 3782 977 mere-

2120 978 2336 1037 rentur,
2385 969 2593 1030 auditis
2636 969 3041 1037 catechesihus,
3075 969 3782 1043 peractisquescrutiniis.

2123 1046 2269 1111 Quid
2286 1063 2418 1100 vero
2440 1046 2579 1100 illud
2606 1047 2669 1101 in
2699 1052 2973 1116 posti-rum
2993 1061 3059 1098 ex
3078 1040 3283 1099 sancto
3305 1040 3507 1116 Cyrillo
3526 1043 3555 1097 7
3581 1043 3654 1095 Ex
3668 1040 3785 1110 pli-

2122 1121 2213 1171 cat
2255 1118 2622 1188 semetipsum
2676 1114 2906 1188 s‘anctus
2941 1116 3129 1188 Pater,
3180 1116 3249 1188 de
3305 1114 3783 1188 hocopportunp

2122 1191 2385 1263 tempore
2400 1181 2688 1263 aperiendi
2709 1186 3099 1263 illuminandis
3118 1181 3783 1263 eucharistiaalmysterii.

2123 1258 2180 1312 in
2212 1254 2491 1313 cateche'si
2524 1262 2609 1321 18,
2646 1276 2768 1329 quae
2795 1258 3059 1329 similiter
3087 1261 3171 1312 est
3197 1254 3789 1329 adueosdemjllurpi-

2124 1331 2374 1393 nandos;
2413 1330 2503 1383 ubi
2533 1324 2716 1400 capite
2756 1330 2822 1383 32
2849 1334 2905 1384 et
2931 1330 2999 1383 33
3028 1328 3083 1382 in
3116 1327 3418 1383 catechesis
3442 1326 3666 1400 epilogo
3697 1324 3787 1378 ita

2126 1418 2221 1456 eos
2251 1401 2574 1470 alloquitur.
2601 1397 2627 1450 ἱ(
2660 1403 2886 1455 Fratres
2915 1399 3124 1465 dilecti,
3158 1416 3253 1453 vos
3283 1414 3480 1452 omnes
3504 1397 3789 1470 hortatur

2124 1467 2515 1553 praceptionis
2545 1472 2715 1553 hujus
2737 1488 2947 1536 sermo,
2977 1476 3038 1525 ut
3069 1470 3324 1553 animam
3350 1467 3787 1553 ad_c(elestium

2129 1538 2408 1597 donorum
2428 1538 2810 1613 receptionem
2825 1542 3183 1611 comparetis.
3205 1544 3279 1596 De
3302 1540 3510 1613 tradita
3522 1538 3691 1591 vobis
3710 1538 3789 1591 ad

2126 1614 2517 1668 confitendum
2536 1610 2732 1668 sancta
2756 1618 2811 1667 et
2841 1610 3151 1683 apostolica
3172 1612 3302 1675 ﬁde,
3318 1612 3465 1681 quod
3480 1610 3788 1683 licetcate-

2127 1686 2321 1739 cheses
2353 1685 2407 1737 in
2441 1686 2741 1754 praeteritis
2772 1682 2925 1739 hisce
2958 1683 3420 1753 Quadragesimaa
3442 1682 3648 1754 diebus
3676 1696 3791 1749 per

366 1752 508 1814 dem'
532 1752 873 1829 loquebatur
901 1759 1084 1827 capite
1118 1752 1171 1823 1,’
1194 1775 1353 1812 num.
1377 1752 1411 1811 2
1441 1775 1451 1812 :
1488 1780 1513 1806 «
1538 1758 1697 1811 Nunc
1718 1757 1786 1809 de
1810 1760 2017 1825 myste-
2045 1765 2091 1824 Β
2131 1752 2610 1829 Dominigratiam
2626 1756 2937 1829 diximus...
2958 1752 3348 1829 Instantevero
3367 1752 3631 1829 deinceps
3645 1767 3788 1805 san-

366 1831 465 1884 riis
493 1831 676 1884 dicere
706 1834 930 1899 tempus
960 1830 1252 1891 admonet,
1281 1833 1451 1899 atque
1481 1829 1663 1898 ipsam
1692 1843 2018 1899 sacramen-

366 1906 558 1955 torum
591 1897 873 1955 rationern
896 1902 1064 1955 edere
1088 1917 1099 1954 :
1120 1918 1292 1970 quam
1326 1897 1458 1954 ante
1488 1899 1834 1969 baptismum
1854 1897 2012 1970 sipu-

366 1977 651 2027 tassemus
680 1972 1084 2025 insinuandam
1116 1968 1370 2025 nondum
1412 1968 1674 2031 initiatis,
1706 1968 2017 2039 prodidisse

370 2043 559 2113 potius
586 2060 756 2112 quam
806 2042 1050 2097 edidisse
1077 2043 1485 2097 aestimaretur.
1518 2064 1538 2089 ι
1562 2040 1864 2113 Rationem
1886 2056 2015 2113 vero

368 2110 545 2167 aliam
574 2110 880 2183 subjiciens
908 2114 1077 2184 hujus
1103 2113 1310 2168 silentii
1344 2114 1426 2167 sui
1458 2114 1527 2167 de
1552 2112 1705 2166 hisce
1737 2110 2017 2184 mysteriis

370 2190 503 2239 ante
520 2170 822 2254 baptisma.
854 2184 932 2237 ita
958 2170 1119 2253 purose
1166 2184 1315 2239 uitur
1345 2201 1357 2238 :
1384 2204 1410 2234 «
1437 2184 1651 2237 Deinde
1669 2170 1815 2252 quod
1840 2181 2019 2250 inopi-

370 2256 638 2307 nantibus
670 2255 871 2307 melius
897 2271 955 2307 se
994 2202 1240 2307 insaCiux
1286 2255 1688 2307 mvsteriorum
1721 2251 2015 2307 infuderit.

366 2252 638 2309 nantibus
670 2255 871 2309 melius
897 2252 969 2309 seu
994 2254 1116 2324 ipsa
1144 2252 1240 2308 lux
1286 2255 1688 2325 mysteriorum
1721 2252 2015 2325 infuderit,

362 2342 538 2394 quam
571 2326 616 2378 si
643 2341 771 2378 eam
820 2323 1244 2394 sermoaliquis
1266 2323 1743 2393 praecucurrisset.
1790 2345 1809 2371 ι
1855 2323 2019 2377 Patet

368 2395 521 2455 hinc,
555 2402 609 2449 et
643 2394 827 2463 reipsa
871 2396 1128 2448 nondum
1162 2395 1415 2449 initiatos
1456 2394 1853 2463 intelligendos
1896 2409 2017 2447 esse

365 2465 544 2519 etiam
567 2468 947 2533 competentes
967 2464 1117 2534 ipsos
1142 2470 1275 2520 ante
1297 2465 1539 2535 baptism
1551 2464 1876 2535 um,quibus
1894 2480 2018 2533 pro-

368 2539 563 2606 pterea
593 2543 1077 2590 sacramentorum
1102 2536 1247 2591 ratio
1290 2536 1544 2591 nondum
1574 2540 1697 2590 erat
1725 2535 2015 2589 insinuan-

368 2608 480 2677 da;
511 2612 565 2661 et
595 2607 814 2660 nullum
856 2623 1079 2677 quoque
1103 2608 1453 2676 praecessisse
1482 2623 1798 2661 sermonem
1821 2607 1893 2660 ad
1922 2622 2018 2660 eos

367 2679 441 2732 de
466 2679 675 2732 eisdem
714 2678 1016 2746 mysteriis.
1044 2679 1187 2733 adeo
1208 2683 1267 2732 ut
1295 2678 1723 2748 inopinantibus
1748 2677 2019 2745 mysteria

369 2749 493 2819 ipsa
516 2749 754 2819 praebita
772 2748 1086 2803 fuerint.Ac
1107 2749 1362 2816 profecto
1385 2766 1499 2803 non
1518 2750 1588 2803 ad
1607 2752 2014 2819 competentes,

368 2818 469 2901 sed
491 2818 559 2874 ad
581 2820 931 2901 infaptes,_id
955 2823 1133 2901 estad
1158 2822 1282 2892 jam
1315 2820 1651 2901 baptizatos,
1882 2818 2017 2901 dicti

370 2891 602 2945 fuerunt
627 2908 660 2945 a
688 2892 816 2945 divo
849 2891 1471 2961 Augustino'sermon’es
1504 2892 1582 2945 illi
1604 2891 1697 2961 qui
1722 2891 1775 2943 in
1808 2891 1897 2944 die
1920 2891 2018 2945 Pa-

367 2962 517 3033 schae
549 2964 617 3016 de
655 2963 1041 3018 Sacramentis
1063 2968 1214 3026 sunt,
1245 2968 1322 3026 ut,
1348 2962 1589 3032 exempli
1614 2961 1814 3033 gratia.
1839 2977 2018 3031 nuper

367 3032 575 3104 citatus
592 3033 714 3096 227,
753 3038 807 3086 et
828 3033 972 3087 alius
992 3050 1215 3103 quoque
1245 3035 1367 3096 229,
1408 3034 1463 3087 in
1499 3032 1702 3104 quibus
1723 3034 1792 3087 de
1814 3033 2016 3087 eucha-

2128 1831 2217 1881 cto
2230 1824 2520 1881 Paschatis
2542 1827 2650 1891 die,
2675 1827 2809 1880 dum
2834 1830 3018 1880 vestra
3037 1826 3092 1879 in
3116 1826 3339 1879 Christo
3363 1841 3457 1894 per
3478 1824 3791 1894 lavacrpm

2126 1898 2574 1958 regenerationis
2604 1898 2853 1952 charitas
2886 1896 3330 1958 illuminabitur;
3366 1892 3613 1955 iterum,
3659 1892 3790 1947 Deo

2127 1916 2187 1952 re
2228 1916 2574 1952 enerauonis
2604 1916 2853 1952 cnamas
2886 1916 3330 1958 uiuminamtur;
3385 1916 3613 1955 uerum,
3660 1916 3785 1947 uec

2127 1916 2371 2031 voIente,
2402 1969 2470 2023 de
2502 1968 2569 2023 iis
2614 1985 2741 2039 quas
2771 1972 3155 2023 consentanea
3211 1971 3341 2021 sunt
3384 1963 3733 2020 erudiemini
3774 1980 3785 2015 :

2129 2043 2345 2109 quanta
2367 2039 2637 2095 nimirum
2658 2057 2785 2094 cum
2808 2039 3038 2109 pietate,
3059 2043 3209 2093 etc...
3232 2041 3510 2106 etquanta
3537 2052 3671 2109 cum
3694 2052 3790 2089 re-

2130 2106 2385 2165 verentia
2411 2115 2580 2181 atque
2610 2106 2822 2165 ordine
2837 2114 3097 2180 oporteat
3127 2126 3158 2163 a
3188 2110 3528 2181 baptismate
3554 2106 3631 2159 ad
3650 2122 3791 2159 san-

2129 2185 2281 2257 ctum
2303 2181 2398 2257 D__ei
2430 2178 2809 2257 altare__20_3
2842 2178 3164 2257 Pvrocedere,
3196 2178 3701 2257 spiritualibusque
3729 2181 3789 2257 et

2128 2251 2449 2307 caelestibus
2465 2248 3527 2323 quaeitﬁdistribuunturmysteriisfrui
3544 2265 3558 2312 ;
3577 2252 3641 2301 ut
3660 2248 3787 2301 ani-

2130 2340 2225 2377 ma
2248 2328 2435 2377 vestra
2462 2320 2559 2393 per
2578 2324 2852 2377 doctrinae
2863 2339 3189 2377 sermonem
3209 2322 3361 2393 prius
3382 2320 3661 2393 illustrata
3680 2334 3790 2387 per

2128 2393 2351 2465 singula
2377 2391 2730 2475 cognoscatis
2759 2394 3178 2475 impertitorum
3210 2391 3367 2446 vobis
3395 2409 3431 2475 an
3455 2393 3565 2475 Dee
3595 2391 3788 2475 dono-

2127 2462 2253 2518 rum
2281 2462 2755 2535 magnitudinem.
2787 2462 2918 2519 Post
2943 2470 3205 2519 sanctum
3230 2467 3443 2535 veroet
3462 2462 3786 2535 salutarem

2127 2532 2417 2589 Paschatis
2438 2536 2610 2598 diem,
2627 2538 2923 2590 asecunda
2939 2537 3305 2590 sabbatorum
3329 2534 3417 2588 die
3433 2532 3787 2597 inchoando,

2130 2606 2365 2676 singulis
2395 2608 2872 2677 consequentibus
2902 2607 3281 2661 hebdomadas
3321 2606 3583 2677 diebus...
3615 2603 3787 2657 alias.

2130 2678 2245 2731 Deo
2277 2678 2519 2741 volente,
2558 2676 2876 2733 catecheses
2906 2678 3150 2732 audietis
3179 2694 3191 2739 ;
3228 2676 3283 2730 in
3316 2676 3516 2746 quibus
3547 2690 3786 2728 rursum

2131 2748 2487 2831 singularum
2517 2766 2645 2819 quas
2676 2749 2733 2802 in
2764 2750 2928 2831 ‘vobis
2960 2752 3205 2831 pera‘ctas
3238 2748 3448 2829 fuerint
3482 2761 3788 2831 rerum-ra:

2130 2816 2314 2874 tiones
2340 2825 2395 2874 et
2411 2816 2612 2874 causas
2643 2816 3049 2875 erudiemini...
3078 2819 3143 2872 Et
3172 2820 3240 2873 de
3271 2818 3338 2872 iis
3368 2834 3493 2887 quae.
3526 2818 3580 2870 in
3612 2816 3783 2869 altari

2132 2890 2414 2945 habentur
2432 2891 2923 2973 novi_Testamenti
2942 2890 3248 2973 mysteriis.
3268 2906 3395 2973 quae
3410 2887 3781 2973 hincinitium

2129 2978 2414 3033 accepere,
2447 2962 2723 3032 quidnam
2751 2963 2820 3017 de
2850 2962 2931 3033 iis
2962 2958 3164 3015 divinae
3190 2962 3499 3033 Scriptura:
3530 2958 3783 3012 tradide-

2128 3031 2279 3097 rint,”
2300 3031 2492 3103 quaeve
2537 3033 2765 3087 illorum
2814 3032 2888 3087 sit
2920 3033 3000 3087 vis
3028 3050 3095 3086 ac
3125 3036 3394 3102 potestas.
3430 3031 3495 3085 Et
3520 3045 3776 3103 quonam

365 3102 541 3186 ristia:
572 3108 932 3186 sacramento
954 3101 1089 3186 agit,
1122 3101 1179 3186 et
1200 3106 1272 3186 de
1288 3107 1492 3186 eodem
1515 3101 1594 3158 uti
1608 3105 1693 3186 “ab
1716 3104 1850 3186 ipsis
1876 3119 2017 3173 praa-
2046 3124 2092 3186 ο
2130 3105 2303 3186 modo
2317 3101 2390 3186 ad
2416 3120 2483 3186 ea
2501 3105 2885 3186 accedendum
2918 3104 3007 3169 sit,
3037 3101 3379 3186 et‘quando'.‘
3395 3118 3458 3155 ac
3484 3101 3776 3186 quomodo

366 3172 543 3254 terita
567 3177 731 3254 nocte
748 3172 1012 3254 suscepto
1044 3179 1179 3254 post.
1200 3174 1568 3243 baptismum.
1606 3172 1846 3254 Sanctus
1880 3172 2016 3244 quo.

366 3258 476 3311 que
506 3242 855 3315 Gaudentius
912 3242 1231 3315 Brixiensis,
1278 3242 1643 3314 nequaquam
1677 3246 1749 3298 ad
1792 3242 2017 3315 compe-

368 3316 570 3385 tentes.
590 3314 700 3385 sed
728 3314 811 3385 ad
842 3329 1097 3383 egressos
1130 3331 1161 3367 a
1198 3314 1352 3369 fonte
1380 3316 1715 3385 neopliytos,
1746 3316 1801 3368 id
1829 3321 1913 3369 est
1943 3316 2017 3369 ad

364 3382 562 3437 statim
588 3382 915 3454 baptizatos,
953 3389 1259 3439 tractatum
1278 3402 1443 3438 suum
1468 3382 1657 3445 habet,
1688 3402 1784 3439 seu
1806 3403 2019 3439 sermo-

364 3471 498 3509 nem
512 3457 845 3526 secundum,
863 3457 931 3510 de
950 3456 1188 3511 Ratione
1206 3458 1729 3519 Sacramentorum,
1748 3456 1803 3509 in
1818 3473 1928 3526 quo
1947 3458 2017 3510 de

365 3525 723 3581 eucharistias
755 3532 1139 3589 sacramento,
1160 3529 1312 3596 quod
1344 3544 1476 3581 mox
1506 3526 1787 3596 accepturi
1807 3532 2015 3591 essent,

364 3613 462 3651 eos
495 3597 823 3667 alloquitur.
854 3598 1000 3663 Quid
1027 3615 1160 3670 ergo
1182 3597 1209 3653 Ῡ
1239 3598 1839 3670 Prodidissedicemus
1862 3598 2016 3653 Nice-

366 3672 489 3739 tam
516 3673 776 3722 nostrum
825 3669 1247 3724 sanctissimum
1280 3669 1631 3725 eucharistiae
1662 3669 2016 3739 mysterium,

366 3738 463 3807 qui
510 3739 578 3791 de
609 3740 811 3793 eodem
866 3740 1077 3795 librum
1119 3742 1360 3812 scripsit,
1410 3758 1506 3796 seu
1558 3738 1906 3804 sermonem,
1945 3740 2019 3795 ad

366 3812 758 3877 competentes
780 3812 807 3865 ἳ

442 3878 911 3951 Distinguendam
942 3884 1112 3951 atque
1156 3881 1558 3936 illustrandam
1602 3899 1725 3937 rem
1756 3899 1878 3937 esse
1909 3882 2021 3937 exi-

366 3949 560 4013 stimo,
587 3956 666 4008 ut.
687 3950 823 4020 quid
852 3949 1037 4021 reipsa
1059 3952 1259 4007 Nicetaa
1285 3952 1473 4017 fuerit,
1499 3957 1597 4007 aut
1614 3970 1735 4007 esse
1752 3953 2017 4021 potuerit,

366 4038 559 4094 sermo
578 4038 687 4094 seu
716 4022 856 4077 liber
888 4023 961 4076 ad
984 4028 1371 4093 competentes
1387 4024 1452 4077 de
1476 4022 1894 4094 Agnipaschalis
1934 4025 2019 4077 Vi-

363 4093 557 4166 ctima,
576 4092 980 4163 intelligamus.
1004 4092 1291 4149 Etsienim
1316 4092 1670 4149 eucharistiie
1684 4094 2018 4166 mysterium

367 4178 434 4217 ex
458 4163 525 4216 iis
551 4169 696 4218 esset
729 4182 855 4235 quae
879 4167 1134 4219 nondum
1158 4165 1411 4224 initiatis.
1436 4166 1673 4236 ideoque
1691 4163 1825 4236 ipsis
1842 4167 2018 4221 etiam

365 4236 842 4308 competentibus,
864 4237 1118 4308 patefieri
1136 4254 1247 4291 non
1269 4239 1569 4308 oportebat
1591 4254 1603 4302 ;
1625 4237 2018 4301 nihilominus,

368 4321 495 4377 eum
512 4306 772 4377 ejusdem
806 4307 1058 4377 mysterii
1075 4306 1375 4377 participes
1388 4325 1513 4363 esse
1529 4310 1800 4362 deberent
1816 4310 2020 4363 eadem

368 4376 597 4459 Easehae
632 4382 814 4459 nocte,
866 4376 977 4459 qua
1027 4376 1449 4459 periava’crum
1516 4380 2018 4459 regenercbantur,

368 4445 491 4519 fieri
515 4463 627 4519 non
667 4445 895 4516 poterat
914 4453 976 4501 ut
996 4445 1255 4518 ejusdem
1287 4450 1523 4504 omnino
1551 4445 1709 4504 inscii
1738 4455 1907 4519 atque
1930 4467 2018 4503 ru-

370 4516 469 4591 des
482 4518 553 4569 ad
567 4534 785 4591 sacram
812 4516 1070 4591 mensam
1096 4522 1556 4575 admitterentur.
1576 4523 1705 4576 Haec
1723 4516 2019 4591 propterea

370 4585 541 4668 fuisse
574 4586 793 4668 videtur
834 4605 1003 4668 super
1033 4590 1229 4668 haere
1256 4591 1487 4668 illorum
1526 4585 1848 4661 temporum
1875 4608 2019 4646 asco-

371 4659 569 4711 nomia
600 4662 696 4710 :ut
732 4659 1003 4713 nimirum
1046 4660 1184 4715 nihil
1209 4663 1444 4717 omnino
1466 4659 1876 4732 competentes,
1902 4668 2021 4716 toto

371 4744 438 4783 eo
467 4732 719 4812 tempore
749 4747 860 4812 quo
891 4732 961 4812 ad
998 4732 1343 4812 baptismum
1368 4734 1835 4812 etiamproxime
1861 4750 2021 4812 _com_-

373 4800 742 4873 parabantur,
775 4800 1239 4873 intelligerentde
1261 4800 1618 4859 eucharistiée
1642 4804 1941 4871 mysterio;
1962 4807 2023 4858 ut

372 4872 440 4926 de
459 4870 565 4926 hoc
587 4872 812 4927 nonnisi
827 4870 1075 4929 instante
1090 4876 1384 4929 Paschatis
1402 4875 1677 4943 diequam
1692 4870 2021 4929 brevissime

371 4943 765 5007 edocerentur,
804 4948 859 4999 et
888 4961 955 4999 ea
995 4950 1221 4999 tantum
1254 4963 1376 5015 quea
1424 4946 1495 4998 ad
1526 4944 1841 5014 simplicem
1875 4944 2019 4998 tanti

370 5014 626 5085 mysterii
659 5015 828 5069 ﬁdem
866 5021 1225 5085 spectarent;
1274 5014 1337 5069 ut
1362 5017 1593 5070 demum
1628 5016 1919 5085 ne0phyti.
1952 5017 2021 5071 de

370 5085 477 5166 hoc
504 5085 629 5167 ipso
659 5086 949 5167 mysterio,
967 5092 1149 5167 atque
1165 5087 1391 5167 .dealiis
1411 5088 1729 5167 rebusquae
1741 5104 1811 5167 ex
1834 5086 2018 5167 Eccle-

369 5155 464 5210 siae
486 5155 785 5227 disciplina
803 5157 1030 5212 nonnisi
1054 5155 1291 5211 initiatis
1305 5155 1921 5227 tradebantur,plenius
1939 5162 2022 5212 at-

368 5244 478 5299 que
510 5228 737 5283 uberius
763 5230 1126 5283 erudirentur
1152 5229 1205 5282 in
1240 5229 1469 5299 reliquis
1501 5230 1880 5283 hebdomadas
1919 5246 2024 5298 pa-

370 5298 579 5371 sehalis
606 5300 827 5355 diebus.
869 5301 1227 5354 OEconomiaz
1258 5298 1427 5371 hujus
1458 5301 1741 5354 rationem
1769 5317 1833 5354 ex
1858 5303 2018 5355 Cate-

366 5367 625 5441 chesibus
646 5372 827 5425 sancti
856 5372 1047 5441 Cyrilli
1079 5367 1577 5440 Hierosolymitani
1600 5376 1794 5440 aperte
1814 5371 2022 5424 intelli-

369 5437 579 5513 gimus,
611 5456 852 5513 eamque
870 5437 959 5496 hic
980 5445 1229 5498 recolere
1252 5437 1365 5496 non
1390 5443 1490 5496 abs
1512 5459 1572 5496 re
1588 5437 1933 5513 judicamus.
1964 5443 2020 5495 ln

370 5509 648 5581 catechesi
670 5509 1621 5581 namque13illuminandorum.id
1638 5513 2022 5581 estbaptizan-

372 5578 576 5661 dorum
598 5581 747 5661 (qui,_
769 5578 1021 5661 utsupﬂa
1047 5583 1398 5661 monuimus,
1424 5585 1573 5661 apud
1596 5578 1823 5661 Graecos
1847 5583 2021 5661 iidem

374 5652 537 5725 euant
553 5664 625 5725 .ac
642 5651 696 5701 in
730 5651 933 5705 Latina
950 5653 1199 5725 Ecclesia
1219 5651 1656 5725 competentes),
1687 5671 1813 5707 cum
1838 5657 2021 5725 capite

380 5716 445 5769 19
475 5716 659 5794 obiter
701 5734 889 5797 sermo
921 5726 1068 5797 esset
1087 5724 1155 5775 de
1181 5716 1420 5797 corpore
1455 5716 1661 5797 Christi
1702 5725 1805 5797 sub
1840 5716 2024 5797 specie

378 5789 564 5854 panis;
600 5789 896 5842 occasione
928 5789 1078 5844 illius
1112 5789 1422 5861 prophetici
1453 5796 1640 5848 textus
1682 5810 1693 5847 :
1745 5789 1942 5860 Venite,
1972 5799 2026 5847 et

2128 3175 2226 3228 illa
2256 3175 2518 3229 habenda
2542 3175 2718 3229 sint...
2756 3176 2825 3229 Et
2846 3171 3236 3245 haecquidem.
3265 3174 3309 3228 si
3340 3174 3486 3245 Deus
3515 3171 3775 3245 voluerit,

2128 3262 2161 3299 a
2187 3246 2351 3300 nobis
2381 3246 2824 3316 explicabuntur.
2863 3268 2889 3293 ››
2932 3243 3015 3299 Ita
3044 3250 3274 3299 sanctus
3312 3243 3556 3312 Cyrillus
3587 3243 3775 3316 Hiero-

2128 3313 2525 3399 sol‘ymitanus.
2554 3319 2643 3399 En_
2666 3317 2838 3399 igitur
2866 3316 3000 3399 quid
3020 3334 3116 3386 per
3145 3316 3369 3399 illudjn
3391 3320 3671 3399 pqstrrum
3692 3313 3775 3366 in-

2126 3386 2423 3468 tellexepit,
2457 3389 2646 3468 quoad
2666 3384 3031 3468 eucharistiai
3056 3385 3311 3468 mysterii
3336 3384 3774 3468 explieationem

2133 3456 2456 3529 faciendam
2477 3455 2570 3525 iis,
2589 3459 2920 3529 quibuscum
2945 3463 3077 3513 tunc
3094 3455 3427 3529 loquebatur
3444 3455 3776 3529 illuminan-

2129 3528 2235 3595 dis,
2262 3544 2361 3582 seu
2393 3528 2576 3598 potius
2606 3527 2806 3583 Latino
2840 3530 3046 3583 dixeris
3099 3527 3258 3583 more
3296 3527 3773 3598 competentibus.

2129 3597 2423 3669 Duplicem
2446 3600 2717 3654 nimirum
2743 3600 3011 3670 loquendi
3037 3599 3394 3655 occasionem
3422 3597 3777 3670 indicavitde

2130 3668 2236 3723 hoc
2254 3671 2531 3741 mysterio
2551 3687 2562 3720 :
2586 3668 2831 3725 alteram
2852 3688 3055 3741 nempe
3082 3672 3319 3725 instante
3342 3675 3528 3723 sancto
3546 3668 3778 3741 Pascha-

2130 3742 2204 3813 tis
2225 3738 2329 3813 die,
2370 3742 2506 3796 dum
2530 3741 2781 3813 jamjam
2816 3758 2918 3810 per
2944 3738 3226 3797 lavacrum
3271 3741 3699 3813 regenerationis
3727 3738 3775 3791 in

2130 3811 2354 3866 Christo
2381 3811 2570 3867 essent
2582 3813 2945 3867 illuminandi
2966 3830 2980 3875 ;
3003 3829 3130 3883 quae
3152 3811 3377 3866 nonnisi
3406 3811 3597 3883 brevis
3615 3815 3778 3883 atque

2130 3884 2536 3955 compendiosa
2549 3884 2758 3938 locutio
2771 3901 2891 3938 esse
2907 3879 3145 3955 poterat,
3162 3884 3233 3937 ad
3256 3882 3623 3955 excitandam
3643 3879 3778 3955 tanti

2133 3951 2387 4024 mysterii
2419 3954 2591 4009 ﬁdem
2620 3972 2684 4008 ac
2713 3951 3123 4021 reverentiam;
3154 3955 3305 4023 quod
3332 3953 3388 4006 in
3412 3951 3781 4022 competenti-

2130 4025 2233 4078 bus
2254 4026 2377 4095 jam
2412 4025 2469 4079 in
2500 4026 2771 4091 religione
2799 4042 2995 4080 recens
3026 4026 3296 4079 institutis
3331 4040 3642 4092 operosum
3665 4038 3779 4077 esse

2133 4112 2247 4149 non
2276 4100 2495 4165 poterat
2528 4114 2543 4150 :
2575 4096 2818 4151 alteram
2862 4114 2993 4151 vero
3042 4096 3333 4161 fusiorem,
3377 4098 3491 4165 post
3532 4102 3779 4149 sanctum

2133 4164 2428 4239 Paschalis
2455 4167 2611 4233 diem,
2641 4169 2697 4221 in
2739 4167 2864 4222 aliis
2889 4168 3277 4239 catechesibus
3302 4184 3313 4230 ;
3341 4164 3445 4239 ubi
3470 4165 3540 4220 de
3564 4166 3638 4239 iis
3667 4178 3779 4239 qua

2132 4237 2190 4290 in
2220 4238 2392 4291 altari
2407 4239 2677 4293 habentur
2697 4240 2827 4294 novi
2852 4234 3175 4293 Téstamenti
3190 4237 3471 4308 mysteriis
3496 4237 3705 4306 quidve
3723 4234 3778 4287 de

2133 4308 2201 4361 iis
2219 4308 2424 4363 divinae
2445 4310 2747 4378 Scripturae
2769 4310 3130 4367 tradiderint.
3146 4307 3341 4378 quzeve
3362 4307 3592 4360 illorum
3610 4308 3682 4360 sit
3700 4308 3778 4360 vis

2132 4393 2202 4433 ac
2228 4385 2477 4448 potestas,
2511 4397 2568 4433 se
2598 4381 2877 4434 dicturum
2902 4381 3201 4450 promittit.
3222 4381 3295 4435 Ut
3314 4379 3470 4433 enim
3496 4378 3587 4431 hic
3606 4393 3776 4450 anno-

2132 4453 2217 4503 tat
2242 4450 2591 4504 clarissimus
2620 4468 2845 4520 quoque
2877 4448 3295 4521 Cyrillanorum
3329 4451 3581 4521 Operum
3605 4448 3779 4502 editor

2132 4522 2384 4585 Touttée,
2424 4545 2443 4569 α
2480 4525 2620 4576 Cum
2653 4522 2709 4576 in
2741 4520 3129 4577 catechesibus
3155 4527 3286 4576 ante
3311 4520 3667 4591 baptismum
3693 4534 3776 4572 ne-

2136 4591 2399 4663 fasresset
2426 4593 2777 4663 baptizandis
2803 4594 3068 4663 mysteria
3085 4592 3327 4663 aperire,
3350 4608 3453 4646 nec
3475 4596 3669 4663 tamen
3693 4604 3778 4663 eos

2134 4664 2205 4716 ad
2228 4662 2323 4715 illa
2353 4660 2666 4732 imparatos
2692 4681 2757 4718 ac
2780 4660 3010 4733 prorsus
3028 4660 3223 4718 eorum
3251 4664 3557 4717 inscientes
3581 4660 3779 4714 admit-

2134 4738 2251 4787 tere
2283 4738 2572 4803 0porteret
2600 4751 2613 4799 ;
2645 4735 2837 4789 fusiori
2872 4735 3099 4789 illorum
3132 4734 3483 4804 expositione
3512 4734 3571 4785 in
3598 4733 3772 4804 subse-

2132 4820 2309 4875 quens
2341 4807 2565 4874 tempus
2595 4806 2792 4870 dilata,
2826 4806 2879 4859 in
2914 4806 3035 4875 ipsa
3066 4802 3229 4860 nocte
3268 4804 3517 4874 paschali
3548 4805 3617 4857 de
3650 4802 3774 4875 ipsis

2134 4871 2397 4939 breviter,
2417 4871 2766 4946 etquantum
2788 4894 2885 4946 per
2903 4871 3360 4946 tempuslicebat,
3377 4880 3689 4945 antequam
3708 4871 3770 4925 ad

2132 4962 2196 4999 ea
2214 4946 2565 5011 accederent,
2592 4949 3016 5002 erudiebantur.
3042 4970 3067 4997 »
3100 4946 3391 5001 Fusiorem
3419 4946 3578 4999 illam
3603 4947 3670 4999 de
3691 4960 3770 4997 eu-

2132 5016 2419 5089 charistia:
2438 5019 2713 5089 mysterio
2744 5019 3226 5089 explanationem.
3260 5034 3435 5087 quam
3460 5012 3770 5089 Cyrillusil-

2132 5086 2606 5142 luminandissuis
2621 5086 2959 5159 promiserat
2978 5086 3766 5159 postbaptiSmum,habemus,

2132 5174 2311 5227 eaque
2336 5168 2419 5241 est
2452 5160 2760 5241 catechesis
2782 5161 2850 5241 2?
2880 5165 2935 5241 e_t
2965 5159 3769 5241 mystagogioca‘inquae,“iuxta

2134 5231 2459 5298 praecedens
2482 5231 2765 5285 monitum
2780 5231 3080 5285 clarissimi
3095 5230 3347 5291 editoris,
3365 5230 3561 5283 habita
3582 5230 3771 5295 abipso

2135 5299 2241 5353 fuit
2272 5300 2644 5372 feriaquinta
2677 5302 2947 5372 paschali,
2983 5302 3308 5356 Breviorein
3342 5301 3589 5356 alteram
3633 5314 3769 5372 vero,

2133 5387 2305 5440 quam
2341 5387 2399 5425 se
2430 5368 2758 5427 habiturum
2788 5373 3176 5442 spoponderat
3207 5375 3445 5426 instante
3472 5378 3655 5424 sancto
3679 5368 3771 5422 Pa-

2131 5442 2451 5499 schatisdie.
2477 5443 2531 5496 id
2552 5448 2637 5497 est
2652 5443 2708 5497 in
2733 5445 2852 5513 ipsa
2873 5448 3036 5497 nocte
3058 5442 3333 5513 paschali,
3358 5442 3767 5495 desideramus:

2137 5533 2159 5559 α
2195 5513 2291 5566 sed
2319 5512 2408 5567 has
2439 5513 2633 5582 Cyrilli
2665 5512 3067 5568 instructiones
3098 5514 3216 5581 ipso
3239 5512 3605 5581 baptismatis
3647 5516 3770 5563 tem-

2133 5598 2270 5652 pore
2302 5581 2766 5644 datae,videntur
2786 5585 3272 5639 admonitionibus
3295 5600 3396 5653 pro
3415 5588 3672 5651 tempore
3688 5581 3771 5632 da-

2134 5653 2421 5725 tis.rquam
2440 5655 2807 5710 concionibus
2834 5673 2863 5709 e
2884 5660 3147 5725 suggestu
3175 5654 3380 5708 habitis
3400 5653 3721 5711 similiores,
3750 5668 3769 5693 ιο

2122 5726 2197 5776 υἱ
2226 5724 2378 5777 idem
2424 5726 2639 5793 pariter
2685 5731 2928 5781 annotat
2971 5725 3391 5781 eruditissimus
3431 5724 3769 5779 illustrator;

2136 5794 2286 5849 unde
2315 5794 2527 5850 mirum
2550 5813 2666 5852 non
2697 5802 2782 5855 est
2807 5813 2904 5854 eas
2934 5798 3007 5852 ad
3039 5813 3143 5853 nos
3174 5797 3413 5855 minime
3440 5794 3770 5866 pervenisse,
