4004 6182
234 322 391 391 1057

951 331 1017 392 p.
1062 328 1355 390 BRAID/E
1397 302 1874 390 DISSERTATIO
1916 326 1990 388 lN
2032 327 2094 388 s.
2141 326 2494 391 NICETAM.
2525 328 2789 391 --—CAP.
2824 298 2976 386 vni.

3496 309 3648 394 ioss

230 464 429 531 utpote
461 475 587 530 quae
618 458 863 515 fortasse
895 475 966 516 ne
998 459 1206 531 scripto
1239 459 1469 530 quidem
1502 476 1535 514 a
1564 462 1761 514 sancto
1792 458 1894 530 Cy-
1923 462 1969 524 Α
2000 456 2470 531 terim_mysterii
2518 459 2956 531 explicationem
3001 459 3184 513 oratio
3240 461 3652 520 descenderet?

226 531 360 587 rillo
390 531 615 586 tradita;
639 535 823 586 erant.

304 602 451 667 Quid
474 618 625 656 nunc
655 602 826 673 igitur
850 604 920 657 de
938 601 1126 656 libello
1150 618 1247 656 seu
1274 618 1541 656 sermone
1562 600 1769 673 Nicetis
1794 616 1891 653 no-

228 674 330 727 stri
347 676 410 727 de
430 674 590 742 Agni
604 671 873 743 paschalis
902 673 1129 727 Victima
1147 675 1218 727 ad
1233 678 1622 743 competentes
1639 671 1666 725 ‘f
1686 672 1743 725 Si
1762 688 1890 725 vere

229 745 305 825 ad
340 749 733 825 competentes
752 744 947 823 habita
968 743 1074 825 fuit
1103 744 1219 825 haec
1239 746 1301 797 de
1331 744 1770 825 {igni'paschalis
1803 743 1893 797 Vi-

224 815 399 869 ctima
421 814 636 869 Nicetaa
680 814 1103 878 sermocinatio,
1138 814 1285 869 hanc
1316 814 1626 869 dixerimus
1658 816 1890 867 brevem

229 885 409 941 fuisse
441 887 511 940 de
542 885 903 940 eucharistite
937 887 1209 956 mysterio
1242 887 1316 939 ad
1339 888 1568 941 eosdem
1598 884 1891 939 allocutio-

228 973 388 1020 nem,
422 957 679 1027 proxime
696 958 768 1010 ab
790 972 857 1011 eo
883 957 1168 1025 prolatam
1196 962 1507 1027 antequam
1531 958 1603 1010 ad
1624 955 1893 1026 baptiste-

228 1028 377 1082 rium
408 1029 799 1097 procedereut,
820 1029 1060 1097 ideoque
1080 1030 1313 1082 instante
1330 1028 1611 1082 Paschalis
1628 1027 1733 1090 die,
1754 1028 1889 1079 dum

221 1100 353 1171 jam
377 1099 507 1171 jam
530 1103 721 1171 essent
741 1098 1109 1171 illuminandi
1135 1117 1152 1168 ;
1182 1105 1244 1153 ut
1269 1104 1396 1168 post
1417 1102 1710 1169 acceptam
1736 1113 1892 1171 rege-

228 1168 595 1224 nerationem
625 1170 698 1222 ad
728 1185 955 1223 sacrum
990 1169 1169 1223 altare
1199 1172 1463 1225 accedere
1493 1168 1730 1240 possent
1753 1168 1891 1240 satis

228 1240 491 1294 instructi
524 1241 592 1293 de
627 1241 774 1310 Agni
796 1240 1069 1309 paschalis
1116 1242 1360 1302 Victima,
1395 1239 1555 1310 cujus
1590 1239 1893 1310 participes

228 1327 354 1367 esse
387 1311 689 1365 debebant.
719 1313 793 1363 At
816 1327 948 1364 vero
976 1310 1219 1365 fueritne
1249 1314 1321 1365 ad
1352 1315 1740 1380 competentes
1766 1327 1893 1379 pro-

229 1383 353 1452 prie
385 1381 565 1436 dictos
597 1381 717 1435 haec
746 1382 810 1436 de
839 1383 993 1451 Agni
1017 1382 1291 1451 paschalis
1325 1382 1553 1436 Victima
1573 1380 1888 1452 institutio;

226 1450 302 1508 an
336 1453 523 1523 potius
536 1453 607 1506 ad
624 1450 942 1522 ne0phytos
963 1450 1059 1507 seu
1090 1453 1163 1506 ad
1190 1453 1454 1517 infantes,
1479 1450 1656 1522 204
1675 1468 1815 1521 quos
1833 1451 1890 1505 in

224 1524 443 1579 Nicetae
475 1523 753 1577 librorum
777 1523 1106 1577 recensione
1129 1524 1455 1577 Gennadius
1478 1530 1534 1587 et
1556 1523 1836 1577 Honorius
1859 1540 1892 1576 a

224 1594 686 1665 competentibus
718 1611 831 1648 non
878 1594 1258 1660 distinxerint,
1318 1596 1393 1651 ob
1442 1594 1757 1647 maximam
1792 1610 1891 1665 po-

223 1664 431 1720 stremi
458 1666 554 1737 huj
567 1682 629 1719 us
647 1665 823 1720 libelli
836 1665 1182 1720 affinitatem
1196 1682 1324 1720 cum
1339 1666 1587 1736 quinque
1606 1664 1732 1718 aliis
1744 1664 1892 1737 prio-

221 1738 384 1791 ribus
410 1736 503 1807 qui
536 1735 663 1791 vere
690 1737 764 1790 ad
788 1741 1174 1807 competentes
1190 1735 1369 1791 habiti
1404 1737 1654 1800 fuerunt,
1674 1740 1731 1790 et
1757 1735 1890 1805 quia

1999 531 2152 602 Tunc
2174 528 2418 602 fortasse
2447 533 2517 585 ad
2548 528 2937 602 competentes
2967 531 3193 601 proprie
3243 532 3423 588 dictos
3456 535 3651 590 haberi

2000 600 2184 672 potuit
2211 601 2302 655 hic
2332 619 2521 656 sermo
2553 600 3085 671 ante'baptismum,
3108 604 3320 672 absque
3356 606 3469 659 ulla
3492 607 3651 660 disci-

1999 671 2168 741 plinas
2189 672 2428 746 vigentis
2458 674 2686 746 lmsione
2724 690 2734 725 :
2767 680 2821 726 et
2849 673 3036 746 nullus
3066 680 3365 746 prOpterea
3397 676 3525 731 hinc
3555 694 3650 746 pa-

2002 746 2147 797 teret
2175 743 2604 798 dit‘ticultatibus
2634 744 2807 808 locus,
2836 743 3036 812 quibus
3068 745 3434 799 enucleandis
3465 743 3655 802 hacte-

2003 814 2493 888 nusincubuimus
2518 832 2531 880 ,
2551 815 2682 869 licet
2702 814 3065 888 caeteroquin,
3082 814 3253 888 etiam
3272 817 3447 888 205
3472 818 3528 871 in
3548 819 3653 873 hac

2001 884 2304 954 positione,
2338 888 2407 941 de
2440 886 2656 942 eisdem
2697 885 2904 938 dixisse
2933 900 3043 937 non
3077 884 3283 955 pigeat.

2075 956 2317 1011 Ultimus
2346 957 2553 1012 Nicetae
2586 958 2744 1017 liber,
2777 955 2871 1025 qui
2905 972 2937 1009 a
2962 955 3259 1009 Gennadio
3289 956 3526 1026 aliisque
3556 975 3650 1013 re-

2000 1032 2279 1091 censetur,
2303 1028 2428 1097 jam
2479 1045 2591 1083 non
2625 1032 3013 1097 competentes
3041 1026 3289 1095 respicit,
3336 1030 3434 1082 sed
3475 1029 3648 1098 poeni-

1998 1102 2215 1171 tentes:
2238 1105 2323 1151 est
2347 1099 2498 1154 enim
2524 1100 2847 1171 objurgatio
2873 1099 3222 1167 quaedam,et
3244 1099 3403 1153 valde
3420 1100 3648 1169 quidem

1999 1168 2328 1239 vehemens,
2383 1171 2453 1223 ad
2509 1168 2783 1239 Virginem
2837 1171 3081 1239 lapsam,
3115 1185 3287 1237 quam
3317 1168 3649 1239 praesentem

2000 1238 2172 1311 habet
2189 1240 2585 1309 pmnitentiam
2607 1238 2889 1311 publicam
2908 1239 2979 1292 ab
3000 1238 3261 1308 episcopo
3280 1238 3649 1309 accipientem

2001 1310 2072 1380 ob
2104 1316 2328 1363 reatum
2374 1310 2857 1380 publice'notum.
2897 1311 3225 1363 Gennadius
3269 1315 3325 1364 et
3370 1313 3650 1367 Honorius

2000 1379 2252 1452 libellum
2277 1379 2427 1435 hunc
2451 1382 2708 1436 indicant
2733 1382 2839 1435 hoc
2870 1383 3089 1452 modo:
3128 1404 3153 1429 ‹‹
3187 1381 3372 1434 Edidit
3398 1382 3653 1452 (autcon-

1999 1451 2165 1524 didit)
2185 1458 2239 1524 et
2265 1453 2338 1505 ad
2361 1453 2582 1522 lapsam
2603 1453 2892 1524 Virginem
2917 1451 3191 1524 libellum,
3216 1468 3358 1521 pene
3386 1454 3652 1508 omnibus

2000 1520 2319 1576 labentibus
2340 1520 2756 1577 emendationis
2778 1522 3147 1576 incentivum.
3174 1544 3197 1571 υ
3229 1524 3349 1576 Duo
3370 1530 3652 1579 nostrates

2000 1591 2144 1665 alias
2172 1593 2407 1648 indicati
2434 1594 2793 1648 Gennadiani
2825 1593 3045 1647 codices
3078 1593 3290 1665 omissa
3340 1611 3470 1665 voce
3495 1612 3648 1665 pene,

1998 1662 2079 1716 ita
2110 1664 2362 1745 habent;
2403 1688 2422 1713 ‹
2457 1665 2626 1745 pedit
2655 1671 2711 1719 et
2731 1662 3650 1745 ad.lapsa-uiVirgincmlibellum,

1998 1735 2263 1788 omnibus
2280 1735 2598 1790 labentibus
2612 1734 3410 1791 emendationisincentivum.
3432 1758 3455 1787 »
3475 1737 3652 1791 Libel-

224 1804 443 1863 iisdem
460 1808 775 1878 dictus‘fuit
803 1804 1156 1861 auditoribus
1188 1808 1283 1877 qui
1311 1811 1700 1878 competentes
1719 1804 1888 1876 paulo
1922 1820 1966 1877 Β
1998 1805 2422 1878 lushicjamdiu
2437 1812 2624 1871 notus,
2646 1805 3060 1878 immojamdiu
3074 1804 3226 1859 solus
3243 1806 3418 1876 quiex
3432 1814 3648 1877 septem

224 1885 365 1934 ante
395 1879 625 1934 fuerant
644 1876 672 1931 ἳ
691 1880 752 1932 Id
773 1880 1006 1948 quidem
1028 1879 1149 1933 fieri
1174 1876 1349 1934 etiam
1372 1876 1643 1933 facillime
1665 1878 1885 1948 potuit:

225 1955 285 2006 et
311 1958 445 2004 tunc
473 1949 697 2004 libellus
723 1949 813 2003 hic
834 1950 1071 2016 Nicetis,
1091 1967 1189 2005 seu
1212 1966 1402 2004 sermo
1427 1950 1487 2004 de
1504 1949 1654 2019 Agni
1670 1950 1889 2019 pascha-

225 2020 577 2102 lisVictima,
610 2020 846 2102 habitus
889 2021 1132 2102 fortasse
1178 2021 1349 2102 fuerit
1395 2022 1468 2102 ad
1498 2024 1888 2102 competentes

227 2092 328 2162 qui
352 2094 477 2163 jam
502 2097 690 2146 essent
727 2092 987 2147 Ecclesiae
1020 2092 1221 2145 matris
1250 2092 1521 2156 infantes,
1553 2092 1610 2145 in
1633 2092 1755 2161 ipso
1784 2093 1889 2145 Pa-

221 2164 425 2244 schalis
452 2164 544 2244 die
576 2170 701 2244 post
717 2162 1123 2244 eucharistiam
1143 2164 1211 2216 ab
1229 2163 1364 2232 ipsis
1382 2167 1695 2244 acceptam,
1723 2169 1889 2233 prout

221 2234 309 2288 illi
339 2234 520 2288 sancti
566 2234 862 2303 Augustini
898 2236 1157 2304 superius
1202 2234 1502 2288 memorati
1550 2249 1883 2297 sermones;

224 2305 414 2359 autin
458 2303 692 2374 reliquis
727 2303 1005 2375 paschalis
1037 2306 1411 2359 hebdomade
1453 2304 1673 2370 diebus,
1711 2309 1772 2359 ut
1803 2304 1885 2357 illi

223 2376 413 2429 sancti
439 2375 736 2439 Ambrosii,
769 2376 864 2445 qui
888 2381 1084 2445 postea
1115 2376 1171 2428 in
1198 2376 1438 2431 citatum
1469 2375 1679 2429 librum
1702 2376 1771 2429 de
1790 2375 1888 2428 Mi-

222 2447 415 2501 steriis
441 2446 795 2510 coaluerunt,
851 2452 907 2501 et
948 2452 1008 2500 ut
1047 2447 1357 2501 catechesis
1408 2445 1803 2517 mystagogica
1848 2445 1885 2517 4

222 2518 412 2571 sancti
458 2517 652 2589 Cyrilli
686 2517 1209 2587 Hierosolymitani.
1256 2515 1887 2589 Quidnidict’us’fuerit

222 2589 432 2660 potius
464 2590 536 2660 ad
587 2593 977 2659 competentes
1008 2590 1130 2659 jam
1162 2591 1498 2660 neophytos,
1537 2593 1597 2660 et
1621 2588 1791 2660 simul
1819 2603 1885 2640 ac

221 2657 436 2729 egressi
461 2659 692 2713 fuerunt
721 2657 754 2713 ὸ.
775 2660 952 2726 fonte,
986 2657 1152 2728 prout
1180 2657 1601 2715 ille'Gaudentii
1630 2657 1884 2712 Brixien-

221 2728 299 2785 sis
331 2732 611 2785 secundus
643 2747 815 2800 supra
834 2730 1059 2794 citatus,
1093 2730 1208 2800 qui,
1254 2732 1455 2785 eodem
1489 2734 1633 2783 teste
1675 2728 1733 2782 in
1763 2744 1882 2783 ser-

220 2818 398 2856 mone
422 2818 519 2856 seu
550 2799 797 2855 tractatu
816 2801 1038 2870 quinto,
1062 2799 1289 2855 habitus
1311 2800 1416 2855 fuit
1442 2806 1499 2854 in
1522 2800 1625 2855 illa
1650 2799 1882 2870 splendi-

218 2873 445 2926 dissima
472 2879 618 2926 nocte
656 2873 981 2942 vigiliarum
1012 2871 1262 2935 Paschm,
1310 2879 1368 2926 ut
1399 2871 1591 2925 edendi
1614 2870 1882 2941 paschalis

217 2943 491 3011 sacriﬁcii
506 2944 853 3013 disciplinam
875 2944 1033 2997 rudes
1050 2942 1584 3013 neophytidiscerent
1598 2957 1622 3011 ,'
1639 2942 1881 3013 ideoque

219 3015 420 3068 statim
452 3019 580 3084 post
608 3012 903 3085 acceptum
936 3012 1243 3083 baptisma,
1274 3019 1329 3068 et
1358 3018 1491 3067 ante
1518 3012 1879 3085 eucharistiaa

218 3083 611 3155 sumptiOnem
634 3083 661 3137 ‘P
695 3083 1024 3156 Hujusmodi
1068 3101 1291 3156 quoque
1338 3101 1459 3139 esse
1485 3084 1707 3138 videtur
1735 3084 1882 3156 alter

217 3156 523 3225 Augustini
556 3172 768 3217 sermo,
796 3156 885 3210 cui
909 3156 1104 3209 titulus
1136 3173 1151 3208 :

217 3228 291 3280 ad
318 3228 577 3297 infantes,
602 3226 696 3297 qui
716 3231 799 3281 est
821 3227 1019 3281 ordine
1039 3226 1234 3282 tertius
1252 3226 1399 3281 inter
1418 3226 1568 3280 illius
1586 3241 1879 3280 sermones

217 3298 490 3365 ineditos,
522 3314 664 3368 quos
695 3314 849 3352 anno
886 3298 1023 3353 1792
1054 3313 1083 3351 e
1127 3297 1478 3352 membranis
1522 3297 1879 3351 bibliotheca:

217 3369 493 3422 Palatina:
523 3369 970 3423 V‘indobonensis
997 3368 1182 3438 primo
1201 3368 1450 3438 vulgavit
1481 3368 1882 3422 Vindobonen-

218 3440 378 3494 sibus
410 3440 555 3510 typis
581 3440 931 3494 clarissimus
955 3440 1098 3493 alias
1116 3440 1381 3494 laudatus
1411 3439 1647 3494 Michael
1673 3438 1877 3503 Denis;

218 3510 319 3580 qui
350 3510 524 3565 etiam
556 3527 882 3565 sermonem
913 3511 1063 3565 hunc
1078 3511 1369 3579 pulchram
1396 3510 1648 3581 appellat
1667 3510 1737 3563 ad
1756 3526 1879 3563 san-

218 3588 369 3661 ctam
419 3582 1373 3661 communionem“praeliarationem,
1434 3580 1608 3651 eique
1687 3580 1877 3661 locum

219 3652 481 3723 assignat
510 3653 565 3705 in
586 3653 833 3707 editione
846 3651 1233 3706 Maurinorum
1258 3657 1384 3721 post
1405 3668 1731 3707 sermonem
1753 3651 1878 3705 228.

296 3724 485 3777 Unum
516 3726 604 3778 hic
625 3725 837 3778 addam
869 3739 1039 3793 super
1060 3724 1167 3777 hoc
1191 3724 1397 3777 Nicetaa
1430 3724 1622 3777 libello
1648 3739 1747 3776 seu
1769 3738 1882 3776 ser-

219 3810 418 3856 mone,
452 3797 930 3864 quandocumque
974 3794 1199 3848 babitus
1248 3793 1439 3856 fuerit,
1491 3794 1661 3864 etgad
1709 3808 1880 3862 quos-

220 3862 483 3935 cumque
498 3881 597 3920 seu
642 3862 1053 3935 competentes,
1082 3881 1181 3919 seu
1212 3880 1466 3935 egressos
1493 3880 1527 3918 a
1560 3862 1717 3935 fonte
1748 3878 1879 3935 neo-

218 3933 451 4006 phytos,
472 3942 571 3989 aut
591 3933 842 3990 infantes
863 3953 876 4001 ;
898 3936 1129 3990 titulum
1142 3933 1346 4004 nempe
1362 3951 1534 4005 quem
1550 3933 1795 4004 praefert,
1816 3933 1882 3986 de

218 4006 266 4060 Α
273 4007 370 4077 gni
386 4007 660 4077 paschalis
686 4007 931 4070 Victima,
944 4006 1159 4077 optime
1178 4007 1522 4076 respondere
1539 4007 1882 4077 argumento

219 4074 400 4131 totius
418 4081 690 4132 tractatus
707 4094 805 4133 seu
822 4074 1103 4133 sermonis
1125 4074 1356 4131 secundi
1374 4076 1555 4131 sancti
1578 4074 1882 4130 Gaudentii

218 4148 925 4231 Hrixiensis'adegressos
957 4167 989 4202 a
1018 4150 1174 4231 fonte
1217 4148 1571 4231 neOphytos;
1623 4147 1718 4227 qui
1752 4162 1881 4199 cum

219 4220 297 4274 sit
326 4222 394 4273 de
424 4218 778 4274 eucharistiaa
827 4220 1117 4291 mysterio,
1145 4223 1302 4291 totus
1336 4224 1593 4272 versatur
1628 4218 1683 4291 in
1717 4231 1884 4286 expo-

219 4292 414 4344 nenda
436 4290 709 4360 allegoria
739 4287 1185 4361 agni‘paschalis
1214 4291 1557 4361 Judaaorum,
1591 4287 1687 4358 qui
1718 4292 1882 4361 typus

219 4362 411 4415 fuerat
464 4358 717 4431 corporis
763 4358 970 4416 Christi
1011 4378 1045 4415 a
1089 4361 1341 4415 nobisin
1376 4360 1577 4414 altaris
1607 4358 1881 4431 mysterio

217 4429 608 4503 percipiendi;
638 4438 808 4502 atque
827 4449 893 4487 ex
916 4432 1132 4503 legibus
1152 4431 1494 4503 immolandi
1518 4429 1880 4503 comedendi-

217 4449 570 4555 percipiendi
595 4449 608 4497 ;
638 4449 808 4502 atque
827 4449 893 4487 ex
916 4449 1132 4503 legibus
1152 4449 1494 4486 immoranai
1518 4449 1880 4484 comedendi-

216 4504 373 4583 φιᾳὶ
402 4503 508 4556 lius
535 4503 703 4583 typici
735 4504 887 4583 agni,
921 4503 978 4583 in
1009 4502 1185 4556 Exodi
1212 4502 1355 4556 libro
1371 4501 1629 4583 scriptis,
1655 4501 1882 4583 elegan-
1914 4524 1959 4581 Β

216 4572 443 4628 tissime
454 4572 624 4641 eruit,
638 4572 885 4629 illustrat
898 4578 1066 4643 atque
1079 4574 1449 4628 commendat
1462 4589 1557 4627 eas
1575 4572 1753 4626 animi
1773 4574 1881 4625 dis—

260 4644 554 4707 ositiones,
588 4645 790 4715 quibus
819 4644 1002 4699 fidelis
1032 4645 1339 4699 instructus
1384 4645 1457 4699 ad
1493 4660 1716 4698 sacram
1750 4643 1881 4697 novi

248 4716 458 4770 dederis
488 4732 750 4788 mensam
782 4716 995 4788 ibidem
1026 4717 1451 4788 praefiguratam
1483 4716 1750 4788 accedere
1782 4716 1878 4788 de-

220 4787 376 4841 beat.
412 4787 620 4851 Quidni
649 4794 704 4842 et
729 4787 936 4841 Nicetes
953 4785 1130 4840 nostri
1162 4785 1385 4842 libellus
1403 4786 1631 4857 chgni
1653 4785 1880 4857 pascha-

222 4858 296 4913 lis
329 4859 565 4913 Victima
579 4859 846 4913 eumdem
862 4858 1125 4912 habuerit
1139 4876 1372 4928 scapum
1388 4858 1445 4911 in
1466 4856 1794 4913 erudiendis
1811 4857 1880 4928 de

220 4928 586 5000 eucharistim
606 4929 869 5000 mysterio
887 4926 1259 4995 auditoribus,
1289 4946 1356 4982 ac
1370 4929 1555 4982 sancti
1577 4926 1880 5000 Gaudentii

223 4999 530 5054 Brixiensis
545 4998 733 5055 sermo
760 5016 857 5054 seu
886 5002 1202 5055 tractatus?
1235 4999 1374 5054 Fieri
1396 5000 1570 5053 etiam
1589 4998 1790 5067 potuit,
1820 5001 1883 5051 ut

217 5070 425 5125 titulus
453 5071 580 5125 huic
603 5072 815 5127 Nicetm
846 5070 1097 5125 sermoni
1122 5070 1206 5124 vel
1234 5071 1303 5123 ab
1330 5070 1450 5139 ipso
1477 5075 1708 5123 auctore
1736 5068 1825 5121 vel
1848 5084 1882 5122 a

220 5142 521 5197 Genhadio
557 5144 638 5199 vel
666 5145 738 5197 ab
768 5142 894 5197 aliis
911 5145 1220 5212 poneretur
1248 5138 1489 5212 derigui
1510 5138 1777 5209 paschalis
1800 5139 1879 5212 Vi-

219 5216 413 5287 ctima,
433 5216 619 5287 potius
650 5231 825 5284 quam
845 5208 1280 5287 de-cuc/iaristias
1303 5208 1665 5287 sacramento,
1699 5208 1883 5287 seu_de

218 5280 735 5354 altaris—Mysterio,
780 5290 842 5338 ut
886 5290 1047 5339 vetus
1090 5282 1282 5338 arcani
1331 5280 1630 5354 disciplina
1653 5280 1882 5354 cautius

219 5349 580 5421 servaretur;
617 5361 673 5411 et
701 5355 982 5410 sermonis
1012 5359 1437 5426 argumentum,
1472 5349 1622 5426 quod
1650 5349 1881 5404 interim

219 5428 328 5482 sub
360 5426 468 5480 hoc
498 5427 673 5481 etiam
714 5426 995 5481 velamine
1032 5422 1238 5479 initiati
1258 5441 1385 5496 jam
1416 5422 1559 5496 satis
1581 5425 1880 5487 noverant,

220 5498 484 5552 nondum
510 5497 740 5560 initiati,
771 5497 999 5551 etiamsi
1030 5514 1097 5551 ex
1130 5493 1401 5550 relatione
1432 5493 1742 5557 audissent,
1772 5508 1879 5546 ne-

219 5585 516 5640 quaquam
548 5569 922 5640 perciperent.
953 5568 1099 5630 Quid
1130 5583 1262 5620 vero
1282 5566 1327 5640 si
1360 5565 1691 5640 dixerimus,
1726 5563 1882 5640 libel-

220 5635 376 5718 Tum;
389 5657 487 5718 seu
504 5635 831 5718 sermonem
850 5639 1054 5718 Nicetes
1068 5639 1133 5693 de
1149 5637 1298 5718 agni
1313 5638 1589 5718 paschalis
1619 5635 1879 5718 Victima,

219 5710 693 5781 explanationem
713 5715 935 5764 tantum
958 5710 1130 5781 fuisse
1147 5706 1296 5781 illius
1313 5712 1369 5778 ty
1377 5707 1482 5781 pici
1497 5708 1646 5781 ritus
1660 5706 1686 5758 ,Ι
1696 5706 1883 5781 udseo-

218 5777 377 5851 rain,
412 5783 484 5836 ad
515 5782 925 5852 prteparandos
948 5780 1307 5835 audientium
1328 5777 1560 5852 animos
1580 5777 1883 5852 admyste-

219 5848 381 5917 rium
408 5846 793 5928 suo'tem'pore
818 5852 1275 5927 cognoscendum
1292 5869 1313 5926 λ
1336 5849 1474 5927 quin
1493 5849 1568 5910 ad
1587 5847 1771 5907 ullam
1798 5846 1884 5905 in-

1997 1876 2353 1931 aGennadio
2396 1878 2731 1932 memoratis
2780 1876 3162 1931 in’notesceret
3217 1876 3647 1947 eruditis,'quin

1998 1951 2190 2002 tamen
2234 1953 2453 2002 certum
2483 1950 2695 2003 Niceten
2745 1948 2921 2002 fetum
2954 1964 3076 2002 sese
3106 1948 3392 2017 proderet,
3434 1948 3647 2003 incerto

1996 2020 2314 2100 vagabatur
2341 2025 2578 2100 parente
2604 2037 2617 2085 ;
2668 2019 3205 2100 hocnihilominus‘
3238 2018 3392 2100 felix“
3422 2024 3647 2100 eventu,

1996 2090 2147 2171 quod
2191 2106 2305 2171 non
2351 2089 2622 2171 indignus
2666 2090 2893 2170 habitus
2937 2089 3246 2171 aliquando
3295 2090 3419 2171 fuit,
3467 2090 3652 2171 quiet

1994 2160 2311 2231 Augustini,
2343 2166 2400 2216 et
2429 2160 2757 2231 Hieronymi
2788 2160 3010 2232 scriptis
3041 2162 3650 2229 accenseretur,maxi-

1995 2248 2088 2285 me
2119 2248 2249 2285 vero
2280 2234 2434 2301 quod
2466 2233 2614 2286 inter
2650 2231 2934 2287 Ambrosii
2963 2232 3426 2302 genuinaOpera
3456 2232 3647 2287 locum

1995 2302 2233 2357 haberet
2252 2304 2428 2357 etiam
2455 2304 2513 2357 in
2535 2302 2965 2358 absolutissima
2976 2301 3487 2356 Ambrosianorum
3510 2302 3651 2373 Ope-

1994 2390 2121 2427 rum
2144 2374 2401 2429 Maurina
2422 2374 2691 2429 editione.
2718 2374 3050 2443 Explanatio
3070 2373 3303 2427 tandem
3328 2374 3561 2443 Symboli
3579 2375 3649 2427 ad

1992 2451 2332 2514 competentes
2359 2462 2538 2516 nuper
2554 2462 2770 2500 emersa
2785 2445 2892 2498 sub
2914 2443 3148 2516 nomine
3169 2443 3380 2498 Nicetaa
3402 2444 3649 2515 episcopi

1994 2517 2210 2587 nodum
2243 2515 2450 2581 solvit,
2473 2522 2530 2571 et
2575 2517 2759 2571 lucem
2806 2516 3106 2587 attulit,ut
3128 2515 3257 2587 jam
3290 2515 3646 2587 Gennadiani

1990 2585 2229 2658 Nicetes
2255 2602 2422 2656 Opus,
2466 2587 2626 2658 cujus
2655 2586 2997 2658 Explanatia
3028 2585 3399 2658 illa'Symboli
3434 2588 3646 2656 absque

1992 2656 2346 2711 dubitatione
2377 2656 2733 2720 censebatur,
2767 2661 2822 2710 et
2849 2656 3070 2710 libellus
3100 2656 3169 2707 ad
3209 2656 3416 2725 lapsam
3473 2658 3643 2725 Virgi-

1992 2743 2112 2781 nem
2132 2727 2490 2798 judicaretur
2524 2746 2535 2782 :
2569 2729 2721 2797 quod
2769 2726 3006 2798 eruditis
3039 2726 3188 2798 viris,
3240 2727 3505 2798 etZabeo
3536 2727 3642 2796 ipsi

1990 2796 2175 2851 visum
2196 2798 2320 2862 fuit,
2346 2803 2515 2853 etnos
2550 2796 2970 2868 quoquecapite
2985 2798 3007 2849 1
3027 2796 3440 2868 dissertationis
3471 2797 3641 2868 hujus

1992 2870 2128 2923 data
2158 2886 2331 2938 opera
2357 2866 3111 2923 confirmavimus'Libellus
3133 2866 3243 2938 hic,
3266 2867 3363 2936 qui
3390 2867 3458 2938 in,
3479 2866 3644 2921 Vero-

1991 2939 2153 2994 nensi
2170 2936 2417 2995 editione
2436 2943 2682 3010 Operum
2705 2941 2897 3010 sancti
2913 2937 3242 3010 Hieronymi
3266 2954 3298 2991 a
3324 2936 3642 3010 clarissimo

1992 3011 2272 3065 Vallarsio
2320 3008 2597 3066 adornata
2641 3011 2828 3065 locum
2886 3009 3058 3063 habet
3090 3011 3237 3062 inter
3279 3008 3643 3078 supposititia

1992 3085 2150 3136 tomo
2196 3084 2279 3147 Xl,
2326 3083 2431 3136 col.
2484 3084 2606 3151 178,
2648 3082 2882 3135 titulum
2932 3079 3179 3150 praefert,
3224 3079 3641 3151 In_Susanuam

1245 3172 1274 3209 e
1302 3156 1657 3210 Sacramento
1684 3154 1879 3208 altaris
1916 3166 1960 3225 ο
1991 3153 2195 3225 lapsam
2220 3154 2528 3223 objurgatio
2547 3167 2568 3222 ,'
2595 3149 2749 3225 inter
2776 3149 2959 3225 Opera
2985 3167 3117 3225 vero
3145 3149 3324 3225 sancti
3356 3150 3643 3225 Ambrosii

1988 3221 2256 3295 genuina,
2279 3221 2396 3278 ubi
2435 3241 2469 3277 a
2509 3221 2783 3295 Maurinis
2824 3221 3140 3295 editoribus
3184 3221 3491 3295 collocatus
3540 3221 3647 3295 fuit

1989 3293 2116 3349 cum
2146 3294 2272 3348 aliis
2316 3295 2497 3349 sancti
2546 3294 2796 3348 doctoris
2845 3294 3108 3364 ejusdem
3136 3293 3461 3364 argumenti
3495 3293 3645 3347 notis

1989 3366 2483 3423 lucubrationibus
2506 3366 2575 3420 de
2598 3362 2953 3437 Virginita'te,
2985 3381 3050 3437 ac
3081 3365 3167 3437 de
3188 3362 3527 3437 Virginibus.
3547 3368 3647 3437 _to—

1990 3453 2086 3491 mo
2116 3438 2158 3490 ll
2183 3436 2447 3491 editionis
2469 3433 2803 3491 Parisiensis
2834 3435 3080 3497 in-folio,
3110 3433 3264 3503 1690,
3296 3434 3521 3487 titulum
3547 3434 3643 3487 ha-

1989 3508 2103 3572 bet,
2138 3506 2213 3560 Dc
2237 3508 2393 3578 lapsu
2415 3509 2651 3578 Virginis
2672 3514 3018 3578 consecratae.
3038 3506 3169 3559 Haec
3182 3504 3427 3558 varietas
3450 3506 3645 3578 titulo-

1988 3595 2118 3633 rum
2150 3575 2298 3633 nihil
2321 3575 2660 3632 ofﬁcit'huic
2676 3577 2862 3631 libello
2892 3595 2905 3643 ;
2940 3577 3119 3629 immo
3151 3579 3554 3643 argumentum
3581 3575 3645 3628 il-

1990 3650 2099 3703 lius
2130 3649 2299 3703 simul
2348 3648 2539 3704 collati
2574 3648 2924 3701 enucleatius
2968 3646 3252 3715 explicant
3301 3663 3313 3699 :
3365 3650 3445 3699 est
3490 3646 3644 3699 enim

1989 3736 2122 3775 vera
2151 3719 2457 3789 objurgatio
2486 3720 2541 3770 in
2596 3720 2875 3789 Virginem
2904 3722 3285 3783 consecratam,
3332 3716 3645 3771 Susannam

1990 3788 2247 3860 nomine,
2278 3806 2402 3858 quae
2434 3790 2587 3860 lapsa
2619 3788 2825 3860 fuerat.

2062 3859 2253 3915 Libelli
2285 3857 2575 3930 epitomen
2603 3859 2918 3915 exscribere
2947 3861 3184 3930 praestat
3205 3859 3275 3912 ab
3298 3857 3419 3929 ipsa
3450 3860 3649 3913 admo-

1990 3929 2227 3995 nitione,
2250 3948 2423 4001 quam
2452 3932 2525 3985 ad
2557 3933 2823 3986 eumdem
2849 3929 3244 4001 prmmiserunt
3265 3930 3645 4001 eruditissimi

1990 4002 2237 4057 editores
2266 4000 2633 4057 Benedictini.
2666 4024 2693 4053 ‹‹
2722 4000 3056 4056 Continetur
3081 4002 3186 4053 hoc
3210 4001 3267 4053 in
3295 4016 3462 4069 opere
3484 4000 3646 4054 vehe-

1991 4072 2353 4153 mentissima
2400 4072 2742 4153 increpatio,
2780 4088 2893 4153 qua
2923 4070 3168 4153 puellam
3202 4086 3331 4153 quae
3357 4074 3485 4149 post
3514 4086 3643 4153 pro-

1990 4143 2221 4198 missam
2258 4145 2331 4197 ad
2364 4160 2492 4197 aras
2521 4140 3127 4214 virginitatemyitiari
3168 4156 3227 4194 se
3258 4140 3327 4194 ab
3354 4140 3644 4211 impudico

1992 4215 2351 4269 adolescente
2394 4213 2595 4284 saepius
2642 4230 2829 4284 passa,
2862 4213 3035 4267 etiam
3082 4217 3430 4284 conceptum,
3464 4228 3538 4284 ex
3578 4228 3644 4267 eo

1990 4284 2272 4340 infantem
2289 4282 2519 4339 necasse
2537 4282 2851 4349 dicebatur,
2868 4300 3094 4339 summo
3109 4299 3238 4337 cum
3255 4282 3434 4338 animi
3449 4283 3646 4337 dolore

1990 4357 2260 4427 objurgat
2275 4358 2534 4427 ejusdem
2548 4356 2862 4427 episcopus.
2879 4356 3082 4427 Ingens
3094 4359 3218 4408 erat
3230 4361 3426 4427 suapte
3440 4359 3647 4427 natura

1990 4373 2260 4427 onjurgai
2275 4373 2575 4427 ejusaeme
2622 4373 2862 4426 iscopus.
2880 4373 3082 4426 ingens
3094 4373 3218 4408 erat
3230 4373 3426 4424 suapte
3440 4373 3641 4408 natura

1990 4427 2096 4481 hoc
2114 4427 2419 4497 ﬂagitium,
2440 4428 2540 4482 sed
2563 4373 2699 4481 illud
2720 4426 3141 4496 multogravius
3155 4443 3283 4497 cum
3308 4425 3419 4479 alia
3439 4424 3641 4486 multa,

1990 4502 2111 4552 tum
2136 4496 2327 4553 secuta
2346 4499 2476 4554 inde
2494 4499 2797 4553 hominum
2812 4497 3048 4552 offensio
3068 4496 3415 4552 reddiderat.
3434 4499 3644 4552 Susan-

1991 4587 2087 4634 na,
2119 4570 2197 4624 sic
2221 4571 2373 4624 enim
2403 4571 2499 4624 illa
2532 4572 2860 4633 vocabatur,
2888 4586 2917 4624 e
2946 4568 3121 4623 nobili
3156 4568 3378 4623 familia
3405 4569 3647 4623 ducebat

1990 4646 2203 4696 ortum.
2237 4644 2374 4695 Cum
2424 4646 2615 4695 autem
2668 4647 3003 4711 perpetuam
3055 4657 3279 4694 servare
3310 4639 3645 4710 pudicitiam

1990 4712 2099 4768 sibi
2126 4711 2532 4783 prOposuisset,
2564 4713 2880 4767 contrarias
2910 4711 3519 4783 expugnarenequivit
3548 4726 3643 4780 pa~

1988 4781 2216 4839 rentum
2233 4781 2570 4847 voluntates,
2595 4784 2700 4838 nisi
2722 4788 3023 4853 postquam
3037 4781 3292 4853 terriﬁcis
3306 4781 3643 4853 quibusdam

1990 4855 2124 4909 visis
2150 4856 2223 4908 ad
2253 4855 2309 4909 id
2345 4872 2404 4908 se
2431 4855 2645 4909 moveri
2677 4849 3233 4909 sancte—afﬁrmavit.
3266 4849 3388 4920 Ipso
3415 4849 3642 4904 Domini

1990 4925 2377 4980 reviviscentis
2412 4925 2555 4980 festo
2580 4926 2639 4981 in
2670 4924 2953 4995 praecipua
2978 4921 3233 4983 basilica,
3259 4937 3431 4995 prope
3464 4920 3642 4995 altare

2030 5014 2101 5075 uo
2132 5012 2261 5051 eam
2312 4989 2729 5066 neOphytoruin
2777 4989 2975 5075 greges
3007 5008 3136 5047 cum
3157 4989 3347 5075 ‘cereis
3375 4989 3642 5075 accensis

1990 5014 2101 5121 quo
2132 5014 2261 5051 eam
2312 5014 2729 5066 neapnytorum
2777 5014 2975 5075 greges
3007 5014 3136 5047 cum
3171 5014 3347 5045 cereis
3392 5014 3639 5044 accensa

2031 5068 2367 5135 eduxerant,
2396 5073 2529 5119 vota
2559 5081 2681 5132 sua,
2712 5080 2977 5135 universo
3004 5062 3209 5135 populo
3240 5061 3639 5131 respondente,

1990 5139 2187 5200 Amen,
2216 5132 2633 5206 pronuntiavit.
2669 5133 2931 5206 Moxipsi
2963 5132 3230 5206 imposito
3259 5136 3385 5206 post
3412 5147 3645 5206 consue-

1990 5212 2109 5260 tam
2133 5202 2593 5260 exhortationem
2612 5205 2757 5269 velo,
2782 5202 2938 5258 illam
2956 5202 3081 5257 aliis
3108 5202 3642 5257 sanctimonialibus

1983 5279 2245 5349 junctam
2279 5278 2431 5349 idem
2447 5275 2648 5346 praesul
2678 5274 3361 5349 admisitinasceterium,
3381 5274 3470 5327 ubi
3489 5290 3645 5349 eam-

1990 5345 2119 5402 dem
2149 5347 2368 5401 idoneis
2388 5345 2681 5418 praeceptis
2698 5346 3234 5418 frequensimbuere
3259 5361 3373 5399 non
3394 5345 3643 5418 neglige-

1990 5420 2106 5473 bat.
2134 5418 2316 5472 Vitam
2335 5416 2450 5472 illic
2473 5416 2915 5488 haudquaquam
2937 5416 3095 5470 duxit
3113 5419 3183 5470 ab
3207 5420 3364 5488 omni
3381 5416 3641 5471 criminis

1989 5488 2266 5561 specieac
2296 5487 2670 5544 similitudine
2699 5487 2788 5561 ita,
2806 5494 3112 5561 remotam,
3148 5487 3284 5558 quin
3316 5504 3429 5541 non
3461 5489 3642 5543 multo

1989 5560 2117 5632 post
2146 5560 2266 5629 ejus
2296 5561 2527 5615 castitas
2572 5560 2822 5615 adversis
2870 5560 3197 5632 rumoribus
3228 5561 3639 5615 traduceretur.

1993 5630 2169 5703 206
2203 5633 2317 5711 Hoc
2340 5631 2837 5713 impatientissime
2864 5630 2996 5685 tulit
3022 5632 3302 5713 Susanna.
3326 5632 3643 5713 .Episcopus

1993 5701 2479 5773 vero’conjunctis
2508 5720 2639 5757 cum
2671 5704 2931 5774 ejusdem
2958 5707 3193 5774 parente
3222 5701 3394 5767 curis,
3426 5703 3644 5774 frustra

1990 5779 2054 5829 ut
2078 5772 2337 5847 auctores
2362 5774 2533 5847 hujus
2560 5772 3403 5847 calumniis‘detecticanonicas
3424 5773 3643 5847 luerent

1991 5861 2212 5923 pinnas,
2239 5842 2556 5907 desudavit.
2588 5846 2670 5904 Ea
2692 5861 2821 5905 cum
2850 5843 2977 5907 ﬁeri
3005 5843 3225 5904 cautior
3256 5843 3388 5903 hinc
3417 5842 3639 5930 debuis-
