4004 6182
163 300 323 381 1065

862 317 925 382 P.
975 315 1267 382 BRAIDzE
1308 316 1778 383 DISSERTATIO
1820 312 1894 378 IN
1936 317 1997 377 S.
2045 313 2392 382 NICETAM.
2432 345 2516 370 -ι
2555 318 2720 381 CAP.
2765 312 2936 394 ναις

3440 317 3592 385 1066

164 470 231 507 ac
259 450 670 506 monasterium
695 450 870 524 etiam
902 469 1193 507 sacrarum
1222 453 1529 524 virginum,
1552 471 1677 524 quae
1701 472 1823 509 om-
1852 455 1901 515 A
1930 449 2083 524 scopi
2131 454 2187 524 et
2226 450 2591 524 confessoris,
2624 449 2718 521 qui
2747 449 2940 524 multis
2968 448 3489 524 libriscomcriptis,
3522 472 3590 512 ac

160 524 260 578 nia
281 538 586 577 commune
605 522 759 576 urbis
788 522 991 586 fatum,
1022 524 1250 579 biennio
1271 522 1422 581 ante.
1450 522 1819 594 proculdubio

160 611 279 648 non
310 595 625 717 etl'ugerunt
650 609 663 657 ;
693 598 748 648 et
778 610 880 664 pro
906 595 1107 664 quibus
1134 596 1487 665 reparandis,
1510 612 1624 649 non
1645 599 1813 651 modo

160 681 344 717 nrona
359 681 425 717 vo
453 668 638 717 untas.
656 664 948 717 impendia
974 670 1029 717 et
1046 683 1252 717 oneras.
1275 669 1372 717 sed
1393 672 1615 717 tempus
1636 667 1811 717 etiam

160 681 344 737 prona
359 664 638 737 voluntas,
656 664 948 737 impendia
974 670 1029 721 et
1046 664 1252 737 operae,
1275 669 1372 721 sed
1393 672 1615 737 tempus
1636 667 1811 722 etiam

156 736 453 790 sufﬁciens
485 735 896 804 requirebatur.

228 807 411 879 Aliter
440 822 591 859 nunc
629 806 933 879 dicendum
975 807 1045 879 de
1071 806 1263 862 libello
1289 808 1360 861 ad
1400 808 1673 879 Virginem
1695 809 1810 879 lap-

155 894 308 933 sam.
344 877 496 949 Licet
542 893 834 949 sacrarum
866 877 1148 949 virginum
1202 877 1528 933 institutum
1567 880 1637 932 ab
1676 877 1813 949 ipsis

158 949 420 1003 Ecclesiae
450 948 806 1001 incunabulis
833 947 1165 1021 efﬂoruerit,
1186 954 1257 1021 ut
1287 967 1643 1021 unaquaeque
1673 947 1814 1005 dioe-

156 1021 301 1075 cesis
347 1035 664 1091 parumper
692 1019 913 1091 exculta
966 1024 1022 1073 et
1064 1019 1812 1091 Christianae—perfectionis

156 1089 384 1145 imbuta
410 1089 717 1163 principiis,
749 1090 989 1163 agmina
1011 1092 1341 1163 earumdem
1383 1089 1688 1147 numerare
1719 1110 1814 1163 po-

156 1163 333 1243 tuerit
363 1164 434 1215 ad
464 1161 814 1243 singularem
836 1162 1125 1243 religionis
1153 1167 1357 1243 nostrae
1377 1164 1643 1243 gloriam,
1674 1161 1813 1218 non-

154 1236 294 1287 dum
321 1238 511 1287 tamen
537 1232 699 1301 plura
718 1236 881 1285 erant
899 1233 1129 1286 condita
1152 1232 1442 1288 Asceteria
1464 1234 1665 1288 iisdem
1692 1252 1812 1288 om-

153 1304 323 1357 nibus
357 1320 470 1357 una
496 1303 663 1355 simul
692 1304 1090 1376 continendis;
1120 1308 1260 1357 etut
1292 1304 1600 1374 plurimum
1632 1306 1806 1376 213

150 1392 331 1429 unum
361 1378 487 1429 erat
514 1374 917 1446 tantummodo
939 1375 1040 1446 sub
1068 1390 1411 1445 unoquoque
1438 1376 1721 1446 episcopo,
1750 1374 1808 1429 in

149 1446 441 1516 praecipuo
482 1461 595 1497 suae
634 1444 892 1498 ditecesis
943 1445 1089 1517 loco,
1133 1446 1236 1517 rubi
1288 1444 1405 1516 ipse
1458 1444 1807 1517 frequentius

147 1515 352 1571 adesse
383 1520 755 1587 consueverat
779 1531 792 1579 ;
822 1516 957 1569 dum
980 1515 1206 1587 interim
1226 1515 1449 1571 caetera:
1468 1515 1576 1570 aut
1594 1518 1651 1571 in
1675 1534 1804 1587 pro-

147 1590 286 1658 priis
319 1586 586 1640 domibus
607 1586 887 1658 viverent,
923 1590 1020 1640 aut
1050 1586 1106 1639 in
1138 1588 1370 1656 privatis
1397 1588 1613 1642 aedibus
1635 1586 1803 1642 simul

146 1656 403 1729 quidem,
437 1656 801 1729 atrprivatirn
831 1673 1071 1729 quoque;
1093 1658 1359 1729 collectae.
1394 1660 1805 1713 Monasterium

146 1727 447 1807 sacrarum
472 1728 751 1807 virginum
765 1727 831 1807 .in
856 1727 1201 1807 Aquileiensi
1228 1728 1807 1807 celeberrima_Eecle-

144 1804 252 1876 sia,
277 1799 1075 1876 etinipsaraquileiensiurbe,
1093 1799 1271 1876 immo
1294 1800 1350 1852 in
1368 1801 1557 1876 media
1577 1801 1803 1876 civitate
1839 1820 1883 1876 Β

136 1872 370 1945 jamdiu
403 1870 702 1945 exstitisse,
742 1870 966 1923 abunde
995 1870 1250 1945 superius
1280 1871 1726 1945 conjiciebamus
1748 1872 1803 1925 in

146 1942 431 1997 mantissa
455 1943 524 1995 ad
555 1945 724 2011 caput
748 1944 1038 2010 quartum,
1065 1942 1153 1993 ubi
1180 1942 1360 1995 multa
1392 1944 1459 1996 de
1487 1942 1591 1995 hac
1618 1959 1676 1997 re
1704 1961 1716 2007 ;
1750 1948 1807 1997 et

146 2014 243 2069 ubi
271 2013 451 2068 etiam
482 2013 843 2075 notabamus,
869 2013 1019 2081 quod
1047 2012 1272 2065 etiamsi
1296 2012 1353 2065 in
1378 2013 1639 2069 Attilano
1662 2013 1805 2067 exci-

148 2086 243 2141 dio
274 2084 691 2163 monasterium
710 2098 999 2137 sacrarum
1015 2083 1318 2163 _vi_rg_i_num
1337 2083 1614 2163 Aquileiae
1632 2084 1803 2138 situm

149 2171 526 2212 communem
558 2154 851 2225 jacturam
908 2154 1277 2225 probabiliter
1327 2155 1642 2223 pertulerit.
1689 2171 1806 2209 non

152 2229 322 2298 longe
353 2230 479 2297 post
520 2224 775 2298 reparari
814 2224 1015 2298 potuit,
1037 2230 1105 2298 et
1134 2224 1214 2279 ita
1248 2228 1447 2298 etiam,
1479 2231 1549 2298 ut
1566 2226 1718 2295 prior
1748 2227 1805 2298 in

151 2295 446 2376 omnibus
463 2296 820 2376 revivisceret
850 2295 1164 2376 disciplina,
1207 2296 1389 2376 qualis
1434 2297 1489 2376 in
1518 2296 1708 2376 libello
1736 2297 1809 2351 ad

151 2372 362 2440 lapsam
403 2368 695 2440 Virginem
727 2367 1185 2440 splendidissime
1238 2367 1506 2440 effulget.
1533 2368 1808 2440 Libellum

150 2437 350 2518 itaque
364 2439 572 2518 l‘iicetae
586 2438 784 2518 nostri,
803 2453 900 2491 seu
918 2437 1443 2518 potius'sermonem
1464 2439 1551 2518 obj
1565 2439 1809 2509 urgatio-

152 2508 350 2591 υἱεῖ(ᾳί
382 2511 583 2591 lapsam
618 2509 912 2591 Virginem,
956 2508 1223 2589 Aquileiae
1254 2514 1443 2591 ortum
1471 2508 1812 2591 dictumque

151 2579 542 2639 verisimiliter
558 2579 954 2634 existimamus
975 2596 985 2634 :
1008 2579 1208 2641 immo,
1230 2583 1293 2632 ut
1310 2579 1523 2649 aliquid
1546 2579 1811 2635 etiam'de

151 2661 415 2724 tempore
442 2654 726 2724 addamus
754 2650 1239 2724 quoprobabilius
1262 2650 1487 2704 habitus
1508 2651 1632 2714 fuit,
1664 2652 1813 2724 hunc

153 2728 227 2780 ad
260 2720 583 2803 postremos
614 2720 1027 2803 potiusNicetae
1059 2724 1412 2803 episcopatus
1443 2722 1816 2803 annosperti-

154 2793 293 2851 nere
341 2796 585 2848 libenter
632 2793 980 2857 dixerimus;
1012 2810 1139 2847 cum
1190 2794 1445 2857 demum,
1497 2809 1563 2846 ex
1608 2793 1814 2848 Nicetas

155 2868 335 2937 ipsius
364 2864 639 2937 pastorali
662 2863 1063 2925 sollicitudine,
1097 2863 1293 2937 omnia
1322 2870 1422 2937 aut
1451 2880 1593 2933 pene
1621 2864 1817 2917 omnia

154 2934 279 3009 qua:
312 2934 386 2990 ad
410 2936 714 2989 Ecclesiam
744 2940 1085 3009 spectarent,
1112 2936 1183 2987 ad
1208 2934 1458 3009 fidelium
1482 2940 1815 3009 conventus,

156 3006 232 3063 ad
262 3009 508 3077 liturgize
532 3008 793 3060 ordinem
818 3022 882 3059 ac
900 3008 1185 3077 decorem,
1216 3006 1285 3077 ad
1312 3006 1588 3059 festorum
1611 3007 1818 3059 solem-

156 3076 428 3143 nitatem,
453 3079 641 3133 etalia
664 3078 757 3149 huj
771 3077 989 3149 usmodi
1013 3093 1137 3145 quae
1157 3076 1368 3149 ibidem
1398 3081 1814 3149 memorantur,

1930 522 2045 594 vita
2083 522 2345 594 religiose
2389 529 2539 590 acta,
2592 520 2991 594 sanctimoniae
3030 526 3087 594 et
3116 520 3390 594 doctrinae
3416 525 3585 582 laude

1930 592 2159 656 ﬂorens,
2192 591 2332 648 abiit
2363 597 2434 649 ad
2461 591 2954 664 DominumJiSi
2974 592 3185 664 multos
3218 593 3409 664 itaque
3426 596 3583 651 Nice-

1930 669 2017 718 tas
2043 664 2217 737 libros
2246 666 2603 737 conscripsit,
2636 662 3001 737 probabiliter
3020 661 3164 737 alios
3185 661 3476 737 scripsisse
3499 668 3581 721 di-

1927 736 2139 790 cendus
2170 740 2255 789 est
2287 734 2721 808 supra—septem
2766 751 2799 788 a
2844 734 3098 788 Genadio
3131 734 3313 806 214
3337 737 3577 809 aliisque

1928 810 2298 861 memoratos.

1998 877 2064 929 Et
2116 894 2252 933 sane
2294 878 2348 931 in
2383 877 2640 948 superius
2668 874 3358 948 citatarepistolaiienrici
3388 878 3574 933 clerici

1927 947 2294 1016 Pomposiani
2326 946 2661 1003 monasterii
2693 964 2759 1001 ex
2793 946 2981 1000 Diario
3031 947 3225 1000 ltalico
3269 947 3571 1004 clarissimi

1924 1018 2353 1082 Montfauconii,
2382 1036 2478 1073 seu
2501 1021 2557 1073 in
2582 1019 2856 1072 librorum
2881 1016 3150 1087 Catalogo
3172 1019 3430 1089 ejusdem
3453 1037 3575 1075 mo-

1924 1089 2159 1161 nasterii
2190 1089 2284 1159 qui
2315 1090 2501 1144 eidem
2533 1091 2783 1160 epistola:
2813 1089 3152 1161 annectitur,
3184 1090 3297 1154 ubi,
3322 1108 3451 1161 pag.
3479 1093 3568 1158 84,

1922 1160 2209 1213 indicatur
2236 1160 2379 1213 liber
2406 1162 2624 1216 Nicetas
2652 1162 2892 1230 episcopi
2917 1161 2979 1212 de
3012 1160 3236 1213 Ratione
3268 1160 3441 1228 Fidei,
3475 1164 3570 1230 qui

1922 1181 2209 1213 lHUlCﬂLUI‘
2236 1181 2379 1213 “Der
2406 1181 2624 1216 λγῑσειεε
2652 1181 2889 1230 ϐρῑδσορι
2917 1181 2979 1212 αε
3012 1181 3236 1213 ηαιιυηε
3268 1181 3441 1228 navi,
3516 1181 3570 1217 ιιι

1921 1230 2237 1284 certeidem
2251 1247 2372 1284 esse
2387 1231 2611 1286 videtur
2628 1247 2693 1284 ac
2712 1232 2932 1283 libellus
2948 1230 3156 1285 Nicetas
3177 1233 3375 1286 tertius
3395 1234 3459 1287 de
3475 1181 3571 1287 2‘2;

1921 1301 1995 1371 de
2014 1305 2186 1355 unicae
2235 1302 2562 1369 Majestatis,
2616 1304 2684 1355 de
2716 1318 2826 1371 quo
2854 1308 3024 1354 antea
3052 1318 3153 1354 suo
3186 1302 3308 1355 loco
3352 1304 3569 1358 dictum

1922 1370 2049 1443 fuit,
2076 1372 2131 1424 in
2156 1371 2262 1425 hoc
2284 1372 2560 1426 librorum
2583 1370 3093 1442 Pomposianorum
3121 1373 3415 1443 Catalogo,
3446 1381 3572 1443 post.

1916 1441 2233 1496 indicatum
2256 1444 2476 1523 _1_Vicetae
2507 1441 2750 1523 epifscopi
2786 1444 2847 1496 de
2882 1443 3117 1523 Ratione
3161 1441 3569 1523 Fidei—librum

1915 1529 2111 1587 unum,
2140 1513 2410 1587 continuo
2436 1513 2832 1587 subjungitur:
2866 1535 2892 1561 (ι
2925 1515 3190 1587 Ejusdem
3217 1514 3450 1587 (Nicetas
3469 1516 3572 1570 sci-

1917 1582 2045 1656 licet
2072 1586 2349 1656 episcopi),
2383 1586 2450 1640 de
2496 1582 2735 1656 Spiritus
2767 1582 2977 1656 sancti—
3002 1584 3266 1639 Potentia
3297 1586 3499 1640 librum
3530 1604 3566 1642 ι.

1915 1655 2207 1737 Ejusdem,
2231 1654 2299 1737 de
2323 1654 2568 1737 Diversis
2589 1654 3078 1737 Appellationibus
3108 1656 3351 1737 Domino
3363 1663 3568 1737 nostro

1911 1726 2041 1779 Jesu
2079 1726 2303 1797 Christo
2334 1726 2819 1782 convenientibus.
2865 1746 2891 1777 »
2933 1726 3113 1795 lpsius
3143 1726 3315 1797 igitur
3360 1728 3567 1783 Nicetas

1914 1796 2088 1849 nostri
2142 1797 2521 1866 Aquileiensis
2568 1815 2694 1852 ecce
2741 1797 3112 1867 probabiliter
3146 1796 3418 1867 opuscula
3452 1802 3567 1854 alia

1913 1867 2046 1930 duo,
2076 1884 2109 1939 a_
2136 1869 2430 1923 Gennadio
2475 1874 2534 1923 et
2582 1869 2831 1923 Honorio
2881 1884 2995 1921 non
3044 1874 3408 1933 memorata;
3437 1888 3562 1939 qua:

1911 1937 2213 1992 undecimo
2235 1940 2456 1994 labente
2506 1940 2714 1994 saeculo
2750 1940 3127 1993 servabantur
3155 1939 3211 1992 in
3252 1937 3567 1995 instructis-

1912 2009 2056 2062 sima
2088 2009 2432 2064 bibliotheca
2470 2012 2837 2075 Pomposiani
2883 2010 3230 2075 monasterii,
3279 2027 3390 2065 una
3432 2028 3565 2066 cum

1912 2080 2172 2152 ejusdem
2205 2081 2395 2135 libello
2425 2082 2486 2135 de
2512 2080 2653 2137 Fide
2684 2083 2859 2137 unica:
2887 2082 3220 2148 Majestatis,
3250 2086 3304 2135 et
3332 2099 3442 2136 uno
3476 2100 3568 2138 eo-

1912 2153 2156 2221 demque
2172 2157 2470 2222 compacta
2486 2154 2776 2207 volumine
2794 2176 2809 2222 ,
2834 2168 3072 2223 quaaque
3095 2158 3291 2223 postea
3324 2155 3568 2210 fortasse

1914 2238 2029 2295 una
2057 2238 2186 2275 cum
2218 2223 2315 2276 illo
2350 2224 2572 2293 penitus
2600 2224 2960 2295 interierunt,
3002 2240 3130 2277 cum
3168 2224 3389 2288 nullibi,
3413 2228 3567 2295 quod

1915 2293 2114 2366 sciam,
2138 2309 2330 2347 eorum
2354 2296 2567 2349 mentio
2594 2294 2935 2366 inveniatur,
2970 2310 3073 2348 nec
3098 2295 3213 2349 ulla
3236 2293 3571 2366 hujusmodi

1916 2364 1975 2418 in
2001 2364 2265 2418 Veterum
2286 2371 2791 2421 monumentorum
2814 2364 3241 2420 collectionibus
3258 2364 3431 2420 autin
3449 2385 3573 2422 san-

1916 2440 2141 2519 ctorum
2175 2435 2411 2519 Patrum
2435 2438 2841 2519 appendicibus
2853 2441 3039 2519 exstet
3057 2437 3431 2519 elucubratio,
3450 2456 3574 2519 quas

1918 2522 2049 2560 vere
2078 2507 2334 2561 Nicetam
2368 2514 2627 2562 nostrum
2667 2508 2881 2563 referat
2918 2514 3234 2563 auctorem.
3281 2507 3488 2572 Quidni
3519 2514 3577 2564 et

1922 2578 1996 2631 ad
2025 2580 2473 2646 competentium
2502 2580 2919 2633 institutionem
2949 2580 3072 2632 haec
3096 2582 3206 2633 duo
3237 2596 3464 2650 quoque
3484 2581 3577 2635 Ni—

1921 2653 2058 2702 cetas
2090 2650 2358 2717 opuscula
2390 2650 2799 2719 pertinuerint;
2828 2666 2925 2704 seu
2956 2650 3144 2719 potius
3174 2652 3247 2704 ad
3277 2651 3581 2705 institutio-

1924 2735 2055 2791 nem
2086 2720 2503 2791 neophytorum
2523 2726 2649 2791 post
2672 2721 3041 2791 baptismum,
3062 2721 3267 2791 quibus
3299 2721 3580 2790 penitiora

1924 2790 2277 2862 Christiana;
2314 2791 2603 2862 religionis
2652 2790 3105 2862 explicabantur’,
3162 2793 3378 2847 eisdem
3408 2798 3580 2850 antea

1925 2877 2039 2914 non
2070 2860 2422 2916 commissa?

1996 2932 2245 2985 Joannes
2291 2932 2553 2987 Albertus
2608 2932 2896 2987 Fabricius
2950 2932 3008 2987 in
3075 2950 3178 2987 sua
3230 2932 3579 2990 Bibliotheca

1928 3003 2143 3066 Graeca,
2169 3007 2327 3074 tomo
2363 3003 2454 3068 Vl,
2489 3020 2618 3074 pag.
2666 3005 2770 3057 430
2818 3005 3018 3074 primze
3066 3004 3335 3059 editionis
3364 3006 3579 3074 scribit,

1928 3074 2081 3142 quod
2110 3096 2136 3121 «
2166 3073 2224 3127 in
2258 3073 2607 3129 Bibliotheca
2650 3092 2798 3129 nova
2821 3073 3341 3145 Manuscriptorum
3375 3073 3581 3132 Labbei

156 3152 240 3205 ita
272 3155 465 3205 essent
491 3145 796 3222 instatum
818 3148 1117 3222 pristinum
1148 3148 1429 3209 restituta,
1455 3152 1515 3200 ut
1546 3148 1817 3222 ﬂorentis-
1848 3162 1890 3222 ς
1932 3160 2063 3222 pag.
2097 3145 2163 3197 27
2184 3152 2581 3222 memorantur
2599 3148 2773 3222 sancti
2798 3146 3298 3222 Nicette_l_)ucorum
3321 3150 3579 3222 episcopi,

154 3224 320 3277 sima
361 3220 620 3275 Ecclesite
650 3218 894 3289 speciem
943 3220 1278 3288 praeberent.
1314 3223 1369 3272 et
1416 3224 1477 3271 ut
1508 3218 1595 3271 vix
1627 3219 1683 3271 in
1714 3218 1821 3272 hac

154 3298 323 3365 parte
353 3291 588 3370 Attilani
607 3290 809 3344 excidii
842 3289 1123 3370 memoria
1141 3289 1353 3370 ibidem
1372 3289 1817 3370 ampliusrema-

155 3360 535 3436 heret,cujus
565 3377 762 3436 reapse
794 3377 860 3415 ne
884 3360 1187 3413 minimum
1222 3360 1452 3430 quidem
1473 3360 1739 3415 indicium
1764 3360 1819 3416 in

152 3443 282 3491 tota
313 3435 412 3488 illa
441 3431 841 3488 lucubratione
881 3436 1138 3501 apparet.

231 3509 443 3561 Verum
474 3504 719 3567 Nicetas,
753 3503 847 3573 qui
880 3503 1111 3572 triginta
1139 3518 1423 3555 annorum
1453 3502 1635 3571 spatio
1654 3502 1821 3573 Aqui-

154 3578 435 3633 leiensem
468 3576 611 3631 rexit
642 3574 973 3637 Ecclesium,
1008 3573 1148 3627 nihil
1184 3590 1253 3627 ne
1286 3573 1440 3627 aliud
1468 3573 1821 3628 elucubravit

156 3656 367 3720 praeter
398 3653 619 3720 septem
649 3646 743 3701 illa
766 3644 1047 3720 opuscula
1081 3646 1438 3720 a_Gennadsio
1474 3649 1815 3720 memorata,

156 3714 411 3793 ejusque
444 3714 886 3793 exscriptorib’us
922 3715 1261 3793 Bonorjonac
1294 3714 1635 3793 Trithemio,
1664 3717 1818 3793 etde

154 3785 369 3872 q'uibus
393 3785 673 3872 “hactenus
706 3786 1077 3872 disseruimus
1096 3785 1129 3867 Τ.
1165 3788 1277 3872 iloc
1316 3802 1548 3872 quoque.
1582 3785 1815 3872 inquisi:

154 3857 319 3917 tione
352 3861 543 3930 aliqua
569 3877 681 3913 non
715 3859 1013 3927 indignum
1046 3857 1461 3930 existimamus,
1486 3862 1557 3930 _ut
1585 3873 1712 3930 quas
1744 3857 1818 3910 ad

154 3935 422 3988 Nicetam
444 3927 699 3985 nostrum
719 3932 997 3999 spectant,
1024 3928 1238 3991 omnia,
1263 3929 1450 3997 quoad
1476 3927 1596 3999 ﬁeri
1614 3931 1815 3997 potest,

155 4004 590 4074 investigemus.
617 3998 761 4074 Quini
800 3999 1142 4074 'l‘rithemius
1164 4000 1362 4074 habet
1393 4000 1462 4051 de
1486 3998 1681 4074 lfiiceta
1714 3999 1819 4074 Ito-

156 4068 436 4130 matian'ze
462 4072 615 4127 urbis
641 4072 902 4141 episcopo
934 4071 989 4124 in
1021 4087 1123 4123 suo
1145 4072 1213 4124 de
1240 4068 1619 4139 Scriptoribus
1638 4070 1821 4123 Eccle-

156 4147 411 4201 siasticis
436 4145 597 4207 libro,
652 4140 809 4195 num.
846 4144 968 4208 H8,
1001 4141 1257 4211 superius
1290 4158 1391 4194 nos
1421 4140 1721 4193 retulimus
1751 4156 1817 4195 ex

158 4217 518 4273 Bibliotheca
573 4214 961 4268 Ecclesiastica
1012 4212 1249 4266 Joannis
1306 4211 1521 4265 Alberti
1577 4211 1817 4264 Fabricii

160 4286 480 4356 Haruburgi
517 4287 669 4339 edita
702 4286 876 4353 1718;
912 4284 1005 4337 ubi
1034 4289 1251 4356 septem
1287 4282 1382 4356 illa
1415 4283 1818 4356 tantummodo

155 4363 377 4415 Nicette
402 4353 669 4427 opuscula
690 4357 1036 4427 referuntur,
1059 4354 1330 4427 adrinstar
1347 4353 1623 4427 Gennadii
1649 4358 1819 4427 atque

156 4429 401 4485 Honorii
475 4434 533 4482 at
572 4428 656 4510 in“
681 4426 931 4510 editione
959 4424 1531 4510 a-nteriori‘p'perum
1559 4425 1817 4510 eiusdem

153 4499 463 4557 Trithemii
486 4517 551 4554 ex
578 4498 926 4570 Bibliotheca
954 4495 1283 4570 Marquardi
1309 4495 1555 4570 lj‘reheri,
1580 4495 1823 4570 Franco-
1851 4514 1895 4570 ι)

157 4573 327 4639 furti,
362 4571 509 4642 typis
534 4569 911 4642 Wechelianis
938 4584 1090 4642 anno
1122 4567 1279 4642 itiOl,
1314 4565 1556 4642 in-folio,
1592 4572 1715 4642 post
1736 4566 1815 4619 ul-

157 4636 611 4699 tiinu—m'Sicelse
642 4640 974 4710 Opusculum
1015 4638 1085 4691 ad
1134 4638 1651 4710 Virginemlapsam,
1698 4636 1819 4693 haec

157 4716 361 4772 statim
410 4714 577 4768 verba
630 4708 892 4782 leguntur
919 4728 931 4765 :
983 4710 1054 4764 Et
1085 4711 1327 4782 quaedam
1376 4709 1523 4779 alia;
1552 4708 1636 4782 ita
1664 4712 1725 4782 ut
1752 4724 1819 4762 ex

158 4789 372 4843 eodem
392 4779 1129 4851 Trithemiointelligamus,
1160 4781 1271 4833 alia
1292 4796 1512 4850 quoque
1533 4779 1822 4850 scripsisse

159 4860 428 4912 hicetam
487 4860 689 4925 praeter
740 4854 838 4907 illa
889 4857 1107 4923 septem
1148 4857 1471 4905 memorata
1514 4851 1817 4925 ropuscula,

158 4945 421 5001 quorum
443 4920 917 5001 titulos_dederat_.
951 4920 1265 5001 Cuiusnam
1310 4920 1666 5001 auctoritatis
1690 4939 1823 5001 cen-

160 4991 347 5056 senda
382 5000 453 5053 sit
484 5000 602 5051 haec
629 4991 1239 5057 Trithemiana'editio,
1274 5010 1397 5063 quae
1431 4991 1618 5045 allatis
1641 4992 1824 5047 verbis

160 5075 274 5127 hoc
304 5073 430 5125 loco
457 5072 731 5132 abundat,
765 5072 820 5120 et
848 5068 1103 5119 Nicetam
1137 5063 1301 5117 nobis
1330 5063 1558 5117 exhibet
1579 5063 1823 5116 aliorum

161 5145 345 5199 etiam
400 5141 801 5212 opusculorum
837 5142 1165 5212 auctorem,
1218 5150 1330 5189 non
1354 5133 1556 5212 _ausim
1590 5134 1774 5212 dicere
1808 5154 1819 5191 :

160 5204 523 5287 quamquam
578 5216 633 5265 et
681 5206 1450 5287 ipsa,'l‘rithemiiﬂsuperior.
1482 5204 1822 5287 enuntiatio,

163 5275 295 5357 quae
334 5275 537 5357 eadem
565 5288 650 5336 est
766 5285 1004 5357 utraque
1030 5275 1299 5357 editione,
1334 5275 1563 5357 scilicet,
1595 5276 1825 5357 _Scripsit

160 5346 235 5413 (id
270 5346 997 5425 mdiﬁcationemlegentium
1026 5366 1135 5425 noui
1160 5347 1564 5425 condemnendte
1589 5346 1826 5425 lectionis

162 5417 445 5500 opuscula,
479 5427 545 5479 de
578 5417 771 5500 quibus
820 5422 1058 5500 subjecta
1106 5423 1412 5500 teruntur,-
1461 5418 1598 5471 satis
1646 5417 1829 5497 innuit

166 5490 531 5556 existimasse
562 5490 815 5566 profecto
859 5490 1397 5566 Tt-itliemium-alia
1437 5490 1826 5566 quoque_scri-

168 5573 350 5643 psisse
382 5560 871 5643 Nicetamprzeter
896 5580 963 5643 ea
992 5579 1118 5643 qui?
1152 5579 1216 5615 ex
1240 5560 1534 5643 Gennadio
1557 5565 1612 5641 et
1645 5560 1828 5643 lle-no-

171 5630 256 5699 i'io
286 5648 422 5696 tunc
443 5641 560 5711 ipse
582 5630 1563 5712 subjiciebat._A_drlam_vero_,.etiam
1596 5630 1653 5712 in
1681 5632 1829 5712 Mar-

171 5703 481 5787 tyrologio'
516 5703 965 5787 Romangnl’etri
1012 5703 1308 5787 _Galesinii,
1339 5703 1641 5787 Mediolani
1680 5703 1829 5787 .ty'pis

174 5773 457 5857 iiupre§so
489 5797 642 5857 anne
683 5781 842 5857 4578,
876 5778 1129 5857 Nicetarn
1159 5773 1695 5857 nostrumjndicari
1726 5773 1832 5856 hoc

176 5847 364 5931 elo'gio
398 5871 411 5913 ;
446 5876 475 5906 α
514 5854 574 5909 In
606 5847 952 5908 Romatiana
991 5847 1218 5905 civitate
1261 5847 1444 5904 sancti
1489 5847 1676 5904 Niceze
1716 5847 1830 5919 epi-

432 5943 675 6003 Ρλτειοι..
715 5941 837 6003 LII.

1929 3216 1990 3268 de
2019 3232 2119 3284 quo
2146 3230 2289 3285 sape
2316 3216 2585 3270 Paulinus
2629 3217 2895 3280 Nolanus,
2927 3224 2976 3270 et
3002 3216 3451 3287 Martyrologium
3486 3216 3584 3274 Ro-

1929 3303 2152 3359 manum
2175 3288 2244 3339 ad
2270 3287 2411 3341 diem
2432 3290 2463 3339 7
2491 3290 2781 3351 Januarii,
2809 3296 3077 3343 tractatus
3106 3290 3210 3342 duo
3230 3312 3249 3358 ,-
3271 3292 3491 3359 primus
3516 3292 3586 3345 de

1930 3356 2148 3429 Vigiliis
2170 3374 2465 3411 servorum
2508 3360 2625 3422 Dei,
2660 3360 2804 3413 alter
2833 3363 2901 3415 de
2931 3362 3087 3414 Bono
3120 3356 3484 3424 Psalmodiw,
3516 3378 3584 3414 ea:

1928 3429 2200 3483 codicibus
2250 3429 2550 3496 Vaticanis,
2583 3435 2640 3484 et
2682 3446 2751 3486 ea:
2799 3432 3111 3485 bibliotheca
3140 3433 3321 3485 sancti
3347 3432 3582 3485 Maximi

1934 3500 2310 3555 Taurinensis.
2356 3522 2383 3549 »
2444 3507 2515 3555 At
2559 3500 2839 3555 invenerit
2893 3503 3125 3571 quidem
3181 3503 3398 3556 Labeus
3437 3502 3586 3556 inter

1929 3573 2149 3625 codices
2186 3571 2492 3625 Vaticanos
2547 3577 2603 3626 et
2650 3573 2704 3625 in
2757 3572 3098 3627 bibliotheca
3125 3574 3307 3626 sancti
3352 3572 3582 3627 Maximi

1929 3642 2294 3696 Taurinensis
2326 3643 2427 3695 sub
2454 3642 2659 3696 Nicetae
2689 3643 2936 3713 episcopi
2968 3643 3201 3697 nomine
3232 3644 3402 3698 hosce
3442 3646 3575 3698 'l'ra-

1928 3718 2112 3766 ctatus
2143 3714 2281 3765 duos
2311 3729 2322 3764 :
2357 3713 2481 3781 quis
2509 3712 2669 3765 illum
2699 3721 2915 3767 certum
2947 3714 3198 3768 reddidit
3222 3717 3293 3768 ad
3322 3715 3578 3770 Nicetam

1931 3786 2144 3854 Dacum
2178 3782 2477 3851 pertinere,
2511 3784 2571 3836 de
2601 3799 2711 3853 quo
2730 3799 2874 3854 saepe
2899 3785 3186 3840 Paulinus
3225 3786 3491 3853 Nolanus,
3525 3793 3579 3842 et

1926 3853 2383 3923 Martyrologium
2416 3854 2715 3909 Roma-num
2745 3853 2818 3909 ad
2864 3857 3001 3911 diem
3050 3858 3076 3909 Ἰ
3127 3858 3438 3913 Januarii?
3468 3861 3579 3913 Da-

1927 3941 2056 3978 cum
2117 3924 2485 3993 proculdubio
2553 3927 2943 3996 pronuntiavit
3006 3929 3264 3983 Labbeus
3320 3930 3579 3985 Nicetam

1927 4000 2215 4070 auctorem
2246 3997 2489 4070 duorum
2520 3996 2793 4053 horumce
2839 4004 3187 4053 tractatuum
3233 4017 3299 4054 ex
3330 4017 3581 4070 praecon-

1928 4072 2090 4136 cepta
2123 4066 2409 4135 opinione,
2442 4084 2569 4137 quae
2602 4073 2735 4122 tunc
2765 4070 3023 4123 omnium
3058 4086 3200 4138 pene
3230 4066 3356 4124 erat
3394 4072 3580 4126 erudi~

1928 4144 2115 4212 torum
2136 4143 2353 4212 _con_t_ra_
2377 4138 2685 4212 Baronium
2712 4159 2725 4212 ;_
2780 4142 2929 4209 quod
2971 4140 3197 4212 Nicetas
3247 4141 3342 4195 ille
3372 4142 3576 4212 Dacus,

1926 4209 2107 4263 sancti
2135 4208 2355 4282 Paulini
2386 4209 2591 4282 Nolani
2614 4208 2852 4277 amicus,
2884 4217 2940 4266 et
2965 4211 3019 4265 in
3048 4212 3450 4282 Martyrologio
3472 4208 3577 4267 lto;

1927 4296 2102 4352 mano
2121 4281 2193 4333 ad
2222 4279 2373 4333 diem
2397 4280 2703 4351 septimam
2720 4283 2974 4336 Januarii
2996 4279 3233 4352 positus,
3257 4279 3409 4337 idem
3432 4288 3581 4339 esset

1928 4351 2622 4425 ac‘NicetasBomatiante
2649 4354 2891 4407 civitatis
2912 4351 3206 4425 episcopus
3233 4372 3267 4408 a
3289 4356 3579 4411 Gennadio

1932 4422 2198 4491 primum,
2224 4421 2428 4477 deinde
2459 4428 2515 4477 et
2530 4425 2602 4477 ab
2623 4424 2867 4478 Honorio
2898 4421 2963 4479 ac
2983 4421 3295 4481 'l‘rithemio
3315 4443 3577 4482 nomina-

1932 4503 2053 4555 tus;
2088 4500 2139 4546 et
2172 4495 2323 4562 quod
2376 4494 2602 4548 Nicetas
2649 4496 3021 4565 Aquileiensis
3069 4498 3215 4551 alius
3259 4499 3497 4553 omnino
3547 4515 3582 4553 a

1928 4566 2121 4640 Hiceta
2135 4564 2507 4640 Gennadiano
2521 4572 2690 4640 esset,
2706 4564 2886 4640 neque
2903 4568 3143 4640 alicujus
3175 4571 3362 4639 Operis
3383 4576 3584 4625 auctor

1928 4637 2254 4690 haberetur.
2311 4636 2519 4690 Horum
2555 4636 2928 4693 nihilominus
2953 4636 3582 4696 duorum—tractatuum

1930 4722 2297 4787 nequaquam
2320 4707 2556 4787 dixerim
2582 4714 2873 4787 auctorem
2900 4728 3021 4787 esse
3041 4712 3298 4766 Nicetam
3322 4720 3584 4787 nostrum

1928 4779 2375 4846 Aquileiensem.
2418 4779 2585 4834 Binos
2618 4781 2890 4835 nimirum
2932 4783 3036 4835 hos
3066 4788 3362 4846 tractatus,
3394 4786 3456 4837 de
3497 4784 3585 4837 Vi-

1967 4850 2080 4904 iliis
2110 4866 2385 4903 servorum
2419 4850 2542 4919 Dei,
2572 4869 2637 4905 ac
2678 4853 2740 4905 de
2770 4854 2921 4907 Bono
2945 4855 3289 4919 Psalmod-iaa,
3332 4871 3447 4907 non
3479 4855 3581 4907 sub

1984 4922 2164 4986 icetze,
2209 4922 2308 4993 sed
2339 4924 2441 4974 sub
2473 4922 2675 4976 Nicetii
2715 4924 2963 4993 episcopi
2994 4924 3248 4989 nomine,
3295 4942 3361 4979 ex
3392 4924 3585 4978 codice

1933 4991 2321 5065 manuscripto
2340 4991 2853 5065 San-Gerniancnsi
2871 4991 3081 5059 erutos,
3106 4995 3353 5065 vulgavit
3375 4996 3587 5049 Dache-

1933 5064 2049 5117 rius
2081 5062 2361 5135 Spicilegii
2397 5068 2551 5135 tomo
2596 5066 2663 5116 lll
2702 5066 2901 5133 primtr
2931 5062 3224 5135 editionis,
3252 5072 3308 5120 et
3353 5072 3510 5120 tomo
3544 5069 3581 5131 l,

1933 5150 2061 5203 pag.
2085 5136 2179 5206 224
2211 5134 2475 5206 editionis
2498 5137 2763 5206 secundae
2783 5136 3002 5191 in-t'olio
3025 5153 3036 5199 ;
3057 5134 3265 5206 eosque
3283 5138 3337 5190 in
3364 5138 3585 5191 monito

1934 5207 2085 5279 quod
2117 5204 2655 5279 eisdem‘praamisit,
2685 5206 2915 5275 optimis
2937 5224 3075 5262 sane
3105 5204 3465 5279 cohjecturis,
3491 5208 3587 5262 tri-

1934 5275 2079 5350 buit,
2102 5283 2299 5327 sancto
2346 5275 2559 5350 Nicetio
2603 5280 2870 5350 episcopo
2900 5275 3237 5344 'l‘revirensi,
3267 5280 3361 5350 qui
3394 5281 3585 5335 medio

1936 5344 2154 5420 circiter
2182 5350 2339 5399 sexto
2366 5348 2573 5420 saeculo
2593 5344 2881 5420 ﬂoruit,‘et
2900 5355 3053 5420 prius
3080 5352 3253 5405 abbas
3282 5344 3475 5406 fuerat
3494 5369 3588 5408 cu-

1941 5418 2164 5491 jusdam
2202 5417 2555 5491 monasterii,
2592 5418 2681 5471 ubi
2706 5417 2973 5491 eumdem
2996 5427 3158 5491 putat
3188 5424 3288 5477 hos
3312 5428 3588 5478 tractatus

1978 5488 2301 5563 abuissead
2335 5489 2541 5563 fratres
2568 5506 2699 5563 suos
2741 5488 3121 5563 instituendos
3164 5500 3223 5547 de
3284 5496 3501 5563 Vigiliis
3536 5502 3588 5549 et

1936 5559 2409 5635 Psallendiiliodo.
2432 5560 2722 5635 Quidquid
2755 5562 2979 5618 interim
3031 5565 3105 5619 sit
3141 5570 3208 5620 de
3248 5559 3590 5635 υωξξροιυνίε

1940 5647 2005 5708 ac
2034 5633 2101 5683 de
2136 5629 2408 5708 opinione
2428 5629 2688 5708 Dacherii
2723 5650 2735 5687 :
2784 5634 2840 5688 hi
2872 5638 2984 5689 duo
3016 5642 3311 5702 tractatus,
3482 5655 3589 5694 caa-

1940 5701 2203 5783 teroquin
2238 5702 2345 5771 21
2444 5702 2877 5783 virum_doct_um
2907 5713 2963 5783 et
2988 5708 3045 5762 in
3064 5708 3270 5783 divinis
3292 5701 3595 5781 Scripturis

1941 5775 2247 5838 eruditum,
2273 5780 2568 5846 multoque
2591 5775 2818 5847 pietatis
2835 5796 2900 5834 ac
2920 5780 3239 5836 devotionis
3260 5775 3464 5836 atl'ectu
3490 5784 3599 5837 ler-

1944 5850 2192 5914 ventem,
2226 5861 2393 5902 suum
2421 5851 2715 5906 auctorem
2742 5852 3070 5922 ostendunt,
3112 5870 3477 5929 nequaquam
3519 5854 3615 5909 ἴεν-

3248 5946 3317 6024 θῆ
