4004 6182
232 226 374 301 1069
899 234 962 306 1).
1009 232 1304 303 ΒΒΛΙῡΑῖ
1346 238 1819 308 DlSSEBTA'I‘IO
1861 242 1933 308 ΙΝ
1978 245 2037 308 S.
2086 242 2437 309 NICETAM.
2473 280 2533 291 —
2573 245 2749 314 ’CAP.
2793 243 2944 313 VIII.
3471 253 3624 319 1070

227 372 935 456 quamtamen‘Adelphus
959 375 1110 444 apud
1134 375 1519 456 Aquileienses
1535 378 1717 456 sancti
1735 395 1863 456 pro-
1889 392 1940 453 Α
1967 379 2288 456 quesocius
2311 379 2642 456 _Durandus,
2658 380 3015 456 _anno_17l7,
3060 381 3321 456 tomoslll
3346 382 3632 442 Thesauri

224 443 332 514 prie
355 443 489 524 dicti
516 443 745 524 titulum
777 443 833 524 et
857 443 1135 524 honorem
1151 443 1429 524 obtinuit.
1462 450 1604 512 Quid
1637 443 1767 524 vero
1790 452 1860 505 de
1889 443 1940 453 ’“
1968 443 2100 524 novi
2126 452 2561 524 Anecdotorum
2586 443 2694 524 col.
2720 452 2878 524 1547,
2902 468 2969 506 ex
2991 443 3099 524 ms.
3120 454 3312 509 codice
3335 464 3621 514 monaste-

224 515 431 599 sazculis
451 515 649 599 quinto
672 516 1120 599 posterioribus?
1146 520 1264 599 Duo
1288 524 1510 599 tantum
1534 526 1673 599 post
1698 522 1857 599 Nice-
1969 522 2249 599 rii_Sancti
2272 522 2542 599 Germani
2560 515 3070 599 Autissiodorensis
3092 524 3399 599 vulgarunt
3417 529 3622 599 Marty-

222 590 333 638 tam
364 585 436 663 ad
463 590 658 663 nostra
687 603 862 656 usque
886 593 1146 663 tempora
1168 585 1555 663 Aquileienses
1588 592 1855 661 episc0pi,
1968 594 2233 663 rologium
2256 601 2405 648 vetus
2427 594 2492 646 ab
2507 595 2669 647 annis
2684 595 2908 648 circiter
2920 594 3071 647 mitte
3092 585 3429 653 subvnomine
3446 585 3625 654 sancti

222 672 311 737 seu
336 657 708 737 patriarcha},
743 664 823 737 ut.
847 675 971 737 mos
994 657 1248 737 subinde
1272 660 1511 737 invaluit
1544 657 1640 737 eos
1671 657 1860 733 appel-
1968 657 2303 737 Hieronymi
2321 673 2680 737 compactum,
2703 670 2764 718 ut
2789 664 2845 717 in
2869 666 3126 737 ejusdem
3158 666 3321 721 titulo
3343 669 3617 726 habetur:

224 728 389 810 laudi,
423 730 739 810 sanctitatis
767 730 1011 810 tituloet
1039 731 1257 810 honpre
1285 731 1435 810 aucti
1468 728 1860 810 fuerint;'san-
1970 734 2029 810 in
2060 751 2171 804 quo
2189 728 2577 810 tamen‘nulla
2618 728 3040 810 Nicetasn'ostri
3067 738 3305 802 mentio,
3336 757 3515 810 neque
3548 743 3622 796 ad

223 804 554 877 ctusnempte
571 799 1626 877 PaulinusquitjaroliMagnitempore
1647 804 1856 877 ﬂoruit,
1977 799 2129 860 diem
2155 822 2192 860 x
2226 806 2343 860 kal.
2376 806 2528 872 Julii,
2562 822 2744 877 neque
2783 806 2939 863 alibi.
2989 799 3441 864 Vetustissiinum-
3465 812 3621 866 aliud

1968 878 2290 947 Hieronymi
2334 879 2660 948 presbyteri
2696 880 2915 932 nomine
2960 878 3303 948 insignitum,
3338 888 3389 934 et
3422 884 3622 937 abhinc

1970 950 2382 1019 czrciterrarmos
2406 956 2679 1003 sexcentos
2696 951 2990 1018 scriptum,
3014 955 3075 1001 ut
3103 954 3234 1003 tunc
3256 951 3466 1019 aiebat,
3485 957 3619 1008 ante

1970 1018 2313 1073 Martenium
2337 1024 2393 1073 et
2424 1021 2757 1074 Durandum
2779 1019 3111 1089 vulgaverat
3138 1018 3620 1079 Dacherius’anno

1972 1090 2130 1155 1661,
2173 1106 2239 1143 ex
2272 1106 2379 1145 ms.
2428 1090 2620 1145 codice
2672 1090 3001 1144 monasterii
3060 1092 3431 1160 Corbeiensis,
3468 1102 3621 1151 tomo

1973 1161 2221 1240 ltf,_pag.
2388 1161 2670 1240 Spicilegii
2688 1161 3054 1240 suisantiquaa
3073 1161 3366 1240 editionis,
3392 1168 3541 1240 quod
3564 1167 3622 1220 in

1973 1231 2220 1306 editione
2238 1231 2420 1306 altera
2436 1231 2656 1306 in-folio
2685 1237 2867 1306 exstat
2887 1233 3117 1306 tomoll
3138 1250 3267 1303 pag.
3290 1236 3340 1300 1,
3360 1231 3624 1306 quodque

1975 1300 2287 1375 Vallarsius
2319 1302 2376 1355 in
2402 1318 2504 1375 sua
2532 1302 2648 1375 divi
2675 1302 3000 1375 Hieronymi
3028 1300 3276 1372 Opefruin
3312 1300 3625 1375 praeclaris-

1974 1372 2122 1446 sima
2152 1372 2400 1446 editione
2431 1372 2672 1446 inseruit
2703 1378 2859 1427 tomo
2890 1374 2980 1437 XI,
3001 1391 3139 1446 pag.
3173 1372 3329 1446 475ίῖ
3367 1381 3536 1446 atque
3568 1378 3626 1431 in

1972 1444 2188 1517 hoc_ad
2217 1443 2397 1517 alia].
2429 1443 2562 1517 Julii
2595 1443 2801 1498 Nicetae
2833 1443 3491 1517 nostrism’entiolegitnr
3522 1448 3627 1503 hoc

1975 1515 2148 1589 modo
2174 1532 2186 1565 :
2211 1536 2231 1562 ι
2252 1514 3285 1589 DepositiosanctaememoriaNiceti
3304 1514 3573 1589 episcopi.
3602 1541 3622 1568 ι

1976 1587 2309 1640 Franciscus
2340 1585 2515 1639 Maria
2542 1586 2922 1641 Florentinius
2953 1586 3107 1639 aliud
3139 1602 3205 1641 ex
3232 1585 3379 1655 aliis,
3407 1595 3461 1644 et
3484 1585 3631 1643 anti-

223 876 274 925 et
294 874 487 944 beatus
509 871 857 944 Berlrandus
883 871 975 941 qui
996 873 1183 944 medio
1197 871 1403 928 sacculo
1421 871 1624 944 quarto
1639 876 1860 930 decimo

222 941 634 1017 Aquileiensem
678 942 983 1017 Ecclesiam
1013 943 1354 1017 illustravit;
1388 941 1466 1017 ita
1501 950 1577 1015 ut,
1613 947 1859 1017 exceptis

222 1012 578 1088 martyribus,
607 1013 883 1088 qu_inque_
912 1015 1145 1088 demum
1193 1012 1583 1085 Aquileienses
1612 1012 1860 1088 episcopi

222 1083 1023 1160 invenianturquisanctitatis
1039 1083 1717 1160 cultumobtinuerint,ab
1730 1083 1864 1160 apo-

223 1154 437 1218 stolico,
471 1154 894 1224 utperhibetur,
928 1155 1078 1209 illius
1111 1157 1367 1211 Ecclesiae
1394 1159 1625 1212 exordio
1660 1162 1733 1213 ad
1760 1154 1864 1213 no-

224 1231 331 1279 stra
361 1242 537 1300 usque
563 1232 844 1300 tempora.
880 1230 1154 1290 Quaenam
1187 1228 1433 1281 aliarum
1468 1230 1860 1300 Ecclesiarum,

223 1312 356 1367 quas
375 1296 716 1369 Muratorius
738 1301 1079 1351 memoravit
1099 1304 1198 1351 aut
1220 1315 1541 1353 memorare
1568 1296 1861 1369 potuisset,

223 1383 329 1421 non
353 1367 618 1440 ampliori
633 1384 863 1440 suorum
881 1373 1211 1423 sanctorum
1225 1367 1618 1440 episcOporum
1632 1388 1865 1426 numero

222 1438 539 1511 gloriatur?
562 1444 606 1492 A
625 1455 729 1511 sua
755 1439 925 1509 igitur
954 1456 1212 1503 censura,
1247 1438 1625 1511 quaecumque
1648 1442 1747 1496 illa
1774 1444 1867 1496 de-

224 1525 377 1563 mum
407 1509 498 1583 sit,
532 1510 829 1583 excludere
859 1511 1149 1583 debuisset
1177 1509 1515 1583 Muratorius
1534 1509 1864 1583 Aquileien-

223 1597 338 1653 sem
364 1581 697 1645 Ecclesiam,
717 1597 841 1651 quae
858 1586 1010 1636 certe
1027 1581 1084 1634 in
1108 1582 1384 1653 episcopis
1408 1584 1521 1636 suis
1539 1581 1866 1638 sanctorum

223 1652 383 1776 sit-qia
435 1652 701 1721 cultuque
775 1653 1113 1707 decorandis
1160 1652 1403 1708 nimium
1454 1654 1703 1709 liberalis
1751 1672 1867 1710 non

253 1739 304 1776 ui
336 1764 350 1776 .

253 1723 350 1778 uit.

295 1794 385 1848 His
405 1792 732 1866 praemissis,
754 1810 854 1863 pro
878 1794 959 1849 rei
983 1794 1222 1849 veritate
1248 1794 1303 1848 in
1324 1794 1577 1865 apricum
1602 1797 1869 1866 ponenda

225 1881 391 1937 super
436 1864 647 1918 sanctis
692 1865 969 1936 episcopis
1014 1864 1391 1935 Aquileiensis
1424 1864 1869 1937 Ecclesiae;ecce

228 1939 297 1990 ad
313 1936 520 1991 Nicetas
538 1937 715 1989 nostri
729 1940 1091 1991 sanctitatem
1107 1938 1436 2007 cultumque
1450 1936 1866 1993 descendimus.

227 2008 582 2061 Homatianae
597 2007 841 2061 civitatis
857 2008 1187 2078 episcopum
1205 2008 1435 2063 Niceam
1454 2025 1553 2063 seu
1571 2011 1822 2064 Nicetam
1838 2025 1872 2064 a

228 2080 519 2133 Gennadio
547 2084 953 2144 memoratum,
976 2081 1102 2150 jam
1125 2082 1350 2133 abunde
1380 2081 1749 2149 probavimus
1771 2096 1871 2135 suo

227 2150 368 2220 loco,
404 2155 458 2203 et
488 2166 603 2203 non
634 2166 756 2203 esse
786 2151 1041 2205 Nicetam
1072 2154 1285 2204 Dacum
1313 2151 1495 2204 sancti
1525 2152 1743 2206 Paulini
1764 2154 1874 2206 No-

226 2222 340 2275 lani
372 2221 642 2293 amicum,
676 2226 733 2276 et
760 2238 881 2275 esse
903 2222 1089 2291 reipsa
1121 2222 1376 2276 Nicetam
1406 2228 1664 2277 nostrum
1697 2224 1872 2293 Aqui-

226 2292 494 2347 leiensem
512 2292 608 2361 qui
638 2292 820 2345 sancti
850 2294 1053 2347 Leonis
1080 2294 1267 2364 Magni
1293 2300 1549 2364 tempore
1578 2292 1789 2358 ﬂoruit,
1820 2298 1876 2348 et

228 2366 299 2418 ad
348 2380 517 2433 quem
558 2366 816 2434 ejusdem
864 2370 1049 2417 exstat
1083 2365 1383 2418 decretalis
1429 2365 1688 2436 epistola.
1724 2365 1875 2420 Satis

224 2436 414 2504 itaque
435 2441 800 2506 constatjam
821 2450 894 2488 nu
907 2438 1062 2507 ncide
1085 2436 1293 2507 Nicetas
1320 2437 1486 2505 hujus
1499 2436 1872 2507 Aquileiensis

226 2508 549 2569 sanctitate,
570 2521 701 2558 cum
715 2522 911 2575 reapse
928 2506 1000 2559 ad
1016 2506 1437 2575 Aquileiensem
1456 2506 1604 2562 hunc
1621 2512 1878 2577 spectent

225 2592 597 2649 quaecumque
619 2578 1050 2649 tumscriptores
1073 2578 1313 2647 antiqui,
1339 2584 1457 2631 tum
1476 2582 1518 2635 Μ
1532 2579 1877 2649 artyrologia

226 2656 295 2702 de
318 2648 659 2701 Homatiano
690 2648 911 2703 Nicetas
936 2649 1208 2702 hactenus
1229 2649 1626 2718 praedicarunt.
1644 2652 1726 2703 Ad
1750 2666 1877 2703 san-

225 2720 480 2773 ctitatem
524 2736 657 2773 vero
708 2722 947 2790 alicujus
979 2736 1043 2772 ex
1090 2721 1368 2774 veteribus
1403 2720 1500 2773 Dei
1545 2720 1719 2774 servis
1750 2736 1876 2790 pro-

225 2792 499 2854 bandam,
532 2791 656 2859 quis
693 2791 906 2845 nesciat
936 2790 1244 2860 plurimum
1272 2808 1408 2844 sane
1442 2791 1627 2845 facere
1657 2796 1878 2845 vetusta

224 2863 791 2931 Martyrologia,quae
813 2878 1013 2915 eorum
1036 2864 1345 2915 cumlaude
1360 2862 1759 2927 meminerint;
1783 2862 1877 2915 ubi

224 2936 479 2986 maxime
496 2933 635 2985 nihil
659 2936 930 2986 adversus
948 2949 1042 2986 eos
1071 2938 1167 2985 aut
1178 2939 1435 2987 veterum
1464 2933 1761 2987 memorias
1780 2934 1876 2987 ha-

225 3004 416 3067 beant,
438 3009 535 3056 aut
554 3004 707 3056 fama
723 3003 991 3073 loquatur
1005 3002 1031 3055 ἲ
1050 3005 1089 3056 Η
1101 3006 1152 3075 uj
1164 3004 1386 3057 usmodi
1404 3011 1593 3058 vetera
1610 3006 1878 3075 Martyro-

222 3076 398 3144 logia,
416 3080 695 3143 quantum
712 3076 783 3127 ad
801 3075 897 3129 Dei
916 3091 1106 3128 servos
1124 3074 1217 3144 qui
1237 3076 1423 3129 locum
1448 3076 1504 3128 in
1520 3076 1630 3129 illis
1644 3075 1877 3144 habent,

222 3147 494 3217 quaedam
525 3151 657 3199 sunt
694 3147 929 3199 maximi
958 3146 1223 3217 ponderis
1263 3147 1613 3210 testimonia,
1648 3164 1774 3216 quia
1818 3147 1878 3200 ﬁ-

223 3225 358 3271 dem
390 3217 603 3270 l'aciunt
625 3223 838 3271 sanctae
866 3216 1150 3287 opinionis
1172 3218 1227 3270 in
1261 3234 1373 3287 qua
1402 3225 1566 3272 erant
1593 3217 1695 3270 viri
1713 3217 1792 3271 illi
1811 3234 1877 3271 eo

222 3294 483 3359 tempore
511 3304 623 3358 quo
644 3289 1063 3359 Martyrologiis
1089 3288 1342 3358 inscripti
1378 3290 1625 3353 fuerunt,
1650 3305 1753 3343 nec
1780 3290 1878 3343 du-

219 3360 406 3414 bitare
428 3360 622 3413 sinunt
640 3374 742 3413 rite
765 3376 829 3413 ac
842 3366 993 3413 recte
1010 3360 1354 3429 proillorum
1374 3366 1695 3431 temporum
1718 3375 1877 3415 more

220 3432 554 3502 opinionem
579 3432 735 3483 illam
768 3431 1098 3494 invaluisse,
1128 3436 1183 3484 et
1217 3439 1589 3502 propagatam
1614 3432 1670 3485 in
1698 3433 1878 3486 Eccle-

220 3505 307 3556 sia
343 3504 549 3567 fuisse;
582 3502 857 3571 quidquid
908 3502 1136 3556 interim
1188 3519 1309 3557 esse
1356 3502 1535 3573 possit
1561 3504 1630 3557 dc
1661 3504 1869 3572 aliqua,

219 3591 320 3629 seu
345 3575 403 3627 in
431 3573 896 3643 pronuntiatione
922 3573 1164 3628 nominis
1186 3574 1531 3638 differentia,
1558 3590 1655 3627 seu
1683 3574 1740 3627 in
1766 3574 1873 3628 loci

218 3644 642 3709 enuntiatione,
666 3662 791 3715 qua:
814 3644 972 3698 facile
992 3662 1089 3714 pro
1112 3646 1430 3715 regionum,
1458 3652 1780 3714 temporum
1808 3661 1874 3699 ac

218 3717 565 3789 scriptorum
597 3717 925 3771 diversitate
947 3717 1172 3789 evenire
1193 3716 1359 3789 solet,
1383 3732 1621 3789 quaeque
1644 3715 1722 3789 rei
1746 3718 1873 3789 su‘bv

217 3785 495 3843 stantiam
524 3793 580 3841 et
610 3804 912 3857 personam
944 3786 1181 3841 minime
1218 3788 1411 3841 allicit.
1438 3788 1500 3839 1n
1529 3785 1871 3840 testimoniis

216 3875 397 3931 porro
418 3876 539 3929 qua}
562 3860 630 3912 de
652 3860 702 3927 2
718 3859 829 3928 18
847 3859 1038 3913 Νἱρθῐει
1052 3858 1418 3931 Romatiano,
1440 3859 1495 3911 id
1514 3857 1875 3931 estdeAAqui-

216 3928 672 3996 ieiensi’nostro,
702 3944 761 3984 ut
788 3945 1041 3984 asserere
1064 3929 1235 3983 libere
1257 3945 1578 4000 possumus,
1610 3928 1666 3981 in
1687 3928 1874 3982 fronte

216 4001 730 4073 hujusvolumiuis
760 4001 1078 4065 retulimus,
1114 4000 1454 4073 nonminus
1475 4015 1649 4073 quam
1664 4000 1874 4052 duode-

215 4071 423 4151 viginti
450 4078 593 4151 sunt.
613 4089 679 4126 ex
713 4072 880 4125 variis
908 4071 1289 4151 Uccidentalis
1312 4072 1872 4151 Ecclesiaritl'artyro-

214 4142 411 4214 logiis,
462 4144 738 4214 variisque
787 4146 1122 4198 eorumdem
1178 4142 1488 4212 potioribus
1527 4142 1874 4214 editionibus

214 4213 423 4286 petita,
442 4230 687 4284 quorum
710 4216 877 4269 veluti
902 4230 1106 4284 agmen
1129 4215 1282 4267 ducit
1299 4213 1687 4267 testimonium
1712 4230 1876 4283 pecu-

212 4291 366 4341 liare
387 4302 450 4339 ex
478 4287 861 4357 Martyrologii
885 4292 1105 4339 vetusto
1122 4286 1313 4339 codice
1336 4302 1467 4349 ms.,
1486 4286 1637 4357 quod
1652 4301 1718 4338 ex
1738 4286 1872 4357 Not-

212 4360 363 4436 liero
393 4364 449 4411 et
483 4358 737 4436 Usuardo
768 4356 1079 4436 conflatum
1118 4356 1462 4436 perhibetur,
1491 4356 1873 4436 fuitqueolim

1978 1656 2285 1726 quissimis,
2330 1662 2387 1710 et
2421 1657 2663 1725 probatae
2691 1658 2818 1725 ﬁdei
2842 1657 3119 1712 codicibus
3167 1658 3376 1713 Italicis
3424 1660 3630 1715 decimi

1896 1749 1941 1806 Β
1980 1732 2079 1806 aut
2110 1727 2397 1806 undecimi
2445 1728 2633 1806 saeculi
2665 1728 3082 1806 (sedquorumﬁ
3119 1732 3411 1806 exemplar
3448 1734 3630 1785 multo

1977 1798 2153 1853 etiam
2181 1798 2470 1867 antiquius
2499 1797 2716 1863 fuisset,
2748 1803 2809 1851 ut
2838 1797 2957 1868 ipse
2987 1798 3246 1854 afﬁrmat
3266 1797 3322 1854 in
3352 1808 3511 1855 sexta
3528 1818 3632 1856 sua

1978 1869 2376 1924 admonitione
2405 1870 2636 1939 praevia)
2666 1869 2843 1924 edidit
2877 1886 3030 1923 anno
3062 1870 3219 1934 1668,
3249 1875 3511 1926 vetustius
3536 1876 3630 1930 Oo-

1977 1940 2264 2013 cz'dentatz's
2280 1940 2537 2013 Ecclesiae
2557 1941 3003 2013 Martyrologium
3020 1941 3143 2013 divo
3168 1942 3507 2013 Hieronymo
3532 1945 3631 1998 tri-

1980 2011 2186 2085 butum,
2208 2012 2355 2085 quod
2402 2012 2845 2085 nuncupandum
2894 2027 2998 2065 esse
3044 2012 3343 2067 Romanum
3372 2011 3631 2085 dMagno

1981 2082 2250 2153 Gregorio
2270 2082 2613 2152 descriptum,
2639 2082 2705 2135 ab
2725 2082 2916 2137 Adone
2934 2085 3250 2149 laudatum,
3271 2082 3633 2153 prmz'miori-

1981 2154 2076 2209 bus
2098 2154 2315 2209 saeculis
2328 2154 2679 2227 praeteritum
2698 2161 2749 2209 et
2764 2157 3077 2227 expetitum,
3097 2171 3207 2208 non
3228 2156 3442 2227 leviora
3462 2174 3636 2227 argu-

1980 2229 2165 2297 menta
2203 2226 2428 2297 suadere
2452 2224 2667 2297 asserit
2700 2241 2711 2278 :
2743 2230 2807 2297 et,
2836 2226 2893 2278 in
2944 2226 3051 2297 hoc
3077 2227 3149 2297 ad
3182 2226 3331 2280 diem
3360 2224 3574 2297 pariter
3604 2244 3638 2282 x

1981 2296 2095 2370 kal.
2127 2295 2259 2349 Julii
2289 2300 2369 2349 ita
2400 2295 2604 2349 Nicetes
2624 2296 2812 2370 nostri
2844 2296 3060 2370 mentio
3091 2296 3334 2370 habetur
3361 2295 3379 2353 Ξ
3413 2318 3437 2347 α
3464 2304 3641 2370 Depo-

1982 2367 2112 2420 sitio
2145 2372 2357 2421 sancta:
2393 2367 2688 2421 memoriae
2715 2366 2868 2420 Nicei
2901 2366 3169 2436 episcopi.
3205 2388 3229 2418 υ

2056 2439 2218 2501 Quod
2248 2438 2337 2492 hic
2364 2438 2551 2506 prima
2574 2440 2763 2509 fronte
2784 2438 3283 2493 animadversione
3306 2437 3499 2509 aliqua
3523 2455 3637 2494 non

1984 2509 2284 2579 indignum
2313 2508 2550 2571 videtur,
2581 2508 2681 2562 illa
2701 2514 2788 2563 est
2820 2509 3025 2563 Nicetas
3056 2508 3640 2579 episc0pienuntiatio

1985 2579 2043 2633 in
2070 2581 2158 2633 his
2191 2579 2588 2633 vetustioribus
2620 2579 3051 2649 Martyrologiis,
3083 2596 3197 2633 non
3228 2580 3477 2635 indicato
3516 2582 3639 2636 loco

1985 2653 2145 2721 cujus
2177 2654 2328 2704 esset
2357 2650 2687 2720 episcopus;
2715 2656 2770 2705 et
2798 2652 2905 2703 hoc
2938 2656 3140 2703 contra
3164 2667 3230 2704 ac
3272 2657 3471 2720 postea
3497 2651 3639 2706 fece-

1984 2727 2119 2775 runt
2146 2722 2289 2785 Ado,
2323 2722 2626 2784 Notkerus,
2662 2726 2832 2790 atque
2869 2722 3182 2790 Usuardus,
3214 2722 3422 2791 aliique
3448 2722 3544 2791 qui
3573 2739 3640 2777 ex

1986 2792 2075 2872 his
2102 2792 2513 2872 martyrologia
2556 2791 3127 2872 sua'concinnarunt,
3162 2792 3255 2846 ubi
3286 2809 3512 2872 semper
3542 2797 3644 2848 aut

1988 2863 2106 2917 fere
2128 2878 2353 2933 semper
2380 2862 2606 2918 Nicetas
2623 2862 2714 2917 hic
2744 2868 2843 2916 aut
2870 2863 3224 2917 Homatianee
3256 2862 3521 2929 civitatis,
3543 2870 3643 2920 aut

1989 2934 2345 2990 Homatianze
2376 2934 2549 2999 urbis,
2576 2939 2675 2987 aut
2703 2935 2979 2987 Romanae
3012 2934 3185 2998 urbis,
3220 2940 3319 2989 aut
3353 2936 3641 2991 Romatia-

1989 3006 2179 3060 nensis
2223 3005 2519 3075 episcopus
2549 3006 2903 3069 enuntiatur,
2939 3009 3000 3059 ut
3044 3022 3110 3059 ex
3143 3005 3332 3059 allatis
3368 3008 3424 3059 in
3456 3007 3642 3061 fronte

1987 3077 2158 3148 hujus
2210 3076 2354 3148 libri
2397 3076 2929 3148 ltiarterIOgiOi-uin
2984 3076 3326 3131 testimoniis
3382 3083 3639 3147 apparet.

1988 3147 2196 3228 Quidni
2218 3147 2636 3228 Aquileiensem
2653 3149 2843 3228 reipsa
2860 3148 3116 3228 absolute
3133 3164 3200 3201 ac
3216 3150 3515 3228 proprie_2

1987 3219 2288 3274 enuntiare
2304 3219 2605 3282 voluerint,
2628 3219 2785 3272 nulla
2806 3218 3164 3273 Homatianze
3181 3218 3424 3273 civitatis
3446 3218 3643 3275 habita

1986 3291 2229 3354 ratione,
2264 3290 2430 3360 primi
2459 3290 2538 3343 illi
2566 3290 2996 3360 Hieronymiani
3028 3290 3415 3360 Martyrologii
3451 3292 3641 3345 confe-

1986 3370 2186 3425 ctores,
2213 3366 2311 3415 aut
2333 3362 2592 3433 ejusdem
2622 3377 2735 3414 non
2762 3362 2931 3431 longe
2954 3365 3150 3431 postea
3171 3361 3637 3433 ainplilicatores,

1986 3433 2188 3505 quibus
2227 3430 2449 3487 Nicetas
2484 3434 2745 3497 fortasse,
2790 3430 2932 3486 sicut
2957 3430 3160 3505 magis
3192 3430 3503 3505 proximus,
3532 3432 3641 3505 ita

1987 3502 2043 3559 et
2071 3505 2210 3558 satis
2241 3509 2407 3558 notus
2434 3520 2446 3569 ;
2485 3508 2541 3558 et
2568 3505 2689 3557 Ado
2717 3510 2930 3572 postea,
2977 3503 3279 3567 Notkerus,
3328 3502 3636 3567 Usuardus,

1987 3576 2311 3646 regionibus
2345 3574 2566 3646 nostris»
2598 3574 2854 3646 extranei
2884 3589 2949 3626 ac
2985 3577 3241 3646 tempore
3274 3573 3635 3646 posteriores,

1985 3644 2186 3718 quibus
2209 3662 2321 3698 non
2343 3646 2484 3718 satis
2507 3644 2712 3697 Nicetas
2736 3644 2891 3697 fama
2912 3644 3169 3718 a_c__sedes
3192 3644 3505 3718 explorata,
3534 3646 3643 3718 lto-

1985 3714 2304 3771 matianam
2335 3715 2623 3769 civitatem
2651 3720 2853 3784 sponte
2882 3714 3211 3769 addiderint
3234 3732 3300 3770 ex
3337 3716 3631 3772 Gennadio

1983 3793 2039 3842 et
2072 3786 2339 3855 Honorio,
2376 3787 2524 3840 unde
2556 3792 2753 3855 postea
2790 3785 3024 3841 eruditis
3050 3790 3343 3842 tantarum
3375 3788 3631 3858 disputa-

1984 3859 2205 3913 tionum
2237 3858 2499 3911 occasio?
2527 3858 2637 3912 Sed
2668 3858 2788 3911 haec
2817 3858 2997 3912 obiter
3026 3858 3177 3912 dicta
3204 3859 3543 3913 habeantur.

2054 3930 2251 3992 Quoad
2275 3944 2406 3982 vero
2429 3933 2654 3998 tempus
2671 3945 2783 3998 quo
2800 3929 2857 3981 in
2883 3930 3305 3998 Martyrologiis
3326 3930 3513 3983 locum
3538 3928 3632 3982 ob-

1982 4000 2214 4055 tinuerit
2238 3999 2464 4054 Nicetas
2486 4004 2695 4064 noster,
2725 3999 2781 4052 in
2802 3999 3215 4071 Martyrologiis
3235 3999 3447 4053 scilicet
3466 4000 3631 4071 vulgo

1982 4072 2145 4126 dictis
2170 4071 2653 4141 Hieronymianis,
2673 4086 2797 4139 quae
2819 4069 3110 4139 primitiva
3137 4069 3631 4141 fuerunt,qureque

1982 4149 2173 4198 ortum
2191 4140 2465 4205 suum,ut
2487 4141 2793 4195 Dacherius
2816 4140 3311 4194 animadvertebat
3330 4140 3387 4193 in
3412 4140 3630 4197 monito

1981 4216 2051 4270 ad
2083 4213 2439 4285 prwcitatum
2470 4230 2503 4267 a
2529 4229 2588 4267 se
2608 4212 2846 4285 editum,
2880 4210 3053 4285 paulo
3072 4215 3200 4281 post
3225 4211 3338 4265 divi
3360 4212 3629 4285 Hierony-

1984 4287 2061 4340 mi
2084 4282 2305 4339 obitum
2320 4285 2672 4348 habuerunt;
2694 4283 2817 4353 quis
2831 4299 2947 4336 non
2971 4282 3159 4337 videat
3180 4282 3630 4340 remotissimum

1982 4375 2122 4420 esse,
2155 4364 2208 4409 et
2245 4357 2501 4420 Usuardi,
2535 4354 2782 4416 Notkeri,
2812 4360 2982 4424 atque
3012 4354 3227 4408 Adonis
3249 4360 3482 4409 aetatem
3508 4355 3630 4409 lon-

213 4429 286 4520 in.
310 4445 419 4508 usu
447 4430 617 4508 apud.
645 4432 958 4508 monachos
989 4425 1661 4520 Mosacensss,._dioeces‘is
1685 4427 1877 4520 lAquli:
1912 4463 1954 4520 D
1984 4448 2050 4509 ge
2082 4429 2435 4520 antis-edere,
2470 4425 2830 4520 seuJels‘ipsa
2853 4426 3057 4520 I‘jicetae
3091 4425 3343 4507 nominis
3373 4426 3633 4520 enuntiJa-

211 4500 453 4556 leiensis
479 4496 500 4565 ζ
523 4505 578 4553 et
607 4501 663 4553 in
705 4501 909 4569 quibus
940 4499 1204 4553 omnibus
1234 4500 1306 4551 ad
1337 4498 1488 4552 diem
1540 4515 1571 4552 χ
1603 4497 1720 4551 kal.
1746 4496 1876 4552 Julii

213 4575 489 4645 ejusdem
511 4572 722 4626 Nicetas
743 4572 959 4626 mentio
982 4574 1062 4635 lit,
1088 4588 1156 4645 ac
1174 4571 1285 4645 fere
1303 4586 1528 4645 semper
1553 4586 1681 4624 cum
1704 4569 1873 4635 beati,

214 4642 323 4699 a'ut
339 4644 546 4708 sancti,
576 4648 674 4696 aut
690 4650 898 4696 sanctae
920 4642 1213 4696 memoriae
1232 4642 1525 4705 titulo,nec
1542 4658 1657 4695 non
1678 4647 1875 4695 etcum

256 4714 498 4769 eculiari
519 4717 707 4784 aliquo
728 4714 1048 4767 sanctitatis
1072 4712 1274 4782 elogio,
1301 4718 1468 4782 prout
1492 4714 1547 4766 in
1573 4713 1876 4783 postremis

256 4733 498 4769 eculiari
519 4733 707 4784 aliquo
728 4733 1048 4767 sancmaus
1072 4733 1274 4782 1310810,
1301 4733 1468 4782 ριόυι
1492 4733 1547 4766 111
1573 4733 1876 4783 pusu'emls

212 4733 492 4849 habetur,
510 4804 573 4839 ac
593 4786 926 4855 singillatim
952 4785 1006 4838 in
1030 4801 1094 4839 eo
1113 4787 1265 4853 quod
1282 4800 1433 4837 nunc
1452 4784 1509 4837 in
1533 4784 1879 4839 Uccidentali

214 4860 481 4913 Ecclesia
509 4857 831 4910 communis
862 4861 948 4910 est
977 4873 1130 4919 usus,
1156 4857 1437 4925 quodque,
1466 4860 1593 4924 post
1620 4856 1879 4926 recogni-

216 4931 418 4983 tiones
465 4929 716 4998 Gregorii
752 4930 899 4991 Xlll,
939 4928 1143 4981 Urbani
1176 4927 1309 4990 \"lll,
1343 4942 1409 4979 ac
1447 4927 1760 4998 limocentii
1787 4927 1877 4989 XI,

214 4995 774 5072 prwstantissiinairi
804 5000 948 5072 gerit
970 4999 1359 5072 auctoritatem
1387 4995 1701 5072 doctissimi
1728 5012 1884 5066 aeque

216 5069 291 5126 ac
325 5070 699 5125 eruditissimi
732 5070 1016 5124 Benedicti
1045 5086 1208 5139 papae
1238 5069 1383 5134 XIV,
1408 5069 1569 5140 cujus
1596 5083 1768 5138 opera
1791 5083 1887 5121 au-

214 5149 389 5199 ctum
424 5142 636 5212 prodiit
666 5146 723 5196 et
751 5142 1112 5211 castigatum.

299 5208 691 5278 Qua—ndonam
708 5228 838 5267 vero
857 5208 1044 5266 locum
1060 5214 1114 5266 in
1139 5208 1556 5281 Martyrologiis
1575 5208 1887 5263 obtinuisse

214 5286 461 5341 Nicetas
492 5286 761 5339 dicendus
788 5284 915 5338 est?
942 5285 1195 5337 Arduam
1224 5298 1345 5336 rem
1373 5287 1610 5351 attingo,
1637 5281 1885 5350 disputa-

215 5364 411 5427 tuque
446 5358 737 5410 dil‘licilem
768 5372 781 5419 ;
812 5356 867 5409 in
900 5372 1011 5425 qua
1047 5354 1412 5408 nihilominus
1440 5353 1764 5427 conandum
1788 5352 1888 5427 ali:

217 5422 374 5500 quid
391 5431 517 5499 conj
529 5428 735 5482 ccturis
752 5422 1018 5494 arbitror,
1042 5426 1144 5500 etsi
1167 5428 1408 5500 fortasse
1432 5423 1571 5500 nihil
1605 5424 1734 5477 inde
1751 5422 1888 5500 certi

217 5494 631 5572 perspectique
656 5506 986 5572 secuturum
1013 5498 1105 5553 sit.
1132 5494 1891 5572 Martyrologiumpmnium

221 5566 686 5626 vetustissimum
701 5570 992 5624 communi
1006 5567 1350 5623 eruditorum
1364 5566 1581 5621 calculo
1594 5566 1733 5620 illud
1746 5570 1896 5621 certe

220 5643 649 5717 habeturquod
664 5642 794 5696 divo
820 5642 1162 5717 Hieronymo
1181 5639 1457 5717 tributum
1484 5638 1607 5707 fuit,
1624 5639 1899 5717 cujusque

218 5709 596 5789 exemplaria
622 5718 734 5769 duo
763 5719 859 5789 aut
882 5714 989 5789 tria
1007 5709 1087 5789 eis!
1100 5711 1269 5789 variis
1289 5709 1572 5789 variaeque
1594 5709 1899 5789 antiquita-

218 5787 307 5847 tis
335 5780 631 5847 codicibus
660 5785 1016 5867 prodierunt.
1048 5783 1380 5842 Edmundus
1407 5780 1713 5841 Mdrtenius
1742 5780 1901 5859 ejus-

1986 4498 2139 4554 tione
2165 4501 2378 4567 absque
2410 4498 2516 4551 loci
2538 4498 2954 4562 additamento,
2984 4514 3083 4551 seu
3104 4513 3171 4552 ex
3192 4498 3445 4567 ipsorum
3479 4498 3629 4553 codi-

1986 4588 2114 4626 cum
2141 4568 2713 4640 Hieronymianorum
2741 4574 2909 4623 aetate
2931 4570 3001 4641 ab
3024 4568 3092 4621 iis
3114 4569 3350 4623 eruditis
3366 4569 3500 4641 viris
3512 4586 3634 4641 per-

1990 4658 2185 4714 pensa,
2217 4638 2461 4714 quorum
2492 4657 2663 4711 Opera
2695 4657 2761 4714 ac
2802 4640 2988 4714 studio
3019 4638 3397 4714 prodierunt?
3420 4638 3635 4714 Ad'ge-

1990 4711 2229 4769 nuinum
2261 4712 2518 4767 videlicet
2558 4729 2624 4766 ac
2669 4712 3072 4782 primigenium
3124 4711 3635 4782 llieronymianum

1989 4785 2449 4855 Martyrologium
2470 4784 2677 4838 Nicetas
2708 4800 2917 4855 nomen
2948 4781 3140 4851 procul
3163 4782 3332 4835 dubio
3351 4787 3434 4835 est
3456 4786 3639 4855 poste-

1992 4857 2109 4912 rior
2132 4851 2403 4921 accessio,
2438 4859 2499 4909 ut
2540 4859 2695 4924 patet
2723 4871 2789 4908 ex
2819 4854 2991 4907 citato
3020 4868 3200 4921 nuper
3232 4851 3637 4922 martyrologio

1993 4928 2177 4999 millej
2189 4944 2283 4999 am
2302 4932 2433 4981 tunc
2444 4923 2669 4999 circiter
2683 4940 2966 4999 annorum
2982 4924 3463 4999 dicto,nu_nc~vero
3476 4923 3639 4999 mille

1994 5003 2050 5054 et
2079 4994 2325 5067 amplius
2356 4998 2611 5050 absolute
2640 4996 2900 5067 dicendo,
2935 4994 3271 5067 monasterii
3293 4994 3645 5067 SanctiGer-

1996 5070 2151 5124 mani
2178 5064 2708 5130 Autissiodorensis,
2740 5070 2911 5135 atque
2939 5081 3004 5119 ex
3038 5064 3163 5118 aliis
3185 5080 3408 5134 quoque
3429 5064 3643 5119 ibidem

1996 5140 2355 5195 continenter
2382 5138 2567 5199 editis,
2601 5138 2804 5190 eodem
2842 5136 3054 5189 scilicet
3082 5142 3237 5189 tomo
3283 5136 3346 5187 111
3373 5135 3645 5190 Thesauri

2000 5210 2128 5265 novi
2156 5210 2597 5271 Anecdotorum,
2620 5224 2653 5261 a
2676 5206 2806 5260 viris
2826 5206 3155 5261 clarissimis
3177 5208 3394 5260 Marten
3418 5223 3449 5260 ο
3469 5212 3526 5261 et
3545 5209 3651 5261 Du-

2001 5281 2177 5336 rando
2204 5296 2216 5345 ;
2244 5279 2401 5333 ubiet
2430 5278 2483 5332 in
2509 5278 2627 5333 dies
2653 5278 2908 5344 singulos
2935 5277 3170 5347 exiguus
3196 5283 3529 5332 sanctorum
3552 5294 3654 5333 nu-

2002 5368 2195 5407 merus
2220 5350 2541 5414 exhibetur,
2569 5355 2625 5403 et
2655 5348 2861 5403 Niceta:
2889 5348 3296 5403 nostrinomen
3328 5350 3532 5420 ubique
3554 5352 3653 5406 de-

2005 5424 2285 5478 sideratur
2312 5440 2323 5473 :
2352 5438 2547 5475 verum
2571 5420 2814 5474 accessio
2836 5420 2958 5490 ipsa
2991 5422 3356 5490 postmodum
3390 5422 3542 5476 facta
3567 5422 3655 5479 Ni-

2006 5500 2144 5550 cetas
2179 5493 2446 5563 nominis,
2498 5491 2725 5563 nonnisi
2773 5492 3174 5562 antiquissima
3216 5508 3338 5546 esse
3371 5494 3555 5558 debet,
3598 5498 3663 5549 ut

2007 5566 2206 5622 itidem
2228 5569 2385 5636 patet
2400 5562 2466 5620 ex
2484 5563 2611 5636 aliis
2632 5562 3091 5635 Hieronymianis
3112 5564 3367 5636 similiter
3387 5564 3663 5636 Martyrof

2009 5637 2194 5709 logiis,
2224 5634 2348 5707 quae
2380 5634 2690 5691 Dacherius
2722 5640 2779 5690 et
2812 5634 3665 5709 Florentiniusediderunt,_ubi

2011 5706 2219 5769 Nicetas
2242 5706 2686 5779 inomenadest,
2723 5722 2962 5779 quisque
3003 5706 3403 5779 remotissima:
3454 5706 3675 5779 pariter

2013 5784 2147 5842 sunt
2172 5778 2553 5859 antiquitatis,
2584 5781 2647 5839 ut
2675 5795 2709 5837 a
2729 5776 2936 5840 saeculo
2957 5777 3166 5840 Nicetas
3189 5778 3391 5859 quinto
3410 5776 3527 5838 non
3546 5776 3679 5838 Iona
