4004 6182
411 191 559 248 1071

1126 189 1188 253 Ρ.
1235 189 1528 263 BRAIDAE
1572 188 2041 259 DISSERTA’I‘IO
2084 186 2157 249 IN
2201 189 2259 249 S.
2312 185 2660 251 NICETAM.
2691 220 2769 234 -—
2795 187 2959 250 CAP.
3005 186 3153 249 VIII.

3613 195 3719 259 1072

401 335 470 390 ge
498 320 710 374 distare
743 318 1057 385 videantur,
1090 320 1135 373 si
1184 320 1435 374 maxime
1467 327 1709 389 ponatur
1740 337 1851 374 non
1897 323 2055 374 auto-
2086 323 2130 382 Α
2163 324 2225 374 ut
2250 320 2495 390 propriae
2526 320 2764 374 serviret
2792 319 3070 385 opinioni,
3103 336 3215 388 qua
3255 319 3467 375 Niceam
3505 339 3587 378 seu
3613 325 3726 383 Nice-

400 394 622 461 graplia
655 391 751 445 illa
778 408 919 451 esse,
973 392 1071 445 sed
1104 392 1290 460 potius
1345 392 1694 462 apogi'apha,
1731 397 1790 446 ut
1824 394 1893 446 de
1939 391 2055 445 suis

399 463 782 517 Florentinius
814 462 1172 532 conjiciebat.

470 534 678 588 Nicetaa
711 534 888 586 nostri
920 530 1193 586 sanctitas
1226 530 1437 600 itaque,
1471 531 1645 586 etiam
1673 548 1740 586 ex
1774 536 1889 586 tam
1910 532 2053 586 anti-

396 620 509 673 qua
532 604 707 674 ipsius
730 604 980 656 nominis
1006 604 1061 655 in
1087 604 1508 673 Martyrologiis
1541 605 1939 658 vetustioribus
1963 622 2051 658 ac-

395 675 669 738 cessione,
704 674 911 728 clarius
942 675 1209 728 elucescit
1233 692 1245 738 ;
1276 674 1355 727 ita
1384 680 1441 728 ut
1466 690 1579 728 non
1607 674 1897 729 immerito
1919 692 2049 729 con-

395 745 677 816 jiciamus,
705 747 972 799 eumdem
1000 762 1129 799 cum
1173 745 1492 799 sanctitatis
1535 748 1710 799 odore
1741 749 1891 815 apud
1918 763 2050 800 suos

391 824 449 870 et
479 823 701 870 exteros
722 833 944 896 quoque
965 832 1031 870 ex
1058 817 1163 869 hac
1196 816 1308 870 vita
1343 816 1638 886 migrasse,
1666 819 2050 896 eamdemque

388 892 692 957 propterea
721 904 820 957 pro
852 887 1080 940 illorum
1122 893 1447 956 temporum
1480 905 1637 942 more
1664 887 1810 942 inter
1836 888 2050 943 cmlites

388 960 670 1023 habitum,
698 960 785 1029 cuj
798 975 860 1012 us
886 960 1174 1012 memoria
1203 975 1331 1012 cum
1356 958 1481 1011 aliis
1505 959 1713 1012 sanctis
1732 958 1864 1013 viris
1888 976 2049 1029 supe-

383 1029 552 1083 rioris
570 1029 757 1084 aetatis
783 1030 1086 1084 recolenda
1109 1036 1257 1083 esset
1278 1030 1335 1082 in
1359 1030 1448 1083 die
1468 1030 1861 1083 anniversaria
1879 1032 2050 1100 depo-

386 1100 609 1154 sitionis
635 1102 804 1154 illius.
840 1100 987 1153 lVihil
1021 1106 1106 1153 est
1137 1100 1224 1153 liic
1255 1101 1405 1169 quod
1429 1102 1713 1153 addamus
1736 1103 1805 1155 de
1846 1101 2048 1170 appel-

386 1171 697 1225 lationibus
733 1170 903 1233 beati,
934 1188 998 1224 ac
1024 1171 1226 1234 sancti,
1253 1176 1572 1241 sanctisque
1596 1172 1892 1225 memorite
1921 1172 2042 1230 viri,

386 1243 590 1312 quibus
626 1258 834 1295 nomen
866 1242 1073 1295 i\icet£e
1105 1243 1282 1294 nostri
1313 1242 1366 1294 in
1392 1243 1812 1311 lt'lartyrologiis
1836 1244 1902 1295 de
1924 1242 2046 1312 qui-

388 1315 492 1367 bus
549 1312 794 1365 diximus
831 1312 1189 1367 honestatur.
1226 1314 1353 1381 Ipsa
1398 1313 1639 1365 nominis
1693 1312 1928 1382 alicujus
1987 1313 2042 1366 in

385 1383 806 1453 Martyrologiis
840 1384 1112 1447 recensio,
1143 1381 1317 1435 etiam
1347 1384 1558 1453 absque
1594 1382 1709 1436 ullo
1742 1381 1849 1438 seu
1873 1383 2040 1447 beati,

383 1471 482 1509 seu
513 1455 716 1519 sancti,
761 1458 1103 1525 seusanctae
1139 1454 1431 1507 memoriae
1464 1453 1769 1525 praeconio,
1805 1454 1943 1507 satis
1974 1457 2044 1508 de

384 1525 536 1579 illius
569 1526 670 1578 viri
703 1523 1005 1578 sanctitate
1037 1529 1279 1578 testatur
1313 1541 1324 1579 :
1368 1530 1423 1578 et
1466 1523 1545 1578 ita
1575 1541 1797 1594 quoque
1825 1525 2043 1579 Nicetas

382 1602 579 1650 noster
599 1596 655 1649 in
675 1596 865 1649 allatis
887 1596 942 1648 in
968 1596 1155 1649 fronte
1170 1596 1264 1666 liuj
1278 1595 1480 1649 USIIbl'I
1502 1597 2041 1665 Martyrologiorum

382 1668 728 1720 testimoniis
760 1671 1118 1735 nuncupatus
1149 1668 1491 1735 quandoque
1522 1672 1761 1736 apparet
1790 1683 1802 1731 ;
1831 1668 2044 1720 scilicet

382 1738 441 1791 in
468 1738 870 1807 Martyrologio
903 1736 1225 1792 Gcllonensi
1255 1754 1286 1790 a
1320 1738 1594 1791 Dacherio
1641 1737 1815 1803 edito,
1851 1743 1905 1791 et
1939 1738 2043 1791 cir-

381 1825 448 1863 ca
480 1824 697 1862 annum
729 1811 832 1863 804
863 1808 1203 1876 conscripto,
1235 1813 1295 1861 ut
1320 1808 1471 1861 idem
1504 1808 1560 1861 in
1591 1810 1808 1861 monito
1840 1825 2041 1878 praece-

383 1882 539 1958 denti
568 1879 990 1958 animadvertit,
1032 1881 1120 1958 ubi
1153 1879 1938 1958 siinpliciteruNicte'episcopi
1968 1880 2040 1958 ad

380 1968 417 2006 ι
443 1951 563 2005 kal.
596 1951 728 2005 Julii
763 1951 974 2004 mentio
1016 1956 1120 2013 est,
1181 1949 1518 2021 tlujusmodi
1553 1950 1717 2005 hodie
1754 1950 2039 2020 prteconia

381 2023 706 2077 communis
755 2031 887 2077 sunt
918 2024 1139 2092 ususin
1174 2021 1574 2091 Martyrologio
1611 2023 1871 2075 Romano
1927 2038 2037 2092 quo

383 2096 633 2159 utimur;
658 2095 757 2147 sed
783 2109 898 2147 non
917 2093 997 2146 ita
1019 2090 1157 2146 olim
1188 2090 1337 2162 apud
1368 2090 1567 2146 omnes
1594 2093 1831 2146 omnino
1851 2090 2038 2147 Eccle-

382 2165 527 2219 sias:
562 2165 903 2234 quinimmo,
926 2165 1080 2232 quod
1102 2163 1174 2215 ad
1209 2162 1357 2216 beati
1388 2166 1470 2217 vel
1498 2164 1680 2216 sancti
1706 2179 2038 2232 praenomen

382 2233 751 2306 potissimum
781 2239 1016 2306 spectat,
1050 2234 1353 2306 admonuit
1382 2234 1746 2306 doctissimus
1772 2233 1854 2306 vir
1871 2235 2042 2306 Joang

384 2303 482 2361 nes
514 2305 766 2374 Baptista
801 2304 1072 2359 Sollerius
1104 2305 1161 2357 in
1194 2303 1417 2357 erudita
1468 2320 1573 2357 sua
1604 2304 1939 2373 praefatione
1968 2305 2040 2358 ad

387 2375 852 2446 Martyrologium
909 2374 1168 2446 Usuardi,
1203 2374 1439 2446 articulo
1471 2376 1521 2437 4,
1582 2392 1707 2444 qua:
1739 2381 1922 2429 exstat
1953 2380 2042 2429 to-

385 2464 483 2502 mo
519 2444 604 2511 Vl,
633 2444 795 2516 parte
825 2445 1005 2500 iJunii
1028 2444 1407 2509 Bollandiani,
1436 2447 1589 2515 quod
1619 2452 1833 2515 quanto
1856 2446 2041 2500 rarius

389 2519 565 2589 220
599 2521 779 2572 sancti
814 2520 898 2571 vel
949 2518 1101 2571 beati
1153 2532 1501 2589 praenomen
1519 2518 1847 2589 apponitur,
1881 2522 2042 2571 tanto

386 2588 597 2662 majori
621 2594 897 2662 vetustate
922 2592 1200 2662 priestant
1223 2588 1774 2662 martyrologioruin
1797 2590 2039 2662 codices.

387 2658 705 2717 Fatendum
726 2658 1100 2714 nihilominus
1114 2659 1378 2721 arbitror,
1404 2659 1689 2729 praeconia
1712 2659 2043 2730 hujusmodi

389 2734 565 2788 etiam
599 2733 657 2786 in
685 2731 937 2802 antiquis
972 2730 1388 2801 Martyrologiis
1419 2729 1676 2784 adhibita
1707 2729 1800 2784 ad,
1821 2738 2042 2802 sancto-

388 2822 519 2860 rum
549 2801 934 2873 quorumd’am
969 2802 1227 2866 nomina,
1254 2803 1561 2871 quamdam
1579 2801 2046 2870 probabiliterin-

390 2879 584 2931 dicare
615 2877 952 2930 eorumdein
1004 2873 1306 2927 nominum
1340 2874 1623 2944 majorem
1654 2873 2044 2927 celebritatem

390 2964 456 3001 ac
486 2946 926 3016 perspectioreiii
978 2946 1313 2998 eorumdem
1372 2944 1693 3016 sanctitatis
1755 2944 2041 3007 notitiam,

391 3014 517 3087 quae
533 3014 684 3070 hisce
707 3015 1159 3085 appellationum
1179 3014 1595 3087 adiectionibus
1615 3016 2044 3085 quodammodo

392 3085 858 3156 distinguebatur.
884 3088 1167 3157 Caeterum
1188 3085 1335 3157 inter
1358 3086 1688 3157 hujusmodi
1715 3087 2047 3156 appellatio-

394 3174 495 3212 nes
526 3155 677 3211 beati
720 3173 785 3210 ac
811 3155 1017 3221 sancti,
1066 3156 1211 3208 sicut
1258 3155 1447 3209 etiam
1484 3163 1695 3210 sanctae
1726 3155 2043 3219 memoriae,

394 3244 510 3283 non
541 3232 626 3282 est
682 3243 780 3282 cur
818 3227 876 3280 in
929 3226 1212 3297 veteribus
1266 3226 1687 3297 Martyrologiis
1739 3228 2046 3282 dictionem

392 3299 754 3371 requiramus
806 3315 891 3371 ex,
921 3296 1134 3371 vigenti
1164 3312 1315 3371 nunc
1356 3313 1389 3350 a
1410 3296 1673 3371 pluribus
1702 3299 2047 3371 saeculisEc-

395 3367 711 3428 etesiastica
756 3368 1082 3440 disciplina,
1115 3385 1228 3438 qua
1275 3368 1421 3440 beati
1464 3367 1762 3440 inferiores
1804 3369 1985 3439 gradu
2014 3386 2049 3423 a

397 3442 609 3499 sanctis
639 3438 942 3498 censentur
971 3440 1029 3494 in
1051 3442 1225 3494 cultu.
1256 3439 1431 3493 Voces
1449 3438 1601 3493 enim
1634 3439 1773 3494 beati
1791 3438 1856 3493 ac
1874 3443 2050 3495 sancti

397 3521 549 3586 apud
583 3518 798 3569 veteres
836 3509 1345 3586 indiscriminatim
1389 3512 1762 3586 sumebantur
1802 3512 1874 3565 ad
1906 3511 2048 3586 indi-

398 3581 611 3641 candos
640 3585 892 3656 insignes
920 3584 1123 3656 virtute
1155 3582 1437 3656 viros,_qui
1463 3583 1841 3656 censebantur
1856 3581 2050 3637 caeliti-

401 3660 503 3712 bus
529 3653 779 3725 ascripti,
815 3662 874 3709 ut
903 3655 1122 3710 erudite
1154 3670 1275 3708 rem
1322 3653 1651 3725 hujusmodi
1690 3654 2051 3725 illustrarunt

402 3724 757 3783 Fontanin’us
786 3727 844 3780 in
875 3726 1276 3780 dissertatione
1313 3725 1381 3778 de
1400 3724 1617 3779 Sancto
1654 3726 1813 3779 Petro
1848 3724 2048 3780 Urseo-

401 3800 480 3867 lo,
511 3799 696 3869 capite
724 3799 813 3869 25,
857 3795 1172 3850 Mazochius
1202 3797 1271 3869 de
1302 3801 1629 3849 sanctorum
1663 3796 2052 3869 Neapolitana:

403 3866 663 3927 Ecclesiae
693 3868 1089 3939 episcoporum
1117 3866 1301 3931 Cultu,
1335 3872 1492 3935 parte
1520 3883 1579 3939 ii,
1607 3867 1790 3936 capite
1816 3868 1868 3931 5,
1891 3884 2047 3922 num.

403 3944 455 4008 2,
489 3937 863 3997 annotatione
892 3940 982 4002 30,
1016 3954 1118 3992 nec
1147 3953 1255 3991 non
1287 3942 1343 3991 et
1369 3937 1703 4009 Benedictus
1738 3955 1885 4009 papa
1920 3940 2050 4003 XIV,

403 4015 460 4069 in
494 4014 762 4084 praeclaro
793 4026 963 4084 Opere
994 4011 1064 4084 de
1092 4024 1387 4084 servorum
1416 4009 1514 4063 Dei
1546 4008 1973 4065 Beatiﬁcatione
2000 4015 2056 4064 et

403 4080 701 4143 beatorum
728 4080 1188 4144 Canonizatione,
1222 4080 1446 4151 aliique.

475 4154 1051 4210 Animadversionem
1070 4159 1261 4206 tamen
1283 4149 1373 4204 hic
1389 4149 1747 4205 dissimulare
1767 4168 1879 4206 non
1902 4149 2051 4216 licet,

404 4245 530 4300 qua)
560 4227 675 4304 tieri
708 4226 852 4304 solet
880 4242 914 4279 a
945 4223 1077 4277 viris
1107 4223 1436 4304 clarissimis
1473 4238 1612 4292 pene
1642 4222 1931 4304 omnibus,
1955 4227 2051 4304 qui

405 4296 632 4355 Baronii
662 4297 992 4367 opinionem
1015 4298 1419 4365 Oppugnarunt
1446 4310 1614 4367 super
1643 4296 1748 4347 hoc
1764 4296 2054 4348 ltomatia-

404 4387 495 4425 nua
522 4366 767 4424 civitatis
796 4368 1059 4436 episcopo
1091 4367 1281 4420 Niceta
1300 4382 1333 4419 a
1364 4366 1656 4419 Gennadio
1690 4370 2010 4419 memorato
2037 4382 2049 4432 ;

402 4444 512 4495 rati
538 4440 829 4501 nimirum,
849 4453 962 4490 non
980 4436 1406 4505 Aquileiensem
1430 4439 1817 4501 nostrum,sed
1834 4437 2050 4491 Dacum

403 4510 565 4567 illum
590 4510 780 4572 fuisse,
800 4508 1178 4575 eamdemque
1202 4513 1500 4576 propterea
1521 4507 1666 4577 quia
1688 4513 1885 4561 sancto
1906 4508 2050 4577 Pau-

401 4583 519 4638 lino
543 4581 764 4636 Nolano
793 4577 1154 4633 totlaudibus
1174 4579 1508 4649 celebratur.
1534 4576 1590 4631 In
1616 4576 2048 4649 Martyrologiis,

399 4654 683 4726 inquiunt,
728 4652 818 4726 adp
846 4650 996 4704 diem
1040 4648 1243 4726 x,ka_l.
1281 4648 1435 4726 Julii,
1486 4648 1834 4726 EOIINICBIEB
1883 4648 2052 4726 aqui-

397 4717 626 4782 leiénsns
643 4722 861 4778 mentio
895 4727 997 4785 est,
1023 4721 1121 4776 sed
1154 4720 1359 4775 Nicetes
1396 4720 1450 4772 in
1482 4719 1653 4789 Dacia
1683 4717 1965 4789 episcopi}
1995 4726 2051 4775 et

396 4799 477 4853 ita
508 4796 839 4867 accipienda
865 4789 1415 4867 suntMartyi-ologia
1436 4786 1899 4867 vetustiora,qua§
1915 4792 2049 4845 siin-

395 4860 866 4953 pliciter-Nicetis.
892 4862 1136 4944 episcopi
1176 4860 1377 4953 eodem
1414 4860 1505 4953 die
1546 4861 1958 4953 meminerunt;
1993 4867 2050 4917 et

393 4932 474 4996 ita
498 4956 721 5013 quoque
748 4932 1095 5013 posteriora,
1112 4950 1239 5013 quia
1272 4932 1630 5013 Romatianae
1650 4937 1748 5013 aut
1774 4933 2047 5013 Romane

392 5002 659 5075 civitatis,
691 5002 791 5065 aut
809 5002 1269 5063 Itomatianensis
1291 5003 1538 5074 episcopi
1560 5004 1787 5058 titulum
1815 5002 2047 5059 addide-

389 5091 545 5140 runt.
566 5086 653 5138 Ad
670 5083 935 5137 eamdem
954 5079 1102 5133 diem
1138 5081 1195 5131 in
1226 5075 1636 5146 Martyrologiis
1669 5077 1883 5131 mentio
1907 5094 2045 5147 quo-

391 5173 498 5226 que
529 5162 614 5210 est
644 5151 865 5208 Paulini
890 5149 1089 5226 .Volani
1116 5165 1131 5201 :
1160 5147 1248 5202 cui
1269 5147 1501 5226 additus
1520 5151 1819 5226 propterea
1838 5148 2041 5226 merito

389 5217 605 5283 censeri
625 5229 813 5297 potest
837 5223 1008 5297 etiam
1025 5220 1247 5297 Nicetes
1265 5221 1462 5297 Dacus,
1486 5218 1623 5297 quia
1651 5230 1824 5297 ambo
1855 5217 2041 5297 viven-

387 5302 470 5351 tes
502 5289 731 5352 fuerant
756 5294 1009 5349 amicitia
1046 5289 1519 5363 conjunctissimi,
1553 5295 1605 5343 et
1638 5290 1771 5363 quia
1801 5290 2039 5346 fortasse

388 5368 508 5420 dies
541 5368 761 5429 natalis,
785 5382 881 5418 seu
915 5365 1123 5426 obitus,
1155 5361 1322 5434 hujus
1353 5361 1558 5416 Nicetis
1595 5361 1733 5434 Daci
1757 5367 2038 5432 inarter-

385 5439 527 5506 legis
556 5442 880 5505 compertus
913 5438 1202 5506 nouerat.
1231 5432 1372 5506 Ipsa
1396 5448 1645 5506 namque
1676 5432 1881 5487 Nicetie
1924 5433 2039 5506 Da-

384 5503 579 5563 corum
607 5503 854 5575 cpi—scapi
878 5505 1109 5575 mentio,
1146 5503 1282 5573 quasi
1305 5504 1475 5559 hodie
1508 5503 1572 5575 in
1602 5507 1856 5558 Romano
1897 5505 2038 5575 Mar-

383 5571 661 5649 tyrologio
694 5571 911 5649 legitur
928 5578 1001 5630 ad
1058 5571 1275 5649 diei—n7
1299 5571 1597 5649 _Ja_nuarii,
1645 5580 1730 5649 est
1754 5572 2037 5649 p0sterior

384 5643 597 5704 a'dditie
630 5663 662 5698 a
708 5645 951 5716 Daronio
984 5661 1084 5716 pro
1118 5644 1349 5716 arbitrio
1382 5646 1533 5699 facta
1563 5643 1620 5698 in
1651 5643 2035 5716 Martyrologii

379 5720 619 5776 Romani
658 5714 999 5767 recensione.
1034 5714 1303 5777 Gregorio
1339 5716 1438 5769 XIII
1470 5732 1697 5770 summo
1726 5714 2028 5786 pontiﬁce;

2165 396 2302 455 tam,
2338 392 2696 445 Itomatianas
2727 391 2969 445 civitatis
3009 390 3348 460 episcopum,
3388 392 3573 448 habere
3599 400 3730 453 voluit

2164 480 2263 532 pro
2305 462 2471 517 Nicea
2494 478 2588 539 seu
2623 462 2833 525 Niceta,
2859 465 3122 539 episcOpo
3147 462 3489 539 Aquileiensi.
3510 467 3640 528 Quod
3656 468 3729 539 igi-

2162 539 2253 613 “tur
2280 538 2683 613 argumentum
2715 532 3034 587 sanctitatis
3067 549 3166 613 pro
3196 534 3380 613 i‘iicc'ta
3408 541 3579 613 nostro
3604 532 3728 608 Aqui-

2161 603 2358 658 leiensi
2387 620 2610 675 sumere
2640 620 2941 673 possumus
2966 620 3032 657 ex
3069 604 3487 673 Martyrologiis,
3520 623 3625 675 quze
3656 603 3730 665 aut

2160 675 2492 744 simpliciter
2520 674 2789 740 Nicetam,
2816 674 3166 745 episcopum.
3189 680 3286 728 aut
3305 674 3552 740 Nicetam,
3573 678 3731 734 Roma-

2160 746 2338 855 tlialn‘a;
2356 746 2599 800 civitatis
2631 746 2979 816 episcopum,
3027 746 3294 800 exhibent
3337 748 3407 800 ad
3435 748 3567 801 diem
3593 765 3623 803 Χ
3645 752 3730 805 kal.

2157 817 2329 871 Julii?

2229 894 2300 941 At
2328 886 2426 960 viri
2458 886 2759 960 clarissimi
2796 887 3051 960 adversae
3082 887 3380 960 sententias
3419 896 3731 960 prOpugiiatoo

2158 974 2267 1021 res,
2296 959 2390 1028 qui
2417 959 2801 1019 Gennadium,
2831 958 3115 1012 dicentem
3143 958 3410 1024 Nicetam,
3445 958 3733 1017 Romatiante

2155 1029 2401 1083 civitatis
2432 1032 2777 1100 episcopum,
2818 1028 3098 1097 explicare
3127 1029 3423 1100 voluerunt
3458 1047 3516 1083 ac
3545 1034 3581 1085 si
3604 1033 3731 1087 dixis-

2155 1105 2241 1153 set
2272 1099 2527 1155 Nicetain
2556 1101 2610 1153 in
2643 1100 2834 1173 Dacia.
2863 1101 3193 1173 episcopum
3226 1099 3459 1173 civitatis
3478 1102 3623 1166 illius,
3643 1121 3732 1173 qua

2156 1186 2268 1224 non
2312 1173 2661 1225 Itomatiana
2680 1171 2932 1241 quidem,
2953 1171 3051 1223 sed
3079 1170 3191 1224 alio
3222 1187 3335 1223 non
3366 1172 3638 1226 admodum
3653 1170 3734 1228 dis-

2153 1241 2323 1295 simili
2359 1244 2530 1295 modo
2558 1259 2591 1295 a
2622 1240 2990 1310 scriptoribus
3021 1248 3073 1294 et
3104 1243 3482 1296 monumentis
3512 1248 3732 1299 veteribus

2154 1312 2303 1366 dicta
2332 1312 2458 1385 fuit,
2491 1313 2569 1366 uti
2596 1329 2699 1385 suo
2731 1315 2854 1365 loco
2874 1312 3733 1385 vidimus;_Martyrologiaquoque

2152 1385 2354 1437 eadem
2389 1384 2667 1437 Gennadii
2704 1386 2873 1436 verba
2901 1383 3228 1445 referentia,
3257 1384 3451 1438 eadem
3472 1383 3734 1454 explicatio-

2154 1470 2224 1507 ne
2255 1455 2468 1508 donare
2495 1456 2831 1519 debuerunt,
2882 1458 3051 1523 atque
3082 1455 3138 1506 in
3178 1456 3433 1508 eumdem
3463 1471 3658 1509 sensum
3678 1458 3733 1510 si-

2152 1525 2268 1597 mul
2298 1525 2626 1597 pertrahere
2661 1524 3068 1597 Martyrologia
3096 1525 3420 1597 vetustiora,
3439 1543 3554 1595 quae
3569 1527 3735 1597 simpli-

2150 1595 2289 1649 citer
2321 1596 2564 1666 Nicetis;
2621 1595 2889 1665 episcopi,
2922 1598 2996 1648 ad
3027 1597 3286 1649 eamdem
3340 1596 3426 1651 die
3452 1614 3487 1650 χ
3514 1598 3611 1651 kal.
3634 1595 3733 1651 Julii

2151 1666 2560 1721 meminerunt.
2603 1669 2805 1720 Verum
2837 1667 2971 1735 quid
3000 1666 3130 1719 novi
3160 1669 3213 1719 in
3248 1666 3352 1720 hac
3371 1668 3435 1721 de
3464 1668 3734 1737 Martyroloo

2150 1737 2261 1804 giis
2290 1737 2808 1800 animadversione,
2862 1738 3015 1806 quod
3062 1744 3350 1791 mereatur
3378 1740 3639 1807 expendi?
3660 1740 3735 1803 Qui

2152 1808 2508 1862 Uennadium
2535 1810 2789 1878 superius
2808 1812 3005 1861 contra
3031 1808 3262 1862 eosdem
3288 1808 3431 1862 viros
3454 1809 3737 1863 clarissimos

2154 1879 2577 1948 explicavimus,
2610 1879 2893 1933 dicentem
2923 1881 3178 1933 Nicetam
3204 1880 3522 1950 episcopum
3545 1880 3737 1934 civitatis

2154 1951 2540 2013 Romatianaa;
2563 1951 2674 2019 22
2691 1952 2731 2019 1
2768 1950 3171 2019 Martyrologia
3192 1968 3415 2020 quoque
3431 1951 3741 2005 similiterba-

2153 2020 2365 2085 bentia,
2387 2022 2585 2076 eodem
2611 2019 3251 2090 sermoneinterpretati
3283 2019 3490 2084 sumus,
3516 2027 3569 2075 ut
3590 2022 3740 2075 liicac-

2153 2097 2275 2163 tum
2305 2109 2492 2163 agere,
2529 2092 3056 2162 Martyrologiorum
3084 2108 3278 2155 causa,
3315 2109 3530 2147 necesse
3558 2109 3651 2146 non
3671 2093 3740 2147 sit.

2152 2162 2370 2217 Caetera
2401 2180 2531 2217 vero
2558 2180 2685 2233 qua:
2736 2164 3025 2216 adduntur
3057 2180 3232 2217 merae
3274 2169 3405 2217 sunt
3439 2166 3742 2233 conjectatio-

2154 2181 2370 2217 merere
2401 2181 2531 2217 vero
2558 2181 2685 2233 qua:
2736 2181 3025 2216 acuuntur
3057 2181 3232 2217 mera:
3274 2181 3405 2217 sunt
3439 2181 3536 2218 con
3563 2181 3741 2217 Betath-

2154 2249 2274 2305 nes,
2310 2251 2437 2304 quae
2468 2233 2982 2305 conjectationibus
3012 2234 3135 2287 aliis
3162 2239 3356 2305 atque,
3389 2234 3443 2287 ni
3480 2181 3646 2298 lailor,
3668 2251 3741 2288 va-

2154 2304 2469 2369 lidioribus,
2509 2304 2672 2358 tacite
2701 2304 3009 2358 eliduntur.

2222 2380 2299 2429 Ac
2331 2379 2515 2445 primo
2548 2395 2557 2429 2
2589 2374 2833 2429 vidimus
2881 2376 3077 2430 deesse
3109 2374 3319 2431 Nicetes
3349 2377 3665 2430 mentionem
3689 2375 3743 2428 ad

2152 2447 2301 2519 diem
2324 2463 2359 2500 x
2385 2448 2500 2500 kal.
2528 2446 2659 2500 Julii
2689 2449 2742 2499 in
2773 2446 3154 2519 vetustissimo
3190 2446 3614 2519 Hieronymiauo
3635 2447 3743 2500 Mar-

2152 2518 2454 2587 tyrologio,
2490 2534 2591 2571 nec
2622 2534 2734 2571 non
2768 2522 2824 2572 et
2848 2533 2902 2570 in
2920 2517 3046 2571 aliis
3071 2534 3198 2587 qua:
3231 2517 3466 2573 subinde
3492 2518 3744 2588 generatim

2151 2588 2453 2643 citavimus
2505 2605 2571 2643 ex
2602 2593 2757 2642 tomo
2802 2589 2868 2643 III
2902 2589 3172 2643 'l‘hesauri
3225 2590 3358 2643 novi
3387 2592 3745 2644 Ancedotorum

2153 2659 2408 2715 Martenii
2440 2664 2495 2713 et
2527 2659 2778 2732 Durandi
2813 2659 3063 2732 {quibus
3094 2676 3248 2713 nunc
3302 2661 3539 2732 adjicere
3566 2675 3747 2732 equum

2153 2735 2259 2794 est,
2292 2737 2349 2784 et
2380 2731 2549 2785 Beda;
2579 2730 3045 2800 Martyrologium
3076 2729 3392 2800 genuinum
3429 2749 3548 2785 cum
3576 2729 3749 2784 addita-

2155 2802 2365 2856 mentis
2396 2802 2543 2855 Flori
2599 2801 2824 2855 diaconi
2881 2801 3149 2855 distincto
3206 2803 3522 2857 cliarectere
3556 2801 3745 2863 excusis,

2155 2875 2306 2943 apud
2330 2873 2642 2944 rAgiologos
2673 2872 3075 2944 Bollandianos
3110 2880 3269 2927 tomo
3301 2875 3345 2927 II
3368 2872 3545 2928 Martii
3572 2889 3582 2936 ;
3608 2878 3655 2927 et
3672 2873 3750 2925 Ra-

2157 2944 2288 2998 bani
2322 2943 2815 3023 Martyrologium,
2844 2944 2996 3023 quod
3025 2944 3273 3023 habetur
3300 2946 3355 3023 in
3385 2947 3643 3023 Thesauro
3664 2943 3751 3022 illo-

2158 3020 2589 3079 numentorum,
2610 3014 2724 3069 sive
2744 3016 2889 3068 inter
2922 3016 3212 3069 Lectiones
3234 3016 3499 3086 antiquas
3514 3014 3750 3071 Canisiiex

2157 3086 2406 3140 editione
2443 3086 2724 3156 Basnagii,
2775 3090 2956 3157 tomo
2993 3087 3056 3151 II,
3093 3091 3257 3156 parte
3288 3104 3344 3151 ii,
3387 3104 3510 3157 pag.
3564 3088 3753 3149 3l4;et

2160 3157 2563 3211 Wandalbcrti
2594 3156 3061 3227 Martyrologium
3093 3156 3417 3222 metricum,
3449 3156 3586 3227 quod
3610 3158 3753 3210 exstat

2157 3228 2214 3281 in
2247 3226 2546 3300 Spicilegio
2599 3226 2875 3300 Daclierii,
2912 3226 3069 3282 tomo
3128 3229 3170 3279 V
3201 3230 3407 3300 prima;
3437 3226 3688 3293 editionis,
3715 3230 3753 3279 et

2157 3303 2307 3352 torno
2323 3299 2386 3363 ΙΙ,
2413 3316 2539 3368 pag.
2560 3299 2624 3352 40
2640 3298 2905 3353 editionis
2921 3300 3178 3354 secundas
3198 3298 3462 3366 in-l’olio;
3488 3317 3579 3354 nec
3603 3314 3695 3352 non
3715 3303 3755 3349 et

2158 3316 2307 3352 iomo
2323 3316 2386 3363 ii,
2413 3316 2539 3421 pag.
2560 3316 2624 3352 su
2640 3316 2905 3353 editionis
2921 3316 3178 3354 secundas
3198 3316 3462 3366 in-iouo;
3488 3317 3579 3354 nec
3603 3316 3695 3352 non
3715 3316 3752 3349 ei

2158 3371 2409 3439 Marter
2438 3369 2625 3440 ogium
2654 3371 2977 3424 Romanum
2999 3377 3154 3424 vetus
3185 3372 3465 3428 Heriberli
3492 3368 3752 3439 ltosweydi,

2158 3441 2309 3511 quod
2340 3440 2513 3494 videri
2554 3444 2739 3510 potest
2769 3440 2823 3494 in
2864 3441 3050 3496 l’ronte
3077 3442 3293 3497 Adonis
3326 3442 3592 3497 Dominici
3616 3442 3753 3495 Geor-

2156 3512 2232 3583 gii
2248 3531 2263 3579 ;
2280 3511 3030 3583 sicutetiamMartyrologia
3051 3512 3164 3566 alia
3187 3515 3329 3581 duo,
3352 3521 3406 3569 et
3430 3512 3753 3583 vetustissima

2159 3582 2315 3648 sane,
2350 3582 2626 3636 Fuldense
2642 3582 2875 3647 scilicet,
2896 3589 3064 3653 atque
3082 3584 3666 3655 Ottobonianum,quae
3686 3582 3756 3635 lia-

2160 3656 2365 3709 bentur
2394 3655 2542 3723 apud
2574 3657 2841 3708 eumdem
2875 3658 3176 3725 Georgium
3208 3656 3425 3711 ibidem
3452 3658 3506 3710 in
3536 3657 3634 3710 ﬁne
3652 3668 3755 3725 ope:

2159 3725 2254 3798 ris.
2286 3726 2341 3778 In
2368 3721 2455 3798 his
2477 3721 3091 3798 autemMartyrolog‘is
3117 3728 3407 3796 omnibus,
3429 3728 3483 3781 in
3510 3721 3756 3798 quibus‘ad

2161 3794 2312 3851 diem
2341 3813 2377 3851 x
2408 3796 2525 3850 kal.
2577 3796 2705 3850 Julii
2749 3794 2905 3851 deest
2950 3794 3153 3852 Nicetaa
3203 3794 3457 3862 nomen;
3487 3794 3542 3852 iii
3576 3798 3666 3859 his,
3699 3794 3758 3847 in-

2160 3884 2356 3937 quam,
2385 3866 2671 3940 omnibus,
2705 3871 2803 3921 aut
2833 3868 2953 3940 fere
2991 3869 3259 3940 omnibus
3292 3866 3580 3940 (quoniam
3603 3879 3756 3922 eorum

2161 3955 2339 3992 unum
2372 3949 2467 3992 aut
2492 3938 2756 4011 alterum,
2792 3938 3269 4011 bibliothecarum
3301 3938 3665 4011 quarumdam
3691 3952 3759 4011 uo-

2160 4014 2411 4063 strarum
2444 4008 2786 4080 nuperrimis
2809 4008 3022 4064 vicibus
3052 4011 3106 4065 id
3135 4008 3679 4077 vetantibus,iterato
3704 4009 3764 4061 in-

2162 4080 2376 4151 spicere
2405 4098 2518 4135 non
2549 4080 2727 4150 licuit)
2758 4081 2972 4135 mentio
3012 4083 3215 4136 eadem
3264 4084 3357 4138 die
3408 4085 3633 4139 habetur
3659 4082 3761 4133 Pau-

2162 4152 2262 4207 lini
2294 4151 2534 4225 Nolani;
2568 4151 2653 4225 ita
2682 4156 2741 4205 ut
2765 4154 2976 4225 absque
3016 4156 3224 4225 erroris
3264 4155 3513 4225 periculo
3559 4163 3761 4225 asserere

2162 4223 2695 4297 possimus,__0i_nn_ia
2720 4223 2952 4297 quidem
2984 4223 3391 4297 Martyrologia
3417 4243 3535 4297 qua:
3559 4227 3623 4280 ad
3646 4223 3760 4297 diem

2160 4292 2197 4367 ξ
2223 4294 2340 4348 kal.
2373 4292 2504 4367 Julii
2545 4292 2757 4348 habent
2785 4294 3061 4367 Nicetam,
3096 4292 3324 4352 habere
3342 4292 3561 4367 quoque
3592 4300 3641 4349 et
3662 4295 3761 4367 Pau-

2160 4363 2337 4419 linum
2364 4365 2646 4419 Nolanum
2673 4381 2687 4430 ;
2714 4382 2824 4419 non
2846 4366 3041 4421 omnia
3063 4384 3215 4433 vero,
3239 4363 3425 4423 immo
3453 4363 3585 4423 bene
3604 4364 3762 4423 multa,

2084 4421 2126 4479 D
2158 4453 2285 4507 quae
2319 4436 2528 4491 habent
2573 4421 2872 4490 Paulinum
2911 4421 3214 4504 Nolanum,
3264 4421 3621 4495 non-habere
3644 4421 3765 4490 Nice¥

2159 4506 2277 4581 tam
2312 4524 2323 4562 :
2358 4523 2425 4581 ex
2451 4524 2561 4581 quo
2592 4506 2756 4562 facile
2786 4508 3141 4581 conjicimus,
3174 4511 3392 4566 Nicetaa
3423 4526 3640 4573 nomen,
3666 4507 3762 4559 licet

2161 4576 2483 4652 antiquitus
2530 4578 2807 4652 insertum
2860 4576 3277 4652 Martyrologiis
3328 4582 3499 4637 fuerit
3536 4589 3588 4636 ut
3628 4590 3763 4652 supra

2159 4648 2627 4721 conjectavimus,
2676 4650 2862 4704 locum
2912 4648 3286 4706 nihilominus
3325 4654 3602 4715 habuisse,
3633 4648 3761 4703 unius

2160 4721 2365 4795 saltem
2389 4720 2806 4795 mtatis_spatio,
2840 4728 2940 4776 aut
2967 4720 3142 4776 etiam
3173 4723 3399 4795 integro
3429 4723 3643 4784 saeculo,
3665 4723 3762 4791 post

2161 4790 2457 4845 Paulinum
2498 4790 2802 4847 Nolanum.
2825 4796 2965 4849 Cum
2995 4798 3187 4849 autem
3208 4790 3387 4849 coévi
3415 4794 3614 4851 fuerint
3629 4790 3763 4859 atque

2161 4861 2414 4917 amicitia
2442 4864 2731 4933 coniuncti
2763 4866 2875 4918 duo
2907 4865 2984 4919 illi
3008 4866 3188 4919 sancti
3218 4866 3342 4930 viri,
3379 4866 3597 4921 Nicetas
3620 4868 3761 4933 Dacus

2158 4931 2606 5007 atquePaulinus
2637 4935 2906 5007 Nolanus,
2930 4953 3175 5007 quorum
3201 4941 3381 4992 etiam
3413 4939 3553 4992 alter
3571 4931 3762 5007 alterius

2157 5003 2446 5077 sanctitati
2477 5005 2865 5060 te:timonium
2892 5003 3137 5077 praebet;
3168 5009 3316 5063 alter
3350 5010 3475 5064 sine
3513 5009 3690 5069 altero,
3719 5006 3762 5055 ul

2156 5075 2464 5131 verisimile
2495 5077 2658 5131 valde
2698 5075 2938 5139 videtur,
2973 5078 3028 5132 in
3061 5080 3309 5134 Ecclesia
3340 5087 3509 5134 notus
3536 5094 3646 5135 esse
3670 5087 3758 5128 non

2157 5154 2394 5223 poterat,
2428 5146 2667 5218 ideoque
2693 5152 2838 5203 alter
2867 5149 2988 5223 sine
3011 5151 3188 5205 altero
3218 5151 3629 5223 Martyrologiis
3651 5145 3761 5201 infe-

2152 5220 2361 5293 rendus
2390 5235 2502 5293 non
2534 5224 2707 5293 erat:
2738 5226 2840 5293 aut
2863 5222 2906 5274 si
2934 5222 3079 5276 alter
3126 5220 3389 5277 alterum'
3405 5220 3691 5293 praecedere
3715 5230 3754 5293 tn

2150 5290 2257 5365 hac
2288 5290 2521 5365 honoris
2543 5290 2957 5365 signiﬁcatione
2973 5294 3273 5365 debuisset.
3300 5288 3525 5349 Nicetes
3544 5288 3754 5365 profecto

2150 5362 2331 5415 Dacus
2362 5360 2455 5431 qui
2488 5366 2637 5436 ante
2659 5362 3149 5436 Paulinumobiit,
3176 5363 3253 5418 uti
3280 5368 3466 5436 capite
3491 5368 3523 5418 3
3544 5360 3754 5436 ostendi-

2149 5450 2296 5493 mus,
2318 5428 2451 5506 ante
2484 5433 2786 5506 Paulinum
2812 5432 3043 5506 inscribi
3064 5428 3749 5506 debuerat'MartyrologiiSt

2147 5520 2245 5575 seu
2304 5503 2489 5575 potius
2541 5504 2935 5559 ecclesiasticis
2985 5506 3208 5572 tabulis,
3268 5508 3421 5561 unde
3464 5502 3750 5575 Martyrolo-

2144 5574 2234 5700 gia
2269 5592 2383 5629 non
2430 5575 2607 5630 multo
2642 5580 2766 5646 post
2809 5576 3141 5659 Hieronymi
3186 5582 3443 5659 aetatem,
3480 5583 3535 5633 ut
3574 5574 3749 5628 dictum

2171 5650 2271 5700 uit.
2312 5651 2502 5700 ortum
2534 5646 2812 5700 habuere:
2846 5654 3016 5700 atque
3047 5650 3276 5700 inscribi
3318 5651 3518 5700 saltem
3549 5642 3749 5700 debebat

2171 5646 2502 5720 uit,_o_rt_um
2534 5642 3276 5720 hab'uere;_atque'inscribi
3318 5651 3518 5705 saltem
3549 5642 3750 5720 debebat

2144 5716 2363 5771 Paulini
2393 5716 2568 5787 ipsius
2595 5712 2911 5789 superstitis
2926 5712 3135 5793 'opera,
3158 5719 3251 5792 qui
3285 5726 3406 5778 tam
3433 5712 3749 5778 eﬂususinil-
