4004 6182
297 309 452 447 1{073

299 516 357 592 ut
374 514 901 592 con_stat,in_se_rt_um
920 516 1338 592 Martyrologiis
1360 514 1469 575 fuit
1482 522 1693 577 Nicetae
1710 514 1941 592 nomen,

302 585 415 663 iam
447 586 668 641 Nicetas
686 586 775 663 hic
796 587 992 642 haberi
1016 585 1127 644 non
1156 585 1317 660 posse
1340 593 1562 647 videtur
1597 611 1694 663 pro
1725 585 1939 661 Nicetai

347 673 580 732 acorum
612 657 895 732 episcopo,
930 665 985 713 et
1016 657 1196 716 sancti
1220 664 1438 719 Paulini
1474 657 1677 719 Nolani
1731 657 1938 732 amico,

297 728 571 807 quamvis
586 729 705 807 sub
729 731 931 807 eadem
954 731 1171 807 die‘b‘oc
1188 751 1399 807 nomen
1428 736 1697 790 insertum
1734 728 1942 807 Marty-l

296 799 526 883 roiogiis
546 798 715 883 fuerit
744 816 754 854 :
786 801 1025 883 ideoque
1050 803 1274 883 Nicetes
1301 806 1445 860 alter
1473 809 1811 883 censendus
1833 798 1937 869 est.

297 870 389 940 qui
414 871 485 924 ad
508 870 1088 947 sanctuniPaulinum
1109 876 1393 930 Nolanum
1419 878 1658 932 minime
1673 880 1935 947 pertinet;

298 957 361 995 ac
393 946 690 1018 prop_tere_a
716 943 939 1018 Nicetas
970 951 1167 1001 noster
1197 948 1589 1015 Aquileiensis.
1619 943 1710 1018 qui
1764 952 1939 1005 etiam

297 1016 493 1091 sancto
524 1012 758 1091 Paulino
806 1014 1024 1069 Nolano
1057 1012 1335 1091 posterior
1364 1025 1527 1074 aetate
1559 1012 1681 1085 fuit,
1740 1027 1795 1075 et
1842 1039 1941 1091 pro

296 1100 406 1152 quo
429 1088 585 1158 stant
606 1088 688 1138 tot
710 1093 1050 1154 argumenta
1091 1107 1213 1158 quas
1246 1090 1301 1143 in
1354 1096 1711 1146 antecessum
1753 1088 1941 1147 attuli-

296 1155 1044 1230 mus_Pr_aaterea_quo_modo
1062 1155 1286 1229 ignotus
1311 1162 1566 1230 praeferri
1590 1168 1772 1230 potest
1793 1182 1943 1218 mar-

297 1225 798 1303 iyrologisnatalis
821 1225 1114 1303 diesillius
1140 1225 1550 1303 Niceti-nauem
1576 1225 1809 1288 Paulino
1837 1237 1944 1289 No-

295 1295 425 1375 lano
464 1296 902 1375 addiderunt_ad
930 1302 1083 1375 diem
1118 1320 1155 1375 7x
1178 1304 1297 1360 kal.
1319 1295 1444 1358 Jul-ii
1463 1322 1590 1360 cum
1612 1307 1944 1375 Martyrolo-

293 1367 388 1448 gia
410 1384 519 1422 non
550 1371 931 1448 pauca_,etiam
950 1374 1157 1448 anobis
1172 1375 1227 1428 in
1249 1375 1591 1430 testimoniis
1613 1367 1943 1446 relataquze

294 1438 445 1493 illius
476 1440 804 1517 eadem_die
832 1444 1239 1507 meminerunt.
1269 1452 1325 1500 et
1352 1464 1547 1501 eorum
1601 1448 1791 1517 aliqua
1827 1438 1942 1502 ma-

292 1526 416 1588 gna:
428 1512 985 1588 vetustatismecinon
1002 1520 1057 1571 et
1071 1518 1121 1585 2
1134 1518 1245 1586 22
1264 1523 1557 1573 auctorum
1575 1512 1722 1573 inter
1737 1525 1940 1588 marty-

291 1581 518 1657 rologos
547 1582 683 1657 clari
718 1586 986 1643 nominis.
1008 1581 1244 1657 ιηᾞῖῐῖ
1263 1590 1495 1652 Adonis,
1530 1591 1790 1651 Usuardi,
1809 1581 1942 1645 Not-

292 1652 414 1706 keri
440 1671 453 1719 ;
484 1669 633 1718 cum,
664 1654 919 1728 inquam,
943 1652 1353 1728 Martj'rologia
1380 1660 1499 1714 haec
1525 1661 1937 1728 depositionem

289 1739 553 1802 expresse
571 1726 897 1802 notaverint
936 1726 1327 1802 illius-Niceti}:
1357 1732 1519 1802 cujus
1548 1726 1943 1786 m‘eminebant

1014 312 1077 375 P.
1124 312 1418 379 BRAIDE
1459 316 1931 381 DISSERTATIO
1971 312 2046 377 IN
2088 315 2150 377 S.
2196 314 2545 379 NICE‘I'AM.
2572 346 2651 362 —
2680 314 2842 379 CAP.
2887 315 3037 379 VIII.

320 441 404 521 ius
430 440 666 521 viventis
695 439 893 521 laudes
920 442 1130 521 fuerat.
1165 448 1324 521 Quod
1365 448 1410 504 si
1454 454 1581 521 post
1620 450 1939 519 Paulinum,
1975 452 2021 512 Α
2052 452 2445 521 proposuerat,
2481 448 2559 504 uti
2614 462 2687 521 ex
2711 448 2826 521 suis
2876 448 3101 503 Litteris
3132 442 3469 521 Apostolicis
3525 448 3635 507 diei
3671 452 3697 506 1

3547 316 3704 381 1075.

2053 518 2182 573 Julii
2208 520 2693 593 t748,num.i2.ad
2724 520 3007 575 Joannem
3035 522 3079 574 V
3100 518 3461 593 Portugalliae
3485 539 3703 589 regem;

2055 596 2114 643 ut
2136 606 2252 660 qua:
2270 599 2383 661 post
2430 592 2703 660 evulgatus
2722 598 3074 646 correctionem
3098 592 3492 661 superuacanea
3524 611 3706 648 occur-

2054 670 2208 723 runt,
2242 667 2586 729 resecentur;
2618 680 2733 734 quae
2756 680 2878 734 vero
2907 664 3181 734 deﬁciunt,
3214 666 3662 733 superaddantur
3683 679 3705 730 ,ο

2057 738 2223 802 prout
2253 734 2426 788 etiam
2458 733 2653 789 multis
2684 734 2739 788 in
2768 733 2905 787 locis
2948 733 3161 788 factum
3198 734 3371 790 fuisse
3415 737 3701 799 novimus,

2055 809 2110 858 et
2174 821 2284 858 non
2342 806 2464 860 sine
2516 822 2706 859 rerum
2768 810 2995 859 matura
3064 805 3543 872 consideratione,
3620 806 3700 861 uti

2056 891 2121 928 ex
2176 876 2389 930 eisdem
2450 877 2676 931 Litteris
2730 876 3065 948 Apostolicis
3118 876 3514 948 intelligimus.
3557 878 3703 942 Quid

2058 962 2189 1000 vero
2220 948 2393 1019 223
2427 953 2615 1001 actum
2672 947 2776 1001 fuit
2802 949 2871 1002 de
2911 948 3118 1002 Niceten
3162 948 3216 1001 in
3256 948 3423 1003 Dacia
3455 949 3700 1019 episcopi

2058 1018 2336 1072 memoria
2370 1020 2438 1071 ad
2467 1020 2615 1072 diem
2645 1020 2675 1072 7
2707 1018 2985 1081 Januarii,
3017 1035 3186 1088 quam
3218 1019 3435 1089 primus
3501 1019 3554 1073 in
3592 1018 3702 1073 Ro-

2058 1106 2293 1142 manum
2354 1090 2820 1159 Martyrologium
2873 1089 3063 1143 intulit
3094 1090 3410 1148 Baronius:
3444 1108 3700 1160 qumque,

2050 1160 2215 1229 juxta
2248 1161 2573 1215 criticorum
2607 1160 3064 1232 adversariorum
3123 1161 3351 1232 placita.
3392 1178 3707 1232 supervaca-

2058 1248 2156 1282 nea
2188 1239 2333 1285 certe
2357 1235 2616 1288 occurrit.
2672 1248 2800 1285 cum
2824 1230 3079 1286 sufﬁcere
3102 1230 3389 1287 debuisset
3418 1230 3577 1286 vetus
3604 1232 3703 1286 illa

2059 1317 2185 1369 quae
2219 1302 2458 1357 habetur
2478 1304 2549 1357 ad
2573 1304 2723 1356 diem
2758 1321 2787 1357 x
2821 1303 2936 1357 kal.
2963 1302 3092 1356 Julii
3120 1304 3221 1356 sub
3249 1304 3480 1358 nomine
3504 1304 3707 1359 Niceta;

2057 1378 2156 1424 aut
2184 1372 2383 1435 Niceee,
2420 1376 2775 1454 Romatianm
2810 1374 3055 1454 civitatis
3087 1374 3498 1454 episcopi.hqui‘
3528 1374 3704 1454 "idem

2059 1460 2286 1512 prorsus
2308 1450 2391 1497 est
2422 1462 2487 1498 ac
2520 1445 2740 1499 Nicetes
2761 1446 2817 1498 in
2848 1445 3019 1498 Dacia
3046 1444 3339 1514 episcopus
3358 1444 3385 1498 7
3414 1445 3560 1497 Nihil
3587 1462 3707 1499 om-

2058 1514 2228 1587 nino;
2271 1520 2329 1587 ut
2355 1515 2484 1570 inde
2518 1514 2929 1587 intelligamus,
2987 1514 3126 1569 nihil
3174 1518 3585 1587 supervacanez'r
3622 1532 3708 1569 sa-

2058 1585 2476 1668 pientissimum
2512 1585 2839 1668 pontificem
2856 1586 3295 1668 deprehendisse
3310 1586 3364 1640 in
3385 1586 3711 1668 Baroniana

2057 1656 2350 1727 additione
2376 1657 2649 1712 Nicetaain
2672 1658 2838 1711 Dacia
2862 1656 3107 1727 episcopi
3133 1658 3203 1711 ad
3240 1658 3391 1712 diem
3427 1660 3455 1711 Ἰ
3500 1659 3710 1712 Janua-

2154 1744 2166 1789 ;
2197 1728 2452 1797 ideoque,
2483 1746 2545 1783 ex
2589 1729 2739 1809 illius
2766 1726 2989 1798 quoque
3020 1726 3325 1809 seuieniia,
3360 1728 3549 1809 aliunl
3586 1746 3709 1809 esse

291 1793 349 1847 id
380 1799 463 1847 est
486 1795 636 1850 diem
654 1798 933 1873 decessus,
960 1817 1071 1869 quo
1088 1801 1347 1871 deposito
1369 1793 1604 1872 cdrpore
1626 1803 1855 1873 spiritus
1870 1806 1941 1859 ad
1976 1812 2017 1869 Β
2054 1793 2623 1873 Νἱρθίᾳῐη.ἰ)θοοι·υω
2648 1793 3171 1873 episcoplimauiin
3209 1801 3485 1873 39018119
3506 1801 3709 1869 Marty-

288 1881 526 1921 suneros
556 1867 850 1921 evolavit?

406 1936 471 1990 ed
487 1953 680 2014 neque
699 1939 865 2014 tertio
894 1939 1016 1994 loco
1044 1940 1277 2014 ferenda
1296 1944 1609 1998 estarbitrii
1639 1945 1942 2014 imputatio
1972 1958 1981 1963 '

289 2007 537 2085 Baronio
573 2009 722 2063 facta
739 2010 807 2085 _in
839 2012 1080 2085 Romani
1104 2015 1483 2085 Martyrologii
1515 2007 1939 2073 emendatione.

287 2094 386 2154 seu
412 2080 597 2154 po_tius
620 2081 1012 2154 restitutione;
1047 2086 1194 2153 quod
1221 2080 1338 2154 ipse
1356 2080 1613 2139 omnium
1636 2087 1850 2154 primus
1868 2090 1941 2142 ad

285 2148 439 2202 diem
473 2151 779 2205 7Jauuarii
816 2148 1155 2208 memoriam
1183 2148 1483 2211 inseruerit
1508 2148 1802 2216 Nicetmjn
1830 2163 1937 2212 Da-

284 2219 375 2299 cia
403 2220 672 2299 episcopi,
705 2223 797 2299 qui
824 2225 991 2299 juxta
1030 2225 1178 2299 illos,
1214 2243 1329 2299 non,
1359 2227 1626 2288 alius,sed
1652 2228 1800 2283 idem
1824 2230 1940 2299 ipse

283 2295 371 2368 est
402 2308 466 2368 ac
488 2293 1097 2368 Nicetasiﬂomatiame
1121 2298 1366 2351 civitatis
1386 2298 1703 2368 episcopus.
1729 2300 1823 2368 qui
1848 2293 1941 2354 so-

283 2360 374 2415 lus
396 2363 468 2439 ad
498 2364 701 2439 diemx
729 2366 851 2439 kal.
878 2367 1007 2439 Julii
1028 2368 1081 2421 in
1106 2369 1371 2422 omnibus
1393 2360 1811 2439 Martyrologiis
1840 2374 1940 2425 Ba-

280 2433 528 2511 roniano
545 2437 962 2511 antiquioribus
985 2438 1175 2511 locum
1207 2439 1395 2495 habet.
1418 2433 1669 2511 Scopum
1694 2433 1936 2497 instituti

278 2503 388 2581 sui.
424 2521 520 2581 seu
550 2503 735 2575 potius
763 2510 1036 2581 Romanae
1060 2510 1343 2569 Ecclesiae.
1369 2511 1424 2565 in
1455 2503 1734 2581 eo'opere.
1769 2516 1933 2569 Baro-

279 2574 409 2649 nius
464 2574 583 2649 ipse
644 2578 868 2649 aperuit
905 2581 1089 2649 capite
1119 2582 1150 2635 8
1187 2583 1545 2637 tractationis
1574 2574 1643 2638 de
1675 2586 1935 2640 Romano

282 2645 729 2722 Martyroiogio;
772 2650 945 2722 fuisse
976 2645 1201 2722 nempe,
1236 2671 1339 2707 non
1366 2672 1557 2708 novum
1606 2657 1935 2711 conscribere

278 2717 757 2795 Martyrologium,
810 2721 899 2774 sed
955 2717 1189 2795 vetus'ea:
1235 2725 1497 2778 veteribus
1542 2727 1935 2795 exemplaribus

275 2791 845 2866 restituere._Necesse
876 2797 961 2846 est
993 2794 1164 2863 igitur
1195 2795 1508 2849 Baronium
1539 2791 1797 2866 aliosque
1823 2798 1930 2851 lec-

276 2859 532 2915 tissimos
572 2859 1044 2928 doctissimosque
1092 2865 1241 2919 viros
1272 2867 1355 2920 sui
1389 2866 1601 2921 laboris
1628 2859 1829 2928 socios.
1862 2887 1927 2925 ex

271 2931 558 3009 leteribus
585 2950 720 3009 mss.
752 2931 1171 3009 exemplaribus
1212 2937 1768 3009 Martyrologiorum,
1803 2957 1927 3009 quae

272 3001 474 3079 Bomte
495 3005 816 3079 exstabant,
838 3001 1075 3075 quaeque
1089 3007 1207 3076 ipse
1221 3001 1551 3063 consuleret
1566 3009 1619 3063 in
1636 3001 1804 3079 opere
1818 3001 1925 3066 sibi

270 3074 643 3151 demandato,
672 3075 916 3151 maxime
944 3074 1134 3151 autem
1164 3096 1231 3133 ex
1260 3096 1328 3133 eo
1364 3080 1619 3141 fortasse,
1648 3074 1795 3151 quod
1826 3083 1925 3137 ibi-

2054 1869 2272 1940 rologio
2312 1876 2635 1924 recensetur
2674 1870 2765 1924 die
2789 1872 2820 1924 7
2850 1870 3190 1929 Januarii.et
3216 1870 3392 1923 alium
3421 1870 3704 1938 Nicetam,

2054 1939 2380 2012 episCOpum
2402 1940 2651 1994 civitatis
2676 1941 3219 2012 Romatianasxujus
3246 1940 3527 2012 memoria
3549 1958 3706 2012 reco-

2055 2010 2188 2093 iitur
2216 2028 2246 2091 x
2320 2011 2406 2092 aL.
2427 2012 2556 2093 Julii
2590 2028 2602 2075 ;
2636 2010 2907 2093 quidquid
2946 2010 3347 2093 secus-opinati
3373 2011 3581 2093 iuerint
3603 2011 3709 2093 cri-

2053 2081 2145 2134 tici
2181 2082 2408 2151 viri,qui
2444 2082 2675 2139 Baronii
2708 2081 3036 2151 opinionem
3071 2083 3243 2135 etiam
3280 2098 3345 2136 ex
3384 2082 3489 2136 hoc
3519 2083 3704 2152 capite

2054 2159 2479 2224 oppugnarunt.
2502 2156 2637 2207 Cum
2658 2170 2826 2224 porro
2858 2152 3259 2208 confundenda
3280 2169 3390 2207 non
3408 2155 3480 2207 sit
3498 2154 3705 2208 horum

2052 2223 2294 2277 duorum
2324 2224 2650 2279 Nicetarum
2680 2225 2983 2287 memoria,
3014 2240 3077 2277 ac
3120 2228 3425 2295 propterea
3480 2224 3706 2279 Nicetas

2055 2295 2428 2349 Romatianus
2461 2296 2572 2349 diei
2604 2314 2635 2348 x
2668 2296 2781 2349 kal.
2818 2295 2947 2349 Julii
2979 2296 3121 2347 alius
3151 2295 3285 2347 sita
3319 2294 3513 2349 Niceta
3556 2296 3703 2350 Daco

2051 2364 2160 2446 diei
2214 2367 2245 2419 7
2267 2437 2276 2446 .
2298 2366 2549 2446 Januarii
2584 2383 2593 2421 :
2625 2382 2868 2446 eumque
2891 2364 3121 2446 Nicetas-
3147 2365 3702 2446 Domatianus,‘siv'e

2053 2436 2411 2490 Romatianae
2443 2438 2686 2491 civitatis
2711 2436 3026 2505 episcopus,
3058 2436 3129 2488 sit
3158 2436 3330 2489 dubio
3379 2436 3574 2504 procul
3610 2438 3701 2490 Ni-

2050 2511 2204 2560 cetas
2248 2508 2544 2577 cpiscopus
2598 2506 2994 2577 Aquileiensis,
3025 2508 3103 2559 uti
3137 2523 3239 2560 suo
3272 2506 3393 2559 loco
3418 2507 3703 2563 uberrime

2050 2577 2265 2631 dictum
2298 2578 2439 2641 fuit;
2477 2580 2593 2645 iam
2619 2578 3041 2649 Martyrologia,
3069 2593 3179 2649 seu,
3216 2577 3527 2649 vetustiora
3572 2596 3702 2649 quas

2051 2650 2119 2700 ad
2153 2649 2305 2701 diem
2336 2666 2365 2702 x
2390 2650 2503 2703 kal.
2534 2649 2664 2702 Julii
2698 2649 2910 2703 Niceten
2937 2648 3183 2716 episcopi
3230 2648 3562 2717 simpliciter
3586 2648 3703 2704 me-

2051 2718 2361 2781 minerunt,
2387 2737 2481 2773 seu
2518 2720 2830 2789 posteriora
2856 2736 2983 2789 quae
3016 2719 3086 2771 ad
3113 2719 3379 2772 eamdem
3425 2720 3577 2772 diem
3610 2720 3701 2773 Ni-

2045 2794 2229 2842 cetam
2265 2790 2477 2843 habent
2503 2790 2831 2859 episcopum
2852 2789 3095 2843 civitatis
3120 2789 3501 2859 Romatianze,
3532 2795 3589 2844 et
3618 2790 3697 2845 ita

2045 2859 2213 2929 hujus
2244 2862 2451 2915 Nici-ta;
2484 2858 2807 2915 Romatiani
2841 2858 3127 2914 sanctitati
3160 2860 3549 2915 testimonium
3577 2879 3697 2930 pcr-

2042 2931 2257 2991 bibent.
2292 2932 2611 2985 sanctitatis
2654 2932 2843 3000 utique
2866 2930 3072 2985 Nicetis
3110 2931 3287 2985 nostri
3323 2931 3695 3003 Aquileiensis

2042 3002 2446 3071 probatissima
2472 3008 2811 3073 argumenta
2840 3008 2991 3067 sunt,
3042 3006 3206 3074 prout
3250 3002 3417 3058 antea
3462 3005 3693 3059 notaba-

2040 3090 2184 3127 IDUS.

269 3144 401 3217 dem
428 3145 708 3217 nominat,
740 3147 1145 3217 Martyrologio
1180 3168 1286 3204 ms.
1322 3152 1580 3207 Ecclesia;
1610 3143 1918 3217 Vaticana);
1956 3152 1999 3211 ο
2108 3146 2319 3199 Nicetes
2335 3149 2526 3199 autem
2549 3144 2724 3217 nostri
2754 3143 3029 3198 sanctitas
3049 3143 3207 3217 nulla
3236 3160 3305 3198 ne
3340 3144 3450 3217 alia
3468 3145 3691 3217 ratione

266 3214 475 3283 ipsum,
510 3215 765 3285 inquam,
803 3214 1032 3273 necesse
1057 3214 1155 3274 est
1196 3221 1451 3277 hausisse
1478 3228 1534 3277 et
1564 3224 1807 3278 duorum
1829 3214 1920 3279 Ni;

264 3289 525 3363 cetarum
554 3288 875 3349 nomina.et
904 3290 1198 3363 distinctos
1230 3308 1421 3346 eorum
1452 3295 1828 3363 episcopatus.
1864 3301 1921 3351 et

262 3356 518 3427 diversos
553 3375 777 3427 quoque
809 3361 1100 3415 natalitios
1132 3363 1271 3426 dies,
1309 3368 1370 3417 ut
1400 3356 1595 3419 relicto
1631 3356 1918 3422 Romatia-

261 3426 425 3506 nensi
462 3430 533 3481 ad
565 3426 717 3483 diem
751 3448 785 3506 x_
817 3432 933 3506 kal.
963 3432 1118 3493 Julii.
1155 3434 1330 3506 alium
1368 3435 1550 3490 Daciae
1587 3437 1915 3506 episcopum

261 3498 653 3577 nominatum,
684 3517 749 3554 ac
769 3502 1142 3577 barbararum
1173 3504 1538 3575 ferarumque
1560 3498 1761 3562 ibidem
1781 3498 1913 3577 gen-

260 3568 406 3623 tium
438 3570 842 3647 institutorem,
882 3574 955 3628 ad
986 3574 1136 3647 diem
1168 3577 1199 3629 7
1221 3568 1477 3630 Januarii
1509 3595 1623 3632 non
1659 3568 1913 3647 tamupri-

258 3656 391 3713 mus
420 3641 925 3712 collocaret,quam
952 3646 1137 3713 potius
1160 3647 1494 3701 restitueret.
1533 3652 1612 3702 Ita
1636 3641 1909 3704 nimirum

257 3711 330 3765 de
368 3716 555 3799 tantm
578 3711 883 3799 “religionis
916 3711 984 3799 ab
1007 3718 1281 3797 doctrinae
1312 3718 1451 3778 viro.
1484 3720 1719 3799 ejusque
1745 3722 1910 3799 sociis

258 3783 641 3856 peritissimis,
672 3784 925 3856 cogitare
959 3785 1045 3841 fas
1076 3792 1160 3840 est
1192 3788 1246 3841 in
1281 3805 1339 3843 re
1388 3783 1531 3842 tanti
1584 3783 1859 3845 momenti
1892 3809 1904 3856 ;

254 3853 487 3931 etiamsi
521 3854 834 3931 p_ro__nihil_o_
868 3874 1098 3931 prorsus
1130 3859 1391 3931 habenda
1420 3865 1608 3914 essent
1637 3879 1762 3930 quae
1788 3853 1906 3931 ipse

250 3941 324 4044 ξ)
366 3929 455 3978 tea
484 3926 586 3979 sub
602 3926 758 3979 Sixto
786 3928 851 3991 V,
885 3927 941 3981 in
977 3929 1363 3984 natationibus
1396 3931 1466 3984 ad
1498 3926 1903 3987 Romatianum

250 3994 485 4044 r‘lceam
520 4013 612 4044 seu
636 3997 909 4044 Nicetam-
944 3999 1341 4044 illnetratinniq
1367 4002 1544 4044 gratia
1578 4008 1627 4044 ot
1660 4020 1769 4044 nnn
1791 4004 1898 4044 alia

250 3994 485 4049 Niceam
520 4013 612 4071 seu
636 3997 910 4071 i‘iicetam,
944 3999 1341 4055 illustrationis
1365 4002 1633 4071 gratia,et
1658 4020 1771 4057 non
1791 4004 1905 4058 alia

249 4083 429 4142 quam
453 4066 780 4142 privatiscri
795 4070 967 4137 ptoris
983 4072 1340 4131 auctoritate.
1364 4066 1547 4140 posuit
1568 4075 1728 4142 :quia
1749 4080 1900 4141 tunc,

248 4136 443 4255 potius
455 4155 627 4206 quam
653 4136 907 4194 Nicetam
926 4143 1136 4196 Dacum
1153 4143 1259 4197 diei
1275 4144 1306 4196 7
1323 4136 1573 4198 Januarii
1593 4136 1626 4199 εἰ
1646 4136 1901 4200 Romano

250 4234 261 4255 ι
289 4208 663 4255 lartvrnlngin
690 4226 1010 4255 exnnnoprp
1056 4214 1164 4255 alia
1191 4216 1349 4255 carina
1390 4231 1561 4255 mmm
1590 4215 1901 4255 Annilinnn-

249 4208 663 4285 hiartyrologio
690 4226 1031 4285 expungere,
1056 4214 1168 4267 alia
1191 4216 1369 4270 sedes.
1390 4231 1561 4282 quam
1584 4215 1901 4285 Aquilieen-

244 4278 327 4355 sis
363 4296 462 4355 pro
502 4278 961 4355 qua_stamus,'si
994 4300 1083 4337 res
1107 4278 1784 4355 postulareidnquirénda
1816 4304 1899 4342 es-

242 4354 335 4402 set
371 4349 577 4405 Nicetee
609 4353 953 4407 Romatiano
984 4349 1158 4408 diei'x
1190 4356 1307 4409 kal.
1334 4356 1484 4410 Julii.

322 4421 486 4496 Quod
516 4439 647 4476 vero
680 4424 913 4496 demum
939 4442 1038 4494 pro
1064 4427 1383 4481 Baroniana
1408 4427 1651 4480 Romani
1687 4427 1896 4496 Marty-

239 4490 471 4572 rologii
499 4494 918 4572 emendatione.
940 4488 1043 4572 seu
1064 4497 1263 4572 potius
1315 4497 1690 4572 restitutione.
1727 4488 1896 4572 pluri-
1931 4517 1972 4572 ι)
2006 4492 2095 4544 tim
2119 4491 2454 4572 dignitatem
2484 4491 2703 4572 rediret.
2733 4493 2803 4572 at
2825 4492 3049 4572 quanta.
3074 4504 3222 4572 nunc
3267 4488 3474 4572 addere

240 4578 411 4615 mum
449 4563 600 4623 facit.
636 4582 724 4638 eae
756 4571 889 4638 sunt
918 4563 1175 4636 ejusdem
1201 4569 1585 4638 Martyrologii
1618 4563 1894 4623 recensio-

238 4649 531 4707 nes,_quze
562 4636 876 4689 subsecutis
914 4640 1268 4707 temporibus
1299 4636 1786 4694 habitae’fuerunt.
1822 4642 1891 4695 Ut

240 4704 392 4757 nihil
425 4705 682 4759 dicamus
713 4707 781 4760 de
822 4704 1251 4765 accuratissima
1279 4710 1606 4765 recensione
1641 4712 1790 4765 facta
1823 4712 1891 4765 ab

238 4776 479 4847 Urbano
508 4793 657 4847 papa
678 4779 819 4835 Vlll.
845 4779 1039 4833 multis
1070 4783 1260 4835 accitis
1287 4783 1461 4837 etiam
1488 4787 1619 4835 tunc
1641 4782 1893 4835 doctissi-

238 4846 361 4899 mis
392 4863 455 4900 ac
496 4846 854 4913 peritissimis
872 4849 1036 4915 viris;
1082 4858 1141 4906 ut
1168 4853 1304 4906 nihil
1334 4853 1530 4907 itidem
1564 4855 1632 4907 de
1655 4854 1765 4907 alia
1788 4855 1890 4907 sub

238 4916 584 4972 Innocentio
614 4936 754 4989 papa
778 4921 855 4974 Xl
888 4940 899 4987 ;
936 4922 1007 4975 ad
1038 4938 1163 4976 eam
1193 4924 1451 4977 animum
1502 4924 1890 4987 intendamus,

234 5004 422 5064 quam
442 4990 780 5064 novissimus
794 4992 1051 5064 omnium
1077 4994 1310 5061 perfecit
1342 4994 1704 5048 doctissimus
1726 5002 1892 5064 atque

234 5059 669 5114 eruditissimus
690 5062 966 5131 pontifex.
996 5059 1173 5117 immo
1204 5066 1546 5119 eruditorum
1571 5059 1894 5119 doctorum-

233 5131 778 5205 queomnium‘suas
798 5135 981 5205 astatis
999 5140 1055 5189 et
1088 5135 1233 5188 ultra
1278 5136 1440 5190 facile
1474 5136 1750 5205 princeps,
1802 5137 1891 5189 Be-

234 5201 507 5255 nedictus
536 5203 671 5255 XIV.
706 5204 937 5257 Jamdiu
970 5210 1103 5259 tunc
1125 5201 1506 5260 communiter
1553 5201 1702 5260 notae
1766 5211 1896 5259 unt

230 5272 483 5346 eruditis
508 5274 759 5346 plurium
789 5275 1117 5330 criticorum
1140 5278 1887 5346 querelzesuperBaroniuuu

231 5343 517 5411 opinione
534 5344 741 5399 Niceta:
767 5347 1090 5401 Romatiani
1110 5343 1180 5401 ad
1209 5348 1360 5402 diem
1391 5366 1420 5402 x
1446 5343 1558 5401 kal.
1591 5349 1745 5409 Julii,
1794 5365 1895 5403 nec

233 5430 362 5488 non
386 5416 869 5488 superadditione
890 5418 1098 5473 Nicetae
1121 5420 1173 5472 in
1199 5419 1367 5472 Dacia
1388 5420 1630 5488 episcopi
1652 5420 1721 5473 ad
1743 5420 1895 5472 diem

229 5486 267 5538 7
312 5486 589 5559 Januarii.
642 5486 832 5559 Eidem
862 5489 1111 5557 pontiﬁci
1153 5490 1279 5559 jam
1312 5486 1599 5544 dicaverat
1639 5492 1895 5544 Adonem

224 5572 411 5609 suum
436 5556 630 5609 Romae
654 5556 991 5627 impressum
1013 5556 1170 5613 annd
1188 5561 1685 5615 t'l'iﬁclarissimus
1713 5560 1895 5613 Domi—

234 5643 247 5701 ξ
284 5627 406 5701 icus
430 5628 742 5697 Georgius;
773 5629 863 5683 ubi
889 5632 959 5683 ad
990 5630 1139 5684 diem
1172 5648 1201 5684 χ
1224 5632 1335 5685 kal.
1366 5632 1518 5693 Julii.
1545 5632 1751 5701 pagina
1774 5632 1896 5693 288;

234 5697 576 5772 indicantur
600 5716 853 5772 censurm
880 5702 1206 5755 criticorum
1258 5719 1427 5772 super
1454 5697 1557 5757 hac
1584 5697 1665 5765 re,
1697 5703 1900 5771 quibus

234 5768 423 5843 etiam
458 5770 576 5843 ipse
598 5771 946 5843 adhterebat.
983 5768 1447 5841 Sapientissimus
1481 5790 1609 5829 vero
1645 5768 1900 5843 pontifex

230 5839 304 5897 in
332 5840 444 5897 hac
472 5839 865 5915 Martyrologii
916 5839 1163 5899 Romani
1190 5845 1520 5904 recensione
1568 5839 1674 5901 sibi
1706 5845 1901 5901 animo

2036 3217 2259 3271 ostendi
2290 3217 2513 3287 poterit,
2546 3216 2778 3287 excepta
2819 3214 3348 3287 Martyrologiorum
3372 3216 3458 3287 Vde
3484 3216 3688 3285 quibus

2032 3286 2301 3342 diximus
2330 3288 2669 3342 auctoritate
2690 3290 2717 3343 ‘?
2750 3286 2927 3340 Multa
2985 3286 3154 3341 hodie
3203 3286 3500 3356 prtedicari
3534 3291 3686 3342 certe

2029 3365 2269 3427 possunt
2324 3361 2393 3413 de
2448 3360 2651 3414 Nicetes
2682 3358 2859 3412 nostri
2892 3358 3215 3423 sanctitate,
3250 3374 3374 3425 qum
3407 3358 3684 3412 anteactis

2030 3431 2382 3500 temporibus
2410 3430 2463 3483 in
2490 3434 2782 3499 comperto
2817 3446 2928 3482 non
2954 3433 3140 3492 erant;
3160 3444 3288 3500 cum
3325 3427 3535 3500 scilicet
3566 3446 3679 3482 non

2027 3498 2165 3554 satis
2191 3506 2477 3555 constaret
2510 3498 2643 3555 num
2677 3501 2893 3555 Nicetas
2921 3498 3326 3553 Gennadianus
3349 3498 3497 3551 idem
3531 3503 3679 3553 esset

2025 3588 2091 3625 ac
2125 3572 2520 3641 Aquileiensis,
2566 3588 2694 3624 cum
2740 3570 2962 3624 libellus
3013 3570 3083 3622 ad
3139 3570 3675 3641 lapsadeirginem

2024 3638 2214 3695 minus
2248 3647 2399 3695 certo
2430 3647 2662 3709 parente
2696 3645 3013 3711 vagaretur,
3032 3644 3105 3711 _ct
3129 3656 3255 3711 cum
3290 3638 3476 3711 adhuc
3510 3638 3563 3692 in
3596 3644 3675 3693 te-

2025 3712 2213 3766 nebris
2253 3707 2607 3765 delitesceret
2652 3707 2987 3778 Exﬁlanatio
3021 3707 3261 3774 Symboli
3279 3710 3360 3763 ad
3378 3718 3673 3778 competen-

2024 3789 2119 3845 tes,
2148 3800 2269 3852 quae
2305 3786 2527 3835 tantam
2555 3781 2610 3834 in
2644 3780 3004 3849 agnoscendo
3035 3779 3229 3852 Niceta
3261 3786 3458 3852 nostro
3490 3781 3665 3852 Aqui-

2022 3850 2219 3907 leien'si
2241 3853 2432 3905 attulit
2458 3852 2665 3905 lucem.
2700 3852 2904 3906 Nicette
2957 3850 3332 3920 Aquileiensis
3362 3850 3663 3921 pastoralis

2020 3925 2224 3977 curain
2242 3923 2595 3978 difﬁcillimis
2628 3923 2882 3976 Ecclesiae
2910 3922 3387 3991 suzetemporibus
3413 3922 3665 3992 fulgebat

2018 3994 2247 4064 quidem
2303 4012 2366 4047 ex
2414 3995 2650 4063 epistola
2684 3994 2795 4045 divi
2829 3992 3029 4064 Leonis
3056 3993 3241 4061 Magni
3285 3994 3355 4045 ad
3390 3995 3659 4045 eumdem

2016 4063 2169 4127 data,
2207 4067 2355 4119 unde
2385 4066 2590 4118 Nicetze
2620 4063 3067 4117 consultationes
3110 4066 3387 4130 apparent
3418 4063 3489 4115 ad
3518 4079 3657 4131 apo-

2014 4136 2273 4190 stolicam
2298 4138 2490 4189 sedem
2523 4134 2749 4191 delatie.
2792 4150 2917 4203 quae
2940 4132 3039 4185 zeli
3074 4132 3221 4185 illius
3262 4131 3494 4203 indubia
3524 4138 3658 4187 sunt

2010 4212 2351 4276 argumenta
2368 4223 2465 4275 pro
2490 4202 3075 4276 rep:1randiSjactui°is
3114 4219 3254 4276 quas
3304 4202 3502 4257 bellica
3542 4204 3655 4258 cla-

2010 4274 2420 4333 desintulerat.
2455 4276 2833 4345 curandisque
2881 4274 3092 4328 morbis
3138 4274 3515 4328 barbarorum
3574 4276 3655 4329 in-

2007 4366 2169 4402 cursu
2201 4367 2266 4403 ac
2295 4349 2563 4402 societate
2590 4346 2896 4401 contractis
2920 4362 2932 4408 ;
2959 4351 3020 4398 ut
3046 4349 3192 4399 statu
3214 4349 3347 4399 tunc
3378 4362 3561 4399 rerum
3594 4348 3653 4400 in

2004 4421 2229 4473 «laetiora
2270 4436 2536 4481 converso,
2570 4418 2813 4472 Ecclesia
2844 4416 2937 4470 illa
2965 4417 3035 4470 ad
3066 4415 3318 4484 pristina?
3350 4416 3651 4471 observan-

3528 4506 3653 4559 pos-

2003 4558 2220 4625 sumus,
2249 4562 2319 4615 ad
2352 4561 2451 4614 viri
2483 4560 2847 4614 sanctitatem
2878 4558 3397 4629 praedicandam,“
3430 4558 3651 4614 duObus

2001 4632 2207 4686 libellis
2236 4632 2329 4702 qui
2364 4631 3033 4701 supersunt.quinque,ut
3061 4631 3441 4700 probavimus,
3458 4632 3654 4701 genui-

2006 4721 2110 4758 nus
2149 4705 2404 4774 ejusdem
2440 4708 2573 4757 sunt
2600 4703 2787 4758 fetus?

2078 4783 2943 4855 Vestigiasequimurhacsuper
2986 4796 3045 4833 re
3074 4779 3479 4855 sapientissimi
3514 4795 3651 4855 prie-

2004 4850 2536 4924 laudati'pontiticis
2561 4850 3032 4924 Benedictipapze
3073 4850 3211 4912 XIV,
3236 4850 3291 4924 i_n
3320 4850 3521 4924 citatis
3541 4850 3650 4924 _Lit-

2006 4926 2145 5000 teris
2186 4920 2520 5000 Apostolicis
2548 4920 2990 5000 ad_l’_ortugalise
3013 4937 3205 5000 regem
3237 4921 3306 5000 de
3330 4937 3473 5000 nova
3505 4920 3649 4972 Mar-

2006 4992 2262 5064 tyrologii
2297 5000 2534 5071 Romani
2559 4996 2807 5071 editione
2842 4992 2853 5047 ξ
2888 4992 2981 5071 qui
3008 4992 3369 5071 sanctitatem
3395 4995 3652 5044 ostensu-

2004 5062 2099 5120 rus
2125 5062 2505 5136 antiquissimi
2535 5063 2986 5142 praedecessori:
3009 5062 3093 5113 sui
3126 5062 3306 5114 Siricii
3333 5078 3523 5140 papae,
3558 5079 3650 5142 cu-

1997 5140 2093 5206 jus
2118 5134 2325 5190 nomen
2360 5139 2411 5190 in
2445 5134 3275 5213 Martyrologium_itomanu.m
3332 5134 3448 5201 ipse
3499 5134 3652 5213 prior

2006 5208 2213 5283 inferre
2240 5210 2483 5283 decrevit
2519 5203 2598 5261 ad
2618 5203 2775 5283 diem
2801 5206 2879 5283 9d
2921 5203 3252 5283 Novembris
3305 5219 3433 5283 cum
3465 5203 3648 5283 elogio

2005 5280 2265 5331 doctrinm
2290 5280 2521 5347 pietatis.
2559 5295 2624 5331 ac
2656 5278 2755 5331 zeli
2778 5276 3049 5343 religionis
3071 5287 3090 5339 ,'
3118 5274 3267 5347 illius
3292 5274 3653 5343 potissimum

2010 5344 2411 5418 Epistolas-sibi
2435 5348 2851 5403 examinandas
2884 5344 3175 5418 proposuit
3213 5362 3242 5397 a
3277 5347 3438 5399 Petro
3479 5348 3654 5401 Cons-

2009 5414 2194 5475 tantio
2224 5422 2407 5473 editas
2434 5420 2485 5473 in
2514 5419 2856 5473 Collectione
2887 5414 3263 5485 Epistolarum
3322 5418 3656 5486 pontiﬁcum

2013 5496 2417 5547 Romanorum.
2466 5497 2525 5544 ut
2569 5490 2698 5543 inde
2759 5486 3080 5542 sanctitatis
3138 5485 3290 5541 illius
3320 5485 3542 5542 erueret
3572 5506 3659 5543 ar-

2008 5568 2302 5631 gumenta.
2336 5562 2475 5626 Quid
2503 5578 2669 5631 porro
2725 5560 2801 5631 in
2829 5558 3233 5631 Explanutione
3290 5560 3542 5625 Symboli
3591 5560 3662 5613 ad

2009 5628 2356 5700 competentes
2387 5628 2596 5710 Nicette
2630 5630 2986 5710 no_stri,quod
3020 5628 3285 5710 siiniiiter
3315 5630 3659 5710 doctrinam,

2014 5704 2283 5774 pietath
2318 5722 2382 5758 ac
2408 5704 2587 5759 zelum
2617 5699 2904 5772 religionis
2934 5716 3045 5774 non
3078 5699 3353 5774 redoleat,
3379 5704 3528 5757 unde
3561 5700 3664 5774 viri

2010 5770 2283 5831 sanctitas
2301 5770 2953 5842 comprobetur‘TElucet
2984 5770 3245 5825 doctrina
3275 5771 3331 5825 in
3368 5773 3665 5842 mysterio-

2003 5863 2133 5903 rum
2166 5852 2223 5904 et
2252 5842 2628 5908 articulorum
2651 5844 2781 5901 ﬁdei
2819 5842 3216 5917 explicatione,
3257 5858 3480 5899 necnon
3522 5847 3577 5897 et
3608 5842 3666 5897 in
