4056 6188
445 294 597 362 1078

448 430 871 501 Scripturarum
898 427 1075 501 22a
1106 428 1458 491 eruditione;
1485 427 1665 499 pietas
1696 430 1752 486 in
1784 430 1969 487 verbis
1988 446 2097 485 coe-

446 503 606 560 Iestis
626 502 848 571 gratiae,
882 501 1083 571 quibus
1105 502 1361 556 abundat
1382 502 1566 557 oratio
1593 520 1605 566 ;
1628 503 1775 558 zelus
1807 502 2097 571 religionis

446 576 505 631 in
529 572 884 629 vindicandis
902 573 972 625 ab
991 572 1383 627 haereticorum
1436 574 1673 629 fallaciis
1721 575 1975 629 Ecclesia:
2003 591 2096 629 ve-

448 646 796 705 ritatibus,et
820 644 873 697 in
898 642 1261 697 instituendis
1281 645 1351 698 ad
1368 645 1492 698 vitm
1510 645 1897 701 innocentiam
1942 650 1999 700 et
2023 645 2096 699 ad

449 734 645 772 veram
665 716 929 786 pietatem
954 714 1302 786 hominibus.
1334 716 1479 779 Quid
1514 734 1643 771 vero
1662 734 1770 771 non
1796 718 1966 771 habet
1996 732 2096 784 pro

450 784 983 844 Nicetai'sanctitate
1022 784 1245 840 libellus
1276 786 1345 839 ad
1381 788 1654 853 Virginem
1693 789 1896 856 lapsam
1923 789 1951 841 ?
1981 789 2095 841 Mo-

450 875 580 914 rum
604 857 753 911 illius
774 856 1186 925 integritatem.
1212 857 1338 912 vitae
1360 859 1825 919 sanctimoniam,
1857 858 2098 926 discipli-

456 947 546 1001 nae
579 928 836 1001 vigorem
866 927 1004 981 satis
1027 929 1337 1001 ostendunt
1366 930 1545 1001 ignita
1572 930 1669 985 illa
1698 932 1867 985 verba
1897 931 2099 1001 quibus

455 999 677 1068 lapsam
700 998 978 1069 virginem
1010 1000 1244 1069 ejusque
1261 998 1653 1070 corruptorem
1680 1006 1788 1056 tam
1813 998 1986 1057 libere
2008 1018 2103 1062 po-

456 1071 567 1125 tuit
583 1071 883 1140 obiurgare
905 1069 1207 1142 7:7quisnam
1238 1072 1389 1125 enim
1423 1069 1516 1142 qui
1542 1090 1653 1128 non
1687 1078 1836 1128 esset
1864 1073 2100 1127 omnino

456 1141 989 1210 irreprehensibilis,
1023 1159 1087 1196 ac
1108 1141 1476 1211 semetipsum
1506 1144 1965 1199 constantissime
1988 1159 2103 1198 non

458 1214 734 1284 praeberet
754 1214 810 1285 in
842 1212 1086 1285 omnibus
1138 1215 1433 1283 exemplum
1465 1215 1719 1270 bonorum
1772 1233 2008 1285 operum.
2045 1215 2104 1267 in

457 1286 728 1347 doctrina,
760 1284 818 1337 in
840 1284 1175 1351 integritate,
1205 1286 1261 1337 in
1290 1288 1575 1351 gravitate.
1612 1290 1779 1355 prout
1802 1284 2105 1354 Apostolus

461 1358 534 1411 ad
562 1355 960 1419 Timotheum;
1020 1355 1147 1423 quis
1172 1373 1342 1411 ausus
1395 1357 1593 1411 fuisset
1622 1362 1739 1411 tam
1780 1355 2105 1412 vehementi

463 1425 723 1482 oratione
771 1425 827 1478 in
854 1431 1151 1494 peccantes
1182 1427 1558 1495 insurgere.et
1587 1428 1665 1483 ita
1690 1433 1751 1482 ut
1779 1429 1900 1483 haec
1922 1427 2104 1483 oratio

467 1514 500 1552 a
516 1496 883 1569 scriptoribus
899 1496 1303 1569 ecclesiasticis
1323 1498 1592 1569 singulari
1626 1499 1795 1554 laude
1815 1515 2105 1553 commen-

465 1570 717 1629 daretur,
742 1566 910 1621 veluti
940 1567 1325 1623 emendationis
1374 1566 1702 1625 incentivum
1749 1571 1991 1625 omnibus
2033 1570 2108 1623 la-

469 1638 742 1693 bentibus?
758 1640 976 1710 Novum
996 1639 1169 1693 etiam
1192 1640 1289 1695 zeli
1315 1640 1462 1696 illius
1479 1646 1884 1710 argumentum
1903 1642 2107 1696 eadem

468 1708 822 1781 elucubratio
861 1709 919 1762 in
963 1726 1029 1764 eo
1086 1714 1189 1775 est,
1249 1713 1400 1781 quod
1453 1708 1794 1781 posthabitis
1840 1712 2110 1767 humanis

1162 294 1226 358 P.
1272 296 1567 361 BRAIDE
1609 294 2079 361 DISSERTATIO
2104 292 2195 360 ‘IN
2235 296 2297 361 S.
2344 294 2692 360 NICETAM.
2726 328 2805 342 --
2832 294 2995 359 CAP.
3040 291 3189 358 VIII.

3638 332 3639 335 η
3659 300 3768 363 1016

2127 438 2177 501 Α
2205 428 2432 486 leiensis
2463 428 2803 501 Ecclesiaeet
2834 428 3205 499 Aquileiensis
3242 426 3401 501 ritus,
3428 445 3543 499 qua:
3597 429 3777 487 fuerunt

2208 502 2265 557 in
2299 520 2399 556 usu
2432 503 2487 556 in
2520 499 2863 570 Aquileiensi
2886 500 3113 555 dioecesi
3150 517 3214 555 ac
3251 498 3457 572 intota
3486 518 3611 571 pene
3643 504 3775 572 Aqui-

2205 572 2401 629 leiensi
2456 572 2743 642 provincia
2773 576 2905 627 ante
2946 588 3161 626 annum
3198 570 3349 637 1596,
3381 570 3572 640 quoex
3598 570 3775 629 decreto

2206 644 2571 715 provincialis
2623 643 2843 698 concilii
2901 642 3293 712 Aquileiensis.
3351 642 3513 715 veteri
3559 644 3776 713 abrogato

2206 714 2316 770 ritu
2350 716 2442 785 qui
2476 715 2691 785 pridem
2724 715 3037 777 obtinebat,
3074 716 3355 785 Romanus
3374 714 3566 783 ubique
3586 715 3777 770 indictus

2209 784 2381 853 atque
2410 784 2762 841 introductus
2791 785 2913 839 fuit.
2945 786 3151 840 Verum
3181 785 3235 839 in
3259 784 3593 840 Kalendariis
3613 786 3701 841 illis
3716 804 3778 841 ve-

2209 859 2421 914 teribus
2452 862 2621 927 atque
2666 856 2979 911 Missalibus
3026 855 3396 926 Aquileiensis
3425 856 3674 918 Ecclesiae,
3695 875 3779 911 non

2210 930 2382 983 modo
2410 930 2632 983 Nicetas
2663 934 2857 983 noster
2886 928 3258 990 desideratur,
3301 927 3398 981 sed
3431 928 3589 981 etiam
3641 929 3780 983 sancti

2212 1001 2417 1055 Nicetes
2444 1000 2619 1069 ipsius
2650 1001 2992 1061 decessores,
3028 998 3360 1051 Valerianus
3379 1002 3539 1067 atque
3566 998 3780 1053 Chroma-

2211 1071 2445 1141 tius,qui
2468 1070 2747 1124 notissimi
2772 1076 2902 1123 sunt
2921 1070 2975 1123 in
3001 1069 3162 1123 fastis
3179 1069 3779 1141 OccidentalisEcclesia;

2212 1148 2269 1197 et
2297 1140 2597 1211 deiquibus
2620 1141 2900 1195 dubitatio
2935 1141 3113 1201 nulla,
3135 1141 3271 1210 quin
3308 1141 3379 1194 ad
3432 1140 3780 1209 Aquileiensem

2214 1213 2520 1284 Ecclesiam
2574 1212 2967 1284 pertinuerint.
2998 1214 3221 1267 Adsunt
3245 1228 3447 1281 nempe
3497 1212 3626 1279 typis
3668 1212 3783 1284 edita

2215 1283 2463 1339 Missalia
2485 1285 2595 1339 tria
2616 1284 2929 1339 secundum
2952 1284 3421 1338 consuetudinem
3448 1287 3635 1337 sanctae
3648 1283 3784 1336 Eccle-

2215 1356 2312 1410 siae
2343 1355 2753 1424 Aquileiensis;
2787 1371 3027 1423 quorum
3059 1355 3328 1423 primum.
3370 1353 3491 1407 aliis
3533 1353 3675 1422 longe
3700 1369 3785 1422 pre-

2214 1427 2617 1481 tiossissimum
2636 1443 2701 1481 ac
2717 1442 2886 1492 penes
2907 1442 2999 1479 me
3018 1425 3284 1494 positum,
3302 1426 3374 1479 ad
3393 1429 3787 1491 annumspectst,

2217 1502 2280 1552 ut
2330 1499 2571 1559 videtur,
2634 1498 2771 1551 1490
2798 1497 3091 1561 (mutilum
3145 1500 3231 1551 est
3256 1497 3410 1552 enim
3432 1500 3545 1550 tum
3572 1495 3619 1548 in
3650 1494 3788 1548 fronte

2217 1573 2340 1623 tum
2370 1570 2424 1623 in
2454 1569 2585 1649 ﬁne,
2611 1574 2667 1623 et
2692 1586 2877 1622 annus
2910 1572 3209 1649 propterea
3237 1566 3501 1649 editionis
3530 1565 3789 1649 conjicipo-

2218 1644 2350 1702 test,
2405 1641 2503 1695 sed
2554 1656 2668 1694 non
2727 1644 2880 1694 certo
2913 1638 3208 1703 indicari);
3242 1639 3482 1693 alterum
3534 1639 3597 1691 ad
3624 1653 3787 1691 annum

2220 1712 2379 1777 1517,
2411 1710 2644 1765 tertium
2675 1713 2748 1764 ad
2780 1727 2994 1765 annum
3029 1711 3161 1764 1519
3186 1727 3199 1773 ;
3226 1727 3357 1779 quas
3408 1711 3515 1763 duo
3556 1712 3792 1763 servantur

468 1780 1039 1853 considerationibus,
1094 1779 1315 1851 lapsam
1361 1779 1519 1837 illam
1546 1784 1848 1853 virginem,
1886 1784 1989 1838 etsi
2022 1799 2111 1853 ge-
2150 1795 2191 1852 Β
2222 1782 2274 1836 in
2294 1782 2519 1851 publica
2564 1781 3031 1851 archiepiscopali
3064 1785 3265 1853 nostra
3298 1779 3651 1853 bibliotheca;
3673 1780 3791 1853 adest

473 1867 607 1907 nere
622 1852 1144 1923 nobilem,pastorali
1174 1853 1363 1919 vigore
1382 1871 1447 1908 ac
1482 1852 1793 1923 apostolica
1847 1852 2112 1909 libertate

472 1938 575 1993 pro
616 1922 743 1994 gzelo
783 1923 991 1977 domus
1020 1924 1115 1977 Dei
1143 1925 1360 1994 publice
1391 1922 1718 1993 increpavit,
1752 1944 1819 1981 ac
1875 1925 2111 1994 publica:

471 1993 1126 2065 pmnitentiaelaboribus
1148 1996 1385 2051 addixit.
1411 1998 1632 2061 Quanta
1650 2015 1781 2053 vero
1805 1997 1967 2052 nobis
1997 2013 2112 2051 non

474 2065 1238 2137 suppeditarentsanctitatis
1259 2073 1599 2135 argumenta
1620 2070 1825 2124 Niceten
1845 2067 2117 2137 Opuscula

477 2136 590 2191 alia
607 2153 734 2205 quas
756 2136 1234 2194 desiderantur.et
1254 2138 1391 2193 illud
1413 2139 1745 2206 singillatim
1785 2140 1846 2193 de
1868 2136 1975 2207 ﬁde
1994 2140 2114 2194 uni-

478 2224 559 2280 ca:
575 2207 879 2280 Majestatis
898 2224 994 2262 seu
1017 2207 1083 2263 de
1102 2209 1257 2269 Fide,
1283 2215 1382 2263 aut
1409 2211 1470 2263 de
1512 2212 1732 2265 Ratione
1757 2211 1930 2271 Fidei,
1965 2210 2116 2280 quod

476 2278 869 2331 Cassiodorius
885 2282 1183 2347 tantopere
1196 2282 1621 2335 commendavit
1636 2282 1688 2335 in
1708 2282 1854 2335 libro
1872 2283 1940 2336 de
1959 2278 2119 2335 lusti-

473 2349 695 2421 tutione
725 2348 1046 2421 divinarum
1074 2349 1515 2421 scripturarum.
1548 2353 1731 2421 capite
1780 2354 1839 2406 t7
1872 2370 1887 2411 :
1917 2352 1999 2406 uti
2029 2368 2117 2405 su-

515 2417 1119 2492 erius‘vidirnus?Sed
1147 2417 1419 2492 sanctitas
1470 2417 1675 2477 Nicetae
1727 2423 1905 2477 nostri
1953 2423 2118 2492 Aqui-

498 2488 704 2543 eiensis
729 2488 869 2564 satis
891 2489 1074 2564 elucet
1102 2506 1167 2545 ex
1194 2491 1260 2544 iis
1290 2492 1464 2564 etiam
1497 2494 1792 2564 perpaucis
1849 2511 1972 2563 quae
2018 2488 2114 2548 su-

475 2564 711 2633 persunt
732 2564 836 2633 ggut
855 2559 1240 2633 indegquoque
1274 2580 1388 2617 non
1414 2559 1937 2633 invite'arguamus
1989 2581 2119 2618 san-

474 2630 686 2706 ctitatis
734 2630 883 2706 illius
903 2631 1241 2706 _0pinionem
1292 2634 1422 2703 jure
1472 2652 1536 2689 ac
1566 2630 1769 2691 merito
1803 2636 2117 2706 antiquitus

472 2701 773 2777 i_nol_evi_sse
803 2703 874 2756 ab
901 2702 1021 2777 ipso
1054 2701 1313 2777 decessus
1335 2706 1419 2760 sui
1451 2710 1727 2777 tempore,
1761 2712 1813 2762 et
1849 2701 1961 2762 non
1995 2708 2116 2761 sine

473 2774 732 2847 Ecclesiae
760 2774 1097 2847 auctoritate
1114 2775 1276 2844 juxta
1319 2777 1546 2831 illorum
1574 2774 1917 2847 temporum
1953 2778 2117 2833 disci-

469 2845 691 2971 plinain
718 2864 731 2911 ;
756 2845 997 2916 ideoque
1020 2845 1170 2929 ἱῌίμε
1186 2864 1396 2903 nomen
1418 2848 1472 2931 in
1494 2845 1908 2933 Martyrologiis
1924 2849 2113 2904 locum

513 2918 759 2971 abmsse.
818 2921 988 2971 atque
1047 2918 1256 2971 ibidem
1292 2920 1465 2971 beati.
1494 2925 1549 2971 et
1577 2926 1759 2971 sancti
1790 2927 2113 2971 sanctamue

513 2916 759 2991 abuisse,
818 2921 988 2986 atque
1039 2917 1256 2991 ibidem
1292 2920 1465 2991 beati,
1494 2925 1549 2976 et
1577 2916 1760 2976 sancti
1790 2916 2115 2991 sanctasque

470 2988 770 3043 memorias
803 2988 1091 3055 praeconia
1118 2990 1448 3046 obtinuisse.

542 3060 674 3131 Qua}
700 3058 974 3131 hactenus
1005 3058 1154 3113 dicta
1192 3065 1323 3115 sunt
1352 3062 1421 3115 de
1460 3061 1668 3117 Nicetes
1721 3062 1900 3117 nostri
1944 3060 2114 3131 Aqui-

468 3126 697 3203 leiensis
726 3129 1030 3203 sanctitate
1059 3133 1116 3183 et
1147 3132 1396 3203 maxime
1435 3149 1502 3187 ex
1540 3134 1883 3188 testimoniis
1912 3126 2115 3203 Marty-

469 3198 843 3274 rologiorum,
895 3199 1272 3274 satis_etiam_
1317 3202 1511 3274 haberi
1545 3210 1781 3272 possunt
1832 3221 1931 3274 pro
1964 3198 2114 3258 illius

469 3268 622 3343 cultu
675 3269 993 3343 generatim
1052 3268 1108 3343 in
1154 3271 1399 3326 Ecclesia
1448 3268 1879 3343 cognoscendo:
1933 3275 2115 3329 cultus

2222 1849 2453 1922 insuper
2475 1854 2730 1924 ejusdem
2759 1849 3131 1923 Aquileiensis
3148 1852 3409 1907 Ecclesiae
3456 1850 3666 1924 Ritualis
3690 1849 3793 1924 liber

2222 1925 2326 1979 sub
2354 1921 2535 1986 titulo,
2591 1921 2837 1994 Agenda'
2863 1924 3101 1977 dimcesis
3152 1929 3366 1979 sanctas
3416 1922 3639 1978 Ecclesia?
3663 1921 3794 1994 Aqai-

2226 1996 2459 2055 leiensis.
2506 1990 2657 2065 typis
2710 1995 2895 2065 editus
2947 2011 3099 2049 anno
3154 1995 3315 2055 1576,
3356 1995 3510 2065 cujus
3567 1990 3795 2065 exemplar

2225 2083 2404 2121 unum
2437 2067 2492 2119 in
2523 2062 2724 2121 eadem
2756 2064 3116 2127 bibliotheca,
3150 2069 3206 2119 et
3232 2066 3391 2119 aliud
3422 2062 3597 2134 'penes
3624 2078 3714 2134 me.
3743 2062 3793 2134 ⁸Ιῑι

2232 2137 2318 2191 his
2342 2154 2509 2207 porro
2540 2142 2786 2206 quatuor
2805 2136 3078 2207 liturgicis
3101 2136 3257 2191 libris
3289 2130 3640 2207 Aquileiensis
3660 2130 3792 2185 Eccle-

2228 2205 2591 2277 size,vquorum
2612 2213 2930 2277 postremus
2950 2205 3074 2262 non
3098 2208 3261 2273 longe
3303 2205 3384 2262 est
3408 2208 3476 2260 ab
3504 2205 3690 2277 epocha
3714 2217 3795 2271 qua

2228 2275 2528 2349 peculiaris
2547 2275 2919 2348 Aquileiensis
2938 2280 3078 2333 ritus
3100 2278 3289 2341 desiit,
3305 2284 3362 2333 et
3388 2280 3628 2349 Romano
3653 2275 3793 2349 locum

2232 2343 2426 2407 dedit:
2455 2351 2513 2403 in
2536 2343 2643 2414 his,
2675 2349 2930 2419 inquam,
2960 2349 3196 2419 singulis
3227 2353 3415 2403 exstat
3444 2349 3496 2401 in
3528 2347 3687 2419 fronte
3716 2343 3795 2396 Ka-

2228 2421 2570 2495 lendarium,
2591 2438 2625 2474 a
2646 2418 3007 2495 quo’semper
3026 2418 3235 2495 absunt
3275 2425 3396 2474 tum
3419 2420 3623 2495 Nicetas
3645 2418 3795 2495 dequo

2227 2492 2535 2561 loquimur,
2570 2495 2691 2545 tum
2719 2492 2887 2547 etiam
2909 2492 3245 2547 Valerianus
3269 2496 3438 2561 atque
3479 2490 3794 2561 Chromatius,

2227 2558 2387 2617 sicuti
2415 2562 2591 2617 etiam
2618 2564 2826 2617 absunt
2852 2580 2882 2616 a
2906 2567 3027 2617 toto
3060 2558 3375 2617 Missalium
3422 2576 3651 2630 corpore.
3698 2558 3797 2620 Quae

2227 2634 2401 2707 igitur
2429 2633 2666 2707 faciunt.
2702 2634 2863 2703 juxta
2897 2634 3139 2707 Politum
3167 2633 3623 2707 atque_Zabeurn,
3648 2632 3800 2707 contra

2227 2699 2568 2777 peculiarem
2604 2699 2808 2759 Nicetis
2832 2704 3045 2759 cultum
3087 2706 3142 2759 in
3194 2699 3530 2777 Aquileiensi
3574 2699 3795 2777 Ecclesia:

2225 2772 2386 2845 aeque
2412 2776 2667 2831 facerent
2682 2780 2878 2831 contra
2898 2777 3113 2831 cultum
3137 2772 3317 2830 etiam
3339 2780 3644 2847 sanctorum
3670 2772 3798 2847 Aqui-

2225 2844 2524 2928 leiensium
2579 2847 2973 2928 episcoporum
3017 2847 3309 2928 Valeriani
3336 2844 3797 2928 atque‘Chromallfil.

2226 2920 2295 2973 de
2318 2919 2522 2988 quibus
2549 2912 2710 2986 aeque
2736 2912 2875 2972 nihil
2894 2924 3015 2973 tum
3041 2919 3097 2972 in
3130 2912 3683 2988 Kalendariis,tumin
3710 2912 3799 2964 Mis-

2225 2986 2439 3044 salibus
2466 2989 2916 3058 Aquileiensibus
2941 2991 3014 3043 ad
3036 2990 3210 3044 tinem
3237 3006 3416 3058 usque
3436 2986 3603 3042 saculi
3632 3000 3719 3058 xw.

2296 3056 2625 3114 Notandum
2654 3063 2953 3130 propterea
2974 3077 3102 3114 cum
3121 3059 3254 3114 viris
3276 3056 3612 3119 clarissimis,
3631 3056 3798 3108 Joanne

2226 3131 2516 3185 Frontono
2549 3130 2607 3184 in
2636 3132 2970 3201 praenotatis
3003 3132 3074 3185 ad
3108 3131 3513 3186 Kalendarium
3540 3131 3797 3201 Romanum

2226 3202 2531 3272 nongentis
2562 3195 2727 3273 annis
2759 3202 3046 3273 antiquius
3076 3204 3147 3257 ab
3196 3202 3321 3271 ipso
3365 3202 3566 3257 editum
3597 3199 3621 3267 §
3647 3195 3797 3273 Lfel

2226 3273 2313 3338 lt,
2346 3264 2718 3328 “Theodorico
2773 3264 3086 3336 Ruinartio,
3140 3264 3477 3343 praefatione
3526 3264 3737 3343 generali
3757 3264 3795 3315 in

472 3340 627 3413 enim
643 3334 729 3413 est
752 3338 876 3413 ipsa
903 3334 1674 3413 alicujussanctirecensioin
1710 3346 1915 3399 tabulis
1945 3346 2117 3400 eccle-
2147 3334 2190 3393 Ο
2225 3334 2365 3396 Acta
2422 3346 2748 3413 Martyrum,
2784 3361 2941 3398 num.
2986 3334 3079 3408 18,7
3112 3334 3413 3413 Stephano
3438 3334 3654 3413 Antonio
3696 3336 3797 3413 Mor-

470 3409 734 3473 siasticis,
766 3413 824 3464 et
852 3410 974 3477 ipsa
1003 3410 1153 3465 illius
1203 3413 1453 3468 nominis
1496 3415 1757 3470 recitatio
1806 3433 1935 3469 cum
1990 3416 2117 3469 aliis

470 3481 680 3536 sanctis
706 3481 841 3535 viris
868 3479 925 3536 in
955 3482 1190 3551 publicis
1212 3485 1581 3539 Ecclesiarum
1607 3487 1977 3541 conventibus
2002 3502 2014 3550 ;
2044 3486 2118 3540 ad

471 3555 621 3627 quod
661 3570 802 3623 opus
820 3554 1223 3627 Martyrologia
1255 3573 1287 3609 a
1319 3556 1516 3625 primis
1562 3557 1814 3611 Ecclesiaa
1854 3557 2117 3627 tempori-

471 3624 576 3679 bus
602 3628 835 3696 exarata
888 3624 1147 3681 fuerunt.
1172 3628 1241 3681 At
1271 3624 1364 3696 qui
1394 3644 1544 3683 nunc
1574 3629 1642 3683 de
1671 3629 1883 3683 Nicetes
1938 3624 2117 3682 nostri

471 3694 849 3769 Aquileiensis
874 3696 1026 3769 cultu
1059 3696 1113 3769 in
1148 3696 1269 3767 ipsa
1291 3694 1543 3755 Ecclesia
1581 3699 1925 3769 Aquileiensi
1954 3698 1981 3753 ?
2020 3699 2119 3753 Vir

472 3765 819 3841 clarissimus
848 3765 1182 3841 Alexander
1210 3770 1425 3824 Politus
1452 3788 1481 3825 e
1506 3765 1719 3826 clericis
1764 3770 2119 3841 regularibus

472 3834 807 3910 scholarum
817 3836 1037 3910 piarum
1054 3838 1110 3892 in
1124 3840 1526 3910 Martyrologio
1557 3844 1816 3897 Romano
1829 3834 1944 3897 suis
1964 3844 2121 3897 Com-

474 3907 759 3979 mentariis
796 3906 1078 3979 illustrato
1129 3925 1196 3963 ac
1226 3906 1373 3979 tvpis
1423 3906 1577 3966 edito
1617 3913 1912 3967 Florentiae
1967 3929 2119 3967 anno

475 3978 633 4041 1751,
666 3979 737 4032 ad
769 3977 921 4032 diem
963 3981 993 4032 7
1018 3979 1273 4034 Januarii
1294 3977 1558 4037 asserere
1581 4000 1693 4037 non
1721 3983 2121 4045 dubitavit,Ni-

474 4052 615 4124 cetae
645 4049 907 4124 episcopi
942 4050 1320 4124 Aquileiensis
1348 4054 1555 4121 famam
1584 4059 1641 4109 et
1665 4058 1969 4124 opinionem
1999 4072 2121 4108 san-

474 4120 689 4194 ctitatis
708 4120 1015 4177 novissimis
1030 4120 1433 4179 tantummOdo
1462 4130 1579 4194 post
1600 4120 1904 4179 Baronium
1928 4132 2120 4193 tempo-

478 4191 630 4245 ribus
651 4200 998 4266 natamesse,
1034 4197 1091 4266 et
1112 4191 1481 4266 percrebuisse
1518 4197 1670 4264 apud
1708 4191 2071 4266 Aquileienses
2100 4208 2120 4263 ,'

475 4279 618 4332 quos
648 4262 818 4337 etiam
844 4262 1247 4337 imprudentia:
1272 4269 1439 4337 atque
1456 4262 1794 4322 temeritatis
1825 4283 1936 4320 non
1960 4262 2123 4322 timet

478 4349 717 4402 arguere
769 4335 840 4388 ob
870 4334 1183 4390 solemnem
1215 4341 1271 4391 et
1319 4334 1775 4392 anniversarium
1805 4338 2017 4393 cultum
2051 4339 2121 4392 ab

478 4403 616 4473 ipsis
667 4404 853 4460 eidem
908 4406 1220 4475 praestitum
1267 4408 1475 4463 decimo
1523 4409 1776 4465 kalendas
1825 4410 2022 4471 Iulias,
2051 4409 2118 4467 si.

479 4476 709 4555 absque.
741 4479 916 4555 certo_
948 4475 1139 4555 aliquo
1173 4477 1398 4555 judicio
1438 4480 1719 4555 Romanae
1747 4479 2030 4544 Ecclesite,
2064 4480 2121 4555 id

480 4543 804 4620 fecerintex
836 4543 1592 4620 solaBaroniiauctoritate,
1629 4568 1800 4620 quam
1834 4568 2037 4605 meram
2067 4554 2123 4605 et

477 4616 697 4692 penilas
715 4615 919 4692 falsam
948 4615 1160 4692 hariola
1171 4619 1369 4675 tionem
1390 4638 1461 4692 ap

1468 4623 1715 4692 pellavit.
1750 4624 1967 4685 Zabeus
1989 4639 2123 4691 quo-

2226 3414 2389 3477 cello,
2418 3411 2757 3483 praefatione
2790 3416 2845 3469 in
2870 3411 3284 3469 Kalendarium
3312 3413 3561 3470 Ecclesiae
3589 3411 3797 3483 constano

2227 3481 2620 3554 tinopolitanaa
2664 3486 2904 3556 §tpag.
2935 3487 2988 3549 6,
3034 3504 3099 3540 ac
3130 3486 3264 3540 alibi
3320 3502 3466 3555 saepe
3513 3483 3564 3537 in
3616 3481 3795 3556 decursq

2227 3548 2796 3632 operisgnotandum',
2825 3548 3216 3632 inquam,non_
3238 3558 3381 3612 bene
3406 3548 3689 3632 illationem
3711 3548 3795 3626 fieri

2228 3624 2297 3681 de
2323 3626 2493 3700 _cu_ltu
2551 3632 2650 3681 aut
2702 3645 2814 3681 non
2868 3624 3020 3700 cultu
3043 3629 3294 3700 alicujus
3330 3624 3796 3700 sanctiviriexnin-

2230 3696 2533 3767 scriptione
2555 3704 2654 3751 aut
2683 3715 2749 3753 ex
2782 3698 3003 3753 defectu
3037 3690 3473 3753 illiusvnominis
3501 3697 3551 3750 in
3578 3690 3797 3767 veteriblts

2228 3786 2328 3841 seu
2342 3761 2595 3841 .civitatis
2616 3786 2713 3841 seu
2732 3769 2986 3841 dimcesis
3007 3787 3119 3841 sua:
3138 3761 3798 3841 Kalendariis.i_(alenclal'la

2230 3840 2382 3894 enim
2404 3844 2524 3893 tum
2550 3839 2605 3893 in
2620 3840 3042 3903 Orientali,tum
3066 3840 3122 3894 in
3148 3839 3494 3894 Occidentali
3528 3835 3732 3891 Ecclesia
3751 3842 3796 3880 eo

2229 3912 2565 3979 spectabant
2595 3911 2649 3965 in
2685 3912 2921 3980 singulis
2952 3911 3109 3975 locis,
3140 3917 3201 3965 ut
3227 3911 3375 3966 festa
3404 3909 3687 3964 indicerent
3707 3914 3799 3954 san-

2230 3986 2449 4035 ctorum
2486 3982 2579 4051 qui
2606 3982 2872 4051 peculiari
2900 3982 3090 4036 ofﬁcio
3122 3987 3178 4037 et
3207 3982 3385 4037 missa
3410 3981 3532 4051 coli?
3554 3985 3798 4051 consueve-

2231 4058 2393 4110 rant:
2426 4056 2485 4105 at
2506 4050 2628 4107 non
2660 4070 2860 4107 omnes
2886 4054 3067 4107 sancti
3091 4053 3359 4123 peculiari
3390 4050 3569 4123 ofﬁcio
3596 4052 3645 4102 et
3669 4050 3798 4097 missa

2230 4123 2596 4188 colebantur;
2648 4125 2745 4179 sed
2809 4124 2845 4177 ii
2876 4122 3104 4178 tantum
3150 4141 3394 4193 quorum
3429 4122 3622 4193 ibidem
3652 4126 3799 4169 monu-

2232 4199 2427 4248 menta
2475 4200 2782 4266 exstarent,
2812 4195 3062 4266 reliquiae
3096 4195 3330 4258 scilicet,
3382 4198 3475 4248 aut
3529 4192 3638 4266 loca
3680 4195 3799 4237 sam

2232 4265 2453 4341 eisdem
2468 4265 2674 4341 dicata,
2708 4271 2769 4320 ut
2799 4264 3220 4341 piita'oratoria,
3242 4266 3504 4341 basilicae,
3536 4264 3623 4341 aut
3646 4266 3799 4341 9031"“:

2232 4336 2395 4389 teria.
2430 4336 2537 4389 Alii
2569 4328 2700 4391 vero
2732 4328 2932 4399 sancti,
2966 4336 3070 4391 etsi
3102 4337 3323 4391 nullum
3347 4336 3491 4390 diem
3524 4330 3615 4387 sibi
3644 4328 3798 4399 festum

2229 4407 2507 4461 haberent
2532 4407 2587 4462 in
2622 4394 2966 4463 Kalendario
2987 4425 3114 4462 cum
3147 4408 3339 4462 ofﬁcio
3368 4411 3423 4461 et
3450 4406 3645 4459 missa:
3674 4394 3798 4476 291"“

2230 4478 2409 4552 sancti
2434 4477 3209 4552 habebanturhihilominus,
3238 4484 3293 4533 et
3317 4478 3659 4552 colebantur:
3689 4478 3801 4552 ιρῖξν

2236 4550 2514 4603 cabantur
2534 4550 2686 4603 enim
2710 4550 2767 4604 in
2795 4540 3800 4619 1ἱίειηίίε,ι·θρῐδε⁷εεθι]ἰαὶ)ειηωΐίηρίυίνῗ

2231 4619 2309 4673 ris
2356 4625 2411 4673 et
2443 4620 2496 4673 in
2553 4621 2906 4675 ornamentis
2932 4616 3223 4683 altarium,
3258 4626 3314 4675 et
3364 4616 3726 4683 scribebantul'_
3760 4618 3796 4655 ιη

478 4678 587 4762 que
612 4678 1052 4762 dissertationis
1105 4706 1216 4762 suae
1270 4678 1505 4761 parte-i,
1562 4711 1723 4747 num.
1767 4678 1860 4755 ⁷15,
1922 4678 2123 4747 asserit
2158 4695 2200 4752 D
2234 4678 3797 4762 tabulisecclesiasticis;quoderatsignumcultuseiﬁﬂl}

476 4757 897 4828 Aquileiensem
928 4759 1232 4833 Ecclesiam
1265 4757 1391 4818 sero
1419 4765 1722 4819 admodum
1756 4763 1990 4833 coapisse
2026 4762 2120 4816 Ni-

476 4833 662 4902 cetam
685 4847 850 4885 suum
868 4829 1054 4887 colere
1074 4833 1340 4902 peculiari
1373 4836 1560 4889 ofﬁcio
1587 4839 1643 4889 et
1671 4829 1858 4889 missa
1880 4836 1951 4888 ad
1980 4834 2121 4889 diem

472 4900 748 4983 decimam
788 4902 891 4983 kal.
924 4900 1089 4983 .lulii,
1141 4905 1412 4983 quoniam
1473 4906 1653 4983 sancti
1701 4906 1878 4983 hujus
1911 4905 2120 4983 mentio

472 4972 631 5044 nulla
657 4973 713 5027 in
745 4973 994 5044 antiquis
1024 4972 1467 5043 Aquileiensium
1498 4972 2034 5035 Kalendariismulla
2063 4975 2119 5030 in

470 5043 785 5099 Missalibus
816 5043 1187 5113 Aquileiensis
1208 5046 1413 5101 veteris
1439 5047 1598 5111 ritus,
1632 5065 1726 5102 seu
1776 5063 1951 5101 manu
1984 5064 2117 5102 exa-

470 5114 629 5179 ratis,
658 5132 756 5171 seu
783 5115 1141 5186 typiseditis:
1176 5118 1327 5185 quod
1349 5122 1404 5171 et
1434 5119 1703 5182 ostendit,
1732 5118 1990 5172 adductis
2022 5135 2119 5173 au-

468 5188 731 5242 ctoritate
788 5191 844 5241 et
893 5186 1077 5243 verbis
1115 5186 1250 5254 ipsis
1281 5188 1577 5244 clarissimi
1633 5192 1707 5245 De
1739 5189 1963 5249 Rubeis.
2020 5190 2115 5258 qui

468 5258 603 5330 data
633 5274 807 5327 opera
840 5258 1117 5313 nonnulla
1144 5258 1198 5312 in
1251 5259 1398 5315 hanc
1429 5261 1612 5330 ipsam
1661 5277 1781 5315 rem
1831 5265 2115 5315 scrutatus

466 5328 653 5383 fuerat
681 5330 855 5401 225
886 5330 1212 5399 hujusmodi
1240 5328 1624 5401 Aquilei’ensia
1656 5331 1994 5387 Kalendaria
2026 5337 2116 5385 at-

463 5417 570 5468 que
603 5401 867 5463 Missalia,
903 5405 1070 5470 prout
1100 5418 1164 5456 ex
1198 5418 1431 5458 suorum
1483 5406 1976 5459 Monumentorum
2020 5420 2112 5456 ca-

465 5470 577 5537 pite
610 5472 675 5523 l7
699 5471 996 5535 habemus,
1031 5487 1133 5525 nec
1162 5488 1273 5527 non
1302 5479 1356 5528 et
1415 5475 1879 5529 dissertationum
1942 5474 2112 5527 variae

463 5540 809 5617 Eruditionis
839 5543 1021 5617 capite
1046 5544 1137 5617 _t_9_.
1165 5545 1309 5607 Quid
1332 5544 1517 5617 igitur
1548 5550 1675 5617 post
1705 5545 1826 5600 haec
1848 5546 1917 5599 de
1947 5545 2109 5599 Nice-

460 5614 529 5667 ιω
561 5610 712 5664 cultu
740 5614 889 5681 apud
912 5610 1303 5681 Aquileienses
1326 5615 1355 5669 ?

533 5682 925 5757 Recentiorem
946 5684 1151 5757 Nicetes
1168 5686 1383 5739 cultum
1418 5686 1472 5741 in
1493 5686 1838 5757 Aquileiensi
1863 5684 2109 5757 Ecclesia

461 5752 852 5818 arguunttum
868 5752 1079 5806 Politus
1102 5758 1218 5807 tum
1250 5758 1466 5811 Zabeus
1498 5752 1574 5812 ex'
1615 5757 1837 5813 defectu
1896 5756 2105 5810 Nicetie

458 5816 711 5879 nominis
734 5817 795 5877 in
824 5818 1183 5879 Kalendariis
1209 5840 1274 5882 ac
1302 5827 1620 5887 Missalibus
1650 5827 1893 5903 propriis
1927 5826 2101 5901 Aqui-

2232 4760 2485 4833 exhibiti.
2516 4763 2691 4833 226
2719 4763 2826 4817 etsi
2850 4749 3062 4833 absque
3094 4749 3358 4833 peculiari
3386 4761 3521 4815 festo
3553 4756 3632 4810 die
3657 4749 3796 4805 eidem

2229 4831 2405 4886 cultui
2436 4850 2561 4886 cum
2595 4831 2783 4887 nl‘licio
2815 4839 2870 4889 et
2898 4831 3069 4888 missa
3095 4831 3407 4903 assignato.
3539 4898 3550 4903 _
3612 4894 3639 4903 __

2302 4882 2564 4967 caiisa
2598 4882 3551 4974 magis;agitagit:3;;simul
3578 4894 3723 4974 etiam
3746 4882 3796 4974 apd

2229 4980 2457 5029 sanctos
2486 4975 2685 5029 Nicetes
2715 4976 3038 5030 decessores
3063 4966 3437 5029 Valerianum
3488 4974 3540 5024 et
3584 4966 3797 5044 Clirognf‘

2230 5044 2393 5117 tium.
2427 5046 2520 5117 qui
2545 5046 2761 5117 nullum
2798 5047 2850 5100 in
2873 5046 3227 5101 Kalendariis
3254 5045 3525 5117 veteribus
3549 5034 3795 5117 Aquileia:-

2230 5115 2305 5169 sis
2339 5105 2596 5189 Ecclesiae
2621 5116 2939 5171 habuerunt
2960 5118 3109 5173 diem
3142 5118 3347 5173 festum
3376 5114 3483 5189 sibi
3508 5105 3792 5189 δςξὶᾳιῃδίξιξη

2226 5203 2361 5259 ουιη
2380 5186 2565 5241 ofﬁcio
2583 5193 2636 5242 et
2657 5188 3289 5251 missa;adsuntlitaniaa
3305 5174 3793 5259 superiusindicalfi

2225 5258 2597 5327 Aquileiensis
2630 5245 2890 5313 Ecclesiae
2923 5260 3253 5328 peculiares,
3302 5276 3328 5310 a
3376 5245 3650 5328 Francich

2229 5321 2365 5382 ba'ro
2400 5329 2723 5397 patriarcha
2750 5321 3093 5399 Aquileiensi
3123 5331 3405 5454 edigussae
3437 5327 3551 5395 post
3587 5321 3792 5371 dirrcesa-

2229 5415 2358 5452 nam
2392 5402 2671 5454 svnodum
2706 5402 2915 5454 abiuso
2938 5402 3194 5454 habitam
3239 5399 3436 5454 noritiai
3461 5408 3599 5449 anno
3626 5380 3789 5440 l602.el

2226 5380 2358 5452 sam
2392 5380 3599 5470 gyaa‘a‘sa'aa‘i‘p‘sa‘ninim'dsaia'anno
3626 5380 3789 5470 1602.3}

2228 5470 2373 5552 Uti-ni
2409 5463 2609 5552 eodem
2644 5489 2795 5552 anno
2818 5463 3204 5552 impressam}
3239 5472 3293 5525 ill
3327 5469 3516 5539 quhUS
3561 5463 3788 5552 "'lifﬂfl

2224 5540 2357 5614 aliis
2372 5542 2591 5614 sanctis
2623 5523 2953 5597 universalis
2984 5523 3788 5614 Ecclesiie,etcuinpec‘uliaribus

2219 5612 2594 5683 Aquileiensis
2625 5613 2881 5668 dimcesis
2900 5631 2995 5667 seu
3022 5614 3323 5683 provinciae
3346 5605 3786 5683 martyribus._f§<j§:

2220 5672 2550 5750 fessoribus,
2607 5685 2936 5755 virginibus,
2998 5672 3099 5738 s'uo
3154 5684 3275 5738 loco
3314 5672 3781 5755 invocantur‘ellfj’l

2216 5734 2820 5830 sanctus_\'aleriaiius,
2849 5734 3080 5830 sanctus
3111 5734 3781 5830 Chromatius,_sal}f3l?§kﬂ'

2214 5828 2387 5882 cetas.
2449 5808 3392 5901 In“nupe—rﬁquideinwniemorato
3422 5808 3609 5879 Rituali
3648 5808 3774 5865 libr“:
