4056 6188
296 295 454 363 1077

990 284 1077 365 Ῥ.
1114 282 1419 367 parum
1458 280 1932 366 etsunt-Arno
1962 284 2047 366 ‘nt
2089 300 2153 368 s.
2198 284 2544 368 meme.
2578 296 2663 353 -—‘
2678 296 2841 370 CAP.
2890 292 3038 367 vm.

3544 306 3696 370 1078

291 431 531 519 Agenda
558 410 814 519 (lic-acesis
836 438 1054 519 sancite
1113 434 1371 519 Ecclesia,
1409 435 1816 519 Aquileiensis,
1847 435 1945 519 ibis
1978 438 2023 498 Α
2054 434 2300 519 regiopis
2321 436 2635 519 apostolicp
2664 453 2836 519 prope
2874 438 3162 519 sevcinter
3188 434 3543 519 pagancrum
3576 456 3701 519 per-

291 502 563 579 legun_tur
582 502 796 579 litanias
820 506 1196 579 Aquileiensis
1214 502 1499 579 Ecclesia-
1515 508 1771 579 propriae,
1803 507 1943 562 nimi

290 590 425 647 rum
458 575 514 630 in
546 576 743 632 ordine
768 578 837 632 ad
861 575 1245 647 inungendum
1279 575 1598 643 inﬁrmum,
1623 575 1709 633 'ut
1733 579 1945 634 ibidem

293 646 521 721 dicitur.
546 652 608 721 et
647 648 703 702 in
744 646 1141 721 benedictione
1202 650 1375 705 fontis
1408 650 1461 704 in
1507 650 1812 721 pervigiliis
1844 651 1947 704 Pa-

292 719 440 792 scha:
472 722 527 773 et
545 719 937 792 Pentecostes;
960 720 1016 775 in
1041 721 1263 790 quibus,
1304 721 1405 776 etsi
1438 719 1684 792 quidam
1702 738 1767 775 ex
1796 739 1946 775 mar-

290 788 514 862 tyribus
543 796 597 844 et
620 788 1535 862 confessioribusAquileiensibus
1558 792 1939 854 inveniantur,

290 859 630 915 Valerianus
664 867 881 927 tamen,
936 859 1321 926 Chromatius,
1356 869 1411 918 et
1450 864 1671 919 Nicetas
1729 863 1947 919 deside-

291 934 519 987 rantur.
549 934 778 994 Verum,
812 951 939 988 cum
972 932 1291 989 clarissimo
1315 936 1391 990 De
1424 935 1628 990 Rubeis
1656 936 1709 989 in
1745 934 1949 989 disser-

294 1003 518 1077 tatione
548 1002 617 1058 de
649 1004 838 1077 Sacris
867 1005 1111 1077 Foroju].
1148 1006 1388 1067 Ritibus,
1439 1007 1621 1076 capite
1649 1008 1738 1068 3-1,
1772 1023 1937 1061 num.

293 1076 346 1137 2,
381 1074 636 1147 minores
663 1075 767 1147 has
806 1074 1035 1147 litanias
1093 1077 1471 1147 appellamus;
1512 1074 1591 1131 'id
1640 1082 1723 1132 est
1760 1077 1948 1131 minus

293 1144 566 1227 prolixam
598 1147 670 1227 a_d
701 1144 1407 1227 dist_inctiopem_'_aliarum
1441 1148 1792 1227 litaniarum,
1827 1165 1948 1227 quae

294 1216 351 1269 in
376 1216 504 1270 aliis
534 1217 930 1273 ecclesiasticis
984 1218 1392 1279 functionibus.
1426 1220 1675 1274 maxime
1720 1216 1855 1273 vero
1892 1220 1947 1274 in

291 1289 769 1361 processionibus,
804 1290 1244 1357 adhibebantur,
1274 1307 1533 1361 quaeque,
1561 1291 1727 1360 juxta
1762 1291 1945 1355 illum,

293 1359 550 1432 majores
573 1360 848 1429 appellari
879 1366 1217 1431 possunt,eo
1249 1359 1436 1416 etiam
1453 1359 1619 1417 senSu
1652 1363 1800 1432 quod
1821 1379 1946 1431 pro-

290 1428 525 1485 lixiores
561 1428 751 1485 eSsent
798 1428 1147 1501 ac'plurium
1200 1437 1528 1488 sanctorum
1560 1428 1949 1487 invocationes

290 1501 704 1574 continerenti:
741 1520 981 1573 quarum
1016 1503 1135 1573 ipse
1161 1504 1490 1559 litaniarum
1522 1504 1731 1559 ibidem
1774 1504 1947 1574 speci-

290 1589 428 1626 men
454 1573 626 1646 etiam
660 1575 874 1646 praebet
903 1591 983 1646 ex
1010 1592 1146 1646 mss.
1173 1575 1461 1630 codicibus
1493 1573 1949 1646 Aquileiensibus

289 1643 763 1725 quosinv‘iserat:
788 1644 1364 1725 Nihiljgitur‘mirum
1389 1646 1445 1701 in
1466 1643 1781 1725 minoribus
1796 1647 1948 1725 hisce

290 1714 511 1787 litaniis
546 1715 920 1787 Aquileiensis
947 1714 1209 1771 Ecclesiae
1242 1717 1464 1787 aliquos
1494 1719 1688 1773 deesse
1720 1723 1948 1772 sanctos

2055 508 2372 582 secutiones
2394 508 2704 582 apostolus,
2739 509 2907 564 etiam
2936 510 3146 582 absque
3168 508 3444 582 martyrio
3473 508 3701 581 proprie

2054 579 2204 653 dicto
2222 579 2433 653 cultum
2463 580 2809 653 peculiarem
2831 581 3205 653 merebatur);
3231 580 3276 635 si
3296 579 3419 643 hos.
3438 579 3697 653 inquam,

2053 650 2216 705 binos
2244 652 2510 721 excipias,
2540 652 2642 707 soli
2666 668 2731 707 ex
2774 651 3229 721 Aquileiensibus
3262 650 3545 709 caelitibus
3576 671 3700 709 san-

2054 720 2127 775 cti
2155 720 2456 792 martyres,
2478 723 2571 793 qui
2595 739 2762 778 suum
2786 720 3123 793 sanguinem
3142 740 3242 793 pro
3266 724 3489 779 Christo
3512 724 3703 793 profu-

2055 794 2278 851 derunt.
2315 793 2499 848 locum
2529 794 2815 849 habentin
2841 793 3145 859 prtecitatis
3191 795 3567 864 Aquileiensis
3599 799 3703 851 Ec-

2054 864 2239 936 clesim
2265 864 2619 920 Kalendariis
2649 870 2815 936 atque
2834 865 3315 924 Missalibus.cum
3333 866 3475 921 festo
3489 868 3704 924 scilicet

2057 934 2146 989 die
2164 951 2230 990 ac
2251 936 2442 990 ofﬁcio
2460 934 2744 991 etmissai
2774 952 2875 991 nec
2892 936 2997 991 nisi
3026 954 3152 991 sero
3183 938 3439 1002 tandem,
3476 955 3539 993 ex
3572 955 3705 992 con-

2060 1006 2366 1078 fessoribus
2393 1006 2917 1077 Aquileiensibusin
2952 1008 3362 1078 Ecclesitepace
3396 1009 3700 1075 defunctis,

2056 1094 2202 1150 unus
2234 1077 2477 1150 insertus
2495 1078 3125 1134 fuitsanctusPaulinus
3166 1077 3493 1149 patriarcha
3534 1082 3705 1150 Aqui-

2057 1148 2282 1203 leiensis
2307 1151 2396 1215 qui
2444 1150 2630 1205 Caroli
2664 1150 2849 1221 Magni
2884 1155 3140 1217 tempore
3170 1148 3394 1211 ﬂoruit,
3438 1156 3499 1206 ut
3542 1148 3703 1221 cujus

2057 1236 2283 1273 sacrum
2297 1237 2500 1290 corpus
2518 1222 2571 1275 in
2590 1221 2794 1291 insigni
2814 1220 3127 1291 Collegiata
3162 1222 3492 1277 Civi'tatensi
3524 1222 3707 1278 Eccle-

2058 1290 2141 1363 sia
2170 1291 2430 1360 religiose
2460 1293 2664 1347 colitur
2693 1290 2717 1351 :7
2741 1290 2991 1347 insertus
3020 1309 3269 1362 namque
3298 1293 3401 1347 fuit
3446 1298 3575 1363 post
3600 1310 3707 1348 saa-

2056 1361 2246 1433 culum
2276 1379 2348 1416 xu
2370 1380 2382 1421 :
2408 1364 2679 1433 quoniam
2729 1364 2780 1417 in
2806 1364 3151 1417 Kalendario
3180 1361 3583 1433 Aquileiensis
3611 1367 3709 1419 Ec-

2057 1432 2509 1505 clesiteejusdem
2540 1434 3126 1505 seeculi.publicijuris
3160 1432 3357 1489 factoa
3387 1434 3705 1490 clarissimo

2059 1504 2180 1558 viro
2205 1503 2752 1560 FridericoAlthano
2774 1505 2827 1559 in
2872 1503 2995 1559 suo“
3023 1521 3192 1575 opere
3224 1506 3292 1559 de
3324 1505 3705 1572 Kalendariis,

2058 1580 2357 1645 propterea
2381 1577 2487 1631 fuit
2515 1593 2644 1631 cum
2671 1578 2795 1645 jam
2827 1577 3075 1647 undique
3098 1577 3151 1630 in
3178 1575 3425 1631 Ecclesia
3469 1594 3595 1631 mos
3627 1578 3711 1632 in-

2058 1647 2236 1700 sancti
2270 1648 2486 1702 Paulini
2521 1649 2699 1702 nostri
2729 1664 2939 1703 nomen
2975 1664 3085 1701 non
3119 1647 3430 1704 invenitur.
3462 1649 3708 1704 lnsertus

2059 1719 2260 1771 ductus
2295 1718 2491 1773 fuisset
2524 1720 2745 1773 colendi
2778 1719 3153 1789 peculiaribus
3179 1718 3335 1773 festis
3365 1737 3493 1773 cum
3519 1720 3709 1776 ofﬁcio

290 1784 444 1840 viros
476 1784 861 1860 Aquileienses
896 1788 1079 1860 quiin
1114 1784 1426 1859 majoribus
1450 1791 1690 1843 fortasse
1719 1790 1946 1843 invoca-
1979 1792 2023 1849 B
2057 1792 2111 1860 et
2128 1789 2298 1841 missa
2315 1790 2489 1843 etiam
2505 1794 2733 1844 sanctos
2769 1784 3147 1851 confessores;
3180 1794 3368 1845 etcum
3402 1790 3708 1860 ipsaAqui-

290 1861 493 1929 rentur
525 1874 537 1922 ;
566 1864 733 1929 prout
759 1858 932 1913 etiam
968 1858 1197 1929 plurimi
1222 1876 1287 1914 ex
1329 1860 1486 1913 omni
1538 1860 1737 1915 ordine
1766 1861 1945 1914 sancti

289 1928 569 2001 desuntin
599 1928 813 1983 litaniis
828 1928 1148 2001 illis,’aaque
1164 1931 1480 1985 minoribus
1524 1931 1941 2000 nuncupandis,

288 1998 554 2071 hodierni
580 2001 822 2055 Romani
868 1998 1217 2071 Ritusfquze
1267 2002 1581 2057 recitantur
1634 1998 1941 2056 iniisdem

290 2069 680 2125 functionibus
716 2069 1126 2127 benedictionis
1160 2071 1348 2136 fontis,
1408 2078 1465 2127 et
1490 2071 1543 2127 in
1578 2074 1945 2127 commenda-

287 2140 447 2196 tione
470 2143 682 2196 animae
706 2143 1096 2208 morientium,
1114 2143 1207 2214 qui
1235 2148 1430 2198 tamen
1451 2143 1505 2197 in
1531 2143 1745 2197 litaniis
1770 2144 1943 2213 plebis

286 2229 354 2285 ac
379 2214 697 2285 majoribus
730 2214 1107 2283 Rogationum
1132 2220 1188 2270 et
1213 2215 1565 2285 psalmorum
1585 2215 1940 2285 paenitentia-

286 2282 433 2355 lium
459 2282 953 2339 invocanturfEtsi
1001 2291 1191 2340 autem
1214 2282 1433 2339 “nullus
1461 2282 1598 2340 sane
1630 2291 1840 2355 praesto
1871 2286 1944 2340 sit

284 2354 462 2427 hodie
484 2357 657 2427 codex
705 2356 1079 2426 Aquileiensis
1111 2356 1379 2427 antiquus
1419 2359 1566 2411 unde
1611 2354 1783 2411 erutae
1833 2357 1942 2412 dici

284 2426 470 2497 possit
503 2426 715 2499 litaniaa
742 2427 856 2481 illa;
884 2429 1134 2499 majores
1154 2426 1698 2498 Aquileiensesquas
1731 2429 1941 2482 Barba-

282 2514 383 2571 rus
418 2498 900 2571 patriarchaucum
933 2498 1152 2571 synodo
1176 2499 1479 2555 Goritiensi
1520 2500 1609 2555 edi
1634 2500 1825 2571 jussit,
1886 2503 1942 2554 et

286 2567 342 2641 in
376 2568 584 2641 quibus
602 2574 715 2624 tres
744 2569 1229 2641 illiAquileienses
1269 2570 1514 2641 episcopi
1559 2567 1936 2633 confessores,

284 2639 668 2705 Valeriamus,
703 2639 1072 2698 Chromatius
1098 2646 1153 2696 et
1185 2639 1403 2697 Nice‘tas
1428 2639 1576 2697 inter
1600 2646 1827 2696 sanctos
1859 2642 1941 2696 in-

288 2716 585 2783 vocantur.
607 2711 822 2780 optima
865 2714 1010 2767 ratio
1032 2711 1409 2767 nihilominus
1437 2714 1940 2783 suadetconjicere

283 2781 519 2854 litanias
549 2783 677 2837 illas
721 2783 792 2837 ab
822 2783 1071 2854 antiquis
1101 2786 1252 2838 retro
1300 2784 1652 2853 temporibus
1680 2784 1735 2837 in
1761 2781 1938 2853 Aqui-

284 2852 515 2907 leiensis
541 2854 787 2909 Ecclesia
816 2852 1054 2909 usitatas
1090 2854 1259 2909 fuisse
1290 2852 1453 2922 ;cum
1487 2855 1669 2922 capite
1697 2855 1765 2908 24
1790 2852 1939 2924 ejus-

283 2925 429 2996 dem;
463 2925 680 2992 synodi,
712 2926 804 2979 ubi
834 2925 961 2979 illas
990 2943 1098 2991 per
1117 2942 1200 2980 eos
1233 2926 1450 2996 quidem
1484 2926 1660 2981 editas
1687 2926 1939 2995 appellat

281 2994 663 3067 Aquileiensis
694 2997 916 3067 praesul,
953 3003 1005 3052 et
1036 2997 1127 3051 ubi
1160 2994 1389 3051 easdem
1445 2996 1608 3051 statis
1630 2994 1827 3051 diebus
1854 3014 1937 3051 re-

281 3066 547 3139 citandas
590 3068 843 3138 praecipit
883 3068 939 3123 in
980 3069 1076 3123 illa
1108 3086 1221 3123 suae
1250 3068 1508 3123 dicacesis
1553 3072 1712 3138 parte
1774 3068 1935 3139 cujus

279 3137 500 3193 Goritia
528 3143 699 3208 caput
724 3137 866 3201 erat,
896 3157 994 3208 pro
1036 3139 1409 3210 peculiaribus
1440 3137 1573 3193 tunc
1614 3139 1820 3193 ibidem
1842 3137 1935 3194 ur-
1968 3152 2012 3210 (ζ

277 3209 547 3292 gentibus
578 3210 1011 3292 belliuad'versus
1038 3209 1252 3292 Turcas
1270 3210 1702 3292 necessitatibus
1732 3227 1744 3274 ;
1778 3228 1927 3292 cum,

276 3281 535 3351 inquam,
592 3281 733 3337 nihil
767 3282 918 3336 dicat
970 3283 1040 3337 de
1099 3282 1426 3336 nominibus
1483 3281 1925 3352 Aquileiensium

279 3357 612 3408 sanctorum
641 3352 813 3408 veluti
838 3353 1057 3407 noviter
1080 3353 1290 3407 ibidem
1328 3352 1538 3407 additis
1570 3370 1634 3407 ac
1663 3353 1888 3407 insertis
1914 3370 1925 3409 :

276 3425 431 3493 quod
462 3428 612 3478 certe
639 3424 866 3489 fecissit,
888 3425 933 3479 si
964 3425 1043 3479 ita
1075 3424 1261 3494 reipsa
1280 3424 1506 3489 fuisset;
1529 3424 1751 3478 novitas
1773 3423 1927 3478 enim

274 3494 396 3567 haec
424 3500 548 3550 erat
564 3495 928 3567 lhujusmodi,
962 3513 1089 3566 quae
1114 3495 1414 3550 meruisset
1444 3495 1650 3557 notari,
1686 3512 1785 3549 nec
1812 3511 1927 3567 non

276 3565 473 3635 aliqua
496 3565 700 3621 saltem
741 3566 959 3622 ratione
981 3565 1217 3634 muniri,
1265 3584 1330 3621 ac
1370 3567 1617 3636 populis,
1645 3567 1738 3636 qui
1767 3565 1925 3621 novi-

274 3640 427 3692 tates
466 3654 691 3708 semper
716 3637 1096 3699 demirantur,
1138 3638 1552 3692 commendari.
1604 3638 1683 3691 En
1733 3637 1925 3707 itaque

273 3708 565 3762 cultumin
598 3709 941 3778 Aquileiensi
964 3710 1210 3764 Ecclesia
1233 3710 1507 3762 tributum
1527 3708 1925 3776 Nicetze,Aqui-

272 3778 473 3833 leiensi
499 3780 781 3848 episcopo,
804 3786 859 3835 et
884 3780 929 3834 si
957 3780 1097 3834 nihil
1131 3781 1199 3834 de
1222 3780 1319 3834 illo
1349 3779 1404 3833 in
1446 3780 1734 3848 veteribus
1753 3778 1924 3848 Aqui-

273 3849 505 3904 leiensis
534 3847 792 3906 Ecclesiae
823 3852 1199 3916 Kalendariis,
1234 3849 1375 3905 nihil
1428 3850 1482 3902 in
1516 3847 1848 3903 Missalibus.

348 3921 636 3976 Praeterea
666 3939 779 3976 non
810 3921 1110 3991 indignum
1141 3928 1225 3977 est
1256 3918 1775 3991 animadversione,
1833 3936 1921 3975 ve-

270 3995 431 4047 tusta
460 3993 833 4062 Aquileiensis
888 3990 1148 4049 Ecclesiaa
1194 3991 1538 4047 Kalendaria
1578 3994 1634 4045 et
1677 3990 1923 4045 Missalia

270 4061 821 4134 veterem’praeferre
877 4064 1213 4119 universalis
1278 4061 1529 4119 Ecclesia:
1579 4078 1818 4125 morem,
1849 4063 1920 4116 ab

270 4134 512 4217 eruditis
544 4135 975 4217 virisoninibus.
1001 4136 1095 4217 qui
1128 4137 1196 4191 de
1220 4135 1368 4217 hisce
1390 4135 1556 4188 rebus
1587 4149 1917 4217 serm‘cn‘em

268 4205 616 4262 habuerunt.
668 4207 722 4260 in
773 4206 894 4260 luce
918 4203 1188 4275 positum,
1245 4212 1301 4261 et
1331 4206 1400 4259 de
1440 4220 1549 4273 quo
1581 4203 1918 4275 singillatim

272 4276 447 4346 227
484 4276 659 4331 videri
688 4274 1096 4341 possuntidem
1126 4278 1376 4332 Joannes
1415 4277 1643 4339 Fronto,
1700 4275 1821 4329 loco
1846 4274 1921 4328 ci-

267 4350 438 4409 tato;
490 4348 799 4411 Sarnelius,
857 4350 1076 4403 Lettere
1128 4346 1557 4403 Ecclesiastiche
1607 4348 1764 4399 tomo
1824 4347 1916 4410 Vl,

267 4418 513 4486 epistola
529 4420 615 4471 37.
643 4436 801 4472 num.
830 4420 889 4480 4;
918 4420 1303 4477 Mabillonius.
1358 4416 1694 4487 praefatione
1720 4416 1773 4470 in
1805 4418 1919 4471 Sae-

2058 1859 2279 1931 leientis
2304 1861 2547 1915 Ecclesia
2566 1862 2750 1915 locum
2774 1861 3022 1915 dedisset
3041 1860 3333 1931 przecipuis
3348 1862 3558 1915 sanctis
3576 1859 3707 1916 cen-

2060 1930 2365 2003 fessoribus
2384 1937 2553 2001 atque
2576 1932 2905 2001 virginibus,
2926 1932 3019 2001 qui
3037 1936 3161 2003 jam
3182 1930 3709 2003 cemmunisessent

2054 2001 2237 2055 cultus
2265 2004 2335 2057 ob
2360 2003 2608 2057 nominis
2630 2003 3013 2058 celebritatem
3039 2001 3113 2056 in
3149 2003 3391 2058 Ecclesia
3420 2002 3703 2058 universa.

2127 2075 2265 2127 Cum
2318 2080 2508 2129 autem
2557 2074 2945 2137 praelaudatus
2992 2073 3317 2143 patriarcha
3379 2076 3707 2143 Franciscus

2053 2144 2356 2216 Barbarus.
2389 2146 2625 2214 insignis
2657 2147 2802 2214 apud
2833 2162 2936 2199 nos
2963 2146 3357 2200 ecclesiastica:
3389 2146 3706 2216 disciplima

2053 2214 2422 2281 instaurator,
2451 2219 2727 2285 abrogato
2760 2217 2933 2271 veteri
2959 2217 3405 2285 Aquileiensium
3430 2214 3563 2281 ritu,
3601 2220 3708 2271 Bo-

2053 2302 2292 2341 manum
2325 2288 2682 2351 amplexatus
2730 2287 2928 2342 fuisset
2961 2305 2974 2349 ;
3004 2290 3138 2341 tunc
3188 2288 3302 2343 ille.
3340 2294 3403 2341 ut
3446 2290 3705 2343 Romano

2050 2358 2180 2411 ritui
2210 2376 2242 2412 a
2262 2359 2483 2413 seculis
2509 2359 2738 2429 vigenti,
2774 2358 2996 2413 colendi
3021 2358 3232 2413 scilicet
3250 2358 3443 2413 ofﬁcio
3458 2364 3514 2413 et
3530 2358 3706 2413 missa

2050 2428 2224 2482 etiam
2250 2434 2477 2484 sanctos
2504 2428 2880 2489 confessores,
2930 2430 3093 2499 plene
3151 2429 3205 2483 in
3265 2430 3533 2499 omnibus
3583 2446 3705 2485 sese

2051 2503 2532 2561 accommodaret.
2567 2502 2817 2570 cogitare
2843 2501 3011 2568 coepit
3033 2502 3102 2555 de
3150 2500 3468 2555 inserendis
3502 2500 3705 2556 Kalen-

2049 2570 2208 2642 dario
2235 2572 2685 2641 dioecesis(quod
2719 2577 2852 2626 tunc
2904 2572 3153 2641 primum
3202 2572 3510 2641 quotannis
3559 2572 3704 2642 typis

2048 2641 2135 2713 edi
2173 2645 2321 2711 apud
2367 2660 2469 2697 nos
2517 2642 2962 2713 incaapit)etiam
2994 2642 3206 2697 sanctis
3237 2642 3520 2713 veteribus
3573 2641 3703 2697 con—

2054 2711 2358 2785 fessoribus
2382 2713 2643 2768 dioecesis
2663 2711 2806 2777 suae,
2832 2714 2926 2785 qui
2964 2715 3091 2785 jam
3122 2713 3292 2767 veluti
3326 2712 3703 2785 sanctiucom-

2049 2784 2300 2838 muniter
2323 2785 2677 2839 habebantur
2698 2790 2866 2854 atque
2906 2783 3340 2845 invocabantur,
3391 2787 3454 2837 ut
3483 2783 3700 2839 dictum

2048 2854 2174 2926 fuit,
2217 2860 2271 2909 et
2302 2856 2356 2909 in
2379 2858 2637 2909 Romano
2668 2855 3073 2926 Martyrologio
3100 2854 3339 2925 aliisque
3378 2854 3564 2909 locum
3600 2855 3698 2908 ob-

2045 2925 2337 2980 tinebant:
2373 2931 2435 2981 ut
2465 2926 2568 2997 ipsi
2599 2925 2846 2996 quoque.
2893 2925 3008 2981 una
3054 2943 3175 2980 cum
3200 2926 3551 2997 martyribus
3602 2942 3701 2981 no-

2046 2997 2195 3051 stris.
2225 3003 2281 3051 et
2314 2997 2487 3052 festos
2511 2998 2630 3051 dies
2663 2998 2958 3061 haberent,
2987 3002 3043 3052 et
3074 2997 3328 3051 officium
3352 3014 3417 3051 ac
3434 2996 3696 3052 missam.

2046 3068 2127 3121 Ita
2149 3069 2430 3137 siquidem
2468 3069 2681 3123 factum
2714 3068 2816 3123 fuit
2849 3088 2860 3123 :
2897 3070 2993 3123 sed
3017 3085 3129 3123 non
3155 3084 3357 3122 omnes
3384 3083 3497 3123 una
3523 3068 3695 3123 simul

2043 3140 2223 3193 sancti
2250 3141 2428 3195 nostri
2454 3140 2839 3208 Aquileienses
2863 3140 3420 3195 confessoreslocum
3444 3139 3500 3193 in
3531 3140 3696 3194 novis

2043 3210 2406 3265 Kalendariis
2437 3212 2836 3269 obtinuerunt:
2864 3228 2994 3266 veru
3020 3210 3227 3265 malius
3254 3215 3381 3280 post
3409 3209 3609 3273 alium,
3640 3215 3695 3265 et

2042 3298 2155 3364 non
2172 3282 2292 3338 sine
2305 3283 2498 3364 aliqua
2518 3284 2691 3365 etiam
2717 3282 2958 3365 alicujus
2976 3282 3691 3365 nominislntermissione,

2039 3353 2154 3407 sive
2186 3371 2252 3407 ex
2275 3354 2564 3423 proposito
2610 3354 2781 3413 facta,
2830 3353 2946 3409 sive
3000 3371 3065 3408 ex
3119 3353 3394 3409 accidenti
3428 3357 3583 3408 nata.
3630 3354 3691 3406 in

2039 3424 2224 3493 primo
2258 3441 2504 3494 namque
2522 3425 2665 3495 typis
2692 3425 3210 3480 editoKalendario
3248 3423 3595 3495 Aquileiensi
3618 3425 3688 3495 ab

2037 3497 2238 3550 eodem
2274 3493 2553 3559 Barb’aro,
2574 3493 2700 3564 post
2726 3496 3009 3550 invectum
3072 3497 3141 3549 ab
3172 3496 3294 3564 ipso
3326 3495 3382 3548 in
3416 3493 3687 3562 peculiari

2035 3566 2261 3621 dimcesi
2295 3584 2395 3621 sua
2420 3570 2740 3621 Romanum
2773 3567 2945 3620 ritum
2974 3565 3147 3621 etiam
3176 3570 3308 3619 ante
3335 3564 3688 3618 Provinciale

2033 3638 2339 3691 concilium
2368 3637 2499 3691 anni
2535 3638 2691 3692 1596.
2731 3654 2763 3689 a
2801 3654 2910 3704 quo
2942 3638 3219 3691 universae
3270 3634 3573 3703 provincire
3606 3634 3688 3688 in-

2034 3709 2217 3762 dictus
2243 3708 2346 3761 fuit
2378 3725 2389 3769 ;
2422 3708 2599 3776 228
2626 3707 2680 3759 in
2713 3707 3057 3761 Kalendario
3089 3706 3301 3760 scilicet
3331 3704 3465 3759 anni
3523 3705 3681 3770 1595,

2032 3780 2194 3848 cujus
2208 3778 2500 3847 exemplar
2526 3794 2663 3833 sane
2687 3777 3064 3832 rarissimum.
3082 3794 3147 3832 ac
3172 3776 3412 3832 fortasse
3430 3776 3683 3841 unicum,

2032 3855 2293 3903 servatur
2322 3850 2377 3904 in
2405 3848 2947 3919 tabularioinsignis
2978 3848 3676 3917 CollegiaticapituliCivi-

2029 3920 2290 3983 tatensis,
2347 3922 2608 3989 quodque
2655 3920 2851 3991 incipit
2907 3937 2941 3974 a
3000 3920 3092 3975 die
3119 3920 3300 3989 prima
3339 3920 3676 3991 Novembris

2031 3992 2402 4060 praecedentis
2431 3992 2565 4045 anni
2600 3994 2736 4048 1594
2770 3989 2860 4053 ξὶη
2886 3991 3012 4054 hoc,
3032 3991 3288 4059 inquam.
3309 3990 3491 4060 primo
3506 3989 3675 4058 Aqui-

2029 4059 2225 4117 leiensi
2249 4064 2556 4131 separatim
2578 4063 2723 4131 typis
2751 4061 2923 4117 editio
2959 4060 3329 4131 Kalendaria,
3360 4059 3509 4113 inter
3543 4076 3671 4113 san-

2029 4136 2150 4187 ctos
2183 4130 2463 4188 mensium
2496 4130 2828 4187 Novembris
2854 4137 3021 4201 atque
3042 4130 3363 4185 Decembris
3377 4131 3673 4200 utriusque

2030 4204 2188 4267 anni,
2214 4208 2438 4258 sanctos
2472 4203 2854 4272 Aquileienses
2896 4203 3188 4272 episcOpos
3218 4201 3581 4255 Valerianum
3619 4205 3675 4255 et

2029 4275 2427 4329 Chromatium
2460 4274 2647 4329 inveni
2668 4291 2734 4328 ex
2764 4274 3184 4343 Martlvrologio,
3211 4277 3272 4327 ut
3298 4272 3509 4327 ibidem
3539 4272 3676 4326 dici-

2029 4351 2138 4403 tur.
2166 4363 2227 4400 ex
2264 4345 2656 4416 Martyrologio
2688 4361 2891 4414 nempe
2912 4345 3322 4399 Romanotunc
3343 4343 3589 4416 primum
3614 4343 3672 4397 in

2030 4414 2430 4472 Kalendarium
2453 4422 2710 4471 nostrum
2726 4433 2826 4470 suo
2844 4432 3301 4487 unumquemque
3316 4414 3406 4469 die
3426 4415 3669 4477 relatos;

266 4489 460 4569 culum
489 4508 517 4540 v
539 4490 1282 4569 Benedictinum_._num._93
1320 4494 1375 4569 et
1403 4490 1471 4542 97
1521 4488 1914 4569 ;Muiatorius,
1953 4510 1994 4568 θ
2028 4489 2125 4569 sed
2164 4493 2426 4569 sanctum
2468 4488 2722 4569 liicetam
2758 4504 2870 4569 nou
2903 4487 3111 4569 inveni.
3144 4488 3205 4569 In
3232 4557 3242 4569 .
3271 4487 3486 4569 altero,
3520 4488 3672 4569 quod

268 4560 669 4631 dissertatione
682 4561 894 4631 praevia
908 4563 980 4615 ad
996 4561 1305 4627 Liturgiam
1320 4562 1633 4615 Romanam
1652 4564 1914 4631 veterem,

267 4632 342 4685 ab
376 4630 497 4699 ipso
518 4630 751 4693 editam,
778 4632 1009 4699 capite3
1035 4638 1125 4693 ;et
1154 4632 1490 4688 Benedictus
1536 4647 1683 4699 papa
1704 4630 1822 4683 XIV
1849 4630 1918 4685 de

266 4718 565 4758 servorum
596 4703 693 4757 Dei
742 4704 1162 4759 Beatiticatione
1194 4710 1249 4759 et
1278 4706 1576 4759 beatorum
1609 4700 1919 4755 Canoniza-

266 4774 447 4829 tione.
487 4774 629 4828 libro
660 4792 697 4836 ι,
752 4775 922 4844 capit.
956 4777 990 4828 5
1028 4780 1083 4829 et
1111 4776 1144 4830 6
1178 4792 1189 4830 :
1253 4792 1462 4830 morem
1514 4773 1745 4833 scilicet,
1806 4789 1918 4843 quo

266 4850 555 4915 martyres
576 4847 1003 4908 tantummodo,
1028 4846 1172 4901 festo
1200 4846 1289 4900 die
1342 4845 1552 4899 indicto
1595 4861 1724 4915 cum
1756 4861 1921 4913 pecu-

266 4916 399 4971 liari
432 4914 625 4970 ofﬁcio
679 4920 735 4971 et
792 4916 988 4982 missa,
1035 4918 1386 4976 colebantur,
1446 4914 1639 4984 paucis
1691 4918 1918 4967 tantum

267 4989 511 5041 decursu
544 4987 837 5056 temporis.
873 4987 1064 5057 eisque
1089 4985 1921 5057 celebrioribus,inductiscon-

267 5059 598 5112 fessoribus.
636 5054 695 5112 In
738 5054 1039 5124 prmcitatis
1087 5074 1337 5126 namque
1397 5054 1773 5125 Aquileiensis
1826 5056 1922 5109 Ec-

265 5130 453 5184 clesiae
498 5128 858 5183 Kalendariis
884 5134 937 5183 et
996 5128 1333 5185 Missalibus.
1393 5127 1436 5181 si
1463 5127 1627 5180 binos
1658 5125 1920 5196 excipias

265 5204 554 5264 (sanctum
581 5200 841 5255 videlicet
868 5199 1086 5255 Zoilum
1115 5200 1502 5268 presbyterum
1530 5195 1920 5251 confessorem

264 5271 483 5326 ibidem
519 5271 754 5335 dictum,
781 5273 877 5326 sed
901 5271 1275 5325 nihilominus
1302 5268 1472 5325 veluti
1513 5273 1820 5335 martyrem
1851 5269 1921 5321 ob

265 5343 538 5401 exhibita.
594 5343 818 5397 furente
842 5341 1175 5398 Diocletiani
1230 5339 1606 5410 perscutione,
1654 5339 1919 5408 martyri-

264 5417 373 5469 bus
402 5414 861 5485 Aquileiensibus
884 5413 1110 5483 pietatis
1129 5413 1344 5467 ofﬁcia:
1365 5414 1691 5485 etsanctum
1714 5410 1917 5485 Syrum

264 5480 597 5555 episcopum
628 5480 1037 5543 confessorem.
1057 5483 1431 5555 Aquileiensis
1463 5480 1723 5535 Ecclesiae
1742 5481 1921 5533 alum-

264 5573 428 5632 num.
466 5561 522 5610 et
573 5556 902 5632 episcopum
951 5555 1339 5632 'l‘ici_neusibus
1392 5556 1666 5632 datume
1722 5558 1920 5632 sancto

266 5628 622 5703 Hermagora
650 5626 1313 5703 AquileiensisEcclesige
1362 5626 1812 5703 protoepiscopo.
1862 5627 1923 5676 ut

266 5694 725 5774 Aquileiensium,
752 5697 896 5774 fert_
927 5694 1658 5774 t_raditio_a_Martyrologio
1698 5710 1921 5774 quoque

266 5770 534 5824 Romano
562 5770 635 5822 ad
659 5768 803 5824 diem
834 5769 901 5824 22
934 5769 1286 5839 Septembris
1303 5770 1572 5823 roborata
1605 5783 1619 5834 ;
1654 5768 1746 5835 qui
1773 5782 1922 5839 __pro-

267 5844 470 5913 pterea
489 5840 665 5899 veluti
686 5835 1286 5899 Ticinensis'Ecclesiaa
1316 5839 1624 5906 institutor,
1678 5840 1734 5893 et
1770 5835 1923 5892 illius

2026 4559 2216 4612 videre
2248 4559 2424 4615 licuit.
2468 4558 2812 4614 Kalendario
2836 4558 3179 4628 Aquileiensi
3229 4557 3284 4612 in
3314 4556 3674 4627 amplissima

2026 4629 2383 4713 bibliotheca,
2418 4647 2543 4713 qum
2568 4630 2813 4713 amplius
2838 4630 3471 4713 non‘superestzegregii
3494 4645 3672 4713 quem

2027 4702 2160 4755 dam
2189 4703 2291 4755 viri
2312 4701 2498 4755 Caroli
2526 4718 2559 4755 a
2589 4699 3105 4761 Pace,Kalendario
3135 4701 3350 4755 scilicet
3384 4699 3674 4754 anni1598

2028 4773 2270 4842 (duobus
2298 4772 2651 4828 intermediis
2701 4772 2914 4826 frustra
2961 4772 3254 4841 quaesitis),
3284 4776 3541 4842 sanctum
3570 4772 3674 4824 Va-

2028 4844 2308 4898 lerianum
2338 4844 2569 4914 quidem
2602 4843 2899 4914 inveni;at
2917 4859 3030 4895 non
3064 4841 3675 4914 Chromatiummeque

2029 4915 2282 4970 Nicetam
2321 4911 2735 4969 {Valerianum
2761 4919 2813 4967 et
2837 4911 3232 4966 Chromatium
3280 4911 3531 4981 quidem,
3559 4927 3675 4965 non

2028 5001 2163 5040 vero
2186 4987 2465 5046 Nieetam,
2495 4987 2550 5039 in
2579 4985 2744 5040 tertio
2766 4982 3159 5052 subsequentis
3182 4983 3315 5036 anni
3332 4982 3677 5035 Kalendaria

2030 5057 2202 5110 1599:
2241 5057 2494 5110 Nicetam
2525 5057 2779 5116 tandem,
2809 5054 3177 5109 Valerianum
3207 5058 3379 5121 atque
3408 5052 3680 5107 Chroma-

2030 5127 2173 5180 tium
2200 5127 2388 5180 inveni
2436 5127 2490 5180 in
2516 5125 2696 5180 altero
2743 5141 2895 5179 anno
2924 5124 3061 5178 1606
3093 5124 3249 5195 (quia
3283 5123 3422 5177 nihil
3455 5124 3524 5177 de
3582 5139 3679 5195 sex

2031 5196 2386 5251 intermediis
2400 5213 2651 5251 asserere
2684 5213 2938 5263 possum,
2969 5212 3095 5265 qua;
3113 5194 3323 5249 habere
3345 5209 3459 5247 non
3476 5194 3678 5263 potui);

2030 5269 2179 5323 etita
2214 5269 2444 5323 demum
2466 5268 2523 5321 in
2557 5272 2675 5322 tota
2702 5267 3182 5322 Kalendariorum
3234 5268 3563 5319 nostrorum
3597 5282 3681 5320 se.

2031 5340 2110 5393 rie
2143 5339 2526 5407 subsequenti,
2572 5356 2716 5409 quae.
2753 5338 2943 5405 paucis
2992 5337 3402 5409 deficientibus,
3460 5335 3686 5407 integra

2030 5427 2213 5479 nuper
2242 5410 2499 5465 exstabat
2522 5407 2980 5464 in‘selectissima
3013 5407 3355 5479 bibliotheca
3376 5424 3687 5479 congrega-

2030 5478 2200 5535 tionis
2222 5481 2457 5535 oratorii
2492 5480 2905 5551 Nerianihujus
2928 5480 3218 5533 Utinensis
3250 5478 3517 5534 civitatis.
3538 5479 3687 5535 Nihil

2030 5552 2201 5621 igitur
2231 5554 2505 5606 adversus
2560 5552 2766 5607 Nicetes
2811 5551 3025 5605 cultum
3076 5552 3224 5621 apud
3275 5551 3687 5621 Aquileienses,

2033 5623 2187 5679 facit.
2221 5625 2370 5693 quod
2406 5624 2625 5678 Nicetas
2650 5623 2769 5693 ipse
2791 5639 2916 5677 sero
2944 5626 3169 5676 tantum
3198 5622 3386 5676 locum
3426 5623 3692 5678 habuerit

2031 5695 2085 5748 in
2120 5695 2485 5750 Kalendariis
2516 5694 2891 5764 Aquileiensis
2920 5693 3176 5747 Ecclesia
3210 5710 3221 5747 :
3256 5694 3376 5749 haec
3407 5694 3559 5749 enim
3590 5710 3691 5748 nu-

2032 5783 2167 5836 pera
2199 5767 2349 5822 illius
2381 5767 2631 5822 nominis
2661 5766 2713 5820 in
2765 5764 3125 5821 Kalendariis
3172 5766 3382 5820 nostris
3422 5765 3688 5836 accessio,

2036 5834 2151 5894 non
2175 5838 2405 5895 initium
2436 5839 2622 5896 cultus
2644 5837 2771 5912 fuit,
2800 5839 2900 5895 sed
2916 5837 3106 5911 potius
3120 5837 3305 5895 cultus
3310 5838 3332 5912 j
3342 5853 3438 5893 am
3456 5834 3695 5907 vigentis
