4056 6188
501 271 651 337 1079

1211 263 1279 331 Ρ.
1326 266 1623 330 BRAIDIE
1658 258 2131 327 DISSERTATIO
2167 253 2245 319 IN
2289 255 2350 319 S.
2396 257 2746 322 NICETAM.
2794 257 3061 323 --CAP.
3106 256 3202 321 IX.

3692 262 3808 329 1080

492 404 977 478 complementum
1004 401 1231 478 ;addito
1258 418 1464 469 nempe
1494 401 1678 478 eidem
1707 399 1973 478 peculiari
1998 400 2142 478 fes_to
2180 391 2227 454 Α
2255 390 2408 478 ςξῌὶιι
2436 391 2709 478 donandi.
2761 391 2905 478 ῑεεῑρ
2951 406 3157 461 nempe
3199 390 3287 446 die
3341 387 3532 478 οζῧείο,
3571 396 3620 448 et
3663 395 3807 453 missa.

493 481 605 545 die,
628 472 690 535 et
710 477 900 533 ofﬁcio
927 493 989 531 ac
1032 475 1229 532 missa.
1264 478 1427 537 prout
1492 473 1667 529 etiam
1712 490 1841 528 cum
1881 472 2006 527 aliis
2060 472 2142 526 fa-

494 556 646 607 ctum
682 547 1158 610 fuit,Chromatio
1204 545 1415 600 scilicet
1458 562 1521 599 ac
1547 545 1867 607 Valeriano,
1906 546 1975 599 de
1998 560 2134 612 quo-

486 639 617 677 rum
646 621 881 689 antiquo
912 619 1065 673 cultu
1096 617 1153 671 in
1184 617 1382 671 eadem
1418 616 1663 672 Ecclesia
1686 633 1857 672 nemo
1884 632 2139 687 unquam

490 694 727 749 dubium
753 689 952 745 movit.

558 764 672 818 Cur
691 779 847 816 vero.
875 764 959 814 tot
992 759 1328 814 szcculorum
1352 776 1539 821 cursu,
1584 775 1901 828 numquam
1925 758 2138 825 cogita-

485 834 672 890 verint
690 832 1075 902 Aquileienses
1097 830 1159 902 in
1182 830 1473 899 proprium
1487 829 1893 885 Kalendarium
1909 829 2136 902 inferre,

489 910 547 961 et
577 921 740 959 sacro
760 901 856 957 die
877 919 1007 957 cum
1040 901 1230 956 officio
1258 906 1313 956 et
1352 902 1517 956 Missa
1550 903 1834 956 honorare
1864 906 1979 956 tres
2008 901 2139 957 illos

492 976 786 1047 episcopos
816 974 1191 1047 confessores.
1254 973 1390 1047 dum
1415 976 1617 1027 eodem
1648 974 1800 1047 cultu
1831 974 1973 1047 alios
2012 990 2136 1041 pro~

490 1044 877 1117 sequebantur
906 1046 1143 1099 aliarum
1173 1045 1548 1099 Ecclesiarum
1571 1062 1698 1117 ;cur
1728 1045 1835 1098 hoc
1862 1044 2011 1098 idem
2047 1061 2132 1097 ne.

491 1116 601 1188 que
624 1123 759 1173 tunc
784 1118 1000 1171 eisdem
1042 1116 1097 1170 in
1132 1120 1384 1170 mentem
1428 1116 1671 1188 venerit,
1698 1133 1825 1169 cum
1880 1120 2140 1188 sanctum

490 1186 914 1259 Aquileiensem
932 1188 1315 1257 patriarcham
1332 1188 1633 1259 Paulinum
1663 1187 1717 1240 in
1742 1186 2141 1259 Kalendarium

492 1257 841 1316 induxerunt
876 1276 889 1319 ;
918 1258 1064 1313 ratio
1098 1258 1252 1311 nulla
1283 1258 1445 1311 nobis
1468 1259 1652 1326 aptior
1696 1276 1762 1311 ac
1794 1257 2142 1327 probabilior

495 1350 558 1387 ea
594 1332 837 1391 videtur,
863 1348 993 1399 qua,
1016 1330 1071 1383 in
1096 1346 1156 1382 rc
1181 1346 1380 1391 parum
1406 1329 1691 1392 dissimili,
1720 1346 1853 1383 usus
1904 1328 2008 1382 fuit
2031 1328 2143 1381 cla-

493 1404 755 1458 rissimus
783 1400 1091 1455 canonicus
1114 1400 1431 1455 Mazoehius
1453 1400 1506 1453 in
1533 1417 1633 1453 suo
1666 1416 1854 1467 opere,
1888 1400 2031 1453 alias
2050 1399 2145 1453 hic

494 1475 689 1537 citato,
745 1474 814 1527 de
859 1472 1019 1525 Cultu
1070 1476 1398 1525 sanctorum
1448 1471 1830 1539 Neapolitana;
1882 1469 2143 1525 Ecclesize

494 1544 889 1613 episcoporum
924 1546 1081 1611 parte
1112 1542 1170 1597 ii.
1194 1542 1378 1610 capite
1408 1542 1458 1596 8.
1513 1544 1723 1611 Agebat
1754 1542 1871 1607 ipse
1902 1544 1971 1597 de
2000 1559 2146 1611 quo-

497 1618 633 1670 dam
682 1616 887 1677 Probo,
934 1613 1299 1682 Neapolitano
1340 1614 1625 1682 primaevae
1652 1614 1832 1667 aetatis
1858 1614 2141 1682 episcopo,

497 1687 591 1757 qui
621 1688 723 1741 sub
752 1685 1040 1757 Antonino
1072 1686 1217 1738 Vero
1244 1700 1421 1753 usque
1470 1686 1557 1757 ade
1588 1684 1925 1757 Septimium
1981 1686 2146 1739 Seve-

498 1755 626 1813 rum
659 1757 916 1830 ﬂoruisse
938 1756 1466 1830 dicitur.quemqu_e_
1485 1755 1803 1830 mirabatur
1844 1756 1993 1830 inter
2017 1773 2144 1830 san-
2181 1773 2225 1830 Β

503 1835 625 1884 ctos
674 1828 967 1897 episcopos
1008 1826 1365 1881 confessores
1424 1826 1811 1893 Neapolitana:
1860 1827 2141 1890 Ecclesiaa,

500 1901 948 1970 praedecessores
973 1915 1037 1953 ac
1055 1915 1409 1970 successores
1425 1916 1585 1970 suos,
1604 1898 1815 1959 locum,
1849 1915 1963 1951 non
1992 1899 2145 1952 inve-

500 1968 651 2027 nisse
694 1987 875 2039 neque
901 1970 958 2024 in
990 1968 1191 2024 celebri
1218 1986 1248 2023 a
1295 1986 1354 2023 se
1380 1969 1661 2023 illustrato
1690 1970 2011 2023 Marmoreo
2038 1971 2143 2023 Ka-

500 2042 760 2097 lendario
804 2041 1193 2109 Neapolitanis
1243 2041 1524 2101 Ecclesiae.
1562 2057 1746 2110 neque
1796 2041 1851 2094 in
1878 2041 2002 2094 aliis
2048 2044 2146 2095 aut

500 2114 805 2183 superioris
826 2117 923 2166 aut
957 2111 1283 2182 posterioris
1341 2112 1467 2169 aevi.
1496 2112 1659 2183 sicuti
1693 2128 1875 2179 neque
1906 2112 2143 2165 omnino

497 2182 739 2255 usquam
767 2184 916 2237 inter
965 2189 1193 2255 sanctos
1231 2184 1575 2255 recensitum
1620 2182 1677 2236 in
1717 2183 1839 2236 aliis
1869 2183 2144 2244 liturgicis

498 2256 678 2312 libris.
704 2255 833 2309 licet
862 2254 1182 2307 sanctitatis
1211 2254 1466 2323 ejusdem
1490 2270 1602 2307 non
1636 2255 1898 2308 deessent
1921 2258 2144 2308 vetusta

498 2344 601 2396 pro
613 2327 839 2379 illorum
860 2328 1185 2396 temporum
1200 2324 1422 2396 ratione
1434 2341 1607 2396 monu
1619 2328 1845 2388 menta;
1870 2341 1933 2378 eo
1966 2324 2143 2379 ferme

497 2394 1249 2463 inodo.quoetnosmetipsi.
1277 2395 1485 2465 majori
1523 2395 1692 2449 etiam
1732 2396 2139 2463 quodamjure,

496 2466 768 2521 admirati
798 2466 1068 2520 sumusin
1098 2465 1383 2520 veteribus
1405 2466 2142 2521 Kalendariisnostristam-

496 2538 591 2592 diu
624 2537 870 2592 defuisse
889 2540 1002 2591 tres
1017 2536 1402 2606 Aquileienses
1440 2538 1733 2605 episcopos
1762 2538 2138 2592 confessores.

498 2609 894 2674 Valerianum,
926 2608 1345 2669 Chromatium,
1405 2613 1577 2678 atque
1604 2608 1883 2673 Nicetam,
1939 2610 2142 2679 quibus

494 2680 871 2735 nihilominus
901 2684 958 2734 et
986 2679 1306 2733 santtitatis
1328 2680 1509 2734 cultus
1535 2680 1711 2734 etiam
1744 2681 1893 2749 apud
1931 2698 2053 2743 nos,
2087 2684 2139 2736 et

494 2751 646 2807 inter
673 2755 899 2807 sanctos
917 2751 1214 2806 recensioa
1232 2750 1417 2819 prima
1437 2751 1776 2821 antiquitate
1795 2769 1907 2806 non
1923 2754 2136 2807 deerat.

494 2825 611 2878 Hoc
639 2824 831 2893 itaque
854 2826 1040 2893 pacto.
1087 2839 1186 2891 pro
1226 2823 1475 2877 editione
1515 2839 1638 2885 sua,
1672 2824 1886 2877 nodum
1923 2825 2140 2878 solvere

494 2894 599 2950 sibi
626 2895 921 2963 pr0posuit
946 2894 1279 2948 Mazochius.
1309 2917 1328 2941 ι
1366 2896 1487 2958 Quo
1523 2893 1713 2948 minus
1756 2895 1987 2958 Probus,
2014 2894 2142 2948 alii-

493 2984 604 3036 que
628 2966 870 3021 fortasse
898 2965 1106 3034 plures,
1138 2965 1519 3020 ecclesiastica
1544 2965 1766 3019 cultura
1796 2966 1957 3033 potiti
1984 2982 2141 3035 repe-

490 3038 736 3099 riantur,
766 3053 835 3091 ea
866 3053 979 3091 una
999 3036 1381 3091 intercessisse
1410 3053 1581 3091 causa
1594 3036 1835 3100 videtur,
1870 3038 2022 3105 quod
2048 3054 2140 3091 eo-

488 3122 620 3191 rum
653 3124 893 3191 (λοξυμ-ει
924 3107 1230 3191 in‘obscuro
1252 3106 1509 3191 latentia,
1552 3108 1944 3191 numquamin
1978 3125 2137 3178 aper-
2167 3129 2211 3187 ρ

492 3182 615 3231 tum
653 3178 829 3247 229
862 3177 1194 3244 prodierint,
1227 3181 1290 3230 ut
1311 3194 1545 3245 peream
1564 3179 1922 3234 occasionem
1938 3177 2135 3233 eorum

491 3247 809 3302 summaria
842 3264 941 3316 pro
970 3264 1129 3301 more
1159 3251 1479 3313 temporum
1513 3249 1739 3303 illorum
1781 3250 2136 3305 canonizatio

490 3319 812 3389 promoveri
837 3322 1043 3387 posset.
1071 3316 1215 3389 Nam
1235 3319 1539 3389 (quantum
1571 3337 1636 3374 ex
1658 3320 1833 3377 facto.
1858 3366 1866 3375 .
1888 3364 1898 3375 .
1919 3322 2135 3378 .simul-

489 3388 599 3462 que
620 3406 686 3445 ex
712 3390 978 3444 universa
1006 3388 1284 3462 sequioris
1322 3389 1427 3443 sevi
1460 3405 1621 3462 sacra
1670 3390 1911 3445 historia
1942 3393 2127 3462 depre-

489 3461 739 3517 hendere
768 3460 1024 3531 possum)
1068 3465 1398 3515 sanctorum
1423 3461 1587 3529 paulo
1628 3460 2030 3529 antiquiorum
2047 3480 2138 3517 ca-

491 3533 778 3588 nonizatio
805 3534 875 3586 ab
900 3532 1229 3587 inventione
1258 3549 1562 3600 corporum
1596 3534 1855 3587 sumebat
1884 3534 2139 3588 initium-

488 3606 635 3659 Tum
669 3605 736 3667 si,
770 3620 1013 3673 quorum
1060 3603 1310 3671 reliquiae
1356 3608 1589 3673 reperta;
1646 3602 1905 3667 fuissent,
1936 3622 2135 3660 eorum

488 3676 810 3730 sanctitatis
858 3674 1015 3729 fama
1036 3679 1324 3729 constaret
1374 3692 1386 3741 ;
1446 3676 1893 3730 exardescebant
1947 3677 2135 3745 p0puli

489 3746 775 3809 studia,ut
807 3746 1023 3807 iiinter.
1049 3751 1276 3801 sanctos
1303 3746 1742 3801 ascriberentur.
1772 3748 1851 3802 lbi
1876 3748 2134 3803 Ecclesiae

489 3820 750 3887 pastores
770 3817 961 3883 populi
985 3816 1286 3875 desideria.
1320 3818 1478 3887 quasi
1504 3818 1756 3871 divinam
1786 3836 2007 3881 vocem,
2032 3820 2137 3874 mi-

488 3886 647 3943 nime
669 3888 1091 3941 contemnenda
1114 3887 1243 3947 rati,
1283 3886 1563 3942 ineorum
1598 3890 1666 3943 de
1697 3889 1898 3957 quibus
1932 3892 2134 3955 ageba-

488 3962 585 4013 tur
604 3958 780 4013 vitam
811 3962 868 4013 et
891 3958 1257 4013 sanctitatem
1315 3958 1697 4029 inquirebant.
1731 3962 1900 4014 Porro
1949 3961 1993 4014 si
2047 3964 2138 4015 Ec-

488 4029 807 4087 clesiastico
832 4030 1049 4100 judicio
1076 4031 1144 4084 de
1185 4047 1383 4085 eorum
1418 4030 1722 4086 sanctitate
1742 4031 2087 4087 constitisset.
2120 4050 2133 4097 ;

489 4103 563 4157 ad
602 4118 905 4169 corporum
931 4101 1330 4165 elevationem,
1365 4106 1535 4171 atque
1570 4102 1624 4156 in
1659 4104 1987 4157 decentiora
2014 4104 2137 4160 loca

483 4173 923 4227 translationem
954 4174 1381 4242 procedebatur.
1411 4195 1433 4223 ι
1460 4174 1674 4228 Deinde
1700 4174 1777 4228 ita
1800 4174 2088 4229 concludit
2120 4192 2131 4229 :

489 4263 516 4294 ‹‹
547 4246 732 4308 Quare
753 4244 859 4298 hac
876 4261 989 4298 una
1021 4245 1090 4298 de
1118 4261 1290 4299 causa
1320 4244 1461 4299 mihi
1496 4244 1715 4299 videtur
1746 4250 1867 4299 tum
1897 4246 2131 4307 Probus,

483 4318 607 4369 tum
633 4320 690 4370 et
714 4315 951 4370 forsitan
972 4314 1093 4371 alii.
1118 4361 1129 4371 .
1153 4360 1164 4372 .
1189 4359 1201 4371 .
1236 4316 1388 4370 cultu
1416 4316 1799 4371 ecclesiastico
1853 4317 2129 4372 caruisse:

484 4386 656 4457 plane
690 4387 842 4454 quia.
892 4403 1090 4441 eorum
1145 4403 1461 4450 numquam
1503 4387 1747 4441 inventis
1780 4388 2130 4455 corporibus.

486 4457 667 4511 defuit
680 4457 1039 4526 occasio.qua
1054 4458 1242 4512 studia
1256 4457 1506 4512 fidelium
1532 4458 2037 4513 inflammarentur
2061 4461 2132 4514 ad
2170 4459 2214 4517 D

482 4526 913 4596 impetrandam
945 4528 1015 4581 ab
1035 4528 1312 4596 episcopis
1343 4545 1523 4583 caussa
1550 4529 2044 4595 informationem,
2078 4535 2134 4585 et

483 4614 611 4665 quae
626 4598 773 4651 hanc
789 4600 1304 4666 consequebantur,
1318 4599 1593 4654 nimirum
1616 4602 2127 4663 canonizationem,

482 4668 861 4723 elevationem
896 4668 1148 4736 corporis
1170 4674 1336 4738 atque
1367 4671 1803 4726 translationem
1839 4688 1849 4726 :
1883 4689 2128 4740 quorum

483 4756 636 4795 nunc
659 4740 897 4794 nomina
923 4740 1132 4805 scripta
1155 4744 1287 4795 sunt
1317 4740 1374 4795 in
1406 4741 1552 4795 libro
1602 4742 1759 4797 Vitae.
1798 4764 1820 4793 υ
1850 4745 2131 4797 Hactenus

482 4810 825 4873 Mazochius,
853 4811 947 4880 qui
989 4812 1162 4866 etiam
1217 4829 1385 4881 super
1409 4812 1517 4867 hac
1542 4829 1603 4865 re
1658 4815 1731 4867 ad
1762 4829 1827 4867 ea
1873 4830 1930 4868 se
1957 4814 2132 4868 refert

480 4899 609 4953 quae
639 4883 943 4953 scripserat
972 4884 1028 4937 in
1070 4883 1314 4937 diatriba
1345 4883 1663 4951 anteposita
1711 4886 2128 4939 commentario

478 4972 582 5009 suo
611 4954 667 5009 in
700 4956 1057 5019 praecitatum
1092 4957 1472 5009 Marmoreum
1518 4956 1905 5025 NeaOplitanzc
1948 4957 2127 5011 Eccle-

477 5026 578 5081 siae
602 5026 1015 5081 Kalendarium
1042 5042 1282 5081 numero
1310 5028 1376 5080 l3
1395 5026 1771 5091 notationem,
1798 5030 1854 5080 et
1874 5027 2126 5082 Mabillo-

474 5098 635 5152 nium
663 5098 801 5153 citat
824 5098 881 5153 in
913 5098 1312 5153 dissertatione
1358 5115 1470 5168 qua
1501 5098 1622 5158 agit
1670 5100 1738 5152 de
1794 5103 2121 5153 sanctorum

475 5170 918 5225 Canonizatione
945 5169 1222 5239 sequioris
1268 5169 1388 5223 aevi.
1439 5170 1649 5223 Eadem
1710 5170 1903 5223 videas
1945 5170 2121 5224 etiam

474 5242 622 5308 apud
663 5240 1058 5297 Marcellumin
1089 5240 1498 5295 Kalendarium
1532 5240 2121 5295 ECcIesiaaConstanti-

471 5311 842 5382 nopolitame,
874 5311 985 5365 vol.
1011 5314 1052 5376 l,
1077 5329 1207 5375 pag.
1237 5312 1359 5373 134,
1381 5311 1474 5366 ubi
1506 5312 1574 5384 de
1588 5313 1839 5367 Eudoxio
1867 5318 2120 5384 martyre

471 5398 798 5439 sermonem
830 5384 1091 5439 habetad
1123 5384 1272 5438 diem
1304 5386 1338 5437 6
1370 5383 1579 5437 mensis
1609 5384 1974 5453 Septembris.

543 5454 677 5506 Post
706 5455 829 5510 hsec
859 5454 1033 5523 igitur
1056 5459 1117 5508 ut
1154 5455 1457 5508 redeamus
1489 5456 1559 5508 ad
1588 5459 1702 5509 tres
1731 5455 2116 5524 Aquileienses

469 5526 695 5593 nostros
721 5526 1015 5593 episcopos
1044 5526 1418 5588 confessores,
1439 5526 1825 5589 Valerianum,
1847 5528 2114 5579 Chroma-

468 5592 613 5666 tium
637 5598 693 5647 et
716 5592 971 5649 Nicetam
1005 5612 1021 5655 :
1061 5601 1278 5651 certum
1325 5601 1411 5650 est
1462 5613 1557 5651 eos
1624 5598 1697 5651 ad
1750 5602 2015 5666 quartum
2058 5601 2112 5651 et

469 5664 733 5733 quintum
779 5666 1045 5721 Ecclesiae
1092 5666 1361 5720 saeculum
1406 5667 1707 5735 pertinere,
1740 5664 1869 5722 cum
1899 5667 2113 5721 scilicet

467 5750 597 5807 mos
616 5736 1021 5807 tantummodo
1054 5736 1379 5807 incipiebat.
1412 5754 1477 5792 ac
1508 5739 1850 5807 quibusdam
1881 5742 2108 5793 tantum

463 5804 528 5863 in
553 5802 710 5873 locis,
756 5806 821 5863 ut
864 5804 1071 5863 eruditi
1116 5802 1602 5880 animadvertunt,
1664 5809 1888 5885 publico
1937 5808 2106 5883 pleno

2255 460 2431 515 etiam
2478 467 2705 517 sanctos
2754 460 3112 517 confessores
3173 478 3329 526 ;non
3358 462 3473 517 sine
3522 467 3685 519 tamen
3724 486 3810 523 ma-

2252 548 2386 602 gno,
2420 533 2663 606 delectu,
2696 534 2774 588 ita
2810 539 2871 589 ut
2898 534 2933 588 ii
2966 539 3187 589 tantum
3227 534 3335 587 hoc
3377 533 3579 606 honore
3605 552 3813 606 augeren-

2252 606 2345 656 tur
2387 603 2491 677 _qui
2526 603 2807 677 virtutum,
2832 622 2896 659 ac
2944 605 3279 661 meritorum
3314 605 3587 659 eminenta
3626 603 3809 677 gloriam

2250 674 2680 748 quodammodo
2704 693 2769 730 ac
2788 676 3002 748 famam
3022 674 3811 748 mquarentmartyrumIquisoli

2250 749 2421 799 antea
2453 745 2559 799 hoc
2593 748 2815 819 publico
2848 747 3014 819 pleno
3044 745 3197 802 cultu
3219 747 3380 817 potiti
3418 745 3719 810 fuerant;ut
3749 769 3813 819 pa-

2250 819 2332 869 tet
2361 832 2425 870 ex
2444 834 2510 871 eo
2532 818 2682 887 quod
2718 818 2930 873 factum
2962 818 3067 873 fuit
3098 835 3225 873 cum
3254 823 3449 873 sancto
3475 818 3813 876 Martino'l'uro-

2250 888 2411 941 nensi
2426 888 2689 958 episcopo
2704 894 2757 943 et
2773 907 2876 944 con
2888 889 3120 953 fessore,
3136 894 3193 944 et
3208 889 3302 960 qui
3325 890 3465 943 inter
3485 889 3671 957 primos
3685 891 3813 947 babe-

2250 959 2831 1032 tureeonfessoribus
2862 960 2916 1014 in
2974 959 3235 1032 Ecclesia,
3281 976 3417 1032 pace
3464 960 3724 1032 defunctis,
3746 965 3812 1032 qui

2250 1028 2357 1082 hoc
2390 1029 2555 1102 pleno
2578 1030 2956 1085 ecclesiastico
2986 1031 3137 1086 cultu
3156 1031 3352 1085 donati
3368 1031 3705 1099 reperiuntur,
3729 1028 3815 1102 qui-

2250 1116 2358 1169 que
2390 1101 2596 1155 idcirco
2629 1103 3044 1172 ascriptoribus
3072 1102 3275 1157 comvis
3298 1102 3482 1156 suisin
3514 1103 3644 1165 vitae,
3664 1101 3812 1159 merito

2252 1173 2599 1255 martyribus
2621 1174 2766 1255 data.
2785 1191 2957 1255 opera
2978 1177 3348 1255 comparatus
3375 1173 3495 1255 fuit,
3510 1175 3814 1255 uter-uditissi-

2252 1242 2959 1317 me_anjmzi_dvertitcitato
2974 1242 3232 1313 superius
3251 1244 3376 1298 loco
3397 1245 3696 1299 Benedictus
3710 1264 3815 1317 papa

2252 1312 2396 1397 XIV...
2431 1314 2685 1368 Dubitari
2702 1312 3189 1397 ‘interim‘ne’quit‘.
3222 1320 3337 1371 tres
3360 1319 3572 1397 nostros
3591 1312 3815 1397 episcopos

2252 1384 2603 1456 confessores
2630 1385 2842 1441 cultum
2869 1384 3082 1441 saltem'
3100 1387 3352 1456 aliquem
3368 1384 3658 1441 sanctitatis
3676 1390 3729 1441 ab
3746 1384 3816 1442 ini-

2253 1454 2332 1508 tio
2372 1460 2704 1528 consecutos
2751 1457 2922 1513 fuisse
2988 1457 3045 1511 in
3078 1454 3348 1528 opinione
3401 1458 3681 1521 communi,
3714 1476 3815 1528 quae,

2254 1526 2715 1649 permittentibus
2745 1534 2842 1583 aut
2886 1529 3060 1584 etiam
3104 1526 3542 1599 suffragantibus
3589 1526 3814 1599 episcopis,

2276 1596 2639 1649 ezitimt‘euro
2663 1598 2771 1649 illis
2820 1600 3172 1649 temporibus
3201 1600 3602 1649 canonizalioni
3634 1601 3814 1649 mniiina-

2276 1596 2526 1666 egitimaa
2542 1616 2639 1667 pro
2663 1598 2771 1653 illis
2820 1600 3172 1671 temporibus
3201 1596 3602 1655 canonizationi
3622 1596 3818 1671 aequipa-

2258 1672 2475 1741 raretur
2507 1686 2519 1732 ;
2549 1674 2603 1741 et
2633 1672 2712 1724 ita
2737 1673 2959 1725 eosdem
3003 1672 3057 1725 in
3086 1671 3395 1741 Agiologiis
3446 1688 3538 1725 seu
3562 1673 3820 1741 Martyrolo-

2256 1738 2362 1809 giis
2384 1739 2570 1793 locum
2594 1740 2895 1806 invenisse,
2927 1747 2983 1795 et
3009 1760 3039 1796 a
3078 1738 3339 1797 ﬁdelibus
3365 1741 3421 1797 in
3448 1738 3817 1797 invocationibus

2256 1814 2576 1882 usurpatos.
2603 1813 2835 1882 Insuper
2878 1820 3094 1867 certum
3125 1817 3230 1877 est,
3273 1814 3447 1867 trium
3493 1813 3671 1867 horum
3699 1815 3816 1882 Aqui-

2254 1880 2550 1953 leiensium
2584 1880 2999 1953 episcoporum.
3028 1884 3319 1950 Valerian,
3344 1884 3657 1947 Cbromatii,
3696 1880 3818 1953 atque

2255 1951 2484 2017 Nicetas,
2519 1951 2735 2007 nullam
2770 1951 2938 2008 hodie
2966 1955 3159 2010 haberi
3184 1972 3478 2011 sacrorum
3493 1956 3711 2010 cinerum
3730 1951 3819 2009 reli-

2253 2023 2448 2091 quiam
2474 2042 2497 2096 _;
2548 2041 2727 2094 neque
2749 2030 3008 2080 constare
3035 2028 3186 2096 quod
3231 2026 3482 2081 extiterit
3526 2043 3753 2095 umquam
3781 2026 3817 2078 in

2253 2098 2373 2147 tam
2405 2094 2609 2148 celebri
2624 2096 2888 2150 thesauro
2917 2094 3297 2166 Aquileiensis
3313 2096 3582 2161 Ecclesiae,
3610 2094 3819 2167 quassu-

2251 2170 2473 2249 etorum
2488 2171 2807 2249 martyrum
2822 2168 3270 2249 Aquileiensium
3286 2168 3625 2249 aliorumque
3636 2169 3817 2249 aliarum

2252 2235 2651 2307 Ecclesiarium
2684 2235 2934 2307 reliquiis
2964 2240 3318 2301 abundabat,
3362 2240 3440 2293 uti
3471 2235 3709 2293 ex'veteri
3730 2238 3817 2291 reli-

2251 2306 2537 2381 quiarum,
2569 2306 2819 2363 indiculd
2843 2310 3226 2366 celeberrimze
3282 2310 3431 2365 illius
3459 2310 3687 2365 Ecclesiae
3713 2310 3817 2381 apud

2254 2377 2549 2452 Bertolum
2579 2384 2843 2452 uestrum
2895 2380 3180 2436 Antichita
3231 2381 3549 2452 d'Aquileja
3592 2398 3697 2452 pag.
3721 2380 3817 2433 366:

2251 2449 2401 2502 unde
2433 2450 2589 2519 argui
2628 2450 2790 2505 facile
2838 2456 3018 2520 potest
3066 2449 3372 2506 sacrorum
3406 2449 3604 2507 eorum
3624 2451 3818 2506 cinerum

2250 2520 2595 2594 memoriam
2617 2521 2700 2575 vel
2736 2538 2769 2575 a
2796 2523 2994 2594 primis
3010 2524 3365 2594 temporibus
3380 2524 3613 2592 periisse,
3638 2524 3820 2594 durante

2250 2594 2473 2664 tantum
2494 2589 2649 2646 fama
2666 2589 2905 2647 nominis
2922 2595 3098 2664 230
3118 2589 3172 2650 et
3206 2589 3544 2650 sanctitatis.
3562 2594 3677 2647 Jure
3698 2593 3821 2663 igitur

2250 2661 2359 2734 dici
2389 2666 2592 2731 potest,
2625 2665 2777 2733 quod
2806 2661 3118 2734 priﬁa'illa
3162 2670 3339 2721 aetate
3368 2671 3656 2725 transacta,
3683 2661 3821 2733 inqua

2250 2732 2436 2786 adhuc
2466 2750 2593 2787 raro
2620 2732 2934 2789 admodum
2967 2737 3146 2790 sancti
3178 2736 3533 2792 confessores
3586 2736 3713 2790 cultu
3751 2732 3822 2803 pu-

2248 2803 2394 2874 blico
2421 2804 2529 2858 diei
2560 2804 2685 2859 festi
2725 2806 2899 2861 ofﬁcii
2959 2824 3023 2860 ac
3053 2809 3245 2863 missas
3302 2809 3660 2871 donabantur,
3698 2810 3821 2874 atque

2249 2873 2381 2929 hinc
2408 2874 2616 2949 ignotis
2647 2878 3109 2949 permanentibus
3141 2879 3283 2934 locis
3302 2880 3392 2934 ubi
3420 2895 3641 2949 corpora
3655 2873 3821 2932 sancto-

2245 2946 2844 3019 rum_Aquileiensium
2865 2949 3261 3019 episc0porum
3295 2946 3590 3012 Valeriani,
3616 2949 3821 3019 Chroma-

2248 3015 2541 3072 tiiNicetaa
2559 3019 2819 3092 deposita
2878 3015 3123 3084 fuerunt,
3158 3026 3214 3076 et
3244 3039 3316 3077 eo
3351 3022 3528 3092 magis
3576 3022 3637 3074 ob
3690 3017 3821 3092 infau-

2247 3091 2364 3161 stas
2387 3104 2575 3142 rerum
2606 3090 3039 3155 vicissitudines,
3068 3092 3275 3161 quibus
3316 3090 3468 3147 tunc‘
3490 3090 3744 3161 temporis,
3777 3104 3820 3141 ac

2248 3159 2507 3233 deinceps
2539 3164 2654 3233 tam
2688 3178 2835 3233 seepe
2866 3159 3114 3216 obnoxia
3138 3162 3244 3218 fuit
3268 3159 3628 3233 Aquileiensis
3656 3162 3820 3233 urbs_ac_

2247 3234 2369 3283 tota
2393 3231 2562 3285 simul
2602 3228 2967 3305 .ﬁquiléiensis
2997 3228 3718 3305 pt'ovincia;]'ure,inquam,
3745 3228 3818 3283 dici

2248 3305 2450 3375 potest,
2482 3302 2657 3375 quod,
2693 3304 2859 3375 juxta
2892 3304 3265 3370 Mazochium,
3321 3302 3494 3372 defui!
3535 3302 3819 3375 occasioque:

2246 3372 2432 3443 studia
2461 3372 2710 3441 ﬁdelium
2727 3376 3220 3443 inﬂammarentur,
3252 3380 3319 3431 ut
3348 3376 3545 3431 sanctis
3567 3375 3642 3429 bis
3660 3373 3819 3443 episco-

2247 3442 2331 3521 pis
2351 3443 2775 3521 confessoribus
2796 3462 2859 3499 ea
2901 3446 3105 3521 publici
3129 3448 3319 3521 cultus
3352 3448 3627 3521 plenitudo
3654 3443 3819 3521 accede-

2244 3517 2331 3588 ret
2350 3530 2473 3588 qua:
2503 3514 2719 3588 eisdem
2738 3514 3083 3587 caeteroquin
3111 3514 3445 3581 debebatur,
3470 3517 3725 3585 inscriptio
3752 3514 3821 3588 sti:

2247 3583 2377 3657 licet
2400 3584 2461 3657 Ain
2503 3586 2762 3657 Ecclesiae
2818 3583 3187 3657 Aquileiensis
3224 3590 3567 3645 Kalendario
3594 3583 3703 3641 cum
3744 3583 3819 3657 diei

2250 3654 2704 3711 festiindictione
2733 3674 2832 3712 nec
2853 3654 2965 3713 n'ou
2998 3664 3052 3715 et
3079 3660 3250 3715 ofﬁcii
3273 3679 3345 3716 ac
3377 3662 3578 3723 missae,
3602 3655 3821 3713 acitahoc

2246 3726 2462 3801 honore
2484 3729 2772 3801 caruerint
2796 3730 2868 3783 ad
2896 3731 3065 3784 finem
3097 3749 3270 3801 usque
3303 3732 3609 3793 szeculixw,
3632 3732 3819 3798 quotano

2247 3798 2377 3851 dem
2395 3799 2673 3853 cumulati
2691 3800 2919 3854 fuerunt
2945 3818 2977 3855 a
2995 3798 3317 3857 clarissimo
3346 3820 3536 3859 eorum
3568 3809 3820 3855 successum

2249 3869 2541 3944 Francisco
2566 3872 2815 3925 Barbare
2850 3872 3195 3941 patriarcha,
3233 3876 3307 3930 de
3327 3892 3437 3944 quo
3474 3873 3702 3943 superius
3723 3866 3821 3944 dixi-

2248 3956 2395 4011 mus,
2417 3942 2724 4011 VCteterum,
2761 3939 2911 4011 quod
2938 3945 3011 3996 ad
3044 3944 3303 3999 Nicetam
3327 3939 3475 4000 nunc
3500 3939 3724 3998 nostrum
3742 3939 3819 3991 sin-

2245 4010 2490 4086 gillatim
2516 4017 2754 4086 spectat,
2777 4010 2856 4066 ide
2878 4031 2989 4086 quo
3030 4016 3150 4069 solo
3194 4016 3284 4071 hic
3335 4014 3628 4086 disputatio
3655 4016 3736 4086 est,
3775 4011 3819 4086 fl

2246 4082 2407 4149 cujus
2432 4098 2640 4157 nomen
2664 4082 2999 4157 abantiquis
3031 4082 3453 4156 temporibusin
3474 4082 3818 4157 Martyrologijs

2246 4152 2610 4226 recensitumr
2638 4152 2919 4226 vidimus';
2953 4156 3077 4226 quis
3110 4152 3223 4211 non
3276 4159 3513 4213 miretur
3538 4152 3755 4211 eumdem
3780 4152 3815 4200 in

2246 4223 2874 4293 Martyrologiislocum
2904 4223 3166 4283 habuisse
3202 4234 3288 4283 tot
3311 4236 3456 4284 retro
3492 4226 3687 4283 saeculis
3706 4226 3818 4275 aute-

2244 4311 2415 4363 quam
2446 4296 2500 4349 in
2528 4296 2871 4351 Kalendario
2918 4299 3158 4367 propriae
3184 4300 3441 4355 Ecclesia:
3471 4297 3817 4367 inscriberetur,

2244 4382 2425 4440 cume
2456 4367 2742 4440 contrario
2765 4386 2831 4423 ex
2848 4364 3223 4424 Ecclesiarum
3243 4370 3653 4440 particulariuui
3668 4364 3818 4440 Kalen-

2246 4436 2419 4490 dariis
2436 4438 2777 4509 potissimum
2794 4440 3105 4509 antiquitus
3118 4436 3435 4496 coaluerint
3465 4436 3817 4509 .llartyrologfa,

2246 4512 2307 4560 ut
2331 4505 2535 4562 eruditi
2548 4510 2883 4581 observant,
2904 4505 2959 4565 et
2982 4528 3161 4581 nuper
3189 4512 3536 4567 clarissimus
3575 4505 3819 4581 praelealtda'

2244 4582 2333 4653 tus
2354 4580 2651 4653 Morcellus
2676 4575 3084 4653 animadvertit
3127 4583 3183 4636 in
3212 4584 3539 4653 przefalioue
3567 4575 3631 4636 ad
3666 4575 3817 4653 Kalen-

2243 4650 2467 4724 darium
2492 4651 2747 4724 Ecclesiae
2778 4646 3431 4724 Constantinopolitanae
3469 4655 3494 4724 ξ
3524 4655 3569 4715 ’1,
3597 4668 3705 4724 pag-
3733 4646 3816 4724 6}“

2241 4720 2442 4794 7_‘?_Hoc
2476 4722 2746 4776 nimirum
2776 4724 2883 4777 nisi
2907 4730 3101 4778 nostra
3131 4716 3231 4779 nos
3254 4725 3401 4779 fallit
3423 4716 3619 4794 opinio,
3640 4716 3815 4791 jamdiu

2241 4791 2444 4863 ubique
2469 4800 2614 4846 notae
2637 4799 2805 4863 atque
2836 4795 3143 4863 exploratae
3158 4791 3474 4850 sanctitatis
3500 4796 3688 4849 Nicetze
3726 4801 3816 4839 nos-

2239 4862 2329 4925 tri,
2352 4879 2454 4917 nec
2472 4880 2584 4917 non
2604 4870 2659 4918 et
2693 4862 2877 4937 cultus
2903 4862 3089 4920 eidem
3121 4867 3287 4937 longe
3312 4869 3527 4937 lateque
3550 4862 3699 4937 apud
3718 4870 3814 4911 suos

2238 4938 2572 5004 exterasque
2599 4936 2835 5004 prtestiti
2856 4934 3255 5008 argumentum
3297 4944 3381 4992 est
3411 4934 3810 5008 amplissimum;

2235 5021 2346 5080 quo
2374 5021 2697 5080 sermonem
2727 5009 2796 5061 de
2832 5004 2980 5080 illius
3007 5009 3306 5063 sanctitate
3356 5026 3419 5063 ac
3445 5004 3586 5062 cultu
3617 5004 3809 5080 libentiso

2234 5076 2377 5129 sime
2415 5077 2752 5143 claudimus,
2775 5096 2839 5133 ac
2865 5079 3032 5133 simul
3058 5082 3289 5135 tandem
3317 5081 3484 5134 finem
3524 5076 3810 5145 imponimus

2233 5152 2430 5200 octavo
2458 5149 2626 5217 capiti
2658 5150 3070 5204 dissertationis
3121 5156 3324 5205 ηοεῐτεε·
3374 5154 3426 5204 in
3459 5167 3563 5220 quo
3616 5154 3807 5220 ριήςιρρει·

2231 5222 2352 5290 tum
2378 5224 2499 5272 erat.
2530 5215 2581 5272 di
2608 5236 2715 5274 ~ez-e
2747 5221 2815 5273 de
2837 5226 3033 5275 sancto
3066 5222 3251 5277 Niceta
3268 5215 3525 5290 episcopo
3550 5215 3806 5290 Aquileiet}.

2229 5288 2875 5368 §_i_~,9.ll13q0¢_0prusculis
2900 5309 2971 5368 ac
3013 5277 3345 5363 fragmentis
3379 5277 3512 5355 ;nec
3539 5277 3637 5343 non
3684 5290 3727 5338 et
3761 5277 3806 5329 de

2228 5360 2377 5414 illius
2403 5361 2706 5416 sanctitate
2733 5379 2796 5417 ac
2827 5362 3001 5418 cultu.

2863 5453 3083 5509 CAPUT
3140 5455 3235 5507 IX.

2221 5538 2515 5593 Nonnulla
2544 5539 2867 5593 exhibentur
2889 5541 3176 5595 observalu
3206 5542 3385 5611 digna.
3410 5545 3517 5591 tum
3540 5531 3691 5607 quoad
3710 5526 3805 5611 άοσέ

2292 5632 2439 5680 mata
2464 5634 2511 5679 et
2540 5642 2732 5689 mores,
2781 5634 2895 5681 tum
2946 5629 3118 5697 quam!
3174 5610 3521 5697 disciplinam,
3566 5638 3624 5675 ex
3668 5610 3801 5671 δαηίίί

2290 5714 2499 5769 Nicena
2528 5717 2797 5785 opusculis
2824 5722 2983 5785 atque
3007 5716 3361 5787 fragmentis.

2287 5803 2458 5863 Nulla
2474 5805 2590 5880 maj
2601 5821 2664 5863 or
2678 5804 3000 5864 Christiano
3021 5804 3243 5865 homini
3264 5805 3335 5865 ab
3356 5794 3678 5862 incunabulis
3703 5802 3798 5847 san-
