4056 6188
179 329 333 395 1085

898 330 961 394 Ρ.
1008 330 1304 396 BBAIDE
1348 330 1934 399 DISSERTATIO‘IN
1976 335 2037 399 8.
2082 333 2437 401 NICETAM.
2467 370 2536 385 -
2564 337 2727 401 CAP.
2774 337 2872 402 XI.

3422 336 3581 403 1086

242 463 373 518 1am
389 479 547 543 vero
575 464 647 543 de
687 463 1037 543 virginitatis
1080 467 1368 543 proposito
1399 485 1465 543 ae
1495 469 1565 525 de
1595 467 1822 539 virgini-
1854 468 1904 529 Α
1934 469 2095 543 cujus
2124 470 2476 526 illustrandae
2506 472 2689 541 gratia
2709 488 2820 527 non
2854 472 3232 543 incongruum
3260 471 3369 527 erit
3398 490 3466 528 ea
3494 473 3586 529 hic

170 535 277 610 bus
307 535 447 610 quid
481 535 708 610 Nicetas
738 537 978 592 senserit
1024 535 1369 594 intueamur.
1417 541 1651 595 Certant
1686 535 1826 610 quo-

170 606 488 681 dammodo
507 606 657 681 inter
680 624 738 681 se
764 612 981 681 veteres
1001 610 1215 671 Patres,
1240 628 1359 665 cum
1390 613 1459 665 de
1488 606 1825 681 virginitatis

172 676 462 749 proposito
490 695 556 733 ac
584 680 653 733 de
678 678 988 749 virginibus
1017 697 1342 736 sermonem
1375 676 1603 744 habent,
1629 682 1687 737 in
1720 682 1824 736 vir-

166 748 431 823 ginitatis
461 765 527 803 ac
557 748 838 819 virginum
869 751 1128 823 laudibus
1145 753 1517 815 celebrandis,
1548 758 1605 808 ut
1621 754 1821 823 cuique

170 820 535 875 notissimum
564 837 687 876 esse
713 826 913 890 potest,
942 822 1027 876 cui
1050 828 1377 879 sanctorum
1405 828 1633 879 Patrum
1658 820 1823 880 lectio

170 895 445 964 extranea
478 909 590 946 non
615 892 707 947 sit.
742 896 857 949 Hoc
880 894 1151 949 nimirum
1185 896 1467 964 peculiare
1484 896 1823 951 Christianae

170 961 465 1036 religionis
505 965 674 1019 decus
723 968 826 1026 est,
860 964 1129 1020 humanae
1176 961 1548 1036 philosophia:
1594 985 1823 1036 prorsus

168 1034 453 1107 ignotum,
475 1051 541 1089 ac
562 1036 875 1104 Synagogze
900 1036 1004 1106 ipsi
1028 1037 1251 1105 penitus
1276 1034 1690 1107 incompertum
1714 1056 1726 1103 ;
1750 1040 1822 1093 ad

170 1106 323 1179 quod
346 1109 551 1179 tamen
582 1107 1037 1179 quibusdam.ut
1067 1108 1145 1162 ita
1190 1109 1397 1174 dicam,
1426 1106 1597 1164 veluti
1637 1111 1822 1179 gradi-

170 1177 275 1231 bus
306 1178 377 1230 ab
406 1176 528 1245 ipso
554 1177 755 1231 mundi
782 1178 1012 1233 exordio
1036 1180 1340 1234 Ecclesiam
1374 1198 1537 1235 suam
1569 1176 1712 1236 Deus
1738 1198 1824 1235 sa-

169 1247 549 1321 pientissiime
579 1265 917 1321 comparare
973 1267 1085 1304 non
1140 1252 1375 1316 destitit,
1433 1258 1493 1305 ut
1548 1252 1823 1321 praeclare

168 1323 401 1392 sanctus
424 1318 742 1392 Methodius
787 1320 1081 1392 episcopus
1102 1326 1155 1375 et
1188 1328 1407 1392 martyr
1428 1318 1740 1377 disserebat
1765 1322 1822 1376 in

167 1390 443 1463 convivio
494 1391 699 1445 Decem
731 1391 1051 1459 Virginum.
1099 1410 1227 1462 pag.
1264 1390 1427 1449 ‘t6‘et
1456 1394 1823 1463 sequentibus

168 1462 438 1516 editionis
468 1464 733 1516 Romanas
763 1463 807 1516 G
836 1467 892 1517 et
924 1464 982 1525 L,
1010 1481 1041 1518 a
1077 1464 1259 1519 Leone
1295 1464 1500 1518 Allatio
1529 1462 1822 1519 adornata:

168 1548 324 1587 anno
350 1533 507 1587 l656.
532 1534 791 1588 Concinit
810 1534 1001 1603 itaque
1028 1535 1249 1590 caeteris
1280 1536 1539 1591 Ecclesiae
1565 1536 1825 1591 Patribus

168 1608 222 1659 et
252 1604 545 1658 communi
574 1605 833 1659 Ecclesiae
853 1605 1137 1675 praeconio
1158 1607 1332 1661 etiam
1357 1608 1581 1662 Nicetes
1608 1612 1821 1670 noster,

168 1675 261 1747 qui
292 1676 362 1729 de
396 1675 733 1747 virginitatis
767 1677 1055 1745 proposito
1086 1694 1150 1731 ac
1189 1679 1258 1732 de
1302 1678 1615 1747 virginibus
1662 1696 1826 1747 pecu-

168 1693 261 1741 qui
292 1693 362 1729 oe
396 1693 733 1799 virginitatis
767 1693 1055 1745 proposito
1086 1694 1150 1731 ac
1189 1693 1258 1732 ue
1302 1693 1615 1747 Virginibus
1662 1696 1825 1747 pecu-

168 1746 372 1801 liarem
407 1747 480 1800 ha
523 1747 605 1801 uit
633 1747 915 1802 scribendi
942 1748 1321 1811 occasionem,
1349 1749 1477 1804 licet
1497 1753 1633 1804 tunc
1659 1750 1825 1804 valde

1936 540 2205 613 inserere,
2238 559 2359 611 qua
2386 540 2547 597 divus
2581 544 2927 613 Augustinus
2958 540 3215 599 de'sacra
3239 544 3459 613 virgine
3484 547 3587 599 De-

1940 611 2237 675 metriade,
2267 630 2331 667 ex
2363 611 3026 669 clarissima—Aniciorum
3058 611 3583 679 Romana—familia,

1936 682 2219 738 scribebat
2248 701 2400 739 anno
2448 686 2551 740 413
2584 692 2681 740 aut
2732 686 2855 749 414,
2889 686 3129 754 epistola
3173 687 3276 740 150
3320 686 3586 742 Maurinae

1935 754 2200 809 editionis
2248 758 2321 810 ad
2374 756 2590 811 nobiles
2637 756 2836 811 viduas
2894 758 3131 811 Prnbam
3186 761 3243 812 et
3270 757 3587 820 Julianam,

1934 826 2168 895 virginis
2198 826 2347 881 illius
2377 828 2620 882 alteram
2646 832 2912 887 matrem.
2948 829 3191 883 alteram
3223 828 3434 889 aviam,
3459 845 3585 896 quae

1934 899 2201 951 eumdem
2233 899 2302 953 de
2329 898 2625 953 velationis
2650 916 2763 968 qua
2789 899 2941 959 tilize,
2972 917 3082 967 qua
3110 898 3294 969 neptis
3319 898 3586 953 solemni-

1941 972 2057 1039 tate
2096 969 2393 1024 certiorem
2428 987 2527 1039 per
2564 970 2782 1023 litteras
2826 970 3117 1025 fecerant:
3156 993 3174 1018 ε
3213 970 3348 1034 Quis
3383 969 3582 1033 verbis,

1935 1038 2138 1108 inquit,
2172 1041 2411 1107 explicet
2432 1038 2572 1111 quis
2614 1041 2785 1109 digno
2827 1041 3111 1107 praeconio
3159 1045 3580 1109 prosequatur:

1934 1114 2214 1182 quantum
2246 1110 2770 1182 incomparabiliter
2792 1111 3096 1181 gloriosius
3123 1117 3292 1179 atque
3336 1110 3585 1166 fructuo-

1933 1180 2049 1235 sius
2110 1182 2319 1236 habeat
2370 1180 2654 1237 ex‘vestro
2701 1180 2975 1251 sanguine
3033 1182 3278 1236 feminas
3335 1182 3583 1251 virgines

1933 1251 2210 1313 Christus,
2245 1270 2417 1322 quam
2446 1254 2595 1307 viros
2620 1255 2881 1307 consules
2924 1255 3172 1307 mundus
3194 1252 3221 1305 ἦ)
3252 1257 3392 1308 Nam
3430 1253 3585 1307 volu-

1935 1323 2093 1377 mina
2123 1326 2444 1390 temporum
2469 1324 2512 1377 si
2532 1341 2807 1389 magnum
2831 1328 3001 1393 atque
3020 1325 3357 1393 praeclarum
3382 1329 3467 1377 est
3484 1341 3581 1379 no.

1934 1393 2106 1447 minis
2132 1394 2409 1461 dignitate
2435 1395 2690 1464 signare;
2716 1400 2932 1464 quanto
2951 1400 3035 1448 est
3056 1395 3245 1459 majus
3269 1399 3437 1462 atque
3453 1411 3586 1461 pra:-

1934 1464 2142 1519 clarius
2180 1466 2367 1519 cordis
2397 1470 2452 1520 et
2482 1467 2736 1535 corporis
2768 1465 3095 1535 integritate
3126 1465 3530 1535 transcendere
3558 1466 3585 1520 ?

1932 1536 2107 1605 Magis
2134 1536 2321 1606 itaque
2349 1534 2599 1606 gaudeat
2630 1537 2815 1606 puella
2848 1534 3053 1591 nobilis
3081 1552 3308 1605 genere,
3344 1534 3589 1589 nobilior

1933 1607 2257 1669 sanctitate,
2287 1609 2438 1677 quod
2470 1609 2543 1662 sit
2574 1625 2671 1678 per
2708 1608 2963 1662 divinum
2991 1606 3341 1661 consortium
3383 1606 3589 1678 prteci-_

1933 1695 2105 1748 puam
2160 1678 2215 1732 in
2249 1675 2405 1734 ccelis
2456 1675 2832 1734 consecutura
2863 1678 3298 1739 sublimitatem,
3339 1694 3513 1747 quam
3540 1675 3586 1730 si

1932 1753 2081 1805 esset
2108 1767 2207 1818 per
2233 1750 2549 1804 humanum
2581 1750 2927 1805 connubium
2962 1749 3178 1818 prolem
3201 1752 3589 1818 propagatura

170 1817 506 1891 infaustam,
560 1818 614 1872 in
649 1835 794 1886 saepe
838 1819 1024 1891 citato
1063 1820 1253 1874 libello
1306 1821 1719 1891 objurgationis
1751 1822 1824 1875 ad
1860 1813 1901 1871 Β
1933 1813 2258 1874 sublimem.
2287 1821 2626 1876 Generosius
2647 1823 2853 1889 quippe
2878 1813 3037 1889 eligit
3059 1813 3336 1891 Aniciana
3354 1813 3589 1891 posteri-

171 1888 454 1961 virginem
484 1891 786 1958 quamdam
822 1890 1082 1946 Ecclesiae
1112 1906 1246 1955 suae,
1282 1909 1403 1961 quae
1430 1888 1589 1961 lapsa
1616 1892 1820 1947 fuerat.

173 1960 251 2014 De
305 1959 589 2025 virginum
646 1978 895 2031 namque
937 1962 1196 2018 instituto
1248 1959 1501 2032 loquens
1534 1964 1717 2028 capite
1767 1966 1820 2027 2,

172 2047 339 2085 num.
366 2033 421 2092 5,
448 2032 709 2103 ejusdem
729 2032 922 2089 libelli.
944 2033 1180 2098 gloriam
1207 2034 1456 2103 appellat
1476 2035 1824 2101 virginitatis

170 2118 347 2173 quam
382 2102 590 2157 misera
617 2102 714 2156 illa
759 2104 1100 2172 perdiderat.
1153 2108 1209 2159 et
1235 2102 1475 2173 gloriam
1502 2105 1650 2160 hanc
1673 2121 1823 2173 saepe

170 2172 349 2247 etiam
384 2173 440 2226 in
471 2174 645 2247 libelli
677 2176 912 2247 decursu
945 2180 1379 2236 commemorat,
1426 2182 1485 2232 ut
1510 2175 1710 2247 quanti
1744 2172 1825 2229 in-

169 2243 437 2298 stitutum
471 2244 578 2298 hoc
606 2245 724 2313 ipse
756 2245 969 2300 faceret
993 2248 1131 2300 satis
1162 2251 1457 2315 appareat.

243 2315 392 2378 Quid
426 2332 555 2370 vero
589 2316 745 2385 virgo
783 2334 946 2371 sacra
972 2320 1122 2387 apud
1175 2318 1428 2373 Nicetam
1483 2318 1671 2381 fuerit,
1704 2318 1824 2388 ipse

170 2386 459 2459 loquatur.
485 2408 511 2435 «
538 2388 672 2459 Eras
698 2388 907 2455 (inquit
926 2391 1184 2443 eamdem
1208 2389 1561 2459 compellans
1586 2386 1821 2452 ibidem,

169 2474 331 2511 num.
358 2457 433 2530 6),
459 2474 585 2530 eras
616 2458 774 2527 virgo
800 2460 855 2512 in
886 2460 1150 2527 paradiso
1184 2460 1302 2523 Dei,
1333 2457 1526 2530 utique
1556 2461 1704 2515 inter
1725 2461 1822 2514 ﬂo-

166 2545 255 2583 res
290 2528 587 2589 Ecclesiaa:
621 2545 744 2584 eras
769 2547 977 2597 sponsa
998 2531 1223 2593 Christi,
1248 2548 1375 2586 eras
1401 2528 1679 2595 templum
1703 2531 1820 2595 Dei,

165 2616 295 2653 eras
327 2599 716 2655 habitaculum
750 2601 991 2669 Spiritus
1020 2602 1293 2657 sancti....
1322 2604 1627 2658 lncedebas
1646 2603 1703 2656 in
1729 2603 1825 2657 Ec-

164 2670 338 2743 clesia
371 2676 658 2743 tamquam
708 2671 975 2727 columba
1005 2672 1100 2728 illa
1130 2674 1199 2728 de
1230 2690 1343 2742 qua
1385 2674 1662 2743 scriptum
1690 2677 1775 2729 est
1808 2692 1819 2730 :

168 2742 371 2795 Pennas
398 2742 661 2798 columbae
690 2743 1069 2812 deargrntataa,
1101 2751 1151 2798 et
1182 2744 1485 2809 posteriora
1505 2742 1675 2798 dorsi
1709 2744 1827 2812 ejus

168 2814 225 2867 in
253 2814 424 2871 specie
448 2816 617 2885 auri.
636 2814 987 2883 Splendebas
1019 2818 1079 2869 ut
1107 2819 1431 2885 argentum.
1476 2815 1733 2885 fulgebas
1764 2819 1825 2869 ut

168 2900 396 2943 aurum.
431 2884 661 2953 quando
682 2902 809 2939 cum
838 2886 1062 2941 sincera
1086 2884 1433 2941 conscientia
1455 2884 1819 2956 procedebas.

172 2958 309 3009 Eras
337 2959 626 3024 tamquam
656 2957 820 3011 stella
845 2956 1077 3012 radians
1125 2958 1179 3012 in
1214 2974 1387 3012 manu
1424 2957 1671 3019 Domini,
1702 2957 1824 3012 nul-

170 3026 291 3080 lum
325 3031 580 3089 ventum,
614 3028 797 3081 nullas
841 3029 971 3083 belli
1018 3029 1253 3084 nebulas
1297 3030 1759 3098 pertimescebas.
1795 3050 1821 3076 »

172 3098 238 3151 Et
268 3098 391 3182 haec
421 3098 756 3182 quidem-de
803 3115 965 3182 sacra
994 3100 1229 3182 virgine,
1281 3101 1469 3182 quoad
1500 3104 1690 3182 status
1736 3098 1821 3153 sui

1934 1896 2021 1947 tas
2051 1894 2171 1946 tam
2203 1891 2481 1946 illustrem
2513 1892 2794 1946 familiam
2820 1893 2988 1947 beare
3015 1890 3241 1959 nuptias
3260 1890 3584 1948 nesciendo.

1933 1980 2104 2032 quam
2139 1962 2522 2030 multiplicare
2549 1962 2842 2032 pariendo.
2873 1963 3000 2017 etin
3032 1978 3202 2016 carne
3223 1961 3348 2031 jam
3372 1959 3585 2014 imitari

1933 2035 2104 2088 vitam
2138 2034 2497 2103 angelorum,
2531 2052 2702 2104 quam
2745 2051 2812 2089 ex
2843 2049 3012 2089 carne
3061 2032 3247 2087 adhuc
3278 2048 3581 2104 numerum

1933 2122 2140 2176 augere
2172 2102 2525 2159 mortalium.
2552 2102 2585 2155 ἡ»
2619 2108 2747 2160 Ηωο
2767 2109 2997 2159 sanctus
3019 2105 3229 2176 doctor
3255 2123 3267 2165 ς
3292 2102 3586 2176 cuiconci-

1936 2173 2219 2230 nit'etiam
2248 2176 2800 2243 divusllieronymus
2831 2175 3073 2244 epistola
3106 2175 3205 2228 130
3237 2191 3303 2229 ex
3334 2173 3584 2227 editione

1936 2248 2198 2301 Vallarsii
2226 2248 2297 2301 ad
2331 2247 2756 2302 Demetriadem
2784 2247 2989 2317 ipsam.
3032 2263 3205 2313 quam
3234 2261 3392 2317 num.
3430 2246 3464 2317 At
3489 2260 3586 2312 ap-

1934 2319 2110 2389 pellat
2130 2319 2364 2386 primam
2390 2318 2449 2372 in
2476 2318 2599 2372 orbe
2632 2314 2867 2372 Romano
2891 2317 3177 2389 nobilitate
3194 2321 3244 2389 et
3268 2314 3513 2389 divitiis,
3530 2317 3587 2368 et

1936 2384 2051 2465 ubi,
2080 2384 2237 2465 num.
2271 2389 2325 2451 6,
2346 2393 2596 2465 matrem
2626 2390 2774 2465 illius
2805 2388 3086 2465 et_aviam_
3102 2386 3205 2440 sibi
3231 2384 3586 2465 gratulantes

1933 2460 2170 2521 inducit,
2204 2479 2229 2509 ι
2261 2462 2413 2529 quod
2446 2461 2694 2515 nobilem
2725 2458 3006 2515 familiam
3037 2455 3586 2529 virgollDemetrias‘)

1932 2532 2256 2600 virginitate
2280 2526 2388 2585 sua
2425 2532 2760 2586 nobiliorem
2809 2530 3019 2584 faceret
3057 2547 3073 2597 ;
3112 2526 3145 2577 ί
3166 2526 3330 2600 sicuti
3362 2543 3521 2580 num.
3555 2526 3587 2579 3

1933 2597 2571 2677 Demetriadispatrem
2620 2601 2925 2677 Olybrium
2952 2600 3080 2677 jam
3137 2599 3254 2651 vita
3303 2597 3586 2677 functum,

1936 2673 2245 2729 feliciorem
2277 2668 2513 2733 dixerat,
2552 2694 2577 2721 ‹‹
2610 2672 2703 2742 qui
2736 2668 3390 2742 Demetriadisproavia;
3422 2668 3589 2721 nobi-

1934 2744 2151 2799 litatem
2191 2744 2562 2815 insigniorem
2599 2738 2865 2815 reddidit,
2898 2738 3586 2815 Demetriadis_ﬁlise_per-

1934 2821 2104 2885 petua
2129 2807 2394 2870 castitate
2428 2832 2438 2867 :
2478 2837 2501 2865 »
2533 2831 2599 2869 ex
2634 2813 2837 2883 quibus
2867 2812 3133 2885 omnibus
3162 2809 3369 2864 clarius
3399 2807 3587 2885 adhuc

1933 2877 2136 2960 elucet,
2181 2877 2901 2960 prmclarissimas'quoque
2930 2877 3584 2960 Christianorumofami-

1932 2958 2038 3013 lias
2066 2950 2336 3012 maiimae
2360 2956 2463 3011 sibi
2481 2956 2678 3025 gloriae
2699 2950 2983 3029 tribuisse,
3012 2953 3056 3029 s_i
3084 2952 3313 3029 quando
3331 2950 3582 3029 aliquam

1932 3047 1998 3084 ex
2028 3029 2295 3103 progenie
2321 3044 2424 3082 sua
2451 3021 2673 3103 sacram
2701 3025 2979 3103 virginem
3014 3022 3280 3081 Ecclesia;
3311 3021 3582 3103 contulis-

1930 3104 2076 3155 sent.
2100 3102 2229 3154 Haec
2260 3102 2449 3153 autem
2476 3099 2729 3165 priorum
2753 3101 3078 3166 temporum
3103 3099 3423 3166 communis
3440 3099 3585 3166 exis:

170 3163 589 3231 excellentiam,
625 3174 681 3224 et
711 3171 899 3235 quoad
932 3163 1141 3225 animae
1164 3163 1522 3237 dignitatem.
1549 3170 1692 3235 Quid
1724 3187 1823 3223 au-
1857 3172 1901 3231 C
1930 3171 2155 3225 timatio
2215 3163 2574 3239 virginitatis,
2626 3168 2830 3223 merito
2876 3163 2985 3239 nos
3029 3166 3182 3235 ipsos
3211 3163 3398 3239 erigit,
3429 3163 3582 3233 apud

171 3244 288 3293 tem
322 3241 391 3294 de
429 3256 664 3308 corpore
695 3240 1005 3310 virginali?
1037 3242 1266 3297 Membra
1291 3242 1473 3296 dicata
1504 3243 1720 3299 Christo
1735 3258 1823 3295 sa-

170 3326 400 3363 crarum
440 3310 723 3380 virginum
773 3313 1036 3367 membra
1083 3314 1417 3379 pronuntiat
1445 3314 1693 3371 Nicetas.
1732 3328 1823 3366 ca-

172 3381 285 3451 pite
314 3382 369 3444 4,
398 3398 554 3435 num.
590 3382 673 3436 13.
706 3382 930 3437 Sacrum
957 3384 1194 3452 virginis
1218 3401 1410 3454 corpus
1448 3385 1671 3439 dixerat
1694 3400 1824 3438 san-

169 3456 295 3505 ctus
323 3454 656 3525 Ambrosius
683 3455 752 3509 de
797 3454 1119 3525 Virginibus
1149 3455 1291 3509 libro
1321 3472 1380 3519 ιι,
1418 3457 1602 3525 capite
1626 3456 1678 3519 3,
1722 3471 1822 3509 nu-

170 3539 333 3576 mero
376 3523 751 3597 2Q:_lSacrata
775 3527 883 3579 Deo
898 3523 1133 3597 corpora
1162 3526 1406 3592 virgines
1437 3523 1825 3597 appellaverat

168 3598 403 3648 sanctus
426 3595 668 3667 Hilarius
694 3596 1061 3652 Pictaviensis
1096 3598 1153 3651 in
1190 3598 1429 3667 epistola
1458 3595 1555 3653 seu
1583 3599 1675 3652 lib.
1702 3616 1717 3650 1
1749 3597 1823 3651 ad

169 3665 573 3720 Constantium
606 3668 945 3731 Augustum,
972 3685 1130 3722 num.
1157 3665 1479 3723 6.'Membra
1496 3669 1718 3725 Christo
1744 3668 1820 3723 di-

168 3744 293 3790 cata
323 3735 622 3805 ipsissimis
652 3736 862 3794 Niceta;
896 3740 1072 3793 nostri
1114 3740 1297 3794 verbis
1330 3739 1574 3805 virgines
1605 3740 1825 3793 dixerat

169 3812 403 3862 sanctus
449 3808 784 3877 Cyprianus,
818 3810 1057 3878 epistola
1094 3809 1163 3863 60
1192 3811 1246 3864 in
1280 3810 1530 3865 editione
1576 3808 1813 3863 Baluzii.

170 3879 404 3933 Carnem
454 3881 851 3945 sanctiﬁcatum
893 3886 950 3935 et
994 3897 1213 3937 carnem
1252 3882 1479 3936 Christo
1535 3882 1822 3943 traditam,

169 3950 479 4021 scripserat
505 3950 888 4007 Tertullianus
916 3953 970 4006 in
1000 3953 1145 4007 libro
1176 3954 1245 4006 de
1276 3951 1545 4007 Velandis
1580 3951 1825 4021 Virgini-

170 4022 300 4077 bus.
331 4020 501 4089 capit.
536 4023 568 4075 3
598 4026 655 4075 et
682 4024 768 4076 l6.
1224 4084 1227 4089 ν

244 4093 357 4145 Sed
387 4092 524 4163 quid
572 4093 641 4147 de
689 4093 1031 4162 virginitatis
1081 4093 1264 4163 gloria
1308 4110 1373 4147 ac
1404 4094 1473 4146 de
1510 4092 1823 4163 virginibus

172 4163 290 4215 Deo
312 4162 488 4217 sacris
510 4163 566 4216 in
589 4165 880 4219 communi
901 4170 1036 4219 tunc
1058 4162 1355 4219 hominum
1375 4164 1679 4233 Opinione;
1700 4180 1823 4233 qua:

169 4237 345 4289 certe.
383 4233 557 4289 etiam
604 4236 752 4291 inter
780 4235 1153 4294 Christianos.
1195 4252 1308 4290 non
1357 4236 1559 4290 eadem
1600 4250 1826 4303 semper

169 4309 345 4376 estac
367 4321 510 4376 sana
539 4307 850 4373 praesulum
881 4313 935 4362 et
966 4308 1212 4361 virorum
1239 4306 1701 4376 prmstantiorum
1724 4306 1824 4359 do-

168 4374 358 4429 ctrina
374 4374 400 4428 ?
418 4376 593 4447 236
616 4378 954 4433 Praeclarum
991 4395 1129 4432 sane
1149 4374 1318 4446 super
1348 4378 1455 4432 hac
1476 4394 1534 4431 re
1557 4376 1677 4432 orbi
1703 4376 1826 4430 uni-

169 4462 336 4500 verso
355 4445 659 4516 reliquerat
677 4450 1000 4516 exemplum
1028 4466 1141 4503 non
1165 4449 1331 4517 longe
1353 4449 1422 4502 ab
1450 4448 1611 4502 initio
1634 4447 1823 4517 quarti

1930 3258 2092 3311 quos,
2121 3258 2188 3297 ex
2221 3235 2493 3311 perpetua
2522 3240 2782 3295 Ecclesiae
2808 3238 3087 3311 doctrina,
3122 3235 3454 3311 n_on_minor
3479 3250 3582 3289 an-

1930 3306 2092 3383 gelici
2143 3306 2527 3384 hujus-status
2556 3312 2705 3367 ratio
2754 3310 2995 3365 habetur
3028 3325 3040 3362 :
3073 3309 3172 3364 sed
3201 3306 3351 3362 ultra
3380 3321 3581 3376 perga-

1932 3401 2078 3438 IDUS.

2003 3455 2283 3510 Praeclara
2303 3454 2434 3508 licet
2461 3470 2527 3508 ac
2556 3452 2813 3508 sublimis
2842 3448 3186 3522 virginitatis
3215 3447 3399 3518 gloria
3416 3446 3587 3522 habe-

1935 3530 2107 3585 retur,
2141 3543 2230 3581 res
2259 3527 2441 3580 ardua
2467 3524 2840 3579 nihilominus
2867 3518 3211 3576 ac'difticilis
3250 3518 3587 3572 censebatur

1934 3598 2318 3669 virginitatem
2352 3596 2607 3665 profiteri
2634 3595 2748 3659 ,ita
2770 3598 2831 3647 ut
2856 3609 2969 3646 non
3000 3592 3172 3645 modo
3204 3589 3286 3643 vis
3313 3587 3587 3670 nullaﬁe-

1933 3674 2021 3723 ret
2060 3667 2260 3735 puellis
2292 3671 2353 3720 ut
2383 3665 2631 3719 stadium
2666 3664 2771 3718 hoc
2796 3664 3250 3735 ingrederentur,
3284 3658 3377 3714 sed
3409 3661 3584 3735 ehem

1935 3743 1997 3793 ut
2021 3729 2391 3793 difﬁcultates
2418 3735 2567 3789 illius
2589 3729 3015 3809 obeundze‘vitaa
3034 3732 3249 3809 eisdem
3269 3747 3381 3800 prae
3407 3729 3578 3809 23.7

1935 3809 2110 3863 oculis
2137 3810 2484 3873 ponerentur
2508 3824 2520 3869 ;
2548 3811 2597 3860 et
2632 3804 2859 3859 nonnisi
2900 3821 3026 3860 sero
3072 3803 3331 3865 tandem,
3370 3800 3589 3855 multis-

1935 3896 2043 3949 que
2074 3878 2344 3934 adhibitis
2371 3876 2821 3947 probationibus,
2856 3892 2922 3931 ac
2951 3875 3144 3949 divina
3174 3874 3467 3949 explorata
3493 3887 3588 3949 vo-

1936 3943 2156 4025 luntate
2188 3967 2289 4025 pro
2318 3943 2485 4004 donis
2507 3948 2708 4025 gratia:
2741 3946 3089 4025 tanto_0peri
3121 3943 3472 4025 necessariis,
3506 3944 3588 3995 at-

1936 4039 2065 4095 que,
2092 4013 2436 4095 iis-demum
2493 4013 2664 4095 ultro_
2695 4013 3036 4095 volentibus,
3074 4015 3285 4095 ac‘vim
3312 4013 3587 4095 quodam-

1937 4085 2107 4147 modo
2152 4091 2509 4163 facientibus,
2539 4091 2700 4163 copia
2735 4090 2968 4163 daretur
3006 4085 3341 4163 proﬁtendae
3371 4085 3587 4163 con-

1936 4168 2127 4235 spectu
2182 4162 2445 4235 Ecclesia)
2498 4156 2974 4235 virginitatisuut
3011 4156 3330 4235 ;e_x_eodem
3377 4156 3587 4235 Nicetm

1937 4227 2144 4293 libello,
2183 4233 2366 4301 capite
2398 4233 2448 4296 4,
2480 4227 2641 4301 num.
2680 4232 2738 4301 t7
2770 4233 2827 4283 et
2856 4230 2943 4301 18,
2972 4228 3073 4301 ubi
3094 4227 3219 4282 haec
3242 4227 3439 4301 omnia
3455 4240 3585 4280 cum

1937 4305 2097 4374 lapsa
2124 4298 2339 4381 virgine
2370 4305 2596 4381 peracta
2614 4300 2794 4381 fuisse
2814 4300 3036 4381 icetas
3061 4298 3180 4381 ipse
3205 4300 3588 4381 test-ammen-

1937 4366 2162 4445 tequam
2210 4366 2287 4429 ad
2342 4366 2725 4439 virginitatem
2756 4366 3099 4445 solemniter
3142 4370 3257 4425 Deo
3292 4366 3588 4445 dicandam

1937 4438 2357 4501 admitteretur.
2393 4446 2604 4499 Eadem
2624 4460 2790 4513 porro
2817 4447 2901 4497 est
2927 4441 3073 4496 ratio
3095 4458 3223 4513 quae
3245 4455 3468 4508 semper
3492 4438 3592 4492 ob-

168 4512 623 4582 smculipiis'sima
639 4512 1824 4588 Consta'ntiniAugustiinaterHelenaquaz
1860 4521 1903 4578 D
1937 4517 2109 4571 tinuit
2136 4516 2191 4570 in
2222 4516 2505 4571 catholica
2534 4512 2796 4578 Ecclesia,
2831 4530 3126 4588 sacrarum
3156 4512 3590 4588 virginumeon-

166 4588 545 4659 Jerosolymis
574 4607 704 4643 cum
730 4596 898 4651 esset,
932 4595 993 4644 ut
1020 4590 1253 4644 Ruﬁnus
1286 4593 1479 4644 noster
1506 4589 1828 4659 Aquileien-

168 4658 248 4712 sis
274 4659 454 4731 refert
481 4661 735 4715 Historiaa
766 4679 881 4717 sum
909 4661 1305 4716 Ecclesiasticaa
1337 4660 1480 4714 libro
1500 4678 1531 4722 ι,
1564 4660 1745 4731 capite
1772 4660 1824 4724 8,

172 4752 196 4779 «
237 4730 498 4799 Virgines
550 4749 692 4800 quas
723 4732 796 4786 ibi
851 4732 1060 4801 reperit
1091 4732 1207 4787 Deo
1251 4736 1525 4793 sacratas,
1559 4732 1829 4786 invitasse

169 4802 245 4855 ad
278 4802 603 4869 prandium.
631 4806 688 4857 et
715 4807 875 4857 tanta
901 4820 997 4858 eas
1022 4803 1321 4857 devotione
1347 4820 1575 4858 curasse
1601 4804 1825 4867 dicitur,

173 4877 237 4926 ut
265 4873 584 4939 indignum.
620 4876 891 4937 crederet,
922 4875 965 4928 si
1000 4874 1347 4929 famulorum
1387 4880 1681 4929 uterentur
1710 4874 1832 4929 offi-

168 4943 295 5001 ciis.
325 4944 423 4997 sed
453 4943 572 5012 ipsa
594 4946 855 4998 manibus
885 4945 1020 5007 suis,
1049 4945 1281 5000 famula:
1308 4944 1502 4999 habitu
1523 4945 1823 5005 succincta.

168 5014 363 5067 cibum
388 5020 729 5085 apponeret,
764 5015 1022 5084 poculum
1056 5016 1383 5085 porrigeret,
1415 5032 1617 5083 aquam
1652 5015 1832 5069 mani-

173 5085 279 5137 bus
310 5084 655 5143 infunderet.
690 5089 746 5141 et
773 5087 967 5147 regina
1000 5087 1152 5141 orbis
1183 5084 1245 5139 ac
1278 5089 1465 5139 mater
1491 5085 1717 5151 imperii
1744 5085 1831 5139 fa-

171 5155 467 5209 mularum
498 5156 705 5210 Christi
735 5174 793 5210 se
830 5156 1107 5211 famulam
1141 5159 1458 5224 deputaret.
1498 5178 1523 5204 ι)
1556 5156 1702 5220 Quid
1733 5172 1830 5210 au-

167 5231 290 5279 tern
317 5226 517 5295 quinto
564 5227 773 5281 saeculo
813 5230 882 5282 de
909 5228 1108 5282 iisdem
1165 5228 1477 5297 virginibus
1512 5243 1827 5295 earumque

169 5297 465 5365 proposito
504 5297 768 5365 virginali
794 5298 821 5351 7
866 5299 1237 5367 lntelligimus
1282 5315 1347 5352 ex
1388 5298 1579 5353 Niceta
1631 5302 1826 5352 nostro

160 5368 626 5422 Christianorum
689 5368 933 5423 familias
965 5386 1203 5423 summa;
1260 5368 1497 5423 honoris
1527 5386 1593 5424 ac
1640 5369 1826 5424 laudis

159 5439 506 5523 gloriresibi
531 5439 796 5523 tribuisse
835 5458 907 5523 ex
939 5440 1129 5523 aliqua
1180 5457 1342 5494 sacra
1385 5441 1622 5523 virgine,
1650 5458 1824 5523 quam

159 5510 429 5565 Ecclesiae
476 5511 785 5565 dedissent.
835 5510 1127 5579 Siquidem
1172 5512 1524 5581 supracitato
1555 5510 1737 5582 capite
1767 5512 1819 5575 4,

156 5598 322 5653 num.
357 5583 442 5645 15,
476 5583 682 5653 asserit
710 5584 861 5652 quod
890 5581 1288 5650 virginisillius
1311 5583 1486 5653 lapsae
1512 5581 1673 5653 pater
1692 5600 1821 5637 eam

151 5652 283 5713 sibi,
310 5654 447 5725 dum
473 5651 693 5722 integra
716 5651 858 5711 erat,
878 5654 1220 5719 singularem
1240 5651 1398 5709 suam
1421 5651 1659 5725 gloriam
1678 5670 1823 5709 com-

150 5724 405 5790 putabat,
440 5728 496 5778 et
529 5724 680 5793 quod
709 5729 892 5778 mater
912 5741 1137 5793 quoque
1159 5742 1253 5792 per
1277 5724 1431 5779 illius
1453 5727 1821 5795 virginitatem

150 5795 540 5866 consolabatur
585 5796 843 5864 gemitum
899 5803 1092 5866 partus
1141 5796 1249 5851 sui.
1310 5798 1433 5852 HtBC
1490 5802 1642 5853 certe
1698 5800 1821 5851 erat

149 5865 619 5924 Christianorum
634 5866 787 5926 illius
810 5867 993 5926 sitatis
1013 5868 1337 5927 communis
1359 5868 1561 5945 ubique
1583 5867 1776 5944 opinio
1793 5885 1813 5943 ς

1937 4589 2355 4663 stituendarum
2383 4606 2395 4650 ;
2430 4604 2496 4641 ex
2525 4585 3005 4663 probata‘scilicet
3032 4582 3367 4663 earumdem
3399 4581 3591 4663 libera

1936 4660 2249 4721 voluntate,
2285 4676 2349 4713 ac
2380 4653 2681 4728 patefactis
2731 4657 2938 4712 divinae
2977 4655 3292 4728 vocationis
3322 4653 3541 4707 indiciis
3575 4668 3587 4706 :

1938 4731 2027 4786 cui
2058 4734 2235 4785 tantm
2265 4726 2415 4784 cura:
2467 4730 2513 4784 si
2544 4730 2775 4799 quando
2831 4728 3071 4783 fortasse
3110 4726 3291 4780 exitus
3330 4740 3446 4777 non
3478 4739 3593 4777 res-

1942 4802 2147 4876 pondit
2166 4803 2339 4871 (quod
2370 4806 2561 4876 tamen
2610 4800 2803 4876 divino
2837 4799 3065 4876 Spiritu_
3077 4799 3415 4876 protegente
3462 4810 3591 4848 raro

1940 4867 2255 4928 admodum
2281 4872 2563 4943 contigit).
2592 4872 2783 4944 minus
2806 4867 3343 4944 certein_di_ligentiae
3375 4880 3591 4944 praepo-

1940 4944 2179 4999 sitorum
2209 4934 2583 5015 parentuvmve
2616 4941 2998 5015 tribuendum
3010 4934 3341 5015 fuitfquam
3360 4934 3591 5015 artibus

1940 5009 2455 5084 ejusdem-antiqui
2502 5030 2567 5068 ac
2605 5010 2899 5084 vaferrimi
2943 5009 3110 5084 illius
3151 5009 3447 5084 serpentis,
3494 5009 3591 5084 qui

1940 5074 2161 5155 lapsam
2185 5086 2360 5141 etiam
2378 5074 2736 5139 sanctissimi
2762 5082 2971 5136 Niceta;
2992 5080 3170 5134 nostri
3197 5074 3475 5148 virginem
3498 5074 3591 5129 de-

1939 5157 2103 5211 cepit.

2006 5174 2253 5292 Ililctl'quid
2277 5225 2462 5292 reipsa
2479 5223 2708 5277 illorum
2741 5226 3066 5291 temporum
3088 5218 3351 5292 doctrina
3376 5216 3594 5272 ferebat

2008 5244 2088 5280 At]
2155 5244 2253 5279 um
2277 5244 2462 5292 reipsa
2479 5244 2708 5277 morum
2742 5244 3066 5291 temporum
3088 5244 3349 5275 uucuuuu
3376 5244 3590 5272 wn:qu

1941 5298 2010 5351 de
2023 5244 2223 5373 puellis
2236 5296 2613 5373 virginitatem
2629 5293 3113 5373 profess_is,_qqu'ad
3128 5288 3477 5373 prOpositum
3493 5304 3590 5343 seu

1938 5362 2306 5435 sponsionem
2320 5362 2615 5421 servandae
2634 5363 3013 5431 integritatis?
3030 5362 3291 5433 Virgines
3308 5362 3588 5435 nimirum

1938 5430 2028 5513 hic
2057 5437 2428 5513 intelligimus
2469 5437 2616 5513 illius
2647 5436 2912 5499 instituti,
2955 5430 3279 5513 cujusjerat
3308 5430 3591 5513 lapsa.illa

1936 5510 2093 5585 virgo
2117 5504 2326 5585 Niceta!
2343 5527 2355 5571 ;
2372 5508 2618 5585 virgines
2641 5524 2850 5569 sacras,
2876 5523 3001 5585 qua:
3022 5504 3238 5585 scilicet
3257 5520 3381 5585 non
3401 5504 3590 5585 priva-

1938 5576 2050 5635 tim“
2080 5580 2417 5649 virginitatis
2445 5576 2797 5634 voluntatem
2816 5576 3229 5649 gexplicuissent
3254 5592 3320 5629 ac
3345 5576 3589 5649 Domino

1934 5652 2107 5707 etiam
2140 5645 2194 5706 in
2228 5654 2397 5707 corde
2419 5669 2520 5707 suo
2551 5645 3120 5720 spopondissent,sed
3136 5662 3265 5717 quae
3291 5645 3511 5720 publice
3532 5648 3590 5700 et

1934 5724 1989 5778 in
2006 5729 2308 5791 conspectu
2334 5717 2593 5778 Ecclesiai
2613 5717 2954 5790 virginitatis
2977 5718 3300 5791 institutum
3318 5733 3418 5788 pro
3429 5717 3586 5791 fessae

1936 5787 2193 5865 fuissent,
2229 5798 2462 5865 accepto
2504 5787 2724 5863 nempe
2754 5791 2878 5848 velo
2910 5792 2981 5865 ab
3012 5788 3272 5865 Ecclesiae
3319 5787 3582 5861 praesule,

1936 5862 2187 5941 aliisque
2225 5862 2471 5942 peractis
2510 5866 2581 5924 de
2621 5862 2805 5936 more,
2856 5862 3103 5923 solemni
3140 5862 3233 5922 die
3275 5877 3343 5920 ac
3388 5872 3583 5917 coram
