4056 6188
271 229 428 310 1093

1010 235 1074 320 r,
1120 229 1420 326 Baiias;
1461 219 1932 322 DISSERTATIO
1972 222 2046 302 in
2089 235 2150 304 s.
2197 229 2548 306 NICETAM.
2599 277 2678 291 —
2703 240 2865 306 CAP.
2911 225 3014 306 1x.

3528 227 3683 313 lost

267 372 710 449 rit.Hocautem
728 370 895 449 facile
909 372 1151 449 suadere
1177 371 1417 449 videtur,
1443 372 1702 449 ordinem
1716 388 1922 449 quem:
1955 378 2146 442 Anon
2188 377 2245 430 et
2278 374 2347 429 de
2384 375 2712 432 Marcellina
2750 375 2931 431 sancti
2963 376 3249 432 Ambrosii
3281 395 3496 449 sorore,
3531 381 3680 438 aliis-

269 447 402 499 dam
430 443 609 516 etiam
649 442 927 516 Aquileia:
957 444 1012 498 in
1058 460 1160 498 usu
1200 443 1468 516 positum,
1516 444 1612 515 qui
1651 442 1751 516 per
1787 444 1925 499 anni

267 514 547 570 circulum
565 516 836 570 lectiones
865 515 922 569 in
952 518 1128 569 sacris
1150 514 1504 569 adhibendas
1529 514 1807 570 indicaret
1831 532 1844 582 ;
1870 523 1928 571 et

266 587 424 642 hunc
453 603 569 641 non
600 587 777 640 alium
808 588 981 658 fuisse
1005 603 1178 656 quam
1203 585 1454 642 libellum
1485 587 1690 652 Comes,
1713 587 1809 658 qui
1836 604 1927 642 eo-

269 661 402 712 dem
427 658 632 712 saeculo
652 656 976 712 communis
989 660 1116 728 jam
1139 661 1261 712 erat
1278 675 1430 712 usus.
1452 658 1551 712 Hic
1566 658 1709 713 liber
1731 656 1926 714 Comes

268 728 548 784 maxima:
565 734 696 783 tunc
708 735 834 784 erat
845 725 1345 793 utilitatis,addain
1360 730 1535 783 etiam
1549 730 1922 798 necessitatis,

268 800 532 854 Ecclesiae
554 800 833 855 ministris
856 801 929 854 ad
951 802 1216 871 legendas
1250 799 1307 853 in
1334 799 1508 854 sacris
1525 801 1921 863 conventibus,

269 871 464 926 debito
487 871 708 937 ordine,
724 875 997 943 justoque
1019 873 1188 925 modo
1205 871 1445 943 singulis
1466 872 1695 938 vicibus,
1727 881 1780 926 et
1795 888 1924 942 quae

271 944 473 997 diebus
498 941 743 1014 singulis
752 941 1384 1014 convenirent,divinas
1405 943 1726 1014 Scripturas
1745 962 1764 1014 ,-
1787 941 1925 1013 qua-

267 1030 398 1086 rum
432 1012 780 1085 exemplaria
802 1019 954 1079 tunc,
983 1012 1228 1067 indivisa
1252 1020 1422 1084 atque
1448 1012 1690 1086 integra,
1710 1012 1924 1085 magna

268 1085 547 1156 religione
584 1087 979 1156 servabantur,
1002 1090 1108 1138 hac
1142 1086 1211 1140 de
1253 1101 1426 1139 causa
1463 1086 1522 1138 in
1552 1087 1922 1140 ecclesiarum

268 1155 557 1211 sacrariis.
588 1158 702 1210 Nos
738 1172 772 1210 a
797 1155 1015 1211 sieculis
1043 1157 1151 1210 hoc
1191 1158 1391 1211 Comite
1421 1172 1536 1211 non
1575 1156 1920 1228 indigemus,

267 1228 364 1298 qui
387 1231 809 1298 Scripturarum
836 1228 1106 1300 lectiones
1118 1230 1244 1298 jam
1265 1233 1448 1282 sectas
1467 1229 1525 1281 in
1554 1235 1764 1298 partes,
1793 1244 1919 1300 suo-

266 1315 377 1369 que
409 1305 611 1354 ordine
646 1298 971 1369 dispositas,
1004 1298 1078 1352 ac
1095 1299 1346 1370 peridies
1375 1301 1626 1370 singulos
1658 1299 1921 1353 distribu-

266 1376 355 1424 tas
384 1370 662 1424 habemus
691 1370 749 1424 in
782 1370 988 1442 nostris
1015 1369 1605 1442 ecclesiasticisliuris,
1637 1371 1733 1440 qui
1764 1375 1923 1442 typo-

263 1456 397 1494 rum
427 1442 617 1511 gratia
645 1442 703 1494 in
731 1441 992 1494 omnium
1023 1441 1289 1495 manibus
1322 1448 1634 1496 versantur.

339 1510 486 1576 Quid
535 1528 663 1566 vero
722 1514 895 1566 virtus
942 1513 1258 1566 caelestium
1306 1511 1537 1566 illarum
1581 1510 1915 1578 lectionum,

264 1599 443 1653 quam
461 1581 862 1637 notatNicetas
875 1581 901 1636 Ῡ
915 1583 1098 1636 Virtus
1113 1581 1306 1653 procul
1321 1583 1492 1638 dubio
1507 1583 1724 1638 eisdem
1747 1584 1920 1636 insita

263 1654 575 1715 indicatur,
603 1655 770 1724 juxta
800 1655 942 1708 illud
977 1654 1230 1724 Apostoli
1272 1654 1456 1726 (Hebr.
1491 1664 1607 1724 iv):
1649 1655 1811 1726 Vivus
1839 1660 1917 1708 est

262 1741 444 1780 sermo
465 1727 569 1780 Dei
589 1734 637 1779 et
664 1729 884 1795 efficax,
901 1732 950 1778 et
964 1725 1378 1795 penetrabilior
1407 1729 1557 1780 omni
1574 1725 1753 1796 gladio
1769 1726 1919 1778 anci-

265 1800 398 1876 piti,
431 1805 483 1852 et
521 1782 843 1867 pertingens
870 1782 1044 1866 'usq‘ue
1067 1797 1138 1850 ad
1161 1797 1478 1876 diuisionem
1505 1782 1715 1876 animus
1732 1812 1798 1850 ac
1810 1796 1918 1867 Spi-
1948 1782 1992 1840 Β

263 1868 427 1932 ritus,
463 1883 774 1939 compagum
805 1884 1010 1938 quoque
1039 1882 1105 1922 ac
1134 1867 1530 1932 medullarum,
1562 1875 1615 1923 et
1645 1867 1918 1939 discretor

263 1937 667 2009 cogitationum
692 1946 740 1993 et
764 1937 1129 1994 vacationum
1146 1941 1347 1994 cordis.
1372 1945 1443 1992 At
1469 1939 1644 1992 virtus
1670 1937 1766 1991 illa
1793 1954 1918 2009 pro-

263 2008 534 2065 babiliter
558 2011 731 2065 etiam
753 2026 818 2065 ex
836 2009 1231 2064 ministrorum
1248 2009 1561 2080 legentium
1586 2008 1919 2079 pronuntia-

263 2081 424 2136 tione
444 2081 726 2146 veniebat,
751 2097 850 2136 seu
879 2083 1152 2137 lectiones
1174 2081 1286 2136 illa:
1307 2080 1640 2150 simpliciter
1666 2085 1918 2151 legeren-

262 2156 377 2216 tur,
409 2168 507 2207 seu
539 2152 715 2207 etiam
760 2159 1128 2208 cantarentur
1152 2168 1276 2208 cum
1316 2153 1531 2223 liquida
1559 2167 1678 2207 voce
1705 2167 1755 2205 et
1793 2168 1915 2206 con-

263 2236 508 2279 venre-nu
542 2224 921 2290 modulatione,
950 2229 1120 2294 prout
1148 2225 1322 2278 etiam
1357 2239 1508 2277 nunc
1553 2223 1612 2276 in
1655 2223 1917 2278 Ecclesiis

262 2301 490 2349 cantari
521 2297 705 2349 solent
736 2311 749 2361 ;
786 2300 843 2350 et
869 2311 1033 2367 cujus
1063 2302 1264 2349 cantus
1309 2311 1568 2367 magnam
1616 2297 1917 2350 utilitatem

260 2368 614 2436 agnoscebat
639 2372 870 2421 sanctus
911 2366 1263 2437 Augustinus
1300 2366 1741 2422 Conl’essionum
1770 2367 1914 2420 libro

262 2454 317 2501 x,
341 2438 532 2508 capite
550 2439 639 2492 33.

335 2506 450 2563 Sed
459 2512 588 2581 jam
603 2525 706 2564 nos
723 2514 953 2578 revocat
963 2523 1255 2563 sacrarum
1271 2506 1555 2578 virginum
1569 2507 1916 2581 institutum,

262 2580 335 2634 de
364 2579 500 2651 quo,
537 2581 670 2650 quid
703 2581 979 2634 doctrinae
1008 2581 1214 2634 Nicetes
1243 2579 1621 2650 Aquileiensis
1661 2583 1918 2649 tempore

263 2662 438 2718 esset,
453 2655 582 2723 jam
604 2651 850 2706 vidimus
872 2668 1072 2721 supra;
1097 2657 1492 2723 utnunc,quaa
1511 2654 1583 2704 ad
1605 2651 1914 2723 displinam

266 2721 495 2793 quoque
553 2725 862 2793 pertinent,
919 2724 1300 2792 exploremus.
1345 2722 1423 2776 De
1471 2726 1647 2775 sacris
1705 2721 1918 2793 scilicet

263 2792 443 2848 etiam
477 2792 630 2848 nunc
644 2795 860 2849 eisdem
881 2793 1188 2863 Virginibus
1205 2794 1516 2862 loquimur,
1538 2808 1664 2862 quae
1690 2792 1919 2846 castita-

262 2870 382 2920 tem
407 2864 703 2934 publiccin
735 2863 979 2919 Ecclesia
998 2865 1433 2934 proﬁtebantur,
1461 2870 1692 2932 accepto
1709 2864 1914 2934 solem-

264 2933 423 2991 niter
446 2941 516 2990 ab
544 2937 809 3006 episcopo
847 2933 1014 2990 sacro
1040 2936 1344 3000 velamine,
1391 2934 1629 3004 aliisque
1672 2933 1916 3006 peractis

262 3011 338 3062 ad
352 3009 450 3078 iiuj
461 3005 686 3061 usuiodi
699 3005 923 3062 sacrum
938 3011 1111 3061 ritum
1125 3005 1914 3060 caaremoniisMonasterium

261 3077 462 3149 itaque
482 3080 758 3148 virginale
781 3079 839 3132 in
858 3079 1058 3149 primis
1074 3095 1110 3131 a
1128 3077 1327 3132 Niceta
1345 3083 1542 3132 nostro
1561 3082 1916 3131 memoratur

259 3153 319 3204 in
350 3143 638 3230 libellodd
659 3143 922 3230 Lapsafn,
951 3149 1134 3230 capite
1156 3151 1208 3213 7,
1228 3164 1386 3230 num.
1420 3150 1522 3230 2‘8:
1552 3171 1580 3196 «ς
1610 3149 1918 3230 υυιῃφαο-
1945 3143 1990 3202 C

261 3238 428 3276 mum
472 3224 652 3292 patris
680 3219 781 3286 tui,
817 3228 876 3276 ut
919 3224 1190 3291 scriptum
1233 3221 1454 3292 est,»ad
1497 3219 1917 3273 monasterium

262 3290 544 3363 virginale
564 3292 833 3347 transisti.
859 3315 887 3341 ι»
907 3290 1149 3363 Ubinam
1168 3307 1301 3345 vero
1319 3290 1491 3345 situm
1510 3292 1616 3363 hoc
1631 3304 1914 3363 monaste:

258 3359 416 3420 rium
464 3364 736 3434 virginale
777 3362 1152 3434 Aquileiensis
1205 3364 1466 3417 Ecclesiae
1513 3362 1616 3416 sub
1659 3361 1856 3416 Niceta
1890 3359 1917 3414 ?

261 3436 542 3506 Aquileia:
572 3437 866 3500 nimirum,
891 3441 948 3489 et
977 3451 1035 3488 in
1062 3435 1238 3506 media
1261 3436 1506 3500 civitate,
1540 3438 1737 3506 utnon
1763 3448 1919 3503 aegre

261 3505 590 3577 colligimus
620 3507 832 3562 ibidem
860 3522 928 3561 ex
949 3505 1133 3576 capite
1153 3507 1209 3570 4,
1234 3521 1395 3560 num.
1429 3507 1516 3559 12.
1539 3505 1698 3559 Prius
1725 3520 1918 3559 sacras

263 3576 517 3648 virgines
563 3577 621 3631 in
652 3579 898 3633 Ecclesia
939 3577 1223 3632 exstitisse
1263 3581 1522 3632 solemne
1561 3576 1917 3648 propositum

265 3645 613 3719 virginitatis
642 3653 946 3718 professas,
979 3665 1152 3718 quam
1202 3664 1402 3702 earum
1446 3645 1826 3716 receptacula,
1859 3645 1916 3700 in

263 3734 473 3791 quibus
496 3737 610 3774 una
625 3721 794 3775 simul
822 3721 1245 3774 diversarentur
1267 3736 1332 3774 ac
1347 3734 1637 3772 communi
1665 3722 1916 3791 quadam

261 3789 466 3861 regula
499 3793 766 3862 viverent,
785 3808 876 3846 res
897 3791 1194 3861 explorata
1219 3791 1438 3844 videtur
1471 3791 1621 3862 apud
1638 3789 1914 3862 eruditos,

263 3855 361 3917 ubi
393 3855 1063 3933 sacratarnii‘i'virginiim
1098 3863 1391 3932 primaevae
1440 3855 1628 3914 astatis
1665 3855 1920 3929 exempla

261 3943 588 4004 complura,
612 3951 736 4005 quae
767 3935 1008 4004 prOpriis
1038 3950 1095 4005 in
1117 3933 1384 4005 domibus
1402 3933 1796 4005 morabantur,
1819 3936 1919 3985 aut

261 4002 420 4070 solre,
447 4012 545 4060 aut
565 4002 716 4060 certe
737 4002 932 4076 paucis
954 4003 1212 4058 sociabus
1236 4003 1428 4057 unitas.
1458 4002 1746 4076 Asceteria
1768 4019 1918 4076 quae-

260 4081 400 4132 dam
435 4073 808 4132 nihilominus
836 4078 1116 4132 exstitisse
1131 4090 1428 4129 sacrarum
1447 4073 1752 4143 virginum,
1776 4075 1860 4127 vel
1883 4089 1917 4126 a

259 4150 468 4218 primis
491 4150 748 4204 Ecclesiae
769 4149 1138 4218 temporibus,
1163 4148 1416 4200 maxime
1443 4161 1572 4218 vero
1593 4147 1652 4198 in
1670 4143 1916 4218 Qrientis

259 4216 541 4290 partibus,
563 4221 768 4274 eruditi
798 4216 997 4274 itidem
1028 4226 1272 4288 probare
1290 4217 1664 4290 contendunt.
1685 4216 1914 4270 Praecla-

255 4288 390 4345 rum
423 4294 696 4361 quiddam
742 4298 812 4345 de
841 4307 1038 4361 primis
1071 4295 1126 4344 et
1160 4288 1574 4361 antiquissimis
1622 4303 1913 4341 sacrarum

261 4360 798 4432 virginuiiicietibus
823 4360 1234 4416 animadvertit
1259 4360 1610 4432 clarissimus
1631 4363 1917 4432 Aliteserra

259 4432 321 4487 in
353 4429 527 4502 opere
557 4434 646 4488 cui
673 4435 868 4488 titulus
897 4432 1217 4496 Asceticon,
1252 4430 1428 4502 245
1469 4431 1587 4502 sive
1617 4429 1913 4502 Originum

2013 453 2162 516 'que.

2108 520 2229 572 Non
2263 516 2457 572 multis
2487 518 2694 573 abhinc
2724 517 2890 572 annis
2914 518 3126 588 prodiit
3155 518 3299 575 liber
3332 522 3519 579 ltalice
3549 525 3683 578 scri-

2035 591 2185 658 ptus,
2210 589 2298 642 cui
2313 588 2533 666 titulus,
2554 591 2713 666 Delie
2736 592 2980 666 Monachc
2996 590 3055 642 di
3071 590 3217 644 Saiit‘
3235 593 3480 666 Eusebio,
3507 597 3685 666 primo

2035 667 2336 714 monaslero
2351 660 2710 732 d’Occi'dente,
2739 662 2900 732 cujus
2931 661 3170 715 alteram
3201 660 3520 719 editionem
3543 665 3679 720 vidi-

2035 745 2156 802 mus
2192 731 2459 785 Vercellis
2483 748 2681 785 cusam
2713 731 2864 785 anno
2897 731 3053 801 1785,
3081 748 3138 785 in
3159 732 3344 788 forma
3372 737 3574 802 octavi,
3604 738 3682 792 uti

2034 800 2216 855 aiunt.
2252 812 2437 872 Longe
2477 803 2748 858 absumus
2778 808 2840 856 ut
2876 818 2943 857 ea
2974 800 3064 856 hic
3101 803 3393 860 inﬁrmare
3421 800 3678 872 velimus,

2033 874 2448 950 quareruditus
2480 879 2680 950 auctor
2703 873 2913 950 asserit
2941 873 3126 950 primo
3149 879 3215 950 et
3234 880 3484 950 secundo
3514 879 3681 950 hujus

2033 944 2219 1018 operis
2247 944 2431 1018 capite
2471 947 2542 1014 de
2574 945 2911 1018 fundatione
2942 951 2999 998 et
3040 945 3162 1018 loco
3204 947 3438 1018 hujusce
3472 944 3678 1004 mona-

2032 1014 2209 1087 sterii,
2242 1015 2386 1069 sicut
2407 1019 2581 1087 etiam
2608 1018 2675 1071 de
2706 1017 2961 1087 ejusdem
2991 1016 3188 1086 regula
3212 1035 3223 1071 :
3257 1014 3354 1072 sed
3381 1036 3448 1074 ea
3475 1019 3675 1075 nihilo-

2030 1085 2616 1160 minushﬁrmioribus
2664 1085 2766 1160 niti
2799 1085 3189 1141 monumentis
3230 1105 3584 1160 caperemus,
3621 1096 3682 1146 ut

2031 1156 2343 1232 quemlibet
2375 1163 2607 1232 possent
2635 1159 2807 1212 etiam
2831 1161 3210 1232 persuadere,
3235 1156 3398 1214 sicuti
3426 1156 3678 1232 profecto

2030 1228 2298 1294 erudiunt
2321 1234 2491 1300 atque
2504 1229 2808 1283 delectant.
2826 1230 2943 1283 Hoc
2960 1241 3152 1283 autem
3169 1229 3212 1284 si
3235 1228 3549 1300 vitium'est,
3563 1251 3678 1287 non

2031 1307 2113 1373 est
2133 1314 2272 1373 sane
2295 1299 2500 1373 operis,
2522 1301 2622 1373 sed
2637 1300 2936 1369 peculiaris
2959 1300 3109 1353 illius
3132 1303 3472 1373 argumenti,
3505 1299 3677 1373 quod,

2030 1370 2100 1423 ob
2114 1370 2390 1443 delectum
2406 1371 2581 1424 hacin
2597 1377 2757 1441 parte
2772 1370 3252 1425 monumentorum
3268 1370 3678 1443 indigenarum,

2028 1440 2329 1514 sterilitate
2341 1443 2592 1514 quadam
2603 1440 2831 1496 laborat
2848 1459 2970 1511 sua,
2991 1443 3221 1497 aliunde
3239 1440 3539 1512 propterea
3555 1461 3618 1498 su
3627 1461 3683 1514 p-

2028 1511 2257 1584 plenda,
2282 1515 2362 1566 uti
2400 1512 2589 1584 reipsa
2619 1515 2690 1567 ab
2722 1518 2952 1584 auctore
2983 1514 3208 1584 abunde
3239 1511 3532 1584 suppletur
3559 1511 3684 1569 eru-

2028 1582 2578 1655 ditioneomnigena
2599 1587 2669 1638 ab
2701 1583 2859 1638 omni
2882 1583 3224 1654 antiquitate
3251 1582 3447 1654 petita,
3482 1603 3594 1655 qua
3616 1584 3680 1639 li-

2026 1654 2241 1726 bellum
2256 1653 2544 1719 instruxit,
2559 1659 2854 1726 etgratum
2869 1653 3306 1710 reddiditsacrie
3323 1653 3683 1726 antiquitatis

2025 1725 2354 1798 cultoribus.
2388 1726 2599 1798 Demus
2631 1726 3026 1798 nihilominus,
3050 1731 3254 1798 quarto
3287 1725 3683 1798 vergentesaa-

2026 1797 2173 1868 culo,
2207 1801 2309 1850 aut
2335 1795 2512 1851 etiam
2543 1797 2694 1868 circa
2726 1797 2978 1868 medium
3011 1797 3270 1868 ejusdem
3301 1795 3514 1868 saeculi,
3546 1797 3680 1852 Ver-

2027 1867 2335 1922 cellensem
2357 1867 2686 1934 Ecclesium,
2711 1867 2931 1922 Eusebii
2950 1867 3197 1936 episcopi
3231 1867 3458 1930 merito,
3483 1884 3679 1922 sacra-

2026 1953 2154 1992 rum
2180 1939 2464 2008 virginum
2488 1939 2902 1993 monasterium
2926 1938 3211 2002 habuisse,
3238 1944 3406 2008 prout
3426 1938 3678 1993 virorum

2027 2008 2292 2074 habebat,
2325 2011 2420 2080 qui
2452 2009 2620 2064 simul
2650 2015 2705 2064 et
2728 2008 2996 2064 monachi
3028 2013 3194 2080 erant
3214 2016 3270 2063 et
3295 2009 3499 2074 clerici,
3526 2011 3678 2064 unde

2026 2084 2326 2151 tantopere
2342 2079 2573 2136 Eusebii
2604 2080 2851 2152 episcOpi
2878 2079 3162 2152 memoria
3189 2081 3528 2138 celebratur.
3575 2081 3678 2152 De-

2027 2168 2155 2206 mus
2186 2154 2420 2222 insuper
2445 2154 2557 2206 hoc
2581 2151 2821 2222 primum
2850 2151 3037 2221 reipsa
3070 2151 3243 2206 fuisse
3274 2153 3328 2204 in
3356 2151 3678 2207 Occidentis

2027 2223 2285 2293 partibus
2304 2238 2601 2276 sacrarum
2619 2222 2895 2293 virginum
2915 2223 3350 2276 monasterium.
3373 2222 3519 2286 Quid
3537 2223 3678 2278 inte-

2027 2295 2138 2348 rim
2162 2296 2231 2348 de
2258 2293 2522 2363 virginali
2551 2294 2904 2349 monasterio
2931 2293 3275 2363 Aquileiensi
3298 2294 3673 2358 censebimus,

2027 2369 2155 2436 post
2183 2365 2438 2436 medium
2461 2368 2682 2418 tantum
2717 2364 2988 2436 quintum
3005 2365 3286 2436 saeculum
3309 2380 3342 2417 a
3371 2363 3560 2418 Niceta
3580 2381 3675 2418 no-

2026 2434 2144 2490 stro
2175 2435 2422 2506 primum
2461 2434 2827 2498 memorato?
2857 2434 3146 2506 Corijicere
3186 2449 3324 2506 sane
3351 2451 3676 2504 possumus,

2027 2522 2210 2577 neque
2233 2523 2466 2577 prorsus
2495 2506 2692 2572 invite,
2715 2508 2788 2560 ad
2822 2505 3092 2576 quartum
3117 2505 3375 2577 Ecclesia
3406 2506 3680 2577 saeculum

2027 2575 2310 2641 pertinere
2341 2583 2516 2632 etiam
2543 2577 2821 2647 virginale
2842 2575 3266 2630 monasterium
3297 2576 3675 2647 Aquileiense,

2026 2647 2206 2702 immo
2225 2650 2299 2702 ad
2328 2647 2514 2718 ipsam
2533 2649 2754 2703 Eusebii
2776 2647 3140 2702 Vercellensis
3161 2651 3268 2700 aeta
3279 2651 3415 2714 tein,
3434 2648 3477 2700 si
3507 2648 3591 2700 vel
3609 2663 3678 2701 ea

2026 2717 2503 2790 accolamus’quae
2524 2719 2581 2772 in
2614 2717 2893 2772 mantissa
2924 2719 2999 2790 ad
3022 2723 3192 2786 caput
3211 2721 3490 2790 quartum
3509 2718 3679 2788 hujus

2026 2788 2445 2844 dissertationis
2464 2789 2758 2859 attigimus
2779 2805 2792 2854 ;
2814 2794 2870 2842 et
2891 2788 2936 2842 si
2967 2795 3221 2842 mentem
3238 2788 3556 2858 praesertim
3582 2806 3675 2858 po-

2026 2877 2234 2916 namus
2263 2862 2336 2916 ad
2355 2860 2804 2931 nonagenariam
2833 2863 3061 2912 aetatem
3078 2859 3229 2912 illius
3255 2863 3487 2931 sacrata
3512 2859 3681 2929 virgi—

2025 2931 2114 2986 nis
2144 2933 2452 2998 L‘olumbae,
2485 2928 2554 2986 d'e
2570 2948 2682 3002 qua
2709 2929 2924 3002 ibidem
2950 2946 3022 3002 rex
3048 2934 3303 3002 nostijate
3329 2928 3515 2999 lapide
3543 2928 3678 2984 0so-

2025 3003 2228 3074 piensi,
2245 3018 2476 3073 quisque
2496 3000 2878 3074 verisimiliter
2888 3001 2962 3055 ad
2976 3000 3249 3071 virginale
3263 3002 3677 3056 monasterium

2025 3073 2385 3146 Aquileiense
2407 3073 2699 3146 pertinuit.

2098 3141 2622 3201 Celebratissimum
2645 3142 2906 3198 Ecclesiae
2927 3141 3305 3212 Aquileiensis
3327 3141 3543 3196 clerum
3575 3141 3676 3196 ibi-

2027 3217 2160 3271 dem
2187 3216 2310 3288 jam
2344 3215 2599 3288 vidimus
2622 3218 2725 3269 sub
2755 3213 3056 3288 Valeriano
3087 3213 3370 3288 episcopo,
3403 3213 3498 3282 qui
3525 3230 3678 3288 anno

2027 3282 2248 3342 circitEr
2277 3289 2381 3341 368
2408 3292 2508 3340 aut
2539 3287 2643 3341 369
2681 3285 3072 3356 episcopatum
3117 3282 3539 3356 Aquileiensem
3575 3284 3680 3338 ini-

2029 3359 2128 3412 vit.
2163 3357 2603 3415 Celeberrimum
2627 3355 2826 3412 itidem
2853 3355 3269 3410 monasterium
3301 3357 3557 3409 virorum
3589 3372 3680 3410 eo-

2029 3431 2162 3486 dem
2192 3435 2448 3500 teiiipore
2477 3428 2747 3499 Aquileia:
2783 3426 3102 3500 sanctitatis
3133 3442 3197 3500 ac
3222 3425 3503 3500 doctrinm
3520 3426 3679 3500 fama

2027 3501 2238 3557 ﬂorens
2255 3495 2593 3572 agnovimus
2618 3516 2630 3554 :
2651 3502 2978 3572 cultumque
3000 3497 3172 3552 simul
3196 3495 3536 3572 virginitatis
3559 3495 3681 3572 lau-

2029 3575 2161 3629 dem
2181 3590 2214 3627 a
2231 3565 2477 3642 sequiori
2504 3587 2640 3642 sexu
2662 3587 2728 3624 ex
2753 3569 2866 3622 divi
2888 3565 3219 3642 Hieronymi
3238 3565 3568 3642 testimonio
3598 3569 3680 3642 in-

2027 3638 2371 3700 telleximus.
2391 3641 2598 3708 Quidni
2621 3646 2677 3694 et
2707 3638 3122 3708 monasterium
3141 3638 3268 3708 jam
3296 3641 3430 3690 tunc
3459 3639 3682 3692 steterit

2027 3713 2326 3785 virginale,
2349 3707 2556 3785 merito
2572 3711 2723 3785 illius
2743 3709 2879 3764 cleri
2894 3710 3070 3785 tantis
3091 3707 3677 3785 laudibuscelebrati;

2030 3778 2347 3856 praesertim
2365 3799 2500 3856 vero
2509 3781 2815 3856 sirecolam
2825 3778 3102 3856 us,m_a_gis
3115 3795 3233 3833 sem
3242 3795 3341 3849 per
3353 3778 3680 3856 interfuisse

2027 3851 2224 3911 tutela:
2237 3871 2302 3909 ac
2313 3853 2504 3909 decori
2519 3852 2802 3923 virginum
2818 3851 3132 3923 providere,
3144 3851 3440 3923 communi
3453 3867 3677 3905 earum-

2028 3929 2160 3982 dem
2188 3919 2858 3988 habitaculoconstituto,
2875 3937 3048 3984 quam
3066 3919 3242 3994 246
3260 3922 3677 3976 monachorum

2027 3997 2343 4068 disciplinae
2372 3996 2398 4050 Ὺ
2430 3998 2716 4068 Praeterea
2733 3995 3242 4068 nonagenariaiua
3271 3997 3511 4068 sacrata_
3519 3994 3677 4061 virgo

2030 4062 2331 4132 Columba,
2359 4083 2484 4136 quae
2516 4082 2668 4120 anno
2694 4064 2798 4136 453
2828 4062 2984 4128 obiit,
3016 4063 3096 4116 uti
3118 4062 3330 4116 ibidem
3365 4078 3432 4116 ex
3471 4063 3678 4136 Fonta-

2033 4140 2154 4195 nini
2171 4134 2763 4194 animadversionibus
2778 4134 3181 4199 innuebamus,
3198 4149 3438 4202 quaeque
3460 4135 3533 4186 ad
3555 4150 3677 4187 mo-

2029 4210 2346 4266 nasterium
2391 4209 2542 4263 idem
2577 4206 2851 4277 Virginale
2897 4204 3263 4277 Aquileiense
3313 4205 3678 4277 versiiniliter

2028 4281 2392 4354 pertinuitde
2414 4296 2525 4350 quo
2546 4273 2983 4354 Nicetas_noster
3004 4273 3272 4354 loquitur,
3301 4275 3378 4329 uti
3398 4275 3517 4346 ipse
3538 4293 3674 4354 quo-

2025 4346 2134 4424 que
2160 4346 2648 4424 eruditusfpi'tesul
2682 4349 2886 4424 eodem
2921 4346 3050 4424 loco
3077 4363 3144 4424 ex
3171 4347 3250 4424 iis
3291 4363 3417 4418 qua:
3451 4346 3677 4424 praemi-

2026 4415 2179 4480 serat
2198 4415 2585 4494 proculdubio
2612 4419 2957 4494 deduxisset,
2992 4415 3099 4494 nisi
3131 4415 3362 4472 aliain’a
3391 4415 3585 4494 nostra
3606 4421 3676 4474 de

258 4504 346 4560 rei
391 4489 746 4571 monasticae,
789 4505 933 4559 libro
975 4521 1048 4569 iii,
1093 4489 1515 4574 εδ.ρῖὶῖξύῠί
1553 4489 1869 4574 itasc'ribit
1899 4518 1910 4555 :
1952 4498 1994 4556 D
2022 4489 2223 4550 Niceta
2242 4496 2350 4574 hoc
2371 4492 2637 4574 libelliatil.
2654 4494 2886 4574 utipsam
2921 4493 3152 4574 auctore
3174 4489 3518 4574 sententiain
3542 4506 3676 4574 cum

260 4598 289 4626 α
326 4577 696 4646 Temporibus
726 4575 1119 4646 apostolorum
1150 4571 1511 4644 nequaquam
1539 4571 1800 4646 auditum
1832 4577 1917 4626 est

261 4643 485 4718 nomen
501 4643 940 4702 monachorum:
966 4650 1036 4700 ab
1062 4645 1199 4716 ipsis
1223 4643 1416 4718 tamen
1434 4643 1915 4718 apostolissacra-

259 4715 394 4778 rum
429 4719 712 4790 virginum
744 4727 801 4775 et
835 4714 1135 4773 viduarum
1161 4717 1400 4790 collegia
1426 4714 1487 4790 in
1515 4714 1762 4790 Ecclesia
1791 4730 1914 4769 esse

262 4787 562 4860 coeperef»
591 4790 875 4860 Quidquid
906 4796 1100 4844 autem
1131 4788 1205 4843 sit
1233 4791 1302 4842 de
1320 4787 1579 4858 'collegiis
1607 4787 1697 4860 liis
1725 4802 1913 4841 sacra-

259 4859 394 4917 rum
414 4863 696 4932 virginum
719 4859 1066 4932 apostolicis,
1091 4877 1216 4931 quae
1234 4861 1308 4914 ad
1323 4865 1507 4932 instar
1527 4859 1740 4913 fuerint
1761 4874 1914 4932 asce-

256 4929 538 4988 terioruiii
570 4929 901 5004 posterioris
930 4933 1031 4987 aevi
1050 4949 1068 5002 3
1093 4929 1164 4987 de
1185 4947 1241 4986 re
1259 4931 1470 4984 scilicet
1497 4931 1650 4983 haud
1679 4929 1910 4999 quidem

258 5005 402 5060 satis
431 5007 707 5060 hactenus
737 5008 1032 5075 explorata
1064 5019 1078 5069 ;
1112 5009 1330 5058 certum
1375 5009 1568 5055 tamen
1609 5016 1676 5075 ex
1706 5016 1908 5075 monu-

255 5077 472 5132 mentis
524 5071 824 5132 veteribus
840 5077 969 5147 jam
1011 5075 1254 5140 videtur,
1300 5071 1910 5147 sacrarumuvirginum

253 5153 580 5221 societates,
605 5145 942 5217 postdatam
961 5163 994 5200 a
1016 5145 1392 5221 tionstantino
1408 5145 1667 5198 Ecclesia:
1685 5158 1905 5221 pacem,

252 5220 480 5294 publice
505 5222 786 5275 exstitisse
813 5223 990 5275 etiam
1016 5218 1077 5294 in
1095 5218 1415 5294 Occidente,
1435 5218 1908 5294 easquevirgines

252 5289 374 5346 una
404 5293 576 5346 simul
610 5294 713 5346 sub
743 5296 996 5362 quadam
1027 5289 1337 5359 disciplina:
1377 5291 1575 5362 regula
1609 5289 1809 5362 vixisse
1847 5289 1903 5338 in

253 5365 476 5436 uadibus
493 5368 567 5418 ad
586 5367 696 5417 hoc
711 5358 1004 5436 institutis,
1031 5378 1152 5432 quae
1173 5358 1528 5413 monasteria
1547 5360 1905 5436 vocarentur;

253 5435 486 5490 etiamsi
524 5434 1280 5509 nihilominusconsuetudo
1333 5445 1554 5509 quoque
1603 5434 1817 5509 vigeret
1848 5434 1908 5509 ut

252 5513 524 5578 quaedam
551 5523 619 5561 ex
649 5506 737 5561 his
775 5506 951 5578 sacris
999 5503 1325 5578 virginibus,
1357 5500 1533 5578 etiam
1575 5504 1806 5578 accepto
1836 5500 1907 5552 ab

251 5572 520 5650 episcopo
545 5595 708 5632 sacro
741 5576 1042 5640 velamine,
1067 5572 1238 5650 vitam
1271 5572 1614 5650 domesticos
1639 5573 1786 5650 inter
1811 5586 1909 5640 pa-

248 5642 424 5708 rietes
447 5642 698 5721 agerent,
728 5654 790 5704 ut
816 5656 976 5721 patet
1005 5650 1074 5703 de
1103 5645 1309 5702 celebri
1335 5644 1435 5722 illa
1455 5642 1822 5722 Demetriade
1839 5656 1907 5696 ex

252 5716 588 5778 Aniciorum
619 5716 889 5793 progenie
920 5723 990 5777 de
1028 5735 1141 5793 qua
1180 5716 1438 5793 superius
1468 5716 1798 5793 dicebamus
1837 5728 1906 5769 ex

251 5793 509 5865 epistolis
533 5787 867 5868 sanctorum
895 5787 1200 5864 Augustini
1229 5787 1400 5864 atque
1417 5787 1767 5860 hicronymi,
1798 5799 1926 5872 nec,

2025 4567 2318 4622 communi
2336 4570 2470 4618 tunc
2487 4565 2842 4619 eruditorum
2864 4562 3082 4616 calculo
3106 4563 3465 4631 amplexatus
3487 4566 3637 4616 esset
3659 4578 3673 4628 ;

2025 4639 2141 4703 illa,
2162 4638 2420 4708 inquam,
2440 4634 2832 4708 nonagenaria
2855 4632 3205 4708 Virgogetate
3224 4633 3347 4702 ipsa
3360 4649 3470 4708 sua
3491 4639 3679 4688 osten-

2023 4713 2107 4766 dit
2135 4704 2552 4764 monasterium
2592 4704 2866 4778 virginale
2895 4704 3253 4778 Aquileiense
3301 4705 3382 4778 ad
3405 4709 3675 4778 quartum

2023 4782 2298 4838 saeculum
2348 4773 2780 4850 pertinerer'Ac
2809 4773 2972 4850 certe
2994 4773 3305 4850 Fontanius
3332 4774 3483 4826 idem
3512 4777 3678 4828 Uom-

2023 4851 2289 4909 mentarii
2311 4845 2396 4905 sui
2413 4849 2597 4921 capite
2619 4848 2702 4916 16,
2723 4848 2999 4918 virginem
3021 4845 3356 4921 tioiumbam
3387 4851 3674 4921 sacratam

2022 4924 2196 4980 fuisse
2227 4913 2531 4994 conjicit'a
2564 4913 2862 4994 vaieriaiio
2885 4913 3352 4994 Aquileiensium
3385 4914 3672 4994 episcopo,

2021 4995 2116 5067 qui
2146 4984 2572 5067 annojcirciter
2607 4991 2850 5067 3_88__aut
2883 4984 2990 5042 389
3025 4988 3100 5067 ad
3127 4984 3669 5067 su_peros.evolav1t,

2021 5055 2083 5121 iit
2113 5065 2263 5136 apud
2293 5065 2370 5118 De
2401 5062 2607 5118 itubeis
2629 5057 3093 5136 inMonumentis
3115 5075 3130 5129 ;
3151 5055 3382 5136 etiamsi
3405 5057 3671 5110 eamdem

2019 5127 2332 5192 dixerimus
2356 5151 2467 5188 non
2491 5139 2624 5186 ante
2645 5131 2983 5201 vigesimum
3003 5127 3120 5201 suae
3141 5127 3329 5183 uitatis
3349 5143 3563 5201 annum
3587 5143 3678 5182 sa-

2018 5225 2176 5262 crum
2209 5207 2465 5260 velamen
2511 5198 2849 5279 virginitatis
2874 5199 3174 5279 accepisse
3202 5215 3234 5279 :_
3257 5198 3677 5279 quamvishpro

2018 5285 2154 5333 tunc
2177 5279 2390 5331 ibidem
2434 5270 2670 5337 asserta,
2707 5279 2764 5327 et
2793 5270 3086 5327 obtinente
3114 5270 3171 5324 in
3221 5270 3308 5323 his
3347 5270 3678 5340 regionibus

2021 5348 2341 5419 disciplina,
2366 5348 2540 5401 etiam
2567 5343 2818 5419 junioris
2839 5342 3024 5419 aitatis
3048 5340 3463 5419 puellzejudicii
3486 5348 3676 5419 metu:

2014 5412 2248 5476 ritatém
2275 5412 2703 5490 praesei'ei‘e'ntcs
2721 5415 2891 5488 hujus
2909 5414 3023 5490 vuti
3041 5429 3166 5467 coni
3175 5421 3333 5490 potes
3347 5414 3564 5478 tierent,
3589 5412 3673 5468 uti

2017 5509 2086 5549 ex
2099 5485 2486 5546 monumentis
2507 5505 2633 5558 quae
2657 5485 2811 5543 idem
2833 5485 3073 5558 profert,
3092 5501 3159 5538 ac
3177 5485 3429 5538 maxime
3450 5500 3675 5558 exquo-

2018 5566 2155 5619 dain
2197 5563 2386 5634 lapide
2433 5557 2770 5634 Vercellensi
2807 5557 2956 5634 apud
2997 5557 3467 5634 Gruterumnpag.
3511 5557 3669 5622 1170,

2016 5652 2175 5692 num.
2209 5627 2275 5700 1,’
2295 5633 2389 5690 ubi
2421 5631 2578 5703 virgo
2599 5627 2862 5702 quaedam
2885 5629 3188 5703 demortua
3213 5627 3498 5682 indicatur
3518 5643 3670 5682 anno

2019 5707 2208 5765 aetatis
2225 5722 2340 5762 sine
2363 5705 2452 5770 '13,
2471 5702 2598 5776 quae
2609 5707 2736 5776 jam
2756 5709 2891 5776 tunc
2905 5724 2932 5751 «
2952 5702 2992 5756 Τ
2997 5704 3215 5776 εχει-ιιιἶ
3221 5715 3493 5776 ..._sac_i_'os
3514 5703 3670 5754 casto

2020 5779 2305 5838 velamine
2336 5769 2758 5852 crines,,p'.lam
2803 5772 2976 5860 igitur
3004 5787 3133 5858 cum
3161 5769 3428 5860 virginali
3472 5785 3672 5826 mona-
