4056 6188
470 264 621 328 1095

1195 266 1261 329 P.
1306 260 1601 327 BRAIDA'J
1642 261 2118 327 DISSERTATIO
2160 257 2234 324 IN
2274 261 2336 325 S.
2382 259 2734 327 NICETAM.
2763 262 3027 325 --CAP.
3062 257 3162 323 1X.

3685 268 3794 335 l096

465 395 1023 477 sterio_Aquilei_ei_i_si,
1047 401 1325 477 quantum
1344 396 1717 477 conjectando
1750 396 1920 477 licet,
1934 412 2107 468 prope
2140 402 2184 462 Α
2216 395 2633 477 cognoscimus,
2653 410 2719 450 ex
2737 394 2873 477 ipsa
2888 393 3112 477 dicendi
3139 392 3378 477 ratione.
3408 396 3555 477 Adeo
3574 415 3689 456 vero
3708 419 3801 459 mo-

465 466 786 524 accedimus
817 471 887 523 ad
923 466 1141 523 Eusebii
1171 466 1536 523 Vercellensis
1558 474 1809 539 aetatem,
1834 466 1995 539 cujus
2016 466 2106 523 e'x-

465 486 786 524 accedimus
817 486 887 523 an
924 486 1141 523 nusenii
1177 486 1536 523 verceuensns
1558 486 1809 539 aatatem,
1834 486 1995 592 cuius
2016 486 2106 523 ex-

465 547 647 619 trema
668 557 804 619 pars
820 540 1035 619 primos
1053 540 1237 619 tetigit
1252 539 1609 619 episcopatus
1626 556 1807 619 annos
1823 542 1900 593 Va
1926 540 2107 619 eriani

462 611 862 682 Aquileiensis.
885 612 994 682 Sed
1017 611 1203 682 adhuc
1234 611 1447 682 aliquid
1479 612 1817 665 tentandum
1858 614 1961 665 est.

534 680 808 747 Quisnam
844 680 1060 750 fuitqui
1083 697 1149 735 ex
1176 681 1402 736 Oriente
1434 681 1489 734 in
1514 683 1877 737 Occidentem
1905 698 2107 736 mona-

460 754 661 807 sticam
695 751 985 821 utriusque
1014 768 1178 805 sexus
1210 752 1568 823 disciplinam
1600 758 1699 807 aut
1744 753 1973 815 invexit,
2006 758 2106 807 aut

459 828 609 878 certe
636 823 1246 877 commendabiliorem
1272 824 1520 878 reddidit
1541 829 1598 878 et
1626 823 1972 894 ampliavit?
1991 824 2103 877 Ma-

456 911 600 964 gnus
620 894 889 947 nimirum
915 894 1008 947 ille
1024 894 1391 957 Athanasius,
1416 895 1544 966 divo
1570 896 1912 966 Hieronymo
1937 900 2101 965 teste,

455 966 693 1035 epistola
726 966 847 1031 127,
871 980 1030 1018 num.
1064 967 1117 1030 5,
1151 966 1223 1019 ad
1251 965 1597 1036 Principiam
1632 965 1932 1035 virginem,
1966 967 2103 1020 dum

454 1038 610 1117 exsul
634 1053 667 1089 a
688 1039 820 1117 sede
834 1052 936 1090 sua
957 1036 1346 1117 Alexandrina
1359 1038 1534 1091 italia:
1552 1043 1741 1117 partes
1754 1042 2101 1117 peragraret.

452 1108 800 1188 Athanasius
826 1124 1020 1188 porro,
1045 1112 1101 1188 et
1130 1108 1654 1188 Aquileiiequoque
1679 1108 1969 1188 tunc_t'u_it,
1989 1108 2100 1188 .ho:

453 1196 579 1249 spes
625 1178 1023 1232 Fortunatiani
1072 1179 1447 1248 Aquileiensis
1491 1178 1756 1249 episcopi,
1812 1179 2102 1233 Valeriani

452 1250 905 1320 prwdecessoris,
930 1265 1083 1302 anno
1105 1250 1228 1314 348,
1254 1256 1313 1303 ut
1335 1250 1486 1319 apud
1508 1255 1581 1303 lie
1605 1250 1809 1304 Hubeis
1831 1250 1885 1303 iii
1911 1250 2104 1303 Monu-

454 1322 683 1384 mentis,
708 1320 891 1389 capite
910 1323 962 1388 6,
990 1336 1140 1373 num.
1156 1321 1208 1383 5,
1233 1326 1289 1375 et
1309 1320 1704 1375 ecclesiasticis
1726 1320 2103 1390 Aquileiensis

454 1391 1098 1461 Ecclesiaaconventibus
1110 1407 1239 1444 cum
1257 1392 1664 1445 Fortunatiano
1687 1391 1950 1461 episcopo
1965 1407 2104 1461 ope-

455 1477 579 1515 ram
596 1460 771 1515 dedit.
794 1461 1353 1524 Quidniauctorlunc
1370 1462 1488 1532 ipse
1504 1460 2100 1515 fueritFortunatiano

456 1533 641 1604 eidem
666 1532 1117 1604 Aquileieiisi,_ut
1139 1532 1383 1604 virgines
1403 1549 1593 1587 sacras
1608 1533 1815 1587 ibidem
1832 1534 2102 1603 degentes

457 1603 514 1656 in
540 1620 716 1657 unum
738 1602 1007 1656 invitaret
1031 1602 1245 1669 locum,
1265 1610 1319 1657 et
1343 1604 1661 1658 monastica
1682 1602 2103 1657 Orientisdisci-

454 1673 612 1744 plina
637 1674 925 1739 erudiret;
960 1678 1017 1728 et
1045 1673 1126 1745 ita
1158 1676 1567 1728 monasterium
1617 1674 1895 1745 virginale
1933 1674 2103 1745 Aqui-

2217 468 2533 521 nasterium
2561 467 2669 520 hoc
2698 467 2976 534 virginale
3006 468 3246 537 decursu
3275 469 3540 537 temporis
3565 474 3655 525 sub
3671 474 3803 531 Paula

2215 538 2504 611 crevit,iut
2552 538 2703 611 idem
2723 538 3113 611 Hieronymus
3152 536 3370 611 ibidem
3400 536 3579 611 dicere
3605 547 3803 611 potuerit

2216 626 2375 663 num.
2410 610 2498 673 30,
2527 610 2679 678 quod
2703 609 2947 678 fratrum
2977 616 3025 662 et
3051 624 3324 673 sororum,
3358 608 3415 662 id
3441 617 3521 664 est
3550 608 3801 671 monacho-

2214 696 2341 734 rum
2370 684 2427 733 et
2447 679 2750 751 virginum,
2779 681 3088 737 immensam
3109 680 3506 735 multitudinem
3535 683 3689 738 Paula
3713 703 3803 741 ino-

2213 752 2365 805 riens
2392 750 2721 820 reliquerat.

2283 826 2355 876 At
2381 838 2490 875 non
2515 824 2717 876 eadem
2739 837 2806 876 eo
2823 825 3078 891 tempore
3100 821 3157 874 in
3176 820 3488 876 Occidentis
3517 822 3802 892 partibus,et

2214 893 2269 947 in
2297 893 2630 973 Italia‘ipsa,
2658 893 2941 973 virginum
2966 893 3131 973 copia
3161 893 3218 973 in
3249 892 3604 972 virginalibus
3633 912 3799 950 mona-

2212 965 2419 1019 steriis.
2438 964 2909 1018 Praeclarissimos
2926 964 3127 1018 habuit
3141 965 3209 1018 de
3229 964 3545 1033 virginitate
3562 981 3802 1023 sermones

2211 1041 2440 1089 sanctus
2470 1037 2801 1089 Ambrosius
2828 1036 2902 1089 ad
2926 1036 3198 1105 populum
3225 1052 3413 1099 suum,
3437 1037 3527 1105 qui
3551 1044 3718 1106 postea
3732 1056 3802 1093 eo-

2212 1108 2341 1161 dem
2370 1111 2601 1160 auctore
2627 1107 2681 1159 in
2711 1110 2982 1175 opuscula
3010 1107 3365 1171 coaluerunt,
3396 1123 3623 1176 quorum
3651 1109 3799 1164 tituli:

2211 1178 2294 1233 De
2335 1178 2651 1247 Virginibus
2675 1181 2744 1250 ad
2774 1178 3169 1250 Marcellinum
3202 1178 3571 1250 soror-emitte
3610 1179 3801 1250 Virgini-

2212 1256 2352 1316 tate;
2373 1250 2434 1301 de
2446 1249 2803 1301 Institutione
2831 1248 3079 1317 Virginis
3095 1264 3107 1313 ;
3122 1248 3460 1303 Exhortatio
3488 1248 3801 1319 Virginitatis.

2212 1321 2323 1373 Sed
2348 1320 2805 1388 conquerebatur
2828 1320 2980 1373 idem
3006 1326 3235 1373 sanctus
3254 1319 3482 1389 praesul,
3504 1323 3802 1376 sermonibus

2213 1390 2328 1443 suis
2354 1406 2412 1444 se
2439 1406 2643 1459 parum
2668 1396 2767 1443 aut
2786 1390 2927 1442 nihil
2950 1391 3219 1459 proﬁcere
3245 1393 3398 1459 apud
3417 1391 3803 1447 Mediolanenses

2212 1478 2343 1515 suos
2362 1477 2374 1525 ;
2392 1460 2505 1525 ubi,
2528 1465 2783 1514 matrum
2801 1463 2976 1514 etiam
2995 1476 3185 1531 Opera,
3204 1461 3804 1532 prohibebanturpuellai

2213 1532 2459 1603 virgines
2488 1531 2712 1601 prodire
2742 1532 2813 1584 ad
2838 1531 3188 1585 audiendum
3206 1532 3408 1604 ipsum
3441 1535 3507 1604 de
3535 1531 3804 1604 Virginitnte

2211 1603 2495 1657 dicentem
2530 1619 2545 1673 :7
2573 1610 2744 1672 atque
2774 1604 3067 1657 asserebat
3094 1605 3163 1657 de
3202 1603 3528 1657 Placentino
3553 1607 3728 1673 potius,
3754 1606 3803 1659 de

2210 1672 2574 1739 Bononiensi,
2625 1690 2691 1727 ac
2724 1674 2793 1727 de
2822 1674 3163 1727 Mauritania
3193 1690 3418 1743 quoque
3465 1672 3631 1729 ad’se
3658 1676 3804 1729 venire

454 1745 799 1821 leiensejam
819 1750 951 1821 tunc
965 1744 1266 1821 Athanasii
1286 1745 1950 1821 Ale_xandrinistudio_,et
1973 1746 2103 1821 For:
2138 1768 2177 1821 Β
2214 1744 2457 1821 virgines
2484 1745 2761 1821 utvvelum
2805 1744 3145 1813 acciperent,
3174 1752 3349 1821 prout
3375 1745 3515 1798 libro
3544 1761 3557 1798 i
3584 1748 3646 1800 de
3662 1747 3801 1821 _Virgi~

454 1815 737 1887 tunatiani
757 1815 1132 1885 Aquileiensis
1148 1817 1393 1887 episcopi
1416 1834 1552 1870 cura
1570 1822 1761 1871 ortum
1792 1816 2104 1871 habuerit?

453 1886 567 1940 Hoc
598 1892 789 1941 autem
822 1886 1028 1941 dixisse
1059 1887 1303 1941 sufﬁciat
1333 1886 1401 1941 de
1425 1888 1686 1957 virginali
1726 1887 2099 1941 monasterio-

450 1957 793 2027 Aquileiensi
818 1974 850 2011 a
872 1957 1067 2011 Niceta
1093 1964 1435 2023 memorato,
1461 1959 1684 2013 utidem
1701 1959 1882 2013 multo
1911 1960 2101 2013 Niceta

450 2030 726 2083 vetustius
746 2030 1155 2099 intelligamus,
1179 2046 1243 2083 ac
1266 2036 1416 2085 certe
1440 2046 1553 2084 non
1576 2030 1655 2083 ita
1678 2030 1956 2100 posterius
1982 2046 2103 2083 mo-

450 2102 700 2155 nasterio
733 2100 992 2172 virginali
1040 2101 1259 2154 Eusebii
1292 2102 1662 2156 Vercellensis
1688 2118 1701 2166 ;
1728 2100 1952 2155 etiamsi
1995 2101 2101 2156 hoc

451 2172 694 2226 fortasse
725 2171 968 2226 fueritin
1003 2172 1306 2227 Occidente
1326 2176 1607 2241 primum,
1632 2176 1694 2226 ut
1714 2172 1930 2226 auctori
1960 2188 2097 2243 prae-

450 2243 608 2298 citati
632 2243 884 2313 Opusculi
916 2243 1147 2312 placuit.

521 2320 592 2367 At
616 2312 879 2383 quotenis
896 2313 1208 2382 virginibus
1230 2312 1404 2366 sacris
1427 2312 1749 2367 constitisse
1772 2312 2098 2382 putabimus

449 2383 726 2453 virginale
742 2383 1153 2436 monasterium
1170 2384 1527 2452 Aquileiense
1543 2385 1646 2437 sub
1661 2383 2100 2437 hiceta?Mona-

449 2454 606 2508 sterii
637 2454 808 2524 hujus
840 2453 1120 2525 virgineos
1150 2454 1351 2525 choros
1374 2458 1663 2508 memorat
1692 2454 1811 2524 ipse
1862 2455 1931 2508 ad
1957 2456 2100 2525 Lap-

450 2542 590 2590 sam,
615 2526 822 2595 capite,
853 2527 909 2589 6,
944 2541 1104 2579 num.
1137 2524 1224 2587 22,
1259 2525 1450 2579 dicens
1481 2542 1491 2578 :
1531 2547 1549 2572 ι
1579 2526 1879 2588 Quomodo
1906 2524 2095 2580 tibi...

452 2612 567 2651 non
601 2596 861 2650 veniebat
890 2596 945 2648 in
974 2600 1318 2663 mentem..,.
1362 2612 1656 2666 processus
1687 2596 1743 2650 in
1790 2596 2097 2651 Ecclesiam

454 2668 602 2722 inter
632 2667 914 2738 virgineos
943 2666 1147 2721 choros
1174 2666 1201 2720 ?
1246 2688 1272 2715 ››
1308 2668 1437 2722 Haec
1468 2672 1659 2721 autem
1691 2666 1913 2721 dicendi
1953 2667 2098 2722 ratio

454 2755 755 2819 numerum
769 2739 959 2819 procul
975 2738 1148 2792 dubio
1162 2738 1376 2819 indicat
1388 2754 1501 2819 non
1516 2738 1780 2819 exiguum
1804 2754 2096 2819 sacrarum

454 2810 741 2880 virginum
766 2809 822 2863 in
855 2809 954 2863 illo
981 2810 1330 2864 monasterio
1357 2809 1619 2881 virginali
1652 2810 1999 2881 degentium.
2024 2812 2100 2863 Ac

454 2885 710 2952 profecto
740 2897 870 2935 cum
896 2881 1279 2951 frequentiora
1302 2885 1436 2936 tunc
1456 2880 1865 2951 temporisnon
1888 2885 2095 2945 essent,

453 2958 621 3023 prout
653 2958 848 3023 postea
878 2952 1127 3017 fuerunt,
1162 2952 1218 3005 in
1269 2968 1383 3005 una
1398 2953 1715 3022 eademque
1752 2952 2007 3013 ecclesia,
2040 2952 2097 3004 in

454 3022 567 3078 una
590 3022 906 3092 eademque
937 3026 1095 3087 urbe,
1124 3023 1327 3077 saltem
1357 3022 1413 3076 in
1446 3024 1769 3085 Occidente,
1804 3038 2096 3076 sacrarum

450 3095 735 3178 virginum
758 3094 1110 3178 monasteria
1133 3112 1154 3178 ;¹
1172 3094 1310 3178 iilud
1334 3110 1508 3174 unum
1532 3098 1632 3178 aut
1658 3094 1928 3174 alterum,
1946 3094 2098 3163 quod
2134 3118 2178 3178 ρ

451 3164 731 3228 exstabat,
778 3165 1073 3217 abundare
1123 3165 1317 3218 debuit
1361 3164 1673 3233 virginibus
1721 3181 1787 3218 ex
1835 3165 2100 3218 universa

451 3234 677 3288 dimcesi
692 3234 899 3287 ibidem
914 3234 1183 3287 collectis.
1199 3235 1325 3287 Jam
1341 3251 1492 3299 vero,
1512 3241 1571 3288 ut
1584 3237 1654 3288 de
1670 3250 1909 3289 numero
1922 3236 2097 3289 etiam

448 3320 744 3359 sacrarum
774 3303 1057 3374 virginum
1087 3306 1143 3356 in
1186 3305 1547 3359 monasteriis
1568 3304 1883 3374 antiquitus
1913 3306 2101 3360 viven-

449 3378 593 3431 tium
610 3375 870 3430 nonnihil
888 3374 1057 3446 247
1087 3375 1345 3429 dicamus
1370 3392 1383 3440 ;
1407 3376 1452 3428 si
1476 3376 1543 3428 de
1558 3375 1802 3428 Ecclesia
1822 3375 2098 3430 Orientali

448 3446 772 3518 loquamur,
800 3448 890 3500 ubi
908 3446 1223 3500 uionastica
1241 3453 1363 3500 tum
1384 3446 1631 3518 virorum
1647 3451 1769 3498 tum
1794 3446 2097 3500 mulierum

450 3524 699 3590 primum
748 3518 925 3588 viguit
951 3518 1270 3590 disciplina,
1302 3517 1587 3590 mirabilia
1614 3522 1742 3570 sunt
1771 3534 1892 3590 quae
1915 3533 1981 3590 ex
2016 3534 2100 3571 ec-

450 3587 781 3646 clesiasticis
795 3587 1183 3643 monumentis
1197 3590 1473 3643 habemus
1486 3589 1555 3642 de
1571 3603 1806 3642 numero
1820 3587 2100 3658 virginum

452 3661 665 3717 ibidem
686 3662 741 3715 in
771 3660 1136 3715 monasteriis
1157 3661 1487 3731 degentium
1515 3658 1602 3713 vel
1634 3659 1754 3731 ipso
1776 3665 1983 3731 quarto
2006 3661 2102 3731 Ec-

454 3732 641 3787 clesiae
666 3734 894 3786 saeculo.
927 3735 1168 3786 Sanctus
1196 3729 1528 3785 Ambrosius
1554 3730 1610 3783 in
1642 3729 1786 3783 libro
1817 3731 1888 3785 de
1928 3730 2102 3801 Virgi-

456 3803 655 3865 nitate,
688 3802 871 3871 capite
898 3804 949 3865 Ἰ,
985 3818 1142 3856 num.
1184 3804 1273 3866 36,
1308 3804 1379 3856 ab
1410 3804 1612 3855 eodem
1644 3801 1875 3871 scripto,
1900 3806 1958 3855 ut
1985 3802 2102 3855 edi-

453 3874 672 3927 toribus
698 3873 972 3926 Maurinis
1010 3873 1191 3927 visum
1224 3873 1331 3927 fuit
1364 3890 1431 3926 ex
1456 3872 1677 3926 indiciis
1706 3888 1833 3942 quas
1864 3873 2102 3926 Ambro—

454 3945 570 3999 sius
610 3946 728 4015 ipse
776 3943 1120 4014 suppeditat,
1153 3943 1303 3997 circa
1334 3960 1548 4015 annum
1580 3945 1702 4004 378,
1747 3943 1865 4015 haec
1894 3943 2096 4007 habet;

456 4037 483 4067 «
521 4013 728 4070 Discite
751 4013 997 4086 quantas
1020 4015 1426 4081 Alexandrina,
1446 4014 1731 4086 totiusque
1759 4013 2023 4078 Orientis,
2044 4018 2101 4069 et

450 4088 724 4142 Africana
754 4084 1001 4142 Ecclesia
1022 4086 1329 4157 quotannis
1363 4102 1591 4140 sacrare
1629 4084 1922 4156 (virgines)
1962 4102 2098 4139 con-

450 4159 760 4215 sueverint.
804 4159 1105 4214 Pauciores
1153 4158 1244 4212 hic
1290 4157 1551 4212 homines
1597 4158 1880 4227 prodeunt
1922 4172 2095 4226 quam

450 4229 566 4283 illic
589 4229 831 4301 virgines
848 4234 1273 4284 consecrantur.
1326 4250 1352 4277 »
1376 4232 1453 4282 Ac
1473 4230 1729 4298 profecto
1764 4244 1829 4282 ex
1853 4227 2098 4301 Historia

450 4298 724 4355 Lausiac'a
748 4300 1004 4371 Palladii,
1037 4300 1218 4370 capite
1247 4301 1335 4364 34,
1387 4301 1684 4371 habemus,
1714 4300 1878 4371 quod
1908 4298 1964 4351 in
1998 4300 2099 4352 Ta-

451 4372 724 4427 bennensi
757 4369 1084 4435 solitudine,
1108 4369 1239 4441 quae
1270 4375 1355 4425 est
1385 4370 1440 4424 in
1476 4369 1805 4441 Thebaide,“
1832 4375 2095 4424 tercentu-

453 4459 579 4496 rum
593 4444 877 4511 virginum
898 4440 1314 4496 monasterium
1330 4441 1545 4496 exstitit
1564 4442 1667 4494 sub
1691 4440 1849 4494 Helia
1870 4440 2094 4503 abbate,

453 4513 548 4582 qui
579 4513 806 4565 illarum
838 4529 1033 4565 curam
1066 4528 1196 4565 cum
1227 4514 1394 4566 laude
1424 4512 1599 4582 gessit
1626 4528 1725 4581 per
1755 4528 1936 4565 annos
1964 4528 2100 4581 qua-

455 4582 871 4653 draginta.Non
887 4582 1007 4636 sine
1018 4589 1209 4637 autem
1224 4588 1453 4652 stupore
1466 4582 1715 4637 maxime
1730 4582 2100 4653 intelligimus

458 4671 524 4709 ex
551 4652 755 4707 Ruﬁno
789 4658 1005 4721 nostro,
1029 4654 1097 4706 de
1138 4652 1278 4706 Vitis
1306 4654 1561 4717 Patrum,
1588 4652 1729 4707 libro
1761 4669 1799 4719 1,
1827 4652 2011 4723 capite
2044 4654 2098 4715 5,

458 4741 635 4780 unam
659 4724 956 4795 Oxyrinthi
995 4724 1280 4778 civitatem
1316 4724 1374 4777 in
1400 4726 1781 4795 [EgyptoLex
1824 4723 2099 4778 relatione

458 4796 706 4869 episcopi
738 4793 1169 4869 lociilliussibi
1220 4796 1390 4858 facta,
1436 4793 2103 4869 continuisses‘acrarum

456 4864 733 4940 virginum
756 4868 955 4938 viginti
965 4868 1273 4932 millia,nec
1290 4881 1403 4921 non
1428 4864 1885 4940 etdecemmillia
1904 4881 2103 4940 mona-

455 4935 717 4995 chorum.
748 4935 893 5003 Quid
913 4956 1041 4993 vero
1074 4940 1141 4993 de
1185 4937 1532 4992 monasterio
1563 4935 1823 5005 virginali
1863 4938 2013 5006 quod
2043 4937 2099 4990 in

454 5017 655 5067 sancta
669 5011 998 5065 Bethlehem
1012 5011 1240 5065 civitate
1254 5008 1841 5066 fundaveratcelebris
1854 5010 2103 5062 Romana

456 5084 626 5138 vidua
672 5083 867 5148 Paula,
913 5082 1302 5135 Gracchorum
1349 5085 1405 5134 et
1453 5078 1781 5149 Scipionum
1827 5079 2101 5149 sanguine

454 5156 627 5225 clara,
664 5156 759 5209 sed
786 5154 955 5223 longe
982 5152 1191 5207 clarior
1221 5150 1900 5225 Christiana‘humilitate
1931 5156 2100 5225 atque

455 5222 667 5297 pietate
694 5242 707 5290 ;
737 5230 793 5279 et
818 5222 1029 5297 deiqua
1060 5226 1438 5297 Hieronymus
1478 5222 1718 5297 epistola
1756 5223 1964 5297 iQB_ad
2000 5223 2103 5297 tiu:

455 5292 741 5351 stochium
791 5292 989 5365 filiam,
1038 5311 1104 5350 ex
1146 5292 1397 5350 editione
1446 5292 1737 5364 praicitata
1786 5292 2103 5365 Vallarsii?

459 5390 485 5416 ι(
520 5370 709 5423 Plures
735 5363 1005 5438 virgines,
1034 5367 1217 5436 inquit
1248 5366 1362 5438 ille,
1388 5363 1530 5435 quas
1553 5382 1582 5419 e
1606 5364 1841 5438 diversis
1872 5363 2101 5438 provinf

458 5438 557 5491 ciis
587 5434 1133 5510 congregarentur)
1166 5434 1605 5510 nobiles,’quam
1637 5436 1807 5510 medii
1833 5434 2102 5510 etinﬁnii

457 5505 942 5577 generisfin'tres
985 5514 1204 5563 turmas
1254 5505 1714 5576 monasteriaque
1757 5505 1989 5569 divisit;
2022 5507 2103 5559 ita

461 5583 781 5651 dumtaxat,
810 5586 871 5651 ut
898 5583 953 5651 in
979 5596 1167 5651 opere,
1200 5583 1256 5633 et
1286 5579 1342 5632 in
1375 5578 1499 5631 cibo
1530 5581 1820 5651 separatae,
1856 5577 2104 5651 psalmo-

464 5650 571 5703 diis
593 5654 649 5701 et
678 5648 1032 5705 orationibus
1074 5652 1479 5721 iungerentur.
1502 5692 1513 5705 .
1538 5690 1550 5702 .
1574 5690 1586 5703 .
1647 5648 2104 5719 Unumquodque

467 5733 670 5797 agmen
691 5723 937 5797 matrem
959 5721 1245 5799 propriam
1273 5721 1635 5799 sequebatur,
1658 5723 1764 5799 etc.
1786 5721 2104 5799 .iilvlagnam

2129 4484 2176 4543 D

2212 1816 2398 1878 nibus,
2421 1815 2605 1885 capite
2630 1817 2714 1869 11.
2754 1821 2873 1884 Ipse
2895 1822 3088 1869 autem
3112 1818 3313 1870 eodem
3336 1816 3457 1869 loco
3481 1818 3696 1870 summis
3716 1815 3803 1870 lau-

2211 1886 2374 1939 dibus
2404 1886 2628 1940 extollit
2660 1887 2903 1957 virgines
2942 1887 3253 1957 praesertim
3289 1887 3674 1950 Bononienses,
3714 1904 3805 1957 qua

2211 1974 2258 2011 m
2268 1958 2509 2029 undanisr
2523 1972 2578 2011 se
2593 1958 2810 2011 delictis
2823 1957 3153 2021 abdicantes,
3170 1962 3488 2012 sacrarium
3510 1961 3801 2029 virginitatis

2212 2030 2458 2083 incolunt
2476 2028 2555 2097 (id
2576 2034 2663 2082 est
2685 2029 3100 2083 monasterium
3121 2030 3439 2100 virginale),
3461 2028 3717 2099 relictoque
3728 2048 3801 2099 pa-

2209 2107 2429 2153 rentum
2476 2100 2726 2169 hospz'tio,
2764 2101 2994 2153 tendunt
3036 2102 3092 2153 in
3122 2102 3489 2154 tabernaculis
3517 2102 3717 2165 Christi,
3740 2104 3801 2154 in-

2207 2171 2431 2295 defessa:
2452 2171 2661 2225 milites
2682 2171 2968 2227 castitatis.
3000 2173 3204 2225 Verum
3226 2171 3420 2241 quotis
3440 2173 3654 2225 demum
3674 2173 3798 2242 Virgi-

2211 2242 2264 2294 ni
2311 2259 2374 2295 us
2399 2242 2699 2295 constabat
2727 2243 3140 2295 monasterium
3159 2244 3267 2295 hoc
3289 2243 3704 2295 Bononiensium
3723 2260 3798 2295 vu-

2211 2242 2374 2295 nibus
2399 2242 2699 2295 constabat
2727 2243 3140 2296 monasterium
3159 2244 3267 2295 hoc
3289 2243 3704 2297 Bononiensium
3723 2260 3801 2295 Vir-

2208 2314 2428 2383 ginum,
2462 2314 2605 2366 adeo
2637 2315 2709 2365 ab
2737 2315 3036 2367 Ambrosio
3067 2314 3441 2377 celebratum,
3481 2317 3549 2367 ad
3577 2315 3799 2384 pudorem

2208 2384 2379 2437 simul
2411 2388 2581 2452 atque
2630 2383 2912 2438 fervorem
2953 2384 3010 2437 in
3064 2383 3802 2440 Mediolanensibus’excitan—

2208 2452 2389 2525 dum?
2410 2454 2551 2506 Nom
2572 2454 2818 2523 amplius
2840 2460 2990 2508 certe
3011 2472 3183 2524 quam
3204 2456 3428 2525 viginti,
3450 2463 3509 2510 ut
3536 2458 3671 2510 idem
3693 2457 3800 2509 fate-

2208 2532 2334 2598 tur;
2350 2524 2477 2579 licet
2487 2540 2726 2598 parvum
2740 2526 2889 2579 hunc
2902 2542 3225 2591 numerum,
3248 2524 3315 2581 ex
3344 2528 3504 2598 copia
3516 2528 3805 2581 fructusam-

2209 2596 2457 2667 pliﬁcare
2486 2595 2712 2665 gestiat.
2756 2617 2784 2645 «
2836 2598 2969 2651 Sine
3021 2595 3430 2652 contubernali
3476 2616 3602 2653 sexu
3644 2599 3805 2655 iaiebat

2208 2672 2439 2740 sanctus
2465 2668 2685 2731 doctor)
2708 2668 3098 2722 contubernali
3129 2673 3348 2738 pudore
3380 2676 3642 2740 provecta:
3667 2672 3724 2722 ad
3750 2669 3804 2721 vi-

2208 2738 2500 2794 cenarium
2529 2753 2836 2792 numerum
2876 2744 2934 2793 et
2960 2741 3359 2794 centenarium
3381 2738 3642 2795 i‘ructum.
3680 2762 3703 2787 »

2284 2808 2462 2880 248
2476 2808 2621 2882 QUid
2638 2809 2843 2882 iisdem
2861 2826 3033 2880 prOpe
3060 2813 3416 2881 temporibus
3447 2813 3563 2882 ipsa
3589 2810 3805 2866 Ecclesia-

2212 2896 2337 2933 rum
2372 2880 2630 2933 omnium
2664 2880 2922 2950 princeps
2955 2880 3199 2936 Ecclesia
3236 2880 3540 2937 Romana?
3568 2884 3720 2937 Testis
3742 2885 3803 2935 est

2209 2956 2437 3024 sanctus
2462 2951 3207 3024 Hieronymusisupracitata
3228 2954 3470 3024 epistola
3492 2957 3580 3009 127
3604 2958 3666 3007 ad
3686 2954 3804 3005 Prin-

2208 3022 2416 3092 cipiam
2450 3022 2725 3092 virginem
2744 3024 2813 3077 de
2839 3023 3122 3077 Laudibus
3146 3022 3434 3081 Marcellae
3464 3027 3651 3088 viduae,
3680 3038 3800 3076 num.

2208 3094 2260 3155 5,
2290 3094 2440 3163 quod
2459 3093 2552 3164 huj
2566 3110 2627 3147 us
2650 3094 2924 3147 Marcellas
2946 3098 3225 3164 tempore,
3253 3096 3308 3150 id
3331 3098 3579 3151 estcirca
3598 3095 3800 3149 medium

2208 3165 2479 3218 saeculum
2512 3169 2801 3234 quartum,
2836 3186 2862 3212 «
2904 3166 3063 3219 nulla
3094 3168 3373 3221 nobilium
3398 3169 3707 3223 feminarum
3730 3181 3802 3217 no-

2206 3240 2367 3289 verat
2392 3238 2590 3289 Homae
2622 3235 2973 3305 propositum
3012 3240 3455 3303 monachorum,
3486 3256 3582 3293 nec
3605 3238 3800 3291 audebat

2209 3306 2533 3380 prepterrei
2551 3307 2884 3380 novitatem,
2900 3306 3372 3377 ignominiosum,
3396 3316 3456 3364 ut
3477 3317 3599 3365 tunc
3617 3309 3801 3380 putaba-

2209 3383 2318 3439 tur,
2366 3383 2422 3430 et
2451 3377 2559 3431 vile
2608 3378 2665 3430 in
2704 3379 2927 3447 populis
2972 3394 3185 3433 nomen
3226 3397 3537 3436 assumere.
3583 3377 3799 3433 {Prima

2208 3452 2511 3528 propterea
2538 3452 2962 3528 quae-{fontana
2994 3451 3137 3503 urbis
3157 3451 3525 3528 virgo‘iiobitis
3544 3468 3638 3505 esse
3657 3448 3796 3528 erepit,

2205 3518 2372 3644 {quta
2390 3520 2655 3597 eumdem
2674 3518 3104 3601 Hieronymum,
3124 3518 3369 3601 epistola
3384 3527 3472 3589 22,
3491 3540 3636 3603 num.
3662 3518 3730 3598 l5,
3749 3518 3800 3570 ad

2256 3589 2601 3644 ustochium.
2624 3590 2760 3643 data
2785 3606 2939 3644 anno
2964 3592 3170 3644 Christi
3196 3595 3322 3644 384.
3355 3597 3691 3644 Eustochium
3710 3604 3799 3644 ipsa

2256 3589 2601 3657 ustochium,
2624 3590 2760 3643 data
2785 3589 2939 3645 anno
2964 3589 3174 3646 Christi
3196 3595 3322 3658 384,
3354 3595 3691 3649 Eustochium
3710 3592 3799 3659 ipsa

2212 3660 2337 3729 fuit,
2368 3660 2557 3715 Paula:
2588 3660 2726 3725 filia,
2750 3678 2871 3731 quae
2893 3679 3008 3716 una
3032 3680 3161 3717 cum
3184 3671 3374 3720 matre
3396 3669 3452 3720 in
3480 3660 3799 3720 Bethlehemi-

2210 3731 2319 3786 tico
2340 3731 2698 3807 monasterio
2721 3732 2877 3807 vixit.
2901 3735 3061 3797 Quod
3086 3735 3281 3805 itaque
3307 3740 3381 3791 ad
3410 3738 3586 3807 ipsam
3608 3738 3799 3807 Romani

2209 3802 2474 3883 pertinet,
2500 3803 2594 3856 ubi
2624 3803 3003 3883 monasticum
3028 3802 3384 3876 propositum
3414 3802 3497 3883 {ei
3514 3806 3800 3883 novitasertit

2201 3872 2369 3946 juxta
2398 3874 2824 3946 Hieronymum,
2847 3878 3005 3930 nulla
3025 3872 3254 3946 prorsus
3280 3886 3414 3934 ante
3437 3878 3727 3933 Marcellam
3745 3872 3799 3925 vi-

2209 3945 2638 4019 denturibidem
2654 3946 2823 4000 fuisse
2850 3945 3145 4019 virginalia
3160 3952 3535 4014 monasteria;
3554 3956 3700 4018 atque
3714 3948 3798 3998 haec

2207 4017 2443 4093 tandem
2461 4017 2696 4093 cmpisse
2713 4022 2840 4087 post
2854 4017 3166 4093 Athanasii
3186 4020 3321 4075 illuc
3333 4017 3648 4089 adventum,
3662 4019 3797 4093 imino

2207 4092 2263 4141 et
2293 4088 2437 4141 Petri
2458 4088 2559 4161 qui
2591 4088 2905 4161 Athanasio
2926 4090 2984 4143 in
3006 4091 3333 4161 episcopatu
3364 4093 3637 4157 successit,
3656 4088 3799 4143 actio-

2206 4173 2318 4212 mas
2349 4162 2405 4212 et
2454 4158 2571 4228 ipse
2599 4158 2705 4212 fuit
2736 4175 2886 4213 anno
2935 4158 3141 4215 Christi
3170 4158 3274 4216 3—73
3318 4166 3404 4219 vel
3434 4166 3553 4228 374,
3599 4168 3648 4215 et
3672 4170 3797 4226 aquo

2206 4228 2548 4300 probabilius
2577 4230 2844 4283 Marcella
2882 4231 3003 4300 ipsa
3046 4253 3069 4282 ‹‹
3113 4235 3588 4289 monasteriorum
3616 4234 3663 4285 in
3690 4231 3800 4283 The-

2207 4300 2392 4373 baide,
2414 4301 2724 4363 Pachumii,
2750 4305 2805 4373 et
2827 4301 3109 4373 virginum
3125 4321 3191 4359 ac
3204 4306 3503 4360 viduarum
3526 4303 3699 4359 didicit
3714 4300 3796 4373 dis-

2206 4371 2501 4447 cipiinam,
2522 4390 2581 4447 _»r
2609 4376 2668 4447 ut
2698 4369 3073 4447 Hieronymus
3100 4376 3218 4445 ipse
3248 4378 3587 4447 supracitata
3607 4377 3669 4428 ad
3684 4369 3798 4447 Prili-

2207 4442 2414 4511 cipiam
2446 4442 2707 4512 epistola,
2734 4442 2980 4512 num.75,
3026 4450 3083 4499 et
3122 4442 3425 4503 V'allarsius
3451 4449 3505 4502 in
3551 4442 3797 4501 notationi-

2211 4514 2341 4586 bus.
2364 4515 2437 4586 At
2462 4530 2633 4586 quam
2671 4518 2841 4569 tenue
2874 4517 3169 4571 exordium
3202 4525 3337 4573 tunc
3376 4519 3567 4573 habuit
3599 4516 3796 4586 primum

2207 4583 2345 4637 illud
2359 4580 2641 4639 Marcellae
2656 4588 2977 4639 Romanum
2993 4590 3407 4644 monasterium
3421 4580 3795 4644 t‘emineisexml

2212 4656 2335 4711 Una
2347 4654 2561 4709 scilicet
2581 4655 2827 4711 etaltera
2846 4662 3067 4712 tantum
3084 4661 3357 4726 constitit,
3372 4662 3627 4715 Marcella
3637 4664 3797 4720 nempe

2208 4726 2399 4789 vidua,
2429 4731 2486 4779 et
2514 4726 2801 4800 Principia
2838 4729 3071 4800 virgine,
3108 4748 3235 4800 qua:
3272 4734 3625 4786 suburbanum
3651 4736 3795 4800 agrum

2209 4799 2653 4874 promonastcrio
2662 4797 2990 4874 habuerunt,
3010 4797 3065 4855 et
3077 4797 3170 4855 rus
3186 4808 3407 4859 electum
3420 4820 3519 4874 pro
3533 4797 3792 4874 solitudine,

2211 4873 2273 4922 ut
2302 4867 2681 4938 Hieronymus
2704 4870 2941 4935 ibidem,
2986 4888 3145 4926 num.
3177 4876 3229 4926 8.
3270 4867 3475 4929 Haruin
3497 4879 3672 4927 tamen
3694 4869 3794 4938 duil-

2210 4955 2338 4993 rum
2357 4936 2682 5009 exemplum
2701 4942 2870 4995 veluti
2884 4959 3073 4997 semen
3090 4944 3196 4998 t'uit
3210 4946 3663 5005 fecundissimum,
3684 4936 3794 4992 unde

2213 5010 2367 5085 brevi
2411 5012 2608 5085 Romae
2658 5018 2783 5066 orta
2811 5013 3094 5084 virginum
3126 5018 3492 5081 monasteria,
3535 5023 3685 5085 atque
3704 5012 3791 5085 huic

2212 5082 2525 5159 multarum
2560 5083 2846 5159 virginum
2874 5082 3125 5159 numero
3157 5093 3321 5142 aucta
3350 5104 3360 5143 :
3401 5110 3421 5137 ι
3465 5082 3792 5159 Multoque“?

2210 5152 2426 5229 vixistis
2444 5152 2719 5223 tempore,
2735 5156 2935 5229 subdit
2954 5158 3348 5229 Hieronymus,
3369 5164 3429 5213 ut
3448 5175 3510 5213 ex
3532 5152 3791 5211 imitatione

2211 5224 2400 5300 vestri,
2430 5226 2856 5300 conversatione
2882 5224 3193 5283 multarum
3214 5233 3583 5300 gauderemus
3603 5229 3789 5296 Romam

2213 5295 2433 5372 factam
2462 5296 2904 5372 Jerosolymam.
2939 5302 3143 5355 Crebra
3176 5295 3453 5372 virginum
3482 5295 3787 5372 monasteijmi

2210 5368 2627 5438 monachorum
2672 5370 3107 5425 innumerabilis
3149 5367 3486 5435 multitudo;
3528 5377 3583 5424 ut
3607 5381 3692 5438 pro
3714 5367 3789 5438 1ΐέ-

2210 5437 2441 5515 quentia
2454 5438 2823 5515 servientium
2842 5444 2971 5508 er,
2986 5444 3137 5515 quod
3153 5444 3308 5513 prius
3322 5432 3785 5515 ignouiiniéfuerah

2211 5513 2357 5586 esset
2389 5514 2585 5586 postea
2609 5512 2827 5586 gloria}.
2878 5534 2897 5586 μ
2944 5514 3103 5569 Brevi
3134 5512 3326 5586 igitur,
3345 5512 3412 5569 id
3437 5520 3518 5570 est
3537 5514 3650 5586 jam
3675 5512 3786 5586 ερεξίξ

2208 5580 2333 5659 τί12,
2368 5596 2479 5659 quo
2522 5580 2644 5635 haec
2685 5583 2987 5659 scribebat
3022 5580 3414 5659 Hieronymus,
3465 5580 3785 5659 obprimi)?

2212 5651 2575 5730 “levisve,
2601 5669 2667 5707 ea
2677 5654 2954 5730 Occidens
2976 5656 3173 5713 habuit
3193 5651 3250 5714 in
3268 5671 3545 5730 sacrarum
3564 5651 3784 5730 vii-gian

2215 5717 2473 5800 coitibus;
2502 5740 2627 5800 quas
2667 5724 2882 5800 Orienti
2933 5730 3180 5800 amplius
3219 5746 3333 5785 non
3361 5717 3785 5800 invideretfeiii‘

466 5786 756 5862 virginum
778 5786 997 5859 copiam
1023 5786 1821 5847 Bethlehem‘iticiinonasterii
1850 5786 2107 5849 hic'certe
2212 5786 2534 5868 praesertim
2555 5796 2773 5865 Romae,
2796 5786 3087 5860 abundare
3102 5806 3391 5876 caperent
3407 5798 3683 5875 virginibus
3693 5797 3784 5853 ωρο

3906 5880 3931 6071 l
