4056 6188
357 267 518 335 1108

1094 264 1161 335 ρ.
1201 267 1502 337 eaeam
1522 251 1973 336 ’διδακτήν

2086 264 2134 332 N
2169 269 2236 335 8.
2279 270 2630 342 ΜΟΕἹἊΜ.
2661 274 2930 341 -υΑΡ,
2961 270 3074 340 ῘΧ.

3611 267 3774 337 1106

353 404 684 490 currebant,
705 403 808 460 tua
831 400 1473 490 oscul'a'petentes,‘qme
1497 405 1810 490 sanctiores
1837 408 1896 459 et
1924 403 2010 461 di;
2037 409 2085 470 Α
2105 410 2254 490 cete:
2283 407 2526 490 libellus,
2559 414 2622 468 ut
2651 410 2870 490 lapsam
2909 408 3214 490 virginem,
3245 421 3466 464 necnon
3490 408 3549 490 et
3575 420 3767 490 cornu:

347 476 582 548 gniores
607 481 671 549 te
696 479 879 549 erant.
929 497 959 549 i
984 475 1064 533 En
1092 493 1219 548 qua;
1249 475 1412 533 nobis
1437 478 1712 549 praeclare
1729 477 1887 549 circa
1917 492 2007 531 se-

347 546 578 620 crarum
620 546 906 620 virginum
948 547 1006 620 in
1043 546 1215 604 sacris
1256 546 1472 606 aedibus
1520 548 1903 620 disciplinam,
1935 563 2002 602 ex

345 618 726 689 Aquileiensis
757 618 1021 674 Ecclesiae
1047 636 1228 686 more,
1262 622 1348 676 vel
1382 638 1526 676 unus
1571 621 1628 675 in
1667 618 1862 675 libello
1898 634 2000 673 suo

443 691 675 760 Lapsam
711 691 960 775 servavit
989 690 1214 747 Nicetes
1238 709 1251 758 ;
1279 709 1405 775 quae
1440 692 1901 775 fortassenne‘gue
1931 706 1998 775 ex

342 760 446 816 illo
489 777 744 832 unquam
787 761 1198 828 habuissemus,
1250 760 1356 818 nisi
1397 763 1620 819 occasio
1671 762 1747 815 illi
1777 760 1996 832 fuisset,

341 831 608 902 quamvis
639 834 894 902 profecto
925 833 1194 898 infausta,
1226 837 1496 890 eumdem
1523 832 1805 888 scribendi
1830 831 1996 887 libel-

341 903 487 976 lum,
516 919 627 976 quo
657 907 742 976 tot
772 905 1124 974 argumentis
1151 908 1544 976 undecumque
1565 903 1992 976 petitislapsam

340 974 506 1029 illam
537 975 818 1044 virginem
843 976 1186 1046 obiurgavit.

416 1047 699 1117 Praeterea
722 1063 790 1100 ex
822 1046 927 1100 hoc
948 1045 1148 1101 eodem
1173 1047 1362 1102 libello
1396 1063 1533 1102 cura
1565 1063 1789 1117 quoque
1813 1045 1992 1100 enitet

337 1115 496 1172 illius
541 1117 816 1186 temporis
855 1117 1249 1188 episcoporum
1272 1135 1408 1187 erga
1456 1115 1648 1173 sacras
1689 1115 1984 1188 virgines;

337 1204 464 1260 quae
493 1189 675 1258 posita
706 1193 830 1260 erat
855 1189 911 1242 in
939 1187 1243 1245 dilectione
1273 1190 1552 1260 spirituali
1584 1187 1796 1244 eisdem
1828 1187 1984 1243 exhi-

334 1258 481 1321 bita,
512 1261 658 1314 sicut
685 1259 862 1314 etiam
885 1259 940 1314 in
971 1258 1422 1316 commoniti—one
1449 1260 1799 1328 sanctaipsis
1819 1275 1984 1328 pecu-

333 1328 561 1402 liariter
585 1330 782 1385 habita
805 1348 818 1385 ε
841 1355 868 1380 ιι
905 1333 969 1386 Et
987 1337 1140 1388 certe
1180 1349 1294 1387 non
1319 1333 1492 1387 hebes
1519 1332 1670 1402 quod
1687 1333 1757 1384 de
1786 1334 1985 1402 nostra

335 1401 686 1474 negligentia
715 1402 1082 1474 conqueraris
1112 1423 1121 1434 ο
1147 1400 1551 1474 quodcumque
1571 1403 1723 1456 enim
1750 1403 1821 1456 ad
1857 1400 1983 1456 offi-

331 1471 490 1526 cium
515 1473 756 1541 pastoris
781 1474 1045 1541 pertinet,
1075 1479 1132 1528 et
1155 1471 1254 1529 tibi
1285 1479 1343 1530 et
1371 1471 1636 1529 omnibus
1668 1489 1779 1527 non
1813 1488 1983 1541 nega-

331 1545 459 1598 tum
482 1548 585 1598 est.
617 1543 852 1599 Dilectio
870 1545 1140 1614 spiritalis
1157 1545 1438 1610 adhibita,
1461 1543 1836 1601 commonitio
1855 1560 1984 1598 san-

329 1619 426 1669 cta
451 1631 564 1668 non
589 1614 792 1670 defuit.
818 1637 844 1664 »ι
883 1616 987 1680 Ita,
1011 1618 1194 1686 capite
1223 1618 1276 1681 7,
1309 1634 1470 1672 num.
1501 1619 1588 1671 28.
1623 1617 1783 1673 Talis
1817 1615 1977 1686 nimi-

328 1701 463 1740 rum
495 1689 622 1740 erat
641 1703 773 1740 cum
799 1687 972 1742 sacris
1001 1685 1310 1758 virginibus
1339 1688 1456 1743 suis
1489 1685 1861 1758 Aquileiensis
1894 1685 1980 1741 Ni-

2115 483 2338 555 ptorem
2363 481 2535 548 illius,
2552 500 2671 555 pro
2695 479 3036 555 gravissimi)
3067 479 3290 555 scelere
3302 483 3674 555 perpetrato.‘
3689 481 3762 537 ad

2112 549 2394 621 publicam
2411 549 2808 624 paenitentiam
2823 554 3108 622 agendam
3123 549 3383 622 impellat
3395 549 3566 624 atque
3587 549 3757 624 infer.

2112 627 2248 695 met.
2297 622 2457 688 Quod
2508 627 2694 695 primo
2743 626 2905 680 nobis
2939 625 3181 679 occurrit
3229 624 3283 678 in
3317 624 3424 695 hoc
3456 622 3662 695 Nicetes
3692 623 3758 679 li-

2110 693 2260 749 bello
2288 712 2458 766 super
2499 692 2902 767 pmnitential-i,
2949 695 3100 750 illius
3129 694 3413 767 temporis
3433 692 3752 767 discipline,

2107 780 2171 847 ea
2192 771 2269 847 est
2290 764 2485 847 prex-is
2500 764 2703 824 tumin
2733 767 3005 847 Orientali
3029 772 3149 847 tum
3175 766 3229 820 in
3250 764 3597 847 Occidentali
3617 769 3755 847 tunc

2107 836 2350 910 Ecclesia
2369 839 2580 910 vigens,
2605 857 2717 910 qua
2739 840 2927 910 majus
2949 837 3219 892 nimirum
3239 844 3292 910 et
3309 836 3560 907 gravius,
3583 840 3752 905 atque

2101 907 2235 982 hinc
2258 899 2460 978 majoFi
2490 899 2664 966 etiam
2699 899 3030 982 poenitentia
3052 899 3429 982 expiandum,
3453 899 3747 982 peccatum

2105 977 2711 1050 eliquodhabcbaturf
2737 983 2884 1052 quod
2919 977 3148 1051 peracta
3176 978 3544 1052 inquisitione
3585 977 3748 1052 inno-

2100 1049 2358 1117 tesCeret,
2391 1070 2565 1123 quam
2591 1055 2634 1107 si
2663 1049 2801 1107 illud
2827 1049 2974 1107 ultro
3003 1049 3267 1121 peccator
3294 1049 3588 1104 confessus
3611 1049 3748 1123 fuis-

2096 1126 2201 1177 set.
2237 1124 2317 1177 l'ta
2368 1120 2663 1194 propterea
2693 1126 2767 1180 ad
2806 1120 3028 1192 lapsam
3060 1123 3531 1194 virginem_._quze
3563 1120 3744 1194 scelus

2095 1209 2260 1248 suum
2282 1191 2814 1253 celaretentaverat.
2841 1191 3104 1266 quodque
3125 1191 3351 1266 nonnisi
3374 1191 3742 1266 inquisitione

2096 1271 2323 1332 peracta
2345 1272 2700 1329 compertum
2729 1263 3213 1335 fuit—loquebatur
3233 1263 3472 1325 Nicetes,
3488 1263 3735 1333 capites,

2087 1350 2253 1407 num.
2279 1337 2377 1391 37:
2405 1338 2671 1392 «Grandi
2701 1338 2879 1407 plaga:
2901 1338 3020 1391 alta
3036 1341 3092 1390 et
3113 1335 3331 1405 prolixa
3350 1351 3491 1403 opus
3508 1338 3594 1388 est
3615 1350 3735 1407 me-

2093 1405 2282 1460 dicina
2318 1423 2329 1461 :
2362 1410 2580 1476 grande
2617 1405 2810 1464 scelus
2828 1409 3108 1476 grandem
3150 1407 3323 1460 habet
3352 1405 3734 1476 necessariam

2091 1475 2562 1534 satisfactionem.
2599 1483 2738 1536 Nam
2765 1475 2876 1534 non
2901 1484 2987 1535 est
3016 1478 3250 1532 dubium
3282 1475 3461 1531 levius
3477 1492 3605 1530 esse
3629 1476 3736 1530 cri-

2089 1563 2244 1611 men,
2278 1550 2370 1604 ubi
2401 1556 2692 1620 peccatum
2732 1568 2898 1606 suum
2929 1550 3078 1604 ultro
3119 1549 3294 1620 homo
3327 1547 3650 1620 confitetur,
3678 1550 3737 1601 et

2045 1654 2060 1660 υ
2091 1624 2328 1688 panitet
2361 1639 2372 1675 :
2403 1617 2461 1676 at
2488 1623 2580 1677 ubi
2607 1623 2728 1678 cela
2759 1622 2918 1676 male
2957 1637 3080 1682 sua,
3109 1619 3324 1676 invitus
3350 1617 3652 1687 detegitur.
3676 1622 3734 1671 et

2091 1687 2288 1764 nolens
2313 1693 2666 1764 publicator;
2689 1692 2832 1749 illud
2860 1693 3087 1760 gravius
3115 1689 3298 1764 scelus
3313 1694 3418 1764 est.
3437 1687 3732 1764 _Quod_t_ibi

328 1761 509 1833 getes.
537 1758 858 1833 enjgsmodi
887 1764 1020 1812 ante
1043 1759 1201 1833 illum
1234 1759 1462 1833 fuerant
1478 1775 1615 1829 erga
1642 1760 1872 1813 easdem
1897 1773 1980 1811 ce-
2011 1775 2056 1833 Β
2089 1761 2283 1833 utique
2310 1758 2634 1832 provenisse
2653 1758 3015 1833 'negare'non
3049 1761 3287 1833 poteris.
3312 1761 3525 1833 Elideo
3549 1761 3730 1833 2‘59

328 1826 880 1912 [ebriores'Eccleslaa
903 1831 1193 1912 pressules,
1215 1831 1528 1912 qualesque
1542 1826 1736 1912 postea
1755 1844 1982 1910 semper
2013 1826 2053 1898 ἦ
2092 1826 2296 1912 fortius
2312 1826 2628 1912 dolendum
2651 1826 2817 1905 ;quia
2842 1826 3136 1912 peccatum
3159 1837 3244 1887 est
3271 1831 3488 1886 fortius.
3515 1826 3731 1912 apisci-

330 1898 566 1972 fuerunt
593 1898 934 1971 quicumque
958 1902 1016 1956 in
1048 1898 1356 1972 virginibus
1386 1898 1560 1957 sacris
1591 1901 1849 1956 Ecclesiae
1889 1917 1980 1954 ca-

327 1969 561 2026 tholica;
586 1969 775 2037 decus,
801 1969 1365 2044 angelorum'socias,
1393 1972 1712 2042 Christique
1741 1988 1978 2042 sponsas

324 2046 718 2112 respexerunt.
753 2066 779 2092 ‹‹
831 2043 991 2100 Nunc
1037 2044 1198 2100 nobis
1227 2045 1300 2098 ad
1349 2044 1600 2112 virgines
1628 2060 1820 2098 sermo
1843 2046 1930 2097 est
1961 2059 1974 2107 ;

327 2130 574 2188 gnarum
591 2114 1027 2188 quosublimior
1045 2116 1225 2188 gloria
1248 2120 1354 2178 est,
1377 2116 1566 2186 major
1585 2119 1636 2170 et
1661 2131 1796 2188 cura
1818 2119 1920 2188 est.
1952 2137 1976 2162 η

327 2185 411 2238 Ita
437 2189 668 2239 sanctus
704 2185 1019 2255 Cyprianus
1052 2185 1388 2242 sermonem
1420 2185 1586 2241 suum
1616 2187 1688 2241 ad
1733 2185 1980 2254 virgines

326 2255 661 2328 inchoabat,
693 2261 752 2310 et
771 2273 968 2312 curam
1001 2275 1163 2312 suam
1197 2260 1544 2328 praecipuam
1567 2274 1696 2328 erga
1735 2256 1861 2310 illas
1901 2261 1973 2310 te-

325 2327 616 2399 stabatur,
641 2326 698 2381 in
723 2329 990 2397 peculiari
1010 2326 1384 2399 libello’quem'
1411 2326 1655 2398 scripsit,
1679 2330 1750 2382 de
1773 2327 1978 2382 Habitu

326 2398 510 2469 258
543 2398 836 2470 Virginum
864 2417 875 2453 :
911 2421 940 2450 α
991 2401 1196 2455 Audite
1230 2398 1320 2456 me
1362 2399 1577 2470 itaque,
1621 2399 1886 2470 virgines.
1920 2403 1982 2454 ut

323 2469 658 2539 parentem,
692 2469 910 2534 audite,
956 2487 1145 2541 quaeso
1177 2488 1292 2536 vos,
1327 2469 1628 2528 timentem
1674 2469 1886 2540 pariter
1916 2487 1982 2524 ac

325 2545 682 2604 monentem,
731 2542 924 2596 audite
967 2542 1306 2597 utilitatibus
1348 2547 1406 2597 et
1441 2542 1761 2598 commodis
1784 2541 1981 2596 vestris

322 2611 572 2684 ﬁdeliter
612 2613 1028 2684 consulentem.
1071 2635 1098 2662 »
1147 2615 1225 2670 En
1271 2615 1561 2684 quomodo
1604 2613 1809 2668 ibidem
1861 2614 1981 2681 ipse

325 2698 462 2753 erga
492 2683 740 2753 virgines
764 2701 898 2739 suas
918 2689 976 2739 et
1000 2683 1346 2741 dilectionem
1381 2686 1693 2740 spiritalem
1726 2685 1980 2738 ostende-

324 2752 444 2826 bat,
487 2758 545 2808 et
583 2752 1067 2812 Commonitionem
1102 2764 1351 2810 sanctam
1398 2755 1832 2826 impertiebatur
1907 2757 1980 2810 De

322 2823 456 2878 divo
481 2826 806 2898 Ambrosio,
838 2827 996 2897 cujus
1021 2843 1173 2898 saepe
1197 2826 1286 2880 hic
1314 2823 1497 2881 sensa’
1511 2825 1829 2890 retulimus,
1865 2842 1978 2880 non

323 2899 412 2948 est
442 2895 577 2964 quid
607 2895 924 2962 addamus;
949 2915 1070 2953 cum
1102 2895 1533 2953 constetlibros
1565 2914 1716 2963 suos,
1741 2913 1883 2966 quos
1908 2898 1979 2951 de

321 2972 668 3039 argumento
700 2969 1042 3039 virginitatis
1072 2968 1264 3032 habet,
1291 2968 1571 3023 coaluisse
1610 2985 1675 3022 ex
1703 2968 1979 3022 sermoni—

317 3036 430 3091 bus
448 3053 590 3110 quos
603 3038 771 3110 dixit,
795 3036 891 3094 seu
917 3057 1046 3094 cum
1071 3041 1144 3094 ad
1165 3040 1626 3110 amplectendam
1650 3039 1975 3110 colendam-

2089 1903 2303 1974 plinam
2338 1906 2484 1960 hanc
2527 1901 2776 1961 veterem
2823 1901 3012 1960 multis
3052 1905 3122 1957 de
3153 1918 3312 1957 more
3335 1919 3441 1955 suo
3471 1901 3734 1974 adductis

2087 1972 2208 2029 tum
2227 1976 2560 2033 Graecorum
2590 1986 2711 2031 tum
2741 1977 3074 2031 Latinorum
3105 1976 3335 2029 Patrum
3366 1972 3733 2039 testimoniis,

2089 2061 2308 2101 necnon
2337 2049 2530 2102 ethoc
2576 2048 2696 2115 ipso
2744 2047 2949 2103 Nicetes
2980 2046 3161 2101 nostri
3200 2045 3373 2114 (quod
3417 2044 3510 2099 ille
3535 2043 3729 2099 existi-

2088 2119 2286 2202 mabat
2305 2119 2630 2202 Ambrosii),
2659 2120 2874 2202 probet.
2901 2117 3352 2202 atquen'illustrat
3372 2115 3642 2202 Marinus
3671 2115 3728 2170 in

2087 2205 2189 2243 suo
2217 2186 2642 2246 Commentario
2662 2186 2946 2245 Historim
2975 2189 3044 2244 de
3066 2186 3733 2256 Sacramento-pmniten-

2090 2259 2184 2315 tite
2209 2260 2350 2315 libro
2384 2278 2435 2324 ιι,
2471 2261 2654 2330 capite
2679 2263 2732 2315 6.
2767 2261 2951 2315 Unum
2987 2258 3199 2314 nosvhic
3224 2258 3518 2330 efferimus
3533 2259 3742 2313 confir-

2093 2331 2359 2386 mntionis
2387 2329 2596 2402 gratia,
2625 2337 2682 2387 et
2711 2349 2812 2401 pro
2846 2330 2920 2386 rei
2947 2332 3166 2402 deique
3188 2329 3412 2402 agimus
3431 2329 3745 2402 affinitate.

2091 2400 2473 2472 Augustinum
2493 2403 2548 2457 in
2569 2400 2743 2474 supra
2759 2403 2933 2458 citata
2947 2401 3197 2471 epistola
3216 2401 3275 2474 Ἠ
3291 2403 3312 2454 1
3327 2441 3340 2463 ,
3353 2417 3472 2474 qua
3495 2400 3746 2474 virgines

2092 2471 2424 2528 monasterii
2455 2474 2538 2528 sui
2561 2471 2924 2534 instituebat,
2947 2472 3306 2542 etquomodo
3321 2471 3494 2542 etiam
3513 2471 3746 2538 punien-

2089 2545 2178 2597 dae
2205 2560 2399 2598 earum
2423 2550 2623 2599 essent
2643 2547 2822 2615 culpae
2842 2541 3082 2598 docebat
3099 2557 3223 2615 qua:
3240 2541 3520 2615 virginale
3546 2559 3748 2615 propo-

2091 2615 2262 2668 situm
2301 2615 2587 2670 laederent.
2631 2639 2657 2666 «
2699 2613 3106 2684 Qilmcumque,
3153 2613 3337 2683 inquit
3370 2629 3528 2684 num.
3565 2613 3653 2684 ll,
3686 2615 3744 2666 in

2089 2689 2312 2740 tantum
2348 2703 2647 2756 progressa
2677 2687 2846 2741 fuerit
2874 2683 3097 2749 malum,
3122 2689 3184 2739 ut
3214 2684 3436 2756 occulte
3448 2683 3528 2756 ab
3549 2683 3742 2756 aliquo

2089 2756 2308 2828 litteras
2337 2753 2419 2811 vel
2452 2753 2706 2828 qualibet
2731 2756 3068 2812 munuscula
3091 2755 3334 2824 accipiat
3357 2771 3375 2828 ἓ
3396 2754 3440 2828 si
3459 2753 3567 2808 hoc
3593 2754 3742 2828 ultro

2090 2827 2409 2890 conﬁtetur,
2436 2825 2703 2897 parcatur
2721 2829 2803 2884 illi
2825 2833 2883 2882 et
2902 2832 3096 2882 oretur
3119 2843 3218 2895 pro
3240 2843 3326 2880 ea.
3355 2825 3410 2880 Si
3435 2828 3632 2897 autem
3648 2825 3744 2879 de-

2091 2896 2461 2967 prehenditur
2488 2904 2658 2969 atque
2690 2899 3063 2960 convincitur,
3095 2898 3406 2952 secundum
3431 2896 3737 2969 arbitrium

2089 2966 2411 3039 prmpositm
2431 2971 2515 3025 vel
2551 2966 2881 3040 presbyteri,
2906 2970 2989 3024 vel
3014 2968 3189 3024 etiam
3215 2967 3483 3038 episcopi,
3511 2966 3741 3036 gravius

2087 3041 2442 3096 emendetur.
2476 3064 2502 3091 η
2538 3043 2623 3099 En
2657 3042 2828 3112 igitur
2855 3041 3085 3112 gravius
3107 3040 3306 3112 'reipSa
3331 3041 3743 3112 peccetum_._et

321 3107 860 3182 quovirginitatem
903 3107 1279 3182 hortabatur,
1305 3128 1399 3166 seu
1449 3127 1578 3165 cum
1619 3111 1704 3182 ad
1731 3109 1976 3179 virgines
2006 3116 2049 3174 C
2089 3112 2294 3182 majori
2319 3112 2493 3166 etiam
2532 3107 3034 3168 animadver'sione
3061 3107 3574 3169 mulctandum,ex
3617 3109 3740 3163 illo-

317 3177 705 3234 instituendas
753 3181 1208 3252 erudiendasque
1245 3177 1559 3237 accederet.
1603 3177 1973 3252 Qurisgautem

319 3251 544 3304 nesciat
571 3255 834 3322 sanctum
861 3251 1241 3322 Augustinum
1269 3252 1326 3307 in
1353 3251 1698 3322 Hipponensi
1728 3251 1974 3308 Ecclesia

315 3325 656 3394 suagcmtum
678 3321 962 3392 virginum
991 3323 1304 3393 collegisse.
1336 3323 1678 3394 optimisque
1699 3322 1973 3378 institutis

318 3392 638 3464 ordinasse,
663 3393 767 3448 sub
791 3395 1099 3464 praeposita
1139 3392 1334 3450 sorore
1364 3392 1486 3459 sua,
1517 3392 1736 3450 necnon
1760 3411 1973 3464 praepo-

313 3461 431 3516 sito
455 3479 679 3535 quoque
709 3461 1037 3535 presbytero
1062 3465 1155 3535 qui
1181 3466 1408 3520 illarum
1431 3482 1629 3520 curam
1653 3461 1969 3535 spiritalem

314 3534 590 3603 gereret?
639 3535 736 3590 His
785 3534 902 3605 ipse
933 3541 990 3590 et
1033 3534 1374 3591 dilectionem
1417 3541 1570 3591 certe
1613 3534 1884 3592 exhibuit.
1916 3540 1972 3590 ct

315 3605 556 3676 prtebuit
583 3607 1057 3661 commonitionem
1089 3624 1101 3662 :
1135 3613 1192 3662 et
1221 3611 1404 3663 exstat
1425 3608 1575 3661 illius
1605 3607 1845 3676 epistola
1866 3607 1964 3662 211

314 3675 461 3748 alias
483 3676 677 3748 citata,
695 3695 821 3747 qua:
840 3677 1237 3733 sollicitudinis
1263 3695 1376 3732 sua:
1402 3694 1538 3748 erga
1557 3675 1787 3731 easdem
1811 3677 1970 3732 testis

313 3746 764 3820 locupletissima
783 3753 885 3813 est,
911 3765 1152 3820 quaeque
1174 3751 1245 3803 ad
1259 3746 1657 3820 informandos
1677 3765 1966 3820 sacrarum

313 3817 604 3888 virginum
633 3823 808 3874 coetus
839 3817 1146 3890 semper'in
1178 3820 1424 3874 Ecclesia
1454 3819 1648 3890 habita
1673 3818 1969 3890 fuvitveluti

312 3905 523 3944 norma
553 3889 982 3946 absolutissima
1012 3891 1346 3946 monasticae
1379 3889 1762 3960 perfectionis.

385 3961 599 4015 Asserit
627 3962 860 4016 demum
885 3963 1109 4018 Nicetes
1139 3959 1558 4024 ibidem,’num.
1591 3961 1680 4019 29,
1711 3976 1770 4014 se
1810 3959 1971 4027 Hym-

308 4047 450 4103 num
464 4031 639 4085 etiam
663 4033 1002 4103 virginitatis
1029 4033 1354 4103 exposuisse
1373 4030 1684 4102 virginibus
1701 4030 1838 4103 suis,
1868 4047 1970 4100 quo

307 4109 360 4155 et
390 4102 625 4171 gloriam
646 4102 927 4172 propositi,
958 4109 1008 4158 et
1033 4102 1432 4159 observantiam
1463 4103 1672 4164 pariter
1696 4102 1964 4158 decanta-

306 4181 456 4226 rent.
483 4174 760 4229 Homilies
795 4175 1038 4230 fortasse
1060 4175 1282 4229 Nicetes
1305 4174 1394 4228 hic
1416 4173 1736 4243 significare
1764 4173 1962 4239 voluit,

306 4259 342 4296 a
374 4260 435 4298 se
462 4244 688 4299 habitas
719 4247 791 4299 ad
813 4246 1061 4316 virgines
1081 4262 1275 4300 sacras
1301 4262 1471 4314 super
1495 4245 1687 4314 aliquo
1717 4243 1958 4316 psalmo,

307 4331 375 4368 ac
411 4315 780 4382 probabiliter
827 4314 996 4386 super
1035 4317 1257 4386 psalmo
1306 4333 1455 4378 χιιι,
1485 4316 1579 4385 qui
1612 4333 1646 4369 a
1684 4314 1960 4369 versiculo

305 4386 531 4440 decimo
559 4403 734 4456 usque
763 4389 834 4440 ad
875 4388 1164 4445 ultimum.
1188 4392 1251 4441 ut
1282 4391 1482 4441 notant
1515 4387 1690 4441 etiam
1722 4386 1956 4440 Maurini

305 4441 818 4512 Ambrosianorum
861 4441 1094 4527 operum
1129 4441 1377 4513 editores
1416 4458 1489 4511 ad
1546 4457 1694 4511 hunc
1743 4457 1954 4523 locum,
1985 4441 2032 4504 .D

305 4527 492 4580 multa
509 4527 766 4583 continet
787 4546 908 4598 qua:
925 4531 996 4584 ad
1017 4530 1255 4599 gloriam
1281 4529 1587 4598 pertinent,
1611 4534 1667 4582 et
1689 4530 1759 4581 ad
1779 4528 1953 4583 obser-

308 4602 564 4670 vantiam,
586 4599 873 4670 virginalis
897 4601 1163 4670 propositi
1192 4617 1205 4664 ;
1231 4603 1290 4653 ut
1307 4600 1412 4654 hac
1433 4599 1673 4669 spiritali
1695 4600 1954 4669 ejusdem

305 4669 512 4738 psalmi
554 4669 933 4741 intelligentia
965 4671 1168 4726 illectaa
1199 4671 1446 4741 virgines
1476 4671 1728 4726 eumdem
1771 4670 1956 4726 lmtius

304 4756 373 4792 ac
412 4740 640 4794 suavius
678 4742 735 4795 in
767 4743 882 4796 suis
921 4740 1310 4812 spiritualibus
1337 4741 1837 4797 exercitationibus
1875 4743 1957 4794 de-

301 4818 610 4882 cantarent.
644 4813 791 4869 Cum
827 4829 956 4868 vero
983 4813 1123 4867 nihil
1151 4813 1240 4867 hic
1265 4816 1334 4868 dc
1365 4815 1691 4882 presbytero
1717 4818 1816 4866 aut
1845 4813 1956 4867 alio

303 4881 784 4965 ex‘ecclesiastico.
803 4889 952 4939 coetu
983 4889 1282 4965 appareat,
1301 4881 1394 4954 qui
1415 4884 1766 4965 monasterio
1792 4884 1956 4965 virgi-

302 4952 420 5025 nali
444 4953 784 5022 Aquileiensi
807 4952 1096 5025 praeesset,
1127 4960 1293 5024 prout
1313 4952 1468 5018 apud
1495 4952 1959 5025 Augustinumin

302 5024 648 5096 Hipponensi
670 5043 772 5080 suo
797 5024 818 5091 ;'
836 5026 1117 5096 reliquum
1169 5031 1252 5081 est
1289 5029 1350 5080 ut
1370 5026 1439 5080 ad
1461 5024 1672 5079 Nicelaa
1689 5025 1958 5079 meritum

303 5095 435 5165 conj
448 5094 705 5159 iciamus,
729 5094 998 5152 eumdem
1017 5097 1118 5151 sibi
1152 5097 1298 5168 hanc
1317 5101 1575 5168 spartam
1602 5096 1962 5168 peculiariter

305 5182 650 5238 reversasse,
683 5169 930 5238 prepriis
965 5169 1178 5223 scilicet
1222 5167 1391 5222 veluti
1427 5167 1690 5238 manibus
1737 5167 1957 5238 colendi

304 5237 698 5311 irrigandique
717 5237 989 5308 spiritalis
1010 5240 1180 5311 hujus
1195 5238 1440 5311 viridarii
1454 5237 1777 5311 sanctitatis
1789 5243 1960 5311 atque

306 5308 578 5379 pudoris;
612 5312 762 5380 quod
804 5311 977 5365 etiam
1011 5308 1364 5380 ex'pluribus
1410 5309 1630 5363 dicendi
1677 5309 1863 5364 modis
1903 5309 1956 5362 in

303 5383 428 5432 toto
453 5381 724 5449 opusculo
752 5381 1038 5451 usurpatis
1061 5398 1173 5435 non
1207 5382 1382 5435 invite
1413 5379 1752 5447 colligimus.
1779 5382 1960 5450 Atque

303 5452 586 5522 hactenus
616 5452 684 5506 de
712 5452 897 5521 quinti
946 5453 1136 5508 seaculi
1186 5454 1336 5522 apud
1372 5451 1758 5522 Aquileienses
1797 5451 1961 5505 disci-

305 5521 488 5593 plina,
518 5538 645 5590 qua!
681 5540 873 5578 sacras
904 5523 1150 5593 virgines
1177 5521 1425 5592 respicit.

382 5593 464 5646 Ad
496 5593 652 5648 aliud
694 5611 845 5648 nunc
871 5592 1185 5664 disciplinae
1211 5611 1388 5664 genus
1414 5592 1863 5664 Nicetmlibellus
1885 5592 1965 5646 nd

308 5665 543 5719 Lausum
579 5681 682 5718 nos
728 5666 872 5720 accit
905 5685 917 5729 ;
955 5667 1028 5720 ad
1055 5682 1178 5720 eam
1208 5663 1470 5719 videlicet
1513 5663 1746 5733 publica:
1787 5663 1962 5732 pmni-

311 5735 508 5807 tentias
528 5736 812 5791 rationem
837 5755 964 5807 qum
985 5741 1120 5790 tunc
1141 5736 1436 5807 obtinebat
1452 5735 1524 5788 ob
1550 5738 1797 5803 peccata,
1825 5752 1965 5807 prae-

312 5806 515 5872 sertim
547 5807 790 5882 publica,
818 5805 1122 5882 graviora:
1155 5823 1224 5863 eo
1253 5806 1406 5875 enim
1439 5810 1592 5862 totus
1620 5809 1840 5877 spectat
1869 5805 1964 5861 Ni-

2083 3181 2210 3237 rum
2252 3189 2576 3253 temporum
2624 3183 2804 3254 p'raxi,
2851 3183 3003 3254 quod
3037 3182 3207 3238 veluti
3259 3181 3436 3234 invito
3461 3185 3739 3254 peccante

2084 3251 2915 3326 deprehendebatu1°,quam~si
2952 3255 3154 3309 eodem
3201 3255 3404 3324 sponte
3448 3251 3738 3321 aperiente

2083 3325 2481 3380 innotesceret.

2155 3397 2318 3452 Patet
2338 3396 2570 3467 insuper
2594 3414 2657 3452 ex
2692 3397 2799 3451 hac
2820 3395 3140 3467 disciplina,
3176 3393 3349 3448 fuisse
3378 3397 3516 3467 tunc
3544 3392 3737 3467 aliqua

2081 3473 2243 3522 etiam
2267 3463 2752 3536 occultcipeccata,
2775 3485 2903 3537 quae
2929 3463 3153 3535 publica
3171 3468 3361 3537 essent
3376 3463 3734 3537 confessione

2080 3539 2404 3608 pandenda,
2427 3541 2494 3593 ad
2507 3534 2805 3608 publicum
2817 3534 3538 3608 subeundumpmnitentiie
3552 3549 3734 3608 reme-

2081 3603 2258 3670 dium,
2303 3615 2470 3678 prout,
2501 3603 2636 3663 illud
2675 3610 2860 3662 fuerat
2898 3607 3138 3677 virginis
3181 3603 3540 3678 lapsaaLapud
3576 3603 3732 3678 Nicee

2079 3683 2221 3741 tam,
2255 3674 2314 3733 et
2335 3686 2498 3747 prout
2533 3680 2668 3732 illud
2696 3679 2891 3732 fuisset
2919 3674 3124 3746 de'q‘uo
3151 3674 3498 3747 Augustinus
3532 3694 3544 3732 :
3575 3677 3732 3742 patet

2079 3766 2302 3818 quoque
2329 3745 2756 3818 inquisitionem
2778 3754 2912 3801 tunc
2931 3747 3174 3817 viguisse
3196 3745 3726 3818 inChristianorum

2081 3816 2368 3880 moras,ad
2383 3816 2515 3874 eoru
2527 3837 2578 3872 m
2597 3820 2850 3874 maculas
2864 3816 3178 3888 investigat)
3189 3819 3371 3880 das;et
3385 3816 3725 3872 delationem

2080 3891 2152 3944 ad
2183 3890 2444 3945 Ecclesiae
2475 3891 2758 3957 prmsules.
2785 3895 2845 3942 ut
2862 3889 3032 3944 iidem
3054 3906 3152 3953 pro
3170 3906 3271 3944 sua
3295 3888 3633 3944 auctoritate
3662 3905 3727 3943 ac

2079 3961 2381 4084 prudentia
2435 3965 2861 4028 cognoscerent,
2914 3960 3287 4028 corrigerent,
3332 3959 3715 4014 vindicarent.

2123 4033 2364 4084 nudatus
2394 4033 2644 4084 Morinus
2667 4048 2785 4084 rem
2815 4031 3226 4084 hancillustrat
3255 4030 3312 4083 in
3331 4046 3500 4084 onere
3529 4045 3715 4084 supra-

2123 4033 2364 4087 audatus
2394 4033 2644 4086 Morinus
2667 4048 2785 4086 rem
2815 4031 3226 4084 hancillustrat
3255 4030 3312 4083 in
3331 4046 3500 4093 opere
3529 4045 3725 4096 supra-

2075 4102 2267 4167 citato,
2291 4120 2507 4156 necnon
2521 4101 2862 4156 Jueninusin
2879 4118 2980 4155 suo
2995 4099 3424 4154 Commentario
3446 4097 3722 4153 Historico

2075 4177 2130 4228 et
2152 4174 2486 4244 Dogmatico
2507 4177 2575 4226 dc
2592 4174 2760 4226 Sacra
2771 4172 2999 4232 mentis,
3014 4171 3413 4244 dissertatione
3432 4169 3484 4226 6.
3509 4170 3720 4244 deng-

2074 4242 2335 4308 nitentia,
2368 4245 2683 4314 qmrst'ione
2711 4245 2764 4302 5,
2799 4244 2868 4297 de
2894 4242 3285 4300 ConfessiOne.
3333 4246 3389 4314 et
3408 4242 3719 4314 quaestione

2070 4317 2122 4368 6.
2151 4316 2218 4370 de
2242 4312 2644 4394 Satisfactioue
2671 4334 2683 4372 :
2709 4315 2947 4394 aliisque
2970 4319 3095 4394 post
3120 4330 3238 4394 eos,
3267 4313 3487 4394 quibus,
3513 4316 3576 4366 ut
3599 4312 3718 4381 opi-

2070 4402 2296 4444 namur.
2320 4404 2432 4440 non
2462 4387 2597 4441 satis
2620 4383 2983 4455 feceruntqui
3005 4386 3058 4440 in
3087 4383 3436 4438 contrariam
3460 4383 3575 4455 iere
3593 4399 3719 4438 sen-

2070 4457 2329 4512 tentiam.
2369 4461 2445 4513 Ex
2469 4463 2590 4512 tota
2612 4458 2717 4511 hac
2738 4457 2910 4510 veteri
2939 4456 3260 4526 disciplina,
3281 4471 3409 4524 quae
3437 4454 3715 4526 paula-tim

2065 4546 2194 4582 cum
2229 4529 2576 4597 pmnitentim
2608 4528 2807 4583 ordine
2832 4529 2886 4582 in
2922 4525 3151 4582 Oriente
3184 4528 3453 4596 primum.
3498 4525 3714 4597 deinin

2066 4596 2368 4656 Occidente
2398 4600 2654 4668 descivit,
2675 4616 2808 4662 una,
2843 4605 3118 4670 quantum
3154 4599 3226 4653 ad
3256 4598 3604 4668 episcopum.
3634 4596 3718 4651 in-

2065 4670 2294 4740 quisitio
2319 4673 2502 4726 adhuc
2533 4672 2680 4742 viget
2707 4671 2763 4724 in
2790 4671 3243 4726 Christianorum
3277 4687 3486 4742 mores,
3505 4685 3614 4742 pro
3649 4685 3714 4722 eo

2066 4739 2370 4812 pastoralis
2390 4743 2557 4796 officii
2584 4739 2841 4804 munere,
2859 4759 2970 4812 quo
2989 4742 3219 4812 credita:
3243 4741 3348 4794 sibi
3368 4739 3716 4812 plebistene-

2068 4809 2548 4888 turincolumitati
2576 4809 2916 4888 prospicere,
2941 4811 3367 4888 e_t_sin_gu_lorum
3392 4809 3560 4888 saluti
3590 4824 3713 4888 pro-

2067 4885 2281 4942 videre.
2312 4891 2373 4940 ut.
2391 4879 2793 4956 prtesertim'ex
2817 4882 3131 4937 Pontificali
3158 4880 3496 4956 Romano_in
3509 4879 3716 4956 ordine

2069 4956 2142 5009 ad
2169 4949 2479 5011 visilandes
2507 4955 2804 5025 parochias
2838 4971 2849 5006 :
2888 4957 3167 5022 quantum
3188 4967 3332 5025 vero
3363 4951 3437 5003 ad
3471 4949 3716 5025 plebem,

2070 5044 2170 5096 pro
2198 5045 2263 5081 eo
2291 5019 2585 5082 Charite-tis
2629 5019 2920 5096 praecepto
2941 5040 3051 5092 quo
3095 5024 3382 5096 unicuiqne
3425 5019 3720 5096 mandqpit

2071 5090 2214 5150 Deus-
2246 5098 2312 5152 de
2331 5101 2583 5166 proximo
2603 5090 2724 5157 suo,
2752 5090 2903 5163 viget
2922 5090 3066 5166 onus
3087 5091 3381 5166 deferendi
3407 5107 3504 5144 seu
3525 5091 3596 5144 ad
3620 5090 3722 5144 Ec-

2069 5169 2254 5222 clesiae
2282 5162 2567 5236 praesules.
2591 5183 2686 5221 seu
2722 5166 2792 5219 ad
2818 5162 3053 5219 secundi
3081 5162 3297 5217 ordinis
3320 5165 3722 5236 pastorestpro

2071 5255 2262 5292 rerum
2284 5231 2586 5306 gravitate.
2612 5237 2970 5294 Christianos
2990 5252 3104 5294 eos.
3133 5249 3231 5288 seu
3254 5233 3350 5302 qui
3372 5236 3572 5306 contra
3591 5231 3724 5286 ﬁdei

2072 5303 2457 5376 integritatem
2509 5308 2724 5378 aliquid
2765 5307 3169 5378 obloqnantur,
3209 5321 3308 5378 seu
3348 5303 3446 5374 qui
3497 5318 3724 5357 morum

2072 5379 2348 5448 pravitate.
2376 5375 2757 5434 Christianam
2789 5379 3005 5432 laadant
3036 5375 3474 5448 professionem.

2144 5450 2252 5502 Sed
2283 5451 2415 5520 quid
2446 5467 2596 5504 nunc
2617 5451 2685 5503 de
2720 5448 2984 5518 peculiari
3016 5451 3246 5520 peccato
3277 5446 3509 5517 virginis
3530 5461 3727 5520 sacrm,

2072 5538 2199 5590 quae
2232 5517 2520 5576 se'violari
2555 5517 2876 5576 clanculum
2907 5519 3376 5590 permisisset,gac
3408 5523 3603 5590 postea
3637 5517 3734 5571 de-

2073 5589 2222 5647 tecta
2241 5599 2390 5647 esset
2411 5593 2588 5647 invite
2610 5593 2637 5646 ‘2
2661 5591 2794 5661 quid
2823 5591 2891 5646 de
2915 5590 3251 5660 pmnitentie
3285 5589 3414 5645 huic
3443 5589 3732 5661 expiando

2077 5669 2306 5734 peccato
2325 5665 2514 5719 debita
2529 5663 2557 5718 7
2574 5663 2878 5732 Distinguit
2904 5662 3129 5718 Nicetes
3152 5661 3300 5734 inter
3326 5661 3619 5731 Virginem
3642 5676 3733 5713 sa-

2077 5732 2258 5812 cram,
2277 5753 2404 5812 quae
2428 5741 2554 5806 post
2573 5739 2870 5812 acceptum
2892 5740 3155 5812 sanctum
3175 5732 3738 5812 velamen-postpu-

2078 5807 2226 5878 ptias
2247 5803 2468 5879 scilicet
2496 5823 2626 5864 cum
2643 5803 2866 5864 Christo
2885 5805 3080 5874 initas,
3103 5803 3344 5863 voluerit
3362 5803 3739 5862 nihilominus
