4036 6178
295 275 457 346 “09

294 414 559 471 dolorem

292 487 558 558 congerit

288 770 631 846 locoeidem
662 773 952 846 suggerit,
1005 778 1067 829 ut
1095 770 1629 846 quinquagesimum
1662 770 1946 845 psalmum

287 843 549 913 quotidie
561 844 754 899 recitet
774 847 1029 913 usquead
1045 843 1374 901 versiculum
1390 846 1611 901 decimu
1624 843 1675 900 ui
1698 862 1944 909 nonum;

291 934 316 963 α
356 914 423 967 Et
449 914 705 988 primum
735 914 965 985 quidem
992 917 1146 988 nullo
1170 918 1258 972 die
1274 917 1778 988 quinquagesiinus
1803 916 1919 987 psal

288 1001 423 1039 mus
446 985 1049 1057 intermittatur;quia
1074 988 1127 1042 in
1156 989 1256 1043 tali
1285 985 1512 1059 negotio
1533 985 1902 1043 cantatus—est
1930 1004 1941 1041 :

284 1060 346 1110 et
380 1072 557 1126 usque
578 1058 651 1111 ad
682 1058 1019 1113 versiculum
1042 1058 1202 1113 illum
1232 1058 1372 1114 :Cor
1386 1062 1681 1113 contritum
1700 1069 1748 1115 et
1769 1060 1945 1113 humi-

288 1128 495 1182 liatum
518 1130 665 1211 De‘us
689 1145 793 1182 non
808 1129 1037 1198 spernit,
1066 1129 1473 1211 cumlacrymis
1485 1131 1809 1211 gemituque
1826 1146 1942 1211 per:

285 1214 475 1270 curre.
515 1222 541 1246 ιι
572 1200 649 1253 En
682 1206 894 1269 quanta
914 1200 1353 1255 commendatur
1380 1200 1939 1270 antiquitate’psalmi

284 1269 465 1342 hujus
482 1270 945 1342 quinquagesimi
977 1271 1233 1326 recitatio
1264 1272 1414 1327 inter
1442 1269 1833 1342 poenitentiqu
1863 1271 1940 1325 af-

286 1340 637 1413 ﬂictationes
658 1347 713 1397 et
742 1340 954 1412 preces,
983 1342 1077 1412 qui
1108 1342 1276 1398 hodie
1296 1340 1519 1413 quoq—ue
1541 1348 1657 1397 tam
1682 1342 1939 1413 frequen-

278 1416 375 1484 ter
403 1410 693 1475 indicitur,
727 1410 1130 1483 paenitentibus
1159 1431 1189 1468 a
1210 1410 1551 1484 presbyteris
1577 1410 1938 1469 confessariis

282 1482 345 1537 in
370 1487 593 1553 partem
615 1482 1043 1547 satiSfactionis,
1076 1482 1432 1540 confessione
1461 1485 1676 1540 audita.
1707 1487 1829 1539 Non
1855 1485 1938 1538 in-

279 1557 446 1637 teger
476 1559 669 1637 tamen
696 1556 1200 1637 quinquagetsimus
1231 1556 1485 1637 psalmus
1528 1556 1702 1637 lapsae
1729 1556 1935 1637 virgini

277 1641 314 1709 εξ
341 1624 543 1706 Niceta
573 1624 1146 1709 dicendusintiicitur,
1176 1624 1275 1709 sed
1300 1644 1477 1709 usque
1499 1629 1577 1709 ad.
1591 1624 1932 1709 versiculum

277 1696 574 1769 decimum
594 1714 832 1762 nonum,
847 1698 1306 1753 omissisduobus
1327 1696 1453 1752 aliis
1465 1697 1668 1769 quibus
1683 1698 1936 1768 psalmus

1030 280 1097 349 Ρ.
1140 279 1449 350 BRAIDE
1487 276 1958 348 DlSSERTATlO
1996 279 2071 346 IN
2113 283 2173 347 S.
2221 282 2571 348 NICETAM.
2601 317 2679 331 —-
2703 285 2865 352 CAP.
2911 274 2983 350 Χ.

660 414 935 488 erpetrati
968 417 1227 489 propudii
1248 416 1276 473 ?
1325 416 1602 475 Praeclara
1649 421 1782 472 sunt
1828 433 1954 488 quas
1985 422 2030 481 Α
2064 416 2413 489 denegatum
2434 417 2526 485 sit,
2558 418 2629 474 do
2669 418 2973 475 consilium
3011 438 3021 476 :
3053 419 3218 477 Petas
3250 417 3399 478 ultro
3429 437 3717 480 carcerem

635 488 828 552 icetas,
878 488 1062 559 capite
1082 488 1176 555 ⁷10,
1219 507 1249 546 e
1298 490 1501 545 divinis
1532 488 1856 559 Scripturis,
1896 494 1955 544 ut

292 556 741 632 mentemlapsae
758 556 1125 630 paenitudinis
1138 562 1395 616 sensibus
1409 556 1953 632 impletin—linguam-

292 646 409 703 que
430 634 553 703 tum
576 630 709 703 oris,
729 634 849 685 tum
868 632 1054 686 cordis
1075 632 1283 703 dirigat
1300 635 1371 687 ad
1393 630 1617 687 Domini
1636 630 1952 686 misericor-

290 700 455 775 diam
478 700 922 775 implorandam.
956 702 1065 758 Sed
1092 700 1329 775 dignum
1355 710 1553 759 notatu
1585 705 1736 774 quod
1766 704 1948 775 primo

3562 280 3715 355 illo

2063 490 2433 566 paenitentiae.
2460 513 2484 539 ››
2514 492 2775 547 Nondum
2795 490 2968 561 igitur
2999 491 3233 566 virginis
3254 492 3497 549 violator
3513 497 3584 549 ad
3610 512 3718 566 p03-

2062 560 2364 642 nitentiam
2397 567 2749 642 accesserat;
2799 560 2961 618 secus
2988 581 3053 618 ac
3083 560 3265 642 lapsa,
3312 582 3438 636 quae
3471 560 3719 637 agouem

2059 633 2548 756 pmnitentiiejam
2576 639 2697 689 erat
2714 633 3125 705 ingressa,cum
3145 633 3218 691 ad
3241 633 3369 693 eam
3389 633 3715 694 sermonem

2100 704 2294 756 aberet
2325 704 2567 756 Nicetas.

2100 704 2294 758 aberet
2325 704 2567 759 Nicetas.

2127 773 2273 841 Quid
2295 792 2423 858 vero
2457 776 2584 859 huic
2692 776 3039 859 paenitentia;
3062 777 3539 859 cursu‘agendum
3565 782 3711 859 erat,

2057 845 2128 898 ad
2159 847 2413 917 corporis
2444 845 2878 902 afﬂictationem
2907 853 2962 902 et
3010 848 3080 902 ad
3114 845 3712 918 cordis'compunctio-

2056 932 2186 989 nem
2207 919 2234 972 ?
2256 924 2591 973 catenarum
2606 937 2768 973 usum
2788 920 2869 975 illi
2898 919 3397 989 proponitNicetas
3414 922 3485 974 ad
3501 924 3711 976 viscera

2052 986 2441 1057 obstringentla
2468 1003 2487 1053 ,'
2526 990 2755 1060 gravius
2787 986 3057 1045 nimirum
3093 990 3307 1060 aliquid
3365 995 3420 1045 et
3451 992 3708 1047 acerbius

2052 1075 2220 1127 quam
2252 1060 2422 1130 lapsm
2454 1062 2755 1126 indixerat,
2786 1080 2913 1132 quae
2957 1079 3121 1115 sexus
3170 1063 3402 1132 gerebat
3429 1061 3704 1117 inbecilli-

2051 1134 2444 1204 tatemaunde
2471 1133 2705 1203 colligas
2729 1135 2782 1187 in
2820 1132 3164 1202 ptenitentiis
3196 1133 3331 1187 olim
3357 1133 3702 1204 inﬂigendis,

2052 1216 2146 1283 seu
2183 1201 2365 1283 pptius
2414 1201 2982 1283 inpmnitentialibus
3022 1201 3511 1283 afﬂictationibus.
3540 1205 3701 1283 habi-

2050 1276 2168 1323 tam
2207 1272 2376 1327 fuisse
2406 1272 2691 1329 rationem
2723 1280 2779 1329 et
2815 1291 2979 1329 sexus
3008 1280 3063 1329 et
3104 1275 3326 1329 virium.
3372 1277 3553 1340 Quam
3592 1277 3701 1331 fre-

2048 1358 2227 1411 quens
2255 1360 2424 1416 _porro
2455 1351 2786 1399 catenarum
2816 1363 2949 1400 usus
2974 1345 3181 1416 legitur
3218 1346 3273 1400 in
3308 1346 3447 1400 Vitis
3477 1351 3700 1401 sancto-

2046 1429 2195 1486 rum,
2251 1413 2401 1469 inter
2429 1432 2626 1470 eorum
2671 1413 3340 1471 voluntarios—cruciatus
3372 1418 3443 1471 ad
3491 1434 3698 1486 corpus

2045 1484 2442 1555 castigandum
2478 1486 2963 1557 redigendumque
2996 1487 3051 1541 in
3084 1488 3433 1548 servitutem.
3469 1504 3538 1541 ne
3571 1484 3696 1541 um-

2044 1572 2219 1629 quam
2244 1557 2464 1626 spiritui
2495 1558 2701 1612 rebelle
2728 1557 3077 1629 insurgeret!
3106 1558 3382 1613 Desinant
3405 1558 3697 1613 delicatuli

2045 1627 2221 1680 nostri
2259 1645 2325 1700 ac
2362 1628 2515 1683 male
2566 1629 2749 1684 feriati
2794 1627 3056 1684 homines
3093 1630 3386 1684 cachinnis
3414 1630 3693 1700 excipere,

2043 1700 2192 1766 quod
2211 1699 2457 1781 religiosi
2482 1700 2583 1781 viri
2616 1718 2679 1755 ac
2704 1701 3070 1781 perfectionis
3094 1701 3432 1781 ilbi-istisin?
3453 1699 3695 1781 studiosi

276 1767 624 1841 completur.
659 1768 880 1841 Etenim
904 1786 1023 1841 non
1056 1770 1408 1841 psalmorum
1444 1767 1760 1824 verbosa’et
1783 1772 1935 1824 nuda
1971 1780 2012 1836 Β
2044 1785 2110 1822 ex
2140 1767 2537 1824 vetustissimis
2570 1767 2965 1841 paenitentiam
2998 1772 3272 1825 institutis
3303 1772 3406 1826 sibi
3437 1775 3694 1841 quando-

275 1838 563 1910 recitatio,
619 1839 780 1909 quasi
814 1840 868 1894 in
900 1838 1180 1895 labiorum
1235 1839 1389 1910 piam
1445 1841 1931 1903 exercitationem,

276 1909 692 1979 paenitentibus
720 1912 1093 1975 indicebatur,
1124 1912 1223 1966 sed
1242 1909 1525 1966 sensuum
1549 1912 1734 1982 potius
1756 1912 1848 1982 qui
1877 1912 1932 1965 in

278 1981 523 2053 psalmis
543 1982 907 2053 continentur
931 1983 1227 2037 meditatio
1245 1999 1257 2046 ;
1278 1986 1333 2037 et
1350 1982 1476 2037 ideo
1496 1981 1697 2053 psalmi
1717 1981 1932 2038 eiadem

279 2051 565 2124 recitandi
602 2053 885 2108 dabantur
913 2055 985 2108 ad
1033 2070 1162 2108 eam
1219 2070 1393 2123 usque
1426 2051 1678 2123 ipsorum
1712 2059 1932 2124 partem

277 2139 407 2244 quae
433 2123 505 2177 ad
522 2124 702 2177 animi
724 2125 976 2179 dolorem
992 2124 1511 2195 exprimendum,et
1530 2126 1600 2179 ad
1620 2123 1934 2179 misericor-

319 2193 1547 2244 iamimnlorandamvehementiusumehat-
1583 2213 1651 2244 ne
1677 2196 1934 2244 sensibus

319 2193 1282 2267 iamimplorandamvehementius
1296 2198 1547 2267 urgebat,
1582 2213 1651 2250 ne
1677 2196 1935 2250 sensibus

277 2264 428 2329 aliis,
465 2266 726 2335 quamvis
755 2267 1147 2329 sanctissimis,
1182 2264 1453 2320 abstracti
1483 2268 1930 2337 quodammodo,

277 2337 782 2405 compunctionem
811 2338 979 2392 semel
994 2338 1049 2391 in
1068 2338 1239 2392 corde
1257 2341 1441 2391 ortam
1466 2339 1930 2393 intermitterent.

277 2406 361 2461 De
385 2406 505 2478 hoc
535 2408 735 2462 eodem
764 2408 985 2478 psalmo
1023 2408 1498 2478 quinquagesimo
1529 2426 1640 2463 non
1670 2410 1725 2463 in
1752 2414 1932 2463 totum

275 2477 598 2537 recitando.
632 2477 775 2533 sicut
803 2479 975 2533 etiam
1001 2477 1069 2534 de
1092 2480 1217 2534 aliis
1247 2477 1511 2533 similiter
1530 2480 1936 2535 intercidendis

276 2566 384 2621 pro
403 2549 831 2621 opportunitate
851 2550 1105 2611 actionis.
1133 2550 1394 2621 exempla
1412 2551 1687 2605 hebennus
1714 2552 1766 2604 in
1792 2552 1936 2605 anti-

277 2619 409 2690 quis
442 2619 928 2690 ptenitentialibus
984 2621 1209 2683 libellis.
1253 2619 1394 2691 quos
1437 2621 1654 2676 addidit
1686 2623 1935 2676 Morinus

278 2690 439 2761 operi
470 2708 573 2745 suo
630 2693 716 2764 de,
756 2692 1132 2747 Sacramento
1177 2690 1550 2764 Pm’nitentiae.
1585 2694 1644 2746 ln
1700 2695 1935 2764 antiquo

278 2778 534 2832 namque
566 2762 947 2834 Pcenitentiali
1000 2766 1257 2818 Romano
1306 2763 1537 2826 ibidem,
1594 2763 1803 2834 pagina
1831 2762 1936 2818 565

280 2834 515 2888 Veneta:
542 2833 827 2899 editionis,
850 2836 953 2888 sub
985 2834 1150 2888 titulo
1177 2834 1405 2900 :Incipit
1424 2836 1575 2889 ratio
1594 2833 1936 2889 ad’dandam

276 2906 663 2975 paenitentiam
699 2922 714 2958 :
746 2905 869 2960 haec
900 2906 1211 2959 habemus:
1247 2926 1265 2953 ι
1306 2906 1365 2959 ln
1399 2905 1594 2974 primis
1626 2906 1761 2960 dicit
1790 2906 1933 2975 psal-

277 2992 445 3029 mum
466 2975 816 3030 tricesimum
845 2976 1151 3047 septimum
1177 2980 1382 3047 totum,
1408 2976 1658 3041 Domine,
1690 2994 1752 3030 ne
1772 2994 1831 3029 ιη
1851 2979 1891 3041 [ί
1915 3008 1937 3019 -

277 3062 405 3101 rore
436 3054 527 3100 tuo
557 3064 755 3117 arguas
798 3064 903 3111 me,
936 3051 991 3101 et
1032 3052 1229 3116 postea
1251 3046 1385 3100 dicit
1424 3048 1660 3102 Oremus.
1698 3049 1764 3101 Et
1788 3048 1937 3103 dicet

2043 1856 2151 1908 que
2183 1846 2377 1895 nostra
2412 1842 2585 1895 etiam
2618 1846 2789 1897 aetate
2820 1843 3119 1905 asciscunt,
3149 1842 3253 1896 etsi
3283 1859 3394 1897 non
3431 1848 3491 1896 ut
3519 1843 3694 1897 corri-

2041 1914 2375 1993 gantquod
2406 1913 2768 1993 deliquerint,
2812 1919 2964 1993 certe
3008 1912 3320 1993 utnaliquid
3374 1917 3513 1993 inse
3539 1930 3695 1993 coer-

2042 1986 2209 2036 ceant
2239 1999 2310 2037 ne
2338 1983 2700 2054 delinquant,
2721 1988 2776 2038 et
2796 1989 2856 2038 ut
2878 1986 3055 2038 crucis
3079 1983 3285 2039 Christi
3305 1984 3691 2039 mortiﬁcatio-

2044 2069 2172 2107 nem
2207 2070 2434 2125 semper
2486 2057 2540 2109 in
2588 2071 2689 2109 suo
2719 2072 2954 2125 corpore
2997 2055 3347 2109 exsultantes
3395 2056 3695 2110 circumfe-

2044 2129 2193 2177 rant.
2226 2128 2419 2195 Neque
2449 2131 2678 2180 catenas
2722 2126 3106 2189 solummodo,
3140 2128 3238 2181 sed
3287 2132 3343 2181 et
3362 2128 3588 2196 jejunio
3640 2130 3696 2180 et

2042 2198 2271 2265 gemitus
2302 2197 2503 2251 indicit
2548 2197 2773 2251 Nicetas
2806 2197 2934 2251 huic
2974 2196 3205 2268 virginis
3249 2198 3587 2267 corruptori.
3623 2197 3695 2251 ad

2041 2269 2279 2321 animum
2299 2268 2672 2322 cruciandam.
2689 2268 3039 2327 Communia
3056 2267 3178 2323 haec
3194 2285 3399 2338 nempe
3423 2268 3697 2338 poeniten-

2044 2338 2182 2390 tiam
2216 2340 2516 2409 agentibus
2546 2344 2729 2399 erant,
2762 2340 2878 2394 sive
2925 2339 3171 2404 feminis,
3205 2340 3321 2393 sive
3352 2339 3503 2393 viris.
3538 2341 3697 2393 Petat

2044 2410 2276 2478 insuper
2303 2418 2615 2465 sanctorum
2647 2412 2947 2473 auxilium,
2983 2411 3227 2464 addebat
3263 2410 3503 2472 Nicetas,
3534 2416 3585 2463 et
3609 2410 3697 2478 ja-

2043 2488 2162 2552 ceat
2188 2483 2287 2535 sub
2312 2482 2534 2552 pedibus
2558 2484 2849 2536 electorum
2874 2500 2886 2535 :
2917 2484 3086 2550 atque
3118 2480 3242 2535 llth
3268 2481 3466 2534 omnia
3495 2480 3698 2535 eodem

2045 2551 2228 2622 capite
2260 2556 2310 2616 9,
2346 2570 2496 2606 num.
2531 2553 2617 2605 40.
2658 2554 2759 2607 Per
2786 2561 3090 2605 sanctorum
3122 2552 3403 2606 auxilium
3437 2551 3691 2622 probabi-

2046 2621 2152 2675 lius
2188 2623 2465 2678 intellexit
2508 2624 2727 2678 Nicetas
2760 2639 2923 2692 Opem
2962 2626 3290 2676 sanctorum
3325 2622 3381 2674 in
3413 2621 3570 2675 caelis
3607 2622 3699 2675 de-

2044 2694 2300 2763 gentium
2326 2711 2341 2753 ;
2374 2711 2547 2764 quam
2567 2694 2947 2747 invocandam
2975 2693 3075 2755 ait,
3111 2693 3181 2745 ad
3230 2696 3588 2762 peccatorum
3612 2708 3702 2746 ve-

2047 2765 2203 2818 niam
2224 2782 2251 2818 a
2278 2765 2520 2818 Domino
2551 2765 2767 2818 facilius
2794 2765 3219 2833 impetrandam
3251 2781 3266 2817 :
3290 2765 3387 2817 sed
3407 2768 3463 2817 et
3489 2767 3702 2817 sancto-

2045 2851 2173 2888 rum
2208 2836 2441 2890 nomine
2481 2836 2801 2905 signiﬁcare
2856 2838 3032 2905 potuit
3055 2904 3061 2905 γ
3087 2835 3445 2904 presbyteros
3475 2850 3701 2903 quoque

2047 2906 2302 2975 aliosque
2337 2908 2405 2960 de
2463 2904 2633 2971 clero,
2666 2923 2908 2975 quorum
2942 2922 3001 2961 se
3050 2904 3554 2959 intercessionibus
3588 2920 3704 2974 pue-

2047 2978 2234 3030 nitens
2270 2979 2719 3032 commendaret.
2752 2979 2935 3031 lacere
2969 2992 3099 3030 vero
3128 2977 3228 3030 sub
3257 2976 3479 3046 pedibus
3506 2976 3703 3032 electo-

2045 3064 2195 3109 rum,
2230 3048 2327 3101 illa
2359 3053 2481 3104 erat
2511 3048 2907 3117 poenitentium
2940 3052 3074 3101 ante
3120 3048 3268 3102 fores
3295 3048 3546 3102 ecclesiae
3577 3063 3696 3115 pro-

278 3117 569 3189 psalmum
589 3119 963 3173 centesimum
980 3119 1291 3173 secundum
1308 3118 1560 3179 Benedic.
1593 3122 1931 3185 animameu,
1969 3127 2012 3183 ω
2046 3119 2247 3179 stratio
2278 3121 2350 3173 ad
2381 3119 2634 3189 singulos
2661 3119 2856 3173 ﬁdeles
2875 3118 3176 3173 ecclesiam
3210 3120 3506 3181 adeuntes,
3529 3136 3593 3172 ac
3614 3134 3703 3172 ve-

277 3188 530 3259 Domino,
553 3205 747 3259 usque.
773 3190 1130 3243 renovabitur
1160 3189 1296 3243 sicut
1328 3190 1516 3259 aquila
1543 3190 1791 3257 iuventus
1813 3198 1929 3244 tua.

278 3260 347 3313 Et
359 3258 499 3313 dicit
511 3258 788 3330 psalmum
803 3260 1628 3331 quinquagesimumwiserere
1638 3262 1930 3327 mei,Deus,

276 3347 479 3412 usque,
506 3331 995 3412 iniquitatesmeas
1016 3330 1155 3412 dele.
1190 3332 1320 3411 Post
1347 3330 1465 3385 haec
1487 3331 1624 3412 dicit
1647 3336 1932 3412 psalmum

320 3402 816 3472 uinqnagesimum
833 3402 1084 3465 tertium,
1100 3406 1253 3468 licus,
1275 3404 1333 3455 in
1352 3405 1572 3457 nomine
1592 3410 1702 3467 tuo,
1723 3408 1779 3458 et
1799 3404 1935 3458 dicit

320 3419 816 3472 umquagcsimum
833 3419 1084 3465 ternum,
1100 3419 1253 3468 heus,
1275 3419 1333 3455 in
1352 3419 1572 3457 nomine
1592 3419 1702 3467 tuo,
1723 3419 1779 3458 et
1799 3419 1930 3458 dicit

274 3419 526 3527 gremus.
563 3474 627 3527 Et
653 3473 788 3527 dicit
806 3474 1089 3544 psalmum
1104 3473 1641 3543 quinquagesimum
1660 3476 1930 3544 primum,

276 3543 423 3614 Quid
449 3544 738 3614 gloriaris,
771 3543 968 3614 usque,
1000 3544 1260 3600 videbunt
1289 3546 1449 3613 justi.
1496 3552 1548 3600 et
1593 3543 1849 3599 timebunt
1877 3550 1935 3600 et

274 3613 419 3667 dicit
448 3615 695 3680 Oremus,
729 3613 896 3670 etcf»
932 3617 990 3669 ln
1049 3616 1161 3668 alio
1192 3632 1416 3685 quoque
1446 3616 1827 3670 Paenitentiali
1860 3617 1930 3670 si-

273 3685 495 3739 militer
524 3686 759 3756 antiquo
790 3686 1022 3749 ibidem,
1058 3685 1267 3756 pagina
1295 3686 1416 3753 581,
1448 3689 1550 3740 sub
1573 3687 1758 3751 titulo,
1785 3688 1933 3741 Ordo

273 3704 495 3739 mulier
524 3704 641 3739 anu
688 3704 759 3741 uo
790 3704 1022 3749 minem,
1058 3704 1267 3756 pagina
1295 3704 1416 3753 om,
1448 3704 1550 3740 suo
1573 3704 1758 3751 ιιῑυιο,
1785 3704 1933 3741 urao

268 3757 592 3827 ptem'tentis
614 3704 683 3811 a3
707 3765 959 3821 mortem,
998 3762 1123 3826 post
1149 3756 1456 3819 orationes,
1485 3761 1541 3810 et
1570 3757 1835 3823 alia,ha2c
1858 3758 1933 3812 le-

270 3833 490 3898 guntur
530 3843 540 3882 :
570 3827 782 3883 Deinde
824 3828 1091 3898 psalmos,
1134 3829 1382 3889 Domine,
1416 3843 1484 3881 ne
1514 3830 1573 3881 in
1594 3828 1782 3897 furore
1816 3836 1928 3893 tuo,

270 3916 454 3969 usque
489 3898 599 3953 Cor
622 3916 799 3953 meum
819 3900 1200 3954 conturbatum
1220 3906 1293 3952 est
1326 3900 1384 3951 in
1406 3915 1510 3962 me,
1542 3903 1590 3951 et
1613 3900 1797 3953 lumen
1813 3915 1932 3953 ocu-

272 3970 449 4024 lorum
473 3986 709 4025 meorum
734 3988 839 4025 non
868 3978 947 4024 est
976 3987 1200 4023 mecum.
1228 3970 1495 4024 Miserere
1516 3970 1642 4033 mei,
1670 3970 1821 4034 Deus,
1850 3986 1929 4024 se-

268 4041 508 4095 cundum
530 4058 802 4110 magnam,
828 4043 1233 4111 usque,Averte
1251 4040 1439 4110 faciem
1457 4047 1613 4095 tuam
1629 4058 1671 4111 a_
1684 4043 1927 4103 peccatis.

272 4112 525 4173 Benedic,
567 4109 753 4166 anima
802 4109 945 4181 med,
995 4109 1312 4176 Dominum,
1345 4118 1391 4165 et
1431 4114 1611 4164 omnia
1659 4109 1932 4165 interiora

269 4199 413 4263 mea,
458 4185 824 4264 usququcut
874 4183 1076 4264 aquila:
1120 4184 1393 4262 juventus.
1448 4182 1928 4264 »__En.ps_almu‘m

270 4253 836 4325 quinquagesimum,
871 4253 1145 4324 aliosque,
1180 4252 1236 4306 in
1268 4270 1328 4306 re
1363 4252 1739 4321 poenitentiali
1784 4253 1930 4307 anti-

269 4323 465 4396 quitus
494 4323 779 4406 adhibitos
801 4326 968 4397 juxta
998 4325 1209 4405 Nicetas
1231 4340 1473 4405 morem,
1510 4328 1676 4393 prout
1707 4340 1795 4405 res
1830 4342 1929 4449 po-

269 4396 544 4449 stulabat.
566 4413 701 4449 quin
735 4397 1071 4449 eorumdem
1095 4399 1440 4449 integritatis
1461 4396 1635 4449 283
1660 4401 1807 4449 ratio
1871 4413 1928 4449 a-

265 4396 544 4461 stulabat,
566 4397 701 4466 quin
735 4395 1071 4451 eorumdem
1095 4395 1440 4465 integritatis
1461 4396 1635 4467 263
1660 4396 1807 4450 ratio
1830 4395 1928 4450 ha-

264 4468 519 4521 heretur.

342 4541 547 4591 Verum
606 4538 649 4591 si
680 4537 778 4592 tali
813 4542 1096 4607 tantaeque
1147 4535 1497 4605 paenitentiae
1538 4536 1925 4607 subjicebatur

262 4608 427 4691 virgo
456 4625 619 4691 sacra
652 4608 988 4691 fmdifraga;
1017 4608 1436 4691 q.uid.ejus‘dein
1472 4606 1732 4688 violator,
1766 4609 1922 4691 adul-

258 4678 391 4735 terii
446 4679 614 4734 simul
669 4697 796 4734 reus
835 4678 1219 4747 etsacrilegii,
1255 4684 1316 4732 ut
1366 4678 1624 4747 superius
1656 4678 1925 4734 innueba-

262 4768 397 4804 mus
420 4750 449 4803 ‘?
479 4752 536 4805 In
570 4750 719 4805 hunc
761 4767 985 4821 quoque
1013 4750 1385 4821 vehementer
1409 4749 1619 4819 stylum
1646 4751 1924 4804 convertit

258 4822 511 4889 Nicetes,
540 4823 721 4892 capite
741 4820 844 4894 9’ej
857 4823 1054 4875 usdem
1078 4820 1351 4890 opusculi,
1378 4820 1494 4894 hac
1513 4823 1777 4894 eumdem
1804 4822 1921 4894 acri

260 4893 531 4948 oratione
564 4892 871 4963 percellens
898 4909 909 4946 :
940 4914 961 4942 ι
998 4895 1080 4963 De
1098 4896 1152 4945 te
1183 4896 1373 4945 autem
1403 4892 1537 4960 quid
1572 4892 1777 4963 dicam.
1808 4892 1920 4947 ﬁlio

260 4961 852 5034 serpentisfministro
875 4961 1105 5026 diaboli,
1142 4963 1413 5016 violatore
1438 4962 1632 5034 templi
1662 4962 1759 5017 Dei
1788 4980 1796 5015 :
1824 4963 1918 5033 qui

262 5036 321 5089 in
358 5032 474 5090 uno
504 5036 714 5090 scelere
744 5038 856 5089 duo
882 5034 1125 5089 crimina
1165 5032 1519 5103 perpetrasti,
1572 5033 1917 5088 adulterium

264 5107 465 5177 utique
500 5111 556 5161 ct
584 5106 943 5177 sacrilegium
967 5104 1053 5177 in
1078 5105 1171 5177 iAd
1218 5102 1613 5177 paenitentiam
1658 5120 1788 5177 vero
1821 5106 1917 5177 de-

261 5174 547 5233 scendens
573 5178 703 5232 huic
721 5174 982 5231 vidlatori
1007 5175 1401 5244 intligendam,
1425 5174 1691 5227 eumdem
1722 5175 1919 5229 simili-

259 5254 351 5305 ter
381 5254 668 5319 perpetuaa
693 5248 907 5303 addicit
933 5245 1277 5319 paenitentiae
1318 5262 1330 5297 :
1362 5264 1389 5295 «
1420 5244 1571 5319 luctu
1608 5245 1918 5319 et_tletibus

260 5315 573 5383 continuis,
606 5322 743 5374 dum
778 5319 831 5372 in
865 5315 1110 5388 corpore
1130 5322 1226 5370 tuo
1260 5316 1558 5388 immundo
1589 5315 1785 5388 anima
1821 5317 1917 5371 illa

261 5392 569 5445 tenebrosa
596 5396 872 5447 versatur.
901 5386 1218 5444 remedium
1238 5386 1334 5440 tibi
1362 5386 1417 5440 in
1450 5386 1539 5440 die
1568 5386 1918 5442 necessitatis

261 5463 517 5532 acquire.
544 5482 571 5513 »
607 5462 935 5523 ltaibidem,
968 5476 1129 5520 num,
1149 5459 1240 5513 4:2.
1270 5457 1671 5533 Vehementior
1699 5458 1920 5533 videtur

262 5528 494 5588 Nicetas
516 5533 571 5586 in
598 5533 828 5604 virginis
846 5535 1252 5604 stupratorem.
1276 5530 1447 5604 quam
1472 5528 1528 5581 in
1553 5528 1734 5597 ipsam
1754 5529 1921 5604 virgif

264 5621 417 5681 nem.
440 5600 710 5681 lapsam;
742 5621 811 5658 ea
841 5600 1014 5681 etiam
1050 5601 1298 5681 fortasse.
1345 5601 1411 5681 d_e
1454 5616 1656 5681 causa,
1689 5600 1817 5681 quia
1842 5602 1921 5681 ad

263 5670 665 5746 paenitentiam
680 5676 1089 5746 capessendam
1122 5689 1235 5746 non
1266 5670 1586 5746 ita_f_acilei_n
1618 5688 1677 5724 se
1707 5670 1754 5725 is
1770 5672 1924 5746 exhi-

265 5741 476 5815 bebat;
510 5741 766 5815 ideoque
792 5746 872 5800 ita
903 5745 1065 5799 illum
1097 5744 1268 5799 etiam
1312 5741 1710 5815 alloquebatur
1744 5759 1755 5795 :
1789 5765 1813 5789 «ι
1844 5744 1922 5815 Ne

269 5818 406 5889 quid
428 5812 706 5890 a'pastore
731 5816 820 5872 ovi
844 5816 1114 5874 morbida:
1132 5815 1218 5871 vel
1240 5812 1524 5869 moriturae
1551 5812 1922 5869 medicamini

2046 3190 2146 3244 luti
2181 3190 2500 3260 provolutio
2522 3191 2591 3244 ad
2624 3191 2793 3261 pedes
2822 3194 3096 3261 ipsorum,
3123 3194 3183 3244 ut
3202 3207 3399 3244 eorum
3434 3189 3707 3244 orationi-

2046 3263 2148 3316 bus
2175 3262 2616 3333 adjuvarentur:
2646 3278 2772 3332 quae
2791 3260 2989 3315 omnia
3005 3261 3229 3333 copiose
3252 3261 3652 3333 illustrantura
3672 3277 3701 3314 a

2045 3332 2597 3401 rerum’hujusmodi
2624 3332 3048 3398 tractatoribus,
3088 3332 3221 3402 quin
3254 3332 3345 3386 hic
3373 3332 3587 3386 diutius
3619 3348 3703 3402 su:

2044 3420 2143 3474 per
2165 3404 2251 3457 his
2279 3400 2671 3458 immoremur.
2699 3408 2881 3474 Atque
2914 3403 3004 3457 hic
3033 3400 3258 3474 demum
3294 3403 3421 3456 ﬁnis
3452 3400 3703 3457 sermoni

2044 3473 2113 3529 de
2136 3475 2454 3545 disciplina.
2480 3492 2573 3529 seu
2600 3477 2668 3528 de
2692 3474 2756 3528 iis
2779 3473 2908 3545 quae
2932 3474 3005 3527 ad
3039 3473 3395 3542 disciplinam
3422 3476 3701 3545 Spectant,

2043 3542 2340 3600 occasione
2390 3542 2812 3615 opusculorum’
2862 3544 3430 3613 fragmentorumque
3492 3542 3701 3597 Nicetas

2042 3616 2414 3688 Aquileiensis
2445 3615 2712 3688 episcopi.

2597 3683 2773 3755 234
2806 3684 3031 3737 CAPUT
3070 3683 3139 3738 x.

2042 3792 2328 3848 Nonnulla
2355 3790 2765 3860 expenduntur,
2785 3805 2905 3860 quae
2922 3806 2954 3843 a
2975 3794 3159 3843 sancto
3183 3787 3379 3842 Niceta
3403 3795 3497 3842 aut
3516 3789 3700 3845 minus

2253 3868 2451 3925 exacte,
2491 3866 2589 3915 aut
2621 3861 2828 3915 durius
2857 3861 3007 3915 tlzcta
3040 3861 3211 3914 videri
3238 3868 3484 3931 possent.

2110 3970 2237 4023 Alia
2268 3986 2417 4023 nunc
2445 3986 2546 4022 nos
2576 3972 2835 4031 manent,
2868 3984 2995 4037 quae
3028 3968 3285 4021 Nicetam
3312 3965 3497 4037 ipsum
3527 3966 3699 4021 attin-

2039 4046 2200 4111 gunt,
2225 4041 2346 4109 ejus
2379 4056 2587 4108 nempe
2611 4044 2825 4111 rectam
2846 4036 3127 4111 sentiendi
3152 4036 3505 4111 docendique
3526 4037 3698 4111 ratio-

2043 4106 2172 4166 nem
2211 4128 2221 4166 :
2255 4106 2495 4180 suntque
2521 4106 2811 4163 Vnonnulla
2843 4110 2897 4162 in
2940 4108 3144 4186 Nicetas
3174 4106 3693 4186 opusculisposita,

2081 4200 2164 4237 uae
2196 4185 2267 4236 ab
2292 4177 2491 4236 eodem
2518 4186 2613 4234 aut
2646 4196 2835 4233 minus
2862 4182 3075 4241 exacte,
3102 4182 3201 4233 aut
3222 4178 3417 4230 durius
3447 4177 3596 4231 dicta
3618 4178 3697 4231 vi-

2080 4255 2156 4308 eri
2179 4258 2408 4323 possent
2431 4269 2444 4317 ;
2469 4258 2523 4305 et
2554 4251 2843 4323 inquibus
2876 4252 3175 4323 pr0pterea
3201 4248 3427 4303 Nicetas
3456 4253 3556 4302 aut
3576 4249 3693 4303 vin-

2040 4320 2242 4379 dicand
2255 4343 2335 4388 us,
2369 4329 2463 4377 aut
2487 4322 2856 4392 explicandus
2887 4320 3058 4374 venit.

2108 4398 2185 4450 De
2232 4396 2337 4449 fide
2391 4389 2628 4464 loquens
2684 4392 2905 4445 Nicetas
2945 4389 3373 4464 Explanationis
3420 4391 3605 4460 capite
3632 4392 3688 4464 f2,

2038 4483 2166 4522 eam
2189 4465 2441 4536 appellat
2466 4462 2865 4536 credulitatem
2893 4479 2903 4517 :
2944 4486 2962 4510 ι
2990 4464 3141 4536 Bene
3173 4462 3371 4536 incipit
3392 4479 3426 4515 a
3455 4462 3693 4536 creduli-

2037 4542 2155 4591 tate
2185 4532 2468 4591 confessio
2498 4554 2510 4603 ;
2562 4559 2586 4583 ››
2620 4534 2701 4588 ait
2730 4534 2844 4598 ille,
2880 4533 3159 4603 explicare
3191 4532 3465 4603 incipiens
3500 4533 3691 4604 priora

2036 4608 2287 4678 Symboli
2318 4610 2484 4661 verba
2539 4624 2549 4660 :
2588 4605 2763 4661 Credo
2806 4608 2868 4678 in
2901 4606 3059 4659 Deum
3097 4604 3318 4678 Patrem
3361 4605 3686 4678 omnipoten-

2034 4676 2137 4734 tem
2171 4698 2182 4735 ε
2217 4680 2423 4733 Gentes
2450 4694 2673 4749 quoque
2706 4676 3012 4730 nominans
3056 4676 3240 4749 capite
3275 4676 3319 4749 _8
3349 4692 3476 4749 quae
3511 4677 3689 4749 Evan-

2031 4751 2177 4821 gelio
2202 4746 2597 4813 credidissent,
2626 4766 2722 4803 eas
2746 4754 2942 4821 gentes
2968 4748 3225 4800 credulas
3256 4746 3395 4798 dixit
3423 4763 3436 4810 ;
3470 4746 3685 4821 «hanc

2030 4815 2287 4903 regulam
2309 4822 2437 4903 ﬁdei
2465 4821 2705 4903 apostoli
2726 4815 3021 4903 aiioniino
3045 4821 3403 4903 acceperunt,
3430 4815 3558 4868 utin
3586 4832 3683 4903 no-

2032 4886 2183 4947 mine
2217 4894 2418 4957 Patris,
2452 4886 2515 4945 et.
2534 4891 2674 4945 Filii.
2702 4895 2757 4943 et
2781 4888 3022 4963 Spiritus
3048 4886 3228 4963 sancti
3255 4902 3455 4963 omnes
3470 4890 3682 4963 gentes

2028 4966 2289 5019 credulas
2320 4955 2698 5033 baptizarent._
2726 4983 2751 5008 ››
2785 4955 2929 5023 Quid
2960 4956 3063 5033 sibi
3097 4956 3213 5009 vult
3253 4955 3309 5008 in
3341 4972 3438 5033 ore
3467 4955 3679 5033 Nicetas

2029 5036 2153 5089 haec
2180 5024 2500 5097 credulitas,
2531 5050 2654 5101 quae
2686 5031 2740 5101 in
2774 5027 3065 5101 communi
3098 5042 3361 5080 sermone
3391 5024 3677 5101 defectum

2028 5106 2196 5175 sapit,
2220 5110 2273 5158 et
2292 5094 2604 5174 quamdam
2628 5100 2807 5154 animi
2835 5098 3231 5175 inﬁrmitatem
3249 5094 3680 5175 _vera3_fid.eiad-

2028 5165 2251 5228 versam
2279 5165 2513 5243 :Iutpote
2535 5188 2681 5242 quae,
2706 5170 3174 5243 autsumiturpro
3208 5166 3383 5243 nimia
3404 5165 3677 5243 facilitate

2027 5245 2294 5325 credendi
2327 5262 2338 5309 ;
2372 5235 2497 5325 quin
2530 5235 2689 5325 actus
2718 5246 2801 5295 est
2832 5235 3113 5325 levitatis—5
3149 5242 3247 5325 a‘ut
3280 5253 3388 5325 pro.
3403 5235 3678 5325 opinione

2028 5317 2257 5370 inﬁrma
2306 5308 2361 5368 et
2392 5308 2679 5377 imbecilli,
2716 5328 2840 5381 qua:
2884 5310 2940 5363 in
2987 5308 3524 5381 ﬁdeiddogmatib‘us
3556 5308 3677 5363 sine

2026 5386 2181 5457 gravi
2212 5386 2633 5455 piaculolocum
2669 5377 2985 5457 nonhabet
3005 5381 3032 5435 ἲ)
3064 5379 3314 5457 ldipsum
3337 5377 3681 5457 scilic_e_t_A_u-

2028 5450 2272 5528 gustin'o.
2302 5458 2486 5528 quoad
2518 5457 2765 5528 primum
2791 5452 2958 5528 hujus
2987 5451 3135 5528 vocis
3162 5466 3430 5528 sensum,_
3450 5450 3678 5521 objicie-

2030 5520 2127 5582 bat
2179 5520 2333 5582 olim'
2370 5520 2529 5580 illius
2574 5524 2789 5578 amicus
2846 5520 3183 5583 Honoratus,
3234 5520 3678 5576 Manichaeorum

2036 5600 2330 5653 fraudibus
2357 5600 2640 5664 deceptus,
2670 5595 2725 5648 in
2760 5595 2900 5647 libro
2922 5608 3091 5661 quem
3124 5594 3576 5664 sanctusdoctor
3607 5595 3679 5647 ad

2034 5672 2300 5725 eumdem
2313 5662 2553 5737 scripsit,
2580 5668 2649 5720 de
2674 5664 2928 5721 Utilitate
2940 5662 3227 5737 credendi,
3247 5663 3431 5733 capite
3447 5663 3676 5737 9.7num.

2036 5742 2122 5796 2'2.
2159 5764 2185 5791 ιι
2220 5743 2343 5811 Ipsa
2372 5734 2677 5811 credulitas
2710 5737 2918 5811 (aiebat
2959 5734 3079 5811 ille)
3124 5750 3158 5811 a_
3184 5751 3299 5811 qua
3326 5734 3543 5791 creduli
3582 5752 3682 5811 no-

2034 5804 2351 5880 minantur,
2390 5809 2585 5866 vitium
2613 5809 2908 5882 quoddam
2938 5805 3077 5861 mihi
3111 5804 3331 5863 videtur
3360 5822 3483 5863 esse
3506 5824 3518 5861 :
3544 5805 3681 5859 alio-
