4056 6188
407 238 514 319 ill
530 237 557 306 l

1123 240 1189 308 Ρ.
1236 242 1536 309 BRAIDE
1576 237 2048 307 DISSERTATIO
2087 236 2163 304 IN
2203 240 2268 306 S.
2314 240 2670 311 NICETAM.
2703 236 2969 308 -rGAP.
3014 239 3087 307 Χ.

3656 238 3804 304 1111

407 376 543 450 quin
574 375 684 433 hoc
708 392 920 451 nomen
950 393 1065 451 non
1118 394 1220 448 pro
1240 377 1508 451 convicio
1540 377 1827 451 objectare
1855 376 2059 451 solere-
2088 373 2136 435 A
2168 391 2333 431 mus°
2371 397 2395 428 α
2430 375 2834 451 ᾼάὶιὶὺεηᾴυω
2862 380 2950 451 est
2967 375 3170 451 itaque
3211 373 3564 432 credulitatis
3593 372 3810 430 salubre

407 448 557 505 mus.
601 452 743 505 Nam
786 448 829 504 si
862 449 1205 520 suspiciosus
1235 449 1291 503 in
1330 450 1465 505 vitio
1514 448 1625 513 est,
1666 466 1731 504 eo
1763 449 1913 519 quod
1944 465 2059 503 non

408 526 701 592 comperta
732 521 1081 590 suspicatur:
1108 525 1324 590 quanto
1354 522 1532 591 magis
1562 520 1843 579 credulus.
1877 521 1971 589 qui
2003 521 2059 575 in

408 594 517 649 hoc
542 591 576 648 a
602 592 912 663 suspicioso
934 592 1144 663 differt,
1172 593 1322 661 quod
1351 593 1444 647 ille
1467 592 1769 663 incognitis
1787 591 2059 663 aliquam,

390 666 518 720 iste
547 662 764 718 nullam
796 662 995 717 tribuit
1024 664 1457 718 dubitationem.
1492 686 1519 715 »

482 736 643 790 Absit
672 739 866 789 tamen
900 737 962 787 ut
1005 734 1354 790 credulitatis
1385 740 1441 790 et
1468 735 1679 790 creduli
1707 752 1869 791 voces
1916 751 1948 788 a
1973 733 2064 787 Ni-

413 814 534 861 ceta
567 810 761 860 nostro
795 811 1116 875 usurpatas,
1150 812 1249 861 aut
1274 806 1381 860 hoc
1411 812 1511 861 aut
1540 806 1652 861 alio
1689 824 1864 876 pravo
1895 822 2062 860 sensu

412 877 782 946 accipiamus.
824 878 1190 932 Incredutitas
1239 895 1388 948 saepe
1433 878 1487 932 in
1522 895 1667 932 novo
1700 881 2064 933 Testamento

414 948 770 1012 nominatur,
791 949 861 1002 ad
883 948 1012 1002 fidei
1033 949 1315 1003 defectum
1348 949 1703 1004 innuendum
1727 969 1739 1001 :
1764 948 2067 1004 incredulos

413 1037 639 1091 quoque
662 1020 716 1073 in
754 1036 903 1074 novo
930 1036 1005 1091 ac
1031 1020 1201 1075 veteri
1248 1020 1573 1091 frequenter
1602 1021 1865 1090 legimus,
1896 1018 2067 1074 veluti

415 1090 473 1147 in
506 1093 616 1147 ﬁde
646 1096 921 1147 errantes.
956 1090 1011 1144 Si
1066 1090 1366 1147 contrariis
1412 1093 1645 1149 vocibus
1675 1092 1964 1147 credulatis
2002 1107 2068 1145 ac

418 1164 636 1218 creduli
662 1180 799 1217 usus
835 1167 919 1217 est
943 1162 1265 1226 Nicetas,id
1304 1162 1503 1217 fecisse
1536 1164 1667 1233 jure
1706 1164 1960 1218 dicemus
1994 1162 2066 1215 ad

419 1252 650 1291 sensum
684 1234 1128 1302 Scripturarum,
1162 1238 1219 1305 et
1247 1235 1318 1287 ad
1349 1234 1403 1287 id
1435 1235 1873 1305 signiﬁcandum
1916 1233 2066 1302 quod

418 1306 793 1360 incredulitati
822 1309 877 1358 et
898 1304 1207 1358 mer-edulis
1237 1304 1590 1360 contrariam
1618 1310 1802 1368 esset;
1837 1304 2067 1375 plenam

419 1377 633 1431 scilicet
662 1376 842 1440 ﬁdem,
869 1375 1295 1445 perfectumque
1319 1376 1548 1445 ﬁdelem.
1598 1378 1711 1430 Hoc
1733 1376 1852 1445 ipso
1876 1391 2063 1441 sensu,

421 1447 490 1501 ad
524 1446 947 1515 Scripturarum
995 1447 1237 1509 ratione,
1288 1447 1639 1501 credulitatis
1686 1452 1741 1501 et
1768 1446 2071 1501 increduli-

422 1518 569 1581 tatis,
600 1517 827 1571 vocibus
859 1534 991 1570 usus
1020 1516 1126 1570 fuit
1146 1521 1374 1571 sanctus
1403 1520 1554 1573 Zeno
1585 1518 1727 1572 libro
1756 1535 1791 1583 ι,
1822 1522 2069 1571 tractatu

422 1590 447 1642 1
488 1591 558 1643 de
588 1588 723 1642 Fide
768 1605 832 1642 ex
873 1588 1122 1643 editione
1157 1590 1461 1643 Veronensi
1495 1589 1954 1647 Balleriniorum.
1987 1588 2069 1641 di-

420 1676 555 1716 cens
584 1676 595 1714 :
622 1682 640 1707 ι
667 1659 955 1713 Abraham
1008 1660 1217 1728 placuit
1263 1663 1373 1715 Deo
1421 1661 1756 1715 credulitate
1781 1660 1902 1714 sine
1927 1660 2067 1729 lege.

2169 449 2572 518 compendium
2605 465 2616 501 :
2651 448 2745 503 ubi
2776 448 3060 503 imbecilla
3090 465 3251 504 mens
3272 464 3473 518 capere
3499 463 3614 501 non
3640 450 3811 516 potest

2168 517 2397 575 caeleste
2420 524 2719 575 secretum.
2747 538 2775 571 ›
2799 520 3003 575 Mentis
3024 520 3195 590 igitur
3216 517 3363 574 actio
3381 524 3467 573 est
3489 517 3809 590 credulitas,

2170 591 2604 668 quteimbecillae
2628 589 3295 668 menti_su‘bsidio_dat.ur._
3314 591 3421 668 sed
3453 589 3815 668 clariusque-

2172 678 2279 731 que
2306 661 2360 716 in
2389 663 2669 717 veteribus
2716 662 3002 717 codicibus
3037 662 3328 731 Liturgicis
3358 660 3623 716 Ecclesia:
3656 660 3816 731 Aqui-

2173 678 2279 731 que
2306 679 2360 716 in
2389 678 2669 717 veteribus
2716 678 3002 717 cocicinus
3037 678 3328 731 Liturgicis
3359 678 3623 716 [scelestae
3656 678 3814 784 ΑἝΠ-

2173 733 2399 789 leiensis
2428 735 2580 803 apud
2611 734 2687 789 De
2718 733 2943 797 Rubeis,
2978 733 3374 788 dissertatione
3404 733 3473 787 de
3505 731 3698 787 Sacris
3764 747 3814 803 o-

2175 802 2569 875 rojuliensium
2602 804 2821 859 Ritibus
2859 804 3042 873 capite
3074 806 3158 859 11.
3212 805 3291 859 Ibi
3347 805 3498 859 enim
3544 804 3595 857 in
3631 802 3816 875 ofﬁcio

2174 873 2447 939 scrutinii,
2476 877 2627 946 quod
2648 876 2967 946 appellatur
2989 876 3044 930 in
3068 876 3287 930 aurium
3306 874 3684 946 apperitione,
3706 873 3819 927 haec

2174 948 2245 1000 ad
2279 951 2663 1016 competentes
2694 945 2954 1002 invitatio
2988 947 3163 1002 ﬁebat
3195 964 3207 1000 :
3243 970 3270 997 α
3306 947 3521 1004 Venite.
3556 945 3659 999 ﬁlii
3689 962 3703 998 :
3738 960 3819 998 ve-

2176 1018 2312 1081 nite,
2346 1018 2479 1087 quia
2512 1019 2662 1073 venit
2686 1022 2909 1087 tempus
2952 1018 3103 1081 ﬁdei,
3131 1017 3479 1072 credulitatis
3509 1018 3648 1075 dies.
3696 1032 3821 1069 con-

2176 1088 2440 1144 fessionis
2466 1089 2625 1144 hora.
2665 1112 2683 1135 -
2722 1089 2934 1144 Deincle
2971 1088 3182 1145 ibidem
3229 1089 3283 1143 in
3316 1087 3687 1157 subsequenti
3716 1087 3820 1141 Ezr-

2174 1161 2439 1229 positione
2470 1160 2714 1229 Symboli
2741 1178 2752 1215 :
2787 1182 2813 1209 ι(
2842 1161 2897 1215 Si
2922 1159 3233 1221 credidisti,
3258 1159 3373 1214 noli
3395 1159 3681 1213 dubitare.
3704 1157 3819 1212 Noli

2178 1230 2365 1285 facere
2395 1231 2464 1286 de
2494 1231 2829 1287 credulitate
2861 1231 3178 1299 perﬁdiam.
3208 1230 3334 1286 Noli
3376 1230 3580 1284 vitium
3605 1229 3822 1283 sociare

2175 1302 2388 1355 virtuti.
2427 1323 2449 1352 υ
2502 1304 2581 1356 En
2611 1302 2703 1356 hic
2732 1302 3148 1361 credulitatem,
3193 1303 3262 1357 ad
3312 1318 3541 1357 sensum
3591 1300 3825 1370 Chryso-

2178 1373 2310 1442 logi,
2329 1390 2363 1427 a
2383 1373 2493 1428 ﬁde
2514 1378 2569 1428 et
2584 1373 2942 1428 confessione
2954 1374 3283 1429 distinctam
3309 1389 3320 1428 :
3342 1389 3411 1427 en
3425 1372 3820 1427 credulitatem

2178 1443 2447 1498 virtutem
2479 1445 2715 1505 dictam,
2744 1450 2801 1500 et
2830 1445 2898 1498 ab
2930 1445 3087 1499 omni
3116 1461 3345 1513 prorsus
3366 1444 3734 1498 dubitatione
3751 1442 3825 1497 di-

2178 1520 2456 1595 scretam;
2478 1516 2837 1595 clarissimus
2860 1517 2928 1571 de
2954 1517 3160 1595 Rubeis
3177 1514 3586 1595 animadvertit
3613 1513 3822 1595 ibidem

2178 1588 2362 1655 capite
2397 1587 2478 1644 12.
2508 1587 2867 1655 Aquileiense
2897 1587 3231 1641 scrutinium
3266 1587 3648 1655 praecitatum,
3681 1586 3823 1638 idem

2180 1657 2361 1729 ferme
2393 1674 2515 1712 esse
2535 1675 2601 1712 ac
2625 1658 2763 1712 illud
2776 1661 2925 1729 quod
2950 1658 3004 1713 in
3030 1658 3223 1713 codice
3246 1657 3549 1712 Gelasiano
3562 1656 3821 1711 habetur.

422 1734 480 1786 et
506 1729 775 1785 Judaicus
802 1730 1045 1799 ponulus
1063 1730 1347 1799 displicuit
1379 1733 1491 1785 Deo
1522 1731 1921 1785 incredulitate
1942 1728 2070 1785 cum
2106 1735 2146 1792 Β
2180 1728 2388 1783 Verum
2417 1728 2473 1782 in
2501 1729 2802 1784 Gelasiano
2829 1729 3040 1790 codice,
3079 1730 3227 1798 apud
3263 1728 3637 1783 Muratorium
3661 1742 3824 1797 Opere

420 1802 565 1872 lege.
603 1823 625 1851 ››
658 1802 737 1855 En
767 1818 963 1856 vocem
995 1802 1335 1856 credulitatis
1364 1803 1683 1857 adhibitam
1710 1819 1882 1857 sensu
1917 1818 2071 1870 pror-

423 1889 518 1927 sus
548 1872 924 1926 incredulitati
940 1874 1227 1927 contrario
1253 1890 1265 1933 ;
1288 1873 1529 1941 ideoque
1561 1891 1672 1928 non
1693 1875 1763 1927 ad
1789 1873 1986 1927 vitium
2014 1874 2070 1927 in

422 1944 939 2000 ﬁdeindicandum.
967 1946 1063 1998 sed
1093 1945 1163 1997 ad
1186 1944 1597 2013 plenitudinem
1616 1945 1746 1999 ﬁdei
1771 1946 2073 1999 ostenden-

422 2016 577 2070 dam.
611 2015 900 2072 Praeterea
935 2014 1199 2084 frequens
1228 2015 1284 2069 in
1304 2017 1579 2077 Patribus,
1610 2022 1732 2071 tum
1760 2024 1892 2071 ante
1916 2016 2067 2069 Nice-

422 2090 563 2149 tam,
596 2091 719 2140 tum
753 2086 959 2141 Nicette
982 2086 1156 2154 ipsius
1184 2091 1368 2147 aetate.
1399 2087 1739 2142 credulitatis
1759 2105 1867 2141 vox
1900 2088 1972 2141 ad
2011 2088 2070 2141 ﬁ-

421 2160 553 2213 dem
584 2174 779 2212 veram
812 2157 1237 2228 perfectamque
1260 2157 1713 2227 signiﬁcandam,
1747 2176 1812 2213 ac
1839 2175 2070 2228 praeser-

419 2230 546 2292 tim,
582 2233 643 2282 ut
660 2228 901 2291 videtur,
938 2231 1009 2282 ad
1036 2230 1221 2297 ipsum
1244 2228 1372 2283 ﬁdei
1397 2230 1683 2283 internum
1714 2235 1901 2283 actum
1926 2229 2070 2283 desi-

417 2301 745 2370 gnandum,
760 2316 869 2367 quo
885 2300 952 2352 ad
963 2299 1247 2353 haeremus
1265 2300 1470 2354 divinis
1485 2300 1835 2364 veritatibus,
1852 2301 2069 2355 etunde

417 2369 490 2424 ad
507 2369 926 2423 confessionem
945 2386 1040 2424 ore
1062 2369 1385 2424 faciendam
1413 2371 1788 2439 procedimus.
1815 2392 1837 2420 α
1866 2371 2068 2426 Ridere

415 2445 676 2494 nostram
690 2441 863 2494 ﬁdem
877 2440 1388 2510 consuestis,atque
1404 2441 1582 2509 ipsam
1599 2442 2016 2496 credulitatem.
2042 2464 2062 2490 ι

416 2512 500 2565 Ita
525 2510 815 2584 Arnobius
834 2511 1129 2584 ‘Adversus
1149 2511 1359 2566 Gentes
1382 2512 1522 2584 libro
1544 2530 1603 2575 ιι,
1630 2514 1805 2584 265
1833 2513 2002 2567 fidem
2036 2530 2069 2566 a

414 2580 747 2637 credulitate
791 2581 1165 2649 distinguens.
1216 2599 1336 2637 rem
1380 2583 1594 2638 scilicet
1617 2580 1965 2638 credandam
1998 2585 2067 2639 ab

413 2653 537 2724 ipso
580 2656 705 2708 actu
755 2652 1042 2708 credendi.
1080 2673 1106 2704 «
1156 2653 1414 2708 Sufﬁciat
1445 2655 1606 2709 nobis
1658 2655 1844 2711 dicere
1889 2672 2067 2709 unam

414 2724 818 2787 substantiam,
853 2729 968 2779 tres
1022 2741 1295 2794 personas
1328 2726 1718 2790 subsistentes,
1765 2726 2066 2796 perfectas,

413 2796 678 2865 aequales,
707 2800 1109 2852 coaeternas....
1137 2796 1397 2851 Sufﬁciat
1419 2798 1581 2851 nobis
1608 2801 1930 2852 memorata
1950 2814 2067 2851 cre-

412 2867 643 2929 dulitas,
676 2890 696 2916 »
732 2867 923 2922 aiebat
950 2871 1181 2922 sanctus
1204 2867 1601 2937 Hieronymus,
1634 2867 1879 2936 epistola
1901 2870 1968 2922 15
1994 2870 2067 2922 ad

409 2939 724 2993 Damasum
747 2955 979 3007 papam,
999 2955 1160 2994 num.
1186 2942 1238 3001 4,
1272 2955 1336 2992 ex
1363 2939 1611 2993 editione
1633 2939 1917 2993 Vallarsii.
1944 2940 2065 2993 Cre-

410 3010 695 3064 dulitatem
737 3011 1024 3077 majorum,
1077 3025 1177 3078 pro
1209 3014 1365 3063 recta
1394 3010 1503 3065 ﬁde
1532 3014 1771 3080 actaque
1799 3010 2065 3066 credendi

2180 1816 2351 1869 supra
2376 1800 2548 1854 citato
2579 1802 2738 1855 deest
2761 1801 2996 1854 omnino
3031 1805 3152 1854 tum
3176 1800 3434 1854 invitatio
3457 1799 3733 1868 praedicta
3759 1798 3825 1851 ad

2179 1876 2586 1940 competentes.
2668 1876 2785 1925 tum
2839 1874 3187 1942 subsequens
3241 1871 3485 1938 Symboli
3535 1870 3820 1942 Expositio,

2179 1942 2271 1996 ubi
2304 1942 2655 1996 credulitatis
2687 1944 2862 2013 266
2908 1940 3125 1997 mentio
3153 1948 3254 1997 est.
3287 1942 3492 2013 Quidni
3524 1958 3592 2013 ex
3615 1940 3825 1995 Nicetes

2178 2013 2591 2080 Explanatione
2611 2012 2857 2082 Symboli
2879 2013 2933 2068 in
2954 2014 3373 2083 Aquileiensem
3400 2012 3695 2083 liturgiam
3724 2027 3822 2083 vox

2180 2084 2526 2138 credulitatis
2552 2085 2909 2140 manaverit?
2933 2082 3061 2139 Haec
3085 2090 3276 2141 tamen
3313 2085 3514 2139 eadem
3546 2082 3659 2137 vox
3689 2086 3747 2135 et
3770 2082 3818 2135 in

2177 2156 2454 2211 Romanis
2484 2156 2787 2211 Ordinibus
2816 2156 3096 2211 veteribus
3117 2156 3293 2210 locum
3326 2155 3546 2220 habuit,
3580 2163 3633 2208 et
3658 2153 3820 2207 hodie

2177 2244 2402 2295 quoque
2430 2243 2540 2281 non
2592 2227 2764 2281 semel
2807 2227 3010 2297 legitur
3054 2226 3201 2282 inter
3230 2243 3420 2296 preces
3470 2224 3717 2297 Romani
3752 2224 3822 2278 ri-

2177 2300 2267 2353 tus
2292 2298 2387 2367 qui
2413 2299 2797 2354 communiter
2824 2296 3043 2352 obtinet
3083 2314 3149 2352 ac
3175 2297 3351 2352 etiam
3372 2298 3430 2352 in
3460 2296 3824 2351 administra-

2176 2369 2331 2423 tione
2357 2369 2733 2437 baptismatis.

2246 2440 2332 2493 Ad
2361 2435 2534 2493 aliam
2568 2456 2719 2494 nunc
2758 2439 3117 2509 procedimus
3172 2438 3379 2494 Nicetes
3408 2436 3591 2492 nostri
3620 2435 3825 2509 doctri-

2177 2526 2335 2570 nam.
2365 2527 2537 2579 quam
2586 2508 2769 2565 tradit
2808 2509 3235 2580 Explanationis
3281 2509 3467 2579 capite
3517 2510 3575 2567 6.
3634 2508 3728 2562 ubi
3759 2508 3822 2562 de

2177 2581 2431 2651 Symboli
2463 2581 2704 2636 articulo
2738 2581 2854 2651 agit
2887 2579 2900 2634 :7
2922 2582 3054 2636 Inde
3079 2588 3344 2635 venturus
3375 2585 3456 2635 est
3474 2580 3735 2649 judicare
3759 2579 3821 2633 υἰ-

2179 2669 2264 2733 nos
2293 2659 2623 2733 et‘mortuos.
2678 2675 2697 2700 ι
2760 2651 2959 2720 Crede,
3010 2652 3212 2733 inquit,
3266 2651 3540 2733 quoniam
3590 2651 3823 2733 hicipse

2181 2722 2433 2777 Christus
2462 2724 2734 2779 Dominus
2756 2728 2950 2778 noster
2974 2722 3159 2777 veniet
3178 2740 3307 2776 cum
3331 2722 3550 2793 angelis
3579 2727 3638 2778 et
3658 2722 3825 2775 virtu-

2180 2794 2329 2847 tibus
2360 2811 2557 2848 eorum
2584 2799 2703 2849 tam
2726 2794 2886 2849 vivos
2912 2810 3086 2863 quam
3104 2793 3238 2848 olim
3270 2794 3821 2864 mortuosjudicare,

2177 2869 2239 2919 ut
2266 2866 2467 2919 reddat
2498 2865 2736 2935 singulis
2767 2867 3077 2920 secundum
3110 2882 3285 2934 opera
3314 2863 3599 2919 eorumfn
3630 2863 3823 2918 Verbis

2177 2935 2305 3001 illis,
2336 2943 2449 2989 tam
2479 2937 2631 2992 vivos
2677 2954 2831 3006 quam
2865 2936 2995 2990 olim
3042 2944 3282 2990 mortuos
3317 2935 3593 3005 judicare.
3648 2935 3823 2989 videri

2177 3011 2363 3076 potest
2379 3008 2601 3062 Nicetas
2621 3010 2842 3072 docere,
2862 3009 2933 3061 ad
2958 3007 3328 3062 universitate
3337 3006 3622 3078 judicium
3646 3022 3822 3078 acces-

410 3097 478 3134 ea
508 3097 633 3149 quae
662 3097 693 3133 a
725 3076 1042 3150 majoribus
1069 3076 1411 3148 accepimus,
1436 3082 1576 3135 dixit
1599 3076 1783 3135 Xistus
1807 3098 1952 3151 papa
1974 3083 2062 3145 IIl,
2100 3095 2144 3154 ο
2177 3094 2357 3143 suros,
2389 3079 2602 3201 absgue
2646 3084 2831 3133 morte
2862 3079 3237 3148 praecedente,
3291 3076 3388 3132 eos
3434 3093 3578 3147 quos
3612 3077 3667 3130 in
3721 3076 3823 3130 ﬁne

410 3150 464 3201 in
479 3150 717 3201 epistola
740 3151 812 3201 ad
839 3151 1119 3201 Joannem
1135 3150 1573 3201 Antiochenam-
1609 3154 1755 3201 amid
1789 3153 2063 3201 Coustan-
2176 3149 2374 3201 mundi
2430 3150 2482 3201 iu
2532 3150 2629 3201 icis
2660 3151 2936 3201 adventus
2968 3150 3122 3201 vivos
3143 3148 3418 3201 repererit
3458 3149 3647 3201 :auod
3680 3152 3823 3201 certe

406 3150 464 3222 in
479 3150 717 3222 epistola
740 3151 812 3222 ad
839 3151 1119 3222 Joannem
1135 3150 1573 3216 Antiochenam,
1609 3154 1757 3222 apud
1789 3150 2063 3207 Constan-

410 3219 576 3280 tium,
602 3218 867 3287 Epistolas
888 3221 1278 3273 Romanorum
1306 3218 1662 3289 pontiﬁcum:
1687 3245 1707 3272 ι
1748 3223 2065 3285 Quicrassi-

411 3289 610 3361 tudine
635 3289 882 3343 carnalis
912 3289 1123 3361 ingenii
1160 3291 1438 3358 passionis
1469 3294 1590 3356 eius
1617 3294 1889 3361 mysteria
1914 3310 2066 3348 com-

411 3360 761 3433 prehendere
779 3376 891 3414 non
914 3359 1196 3421 valemus;
1220 3362 1555 3417 credulitate
1578 3359 1743 3417 rectae
1764 3363 1917 3427 ﬁdei,
1941 3381 2064 3433 quae

412 3430 699 3503 praestitit,
748 3435 1069 3503 teneamus.
1104 3453 1131 3481 n
1172 3434 1256 3485 Ita
1285 3437 1520 3489 sanctus
1550 3433 1826 3488 Maximus
1867 3430 2067 3490 Tauri-

412 3502 625 3565 nensis,
653 3518 920 3575 sermone
945 3502 1013 3575 38
1032 3503 1100 3556 de
1125 3505 1423 3575 Tempore,
1450 3509 1644 3575 aperte
1670 3505 2064 3560 credulitatem

414 3590 646 3647 sumens
672 3592 774 3647 pro
801 3573 1080 3647 interiore
1124 3573 1448 3639 actu’ﬁdei,
1482 3573 1593 3646 quo
1624 3575 1914 3647 religionis
1947 3593 2066 3647 my-

416 3644 590 3700 steria
618 3645 1009 3701 indubitanter
1037 3651 1319 3700 tenemus.

490 3717 599 3769 Sed
626 3715 767 3769 nihil
791 3716 897 3770 hac
926 3716 983 3769 in
1005 3733 1064 3771 re
1088 3718 1359 3786 apertius,
1396 3716 1537 3771 nihil
1563 3717 1916 3772 enucleatius
1942 3734 2070 3771 san-

419 3790 509 3840 cto
531 3786 694 3840 Petro
737 3786 1082 3856 Chrysologo
1113 3804 1377 3842 sermone
1419 3787 1487 3841 60
1525 3788 1580 3842 in
1613 3788 1863 3843 editione
1897 3790 2070 3843 Seba-

419 3855 787 3929 stianiPauli,
808 3856 899 3910 ubi
924 3873 1055 3929 suos
1074 3858 1244 3912 veluti
1262 3859 1473 3927 gradus
1489 3858 1544 3912 in
1565 3859 1694 3913 ﬁdei
1719 3859 2071 3929 professione

420 3926 735 3987 constituit,
773 3932 828 3982 et
883 3927 973 3980 ubi
1006 3928 1062 3981 in
1102 3945 1214 3996 quo
1259 3926 1564 3984 credulitas
1607 3926 1851 3985 locanda
1894 3930 1986 3994 sit,
2018 3936 2074 3986 et

421 3998 557 4069 quid
613 3999 802 4071 reipsa
860 3998 1166 4071 credulitas
1212 4000 1420 4063 valeat,
1499 4005 1693 4071 aperte
1754 4002 2069 4071 distinguit.

426 4068 455 4143 ᾇ
482 4071 701 4132 Sermo,
728 4069 933 4143 inquit.
967 4074 1123 4125 creat
1153 4071 1436 4139 auditum,
1481 4068 1708 4127 auditus
1734 4068 1981 4143 concipit
2010 4072 2073 4127 ﬁ-

425 4141 576 4203 dem,
610 4140 1006 4195 credulitatem
1037 4142 1281 4206 parturit
1314 4142 1472 4206 ﬁdes,
1505 4140 1923 4198 confessionem
1961 4160 2077 4199 cre-

425 4211 636 4265 dulitas
666 4211 844 4265 nutrit
875 4229 887 4275 ;
920 4211 1201 4267 confessio
1233 4218 1566 4282 perpetuam
1609 4216 1709 4268 dat
1746 4215 2010 4269 salutem.
2048 4237 2068 4263 ι

426 4282 742 4339 Credulitas
760 4282 951 4352 itaque
977 4287 1061 4337 est
1085 4300 1213 4353 quae
1235 4284 1429 4345 ﬁdem,
1452 4285 1648 4339 animo
1669 4286 1867 4349 semel,
1894 4303 1960 4341 ex
1979 4302 2074 4341 au-

425 4354 548 4409 ditu
574 4356 933 4426 conceptam,
956 4370 1189 4426 assensu
1212 4354 1417 4409 intimo
1440 4356 1800 4426 amplexatur
1821 4362 1877 4411 et
1894 4357 2077 4424 sequi-

2176 3149 2374 3203 mundi
2423 3148 2629 3218 judicis
2660 3151 2936 3203 adventus
2968 3150 3122 3203 vivos
3143 3148 3418 3219 repererit
3458 3149 3647 3218 :quod
3680 3152 3825 3202 certe

2176 3236 2210 3273 a
2234 3219 2527 3274 communi
2559 3220 2839 3275 sentiendi
2871 3219 3093 3275 ratione
3122 3220 3375 3274 alienum
3405 3219 3823 3289 cognoscimus.

2174 3307 2287 3360 qua
2317 3292 2589 3345 docemur
2617 3292 2972 3346 subeundam
3006 3308 3127 3346 esse
3167 3291 3239 3344 ab
3284 3290 3551 3344 omnibus
3592 3290 3824 3343 omnino

2175 3360 2501 3433 hominibus
2524 3362 2723 3416 mortis
2742 3378 2967 3433 pcenam
2991 3379 3003 3428 ;
3028 3366 3083 3416 et
3100 3378 3300 3417 omnes
3320 3377 3549 3433 quoque
3567 3361 3825 3433 homines

2170 3432 2335 3501 juxta
2364 3432 2716 3501 Apostolum.
2744 3430 3186 3488 'resurrecturos
3229 3430 3373 3501 esse,
3405 3430 3557 3501 quod
3606 3430 3824 3485 nonnisi

2176 3508 2359 3557 morte
2392 3502 2802 3558 interveniente
2851 3504 2971 3558 ﬁeri
3017 3509 3221 3573 potest.
3272 3502 3538 3558 Doctrina
3595 3504 3821 3573 quidem

2175 3573 2384 3645 Nicetes
2413 3574 2591 3628 nostri
2621 3574 3057 3644 explicationem
3084 3575 3335 3645 aliquam
3360 3591 3471 3628 non
3502 3573 3825 3645 prorsusin-

2176 3644 2288 3698 vita
2321 3649 2624 3713 pateretur,
2662 3662 2775 3715 qua
2806 3647 3073 3700 eumdem
3103 3644 3428 3715 concepisse
3469 3646 3668 3699 animo
3681 3644 3823 3715 judi-

2178 3732 2459 3779 caremus,
2495 3718 2637 3771 vivos
2658 3713 2773 3779 eos,
2804 3734 2944 3787 quos
2971 3717 3233 3771 nominat
3256 3713 3539 3786 eregione
3566 3721 3630 3770 ut
3650 3713 3725 3769 ita
3750 3713 3822 3768 di-

2179 3803 2306 3840 cam
2337 3804 2465 3841 cum
2496 3789 2627 3841 olim
2646 3789 2901 3851 mortuis,
2937 3805 3049 3841 non
3075 3788 3226 3857 prius
3252 3789 3323 3841 ad
3340 3787 3617 3859 judicium
3650 3802 3823 3859 acces-

2182 3874 2364 3923 suros,
2395 3874 2570 3928 quam
2602 3863 2849 3912 mortem
2880 3864 2937 3913 et
2965 3859 3092 3928 ipsi,
3116 3858 3247 3913 licet
3270 3857 3689 3917 ad‘modicum,
3725 3857 3819 3911 im~

2183 3945 2278 3982 mo
2305 3930 2376 3982 ad
2400 3929 2705 3983 minimum
2740 3930 3013 3998 temporis
3044 3930 3315 3998 spatium.
3348 3929 3691 3998 pertulerint
3717 3945 3729 3990 ;
3752 3930 3824 3981 ita

2183 4004 2246 4071 ut
2272 4001 2381 4053 vivi
2408 3999 2486 4053 illi
2534 4017 2666 4054 mox
2691 4001 2951 4055 morituri
2994 4000 3402 4071 intelligantur.
3451 4005 3516 4054 ut
3546 4017 3659 4054 una
3702 4014 3821 4071 cum

2183 4070 2317 4152 olim
2350 4074 2584 4126 mortuis
2613 4076 2670 4125 et
2717 4070 2819 4152 ipsi
2859 4088 3083 4152 quoque
3116 4068 3292 4152 iiiiper
3320 4072 3547 4134 mortui,
3594 4068 3824 4125 redividi

2183 4142 2415 4196 tandem
2447 4159 2645 4196 omnes
2678 4142 2748 4195 ad
2781 4142 3053 4212 judicium
3086 4144 3375 4196 sistantur.

2254 4213 2467 4266 Verum
2502 4214 2707 4267 Nicetis
2732 4211 3004 4277 dcctrina,
3041 4214 3211 4269 etiam
3244 4212 3409 4281 priori
3436 4217 3494 4267 et
3524 4211 3692 4266 obvio
3714 4226 3826 4264 ver-

2184 4284 2388 4337 borum
2422 4283 2570 4338 illius
2598 4301 2765 4338 sensu
2794 4290 3045 4352 accepta,
3091 4284 3461 4352 explicatione
3489 4282 3581 4337 hic
3616 4299 3726 4336 non
3756 4281 3830 4334 in-

2183 4353 2355 4423 diget,
2389 4356 2487 4408 sed
2509 4354 2861 4409 defensione.
2890 4357 2946 4409 In
2976 4372 3035 4410 re
3063 4355 3276 4410 scilicet
3305 4371 3623 4425 numquam
3648 4354 3829 4425 abEc-

426 4424 1060 4508 tur;et.confcsssionem
1080 4424 1322 4506 indecre
1336 4424 1711 4508 promendam
1729 4427 2077 4508 anteceditet
2111 4452 2154 4508 Ι)
2184 4425 2355 4508 clesia
2381 4425 2647 4507 peculiari
2678 4443 2897 4480 canone
2928 4425 3181 4483 deﬁnita.
3215 4432 3385 4508 atque
3418 4424 3829 4508 tunchnia'xime

427 4494 633 4569 nutrit;
664 4494 903 4569 ideoque
937 4498 1023 4569 est
1044 4494 1451 4569 proprieactus
1478 4498 1734 4553 internus
1778 4499 1929 4563 ﬁdei,
1963 4516 2074 4569 quo

426 4565 595 4635 rebus
616 4565 913 4635 credendis
935 4564 1133 4619 ﬁrmus
1156 4568 1439 4635 praebetur
1456 4586 1742 4634 assensus,
1766 4574 1822 4624 et
1836 4564 2074 4624 unde—ad

424 4633 844 4708 confessionem
878 4633 1169 4708 externam
1194 4637 1435 4692 venitur.
1464 4640 1606 4694 Hinc
1628 4641 1898 4708 praeclare
1916 4641 2076 4695 Nice-

418 4709 507 4779 tas
531 4705 590 4760 in
618 4705 1025 4779 Explanatione
1045 4706 1253 4771 aiebat,
1275 4711 1423 4779 quod
1444 4710 1594 4767 Bene
1610 4705 1807 4779 incipit
1831 4729 1865 4764 a
1884 4712 2074 4766 credu—

422 4777 583 4850 litate
605 4778 893 4850 confessio,
928 4778 981 4832 id
1024 4782 1109 4832 est
1148 4781 1218 4833 ab
1263 4777 1467 4834 intima
1498 4782 1677 4835 animi
1703 4777 2071 4850 persuasione

417 4864 534 4919 qua
565 4849 953 4903 indubitanter
981 4849 1266 4904 credimus
1297 4855 1352 4904 et
1381 4852 1529 4905 unde
1562 4868 1663 4905 vox
1691 4849 1850 4906 credo
1884 4868 2067 4908 erum—

416 4919 512 4990 pit,
546 4938 659 4991 qua
685 4920 932 4975 exterius
960 4921 1302 4976 conﬁtemur
1329 4922 1479 4991 quod
1508 4921 1659 4975 intus
1694 4923 1748 4976 in
1794 4925 1963 4978 corde
1988 4929 2066 4979 te-

412 5009 635 5048 nemus.
662 4991 939 5046 Praaclare
955 5008 1180 5062 quoque
1200 4996 1396 5056 gentes
1413 4993 1672 5047 credulas
1707 4994 1848 5048 dixit
1864 5012 1985 5062 quze
2006 4996 2062 5049 in

409 5063 644 5136 nomine
674 5062 856 5136 Patris
886 5066 939 5136 et
966 5061 1091 5114 Filii
1122 5066 1178 5116 et
1204 5062 1447 5132 Spiritus
1477 5064 1658 5136 sancti
1703 5061 1891 5120 essent
1923 5066 2060 5136 bap-

404 5135 687 5212 tizanda3_;
716 5133 976 5189 credulas
1003 5148 1375 5212 n.empe,_non
1416 5137 1487 5190 ab
1518 5135 1710 5205 aliqua
1736 5137 1791 5212 in
1825 5133 2055 5191 assensu

402 5206 709 5277 przebendo
734 5222 830 5259 seu
862 5204 1110 5277 praestito
1142 5204 1391 5277 levitate,
1426 5223 1540 5261 non
1577 5204 1893 5277 a’quadam
1932 5212 2058 5277 opi-

399 5274 575 5331 nandi
608 5276 830 5331 ratione
862 5274 1209 5330 hmsitationi
1238 5276 1407 5332 simul
1426 5274 1694 5342 obnoxia,
1722 5279 1817 5333 sed
1838 5274 2056 5334 aﬁrma

394 5347 633 5403 interius
660 5348 792 5411 ﬁde,
825 5363 954 5416 quae
999 5346 1416 5402 confessionem
1468 5351 1826 5418 praecederet,
1857 5351 1931 5403 ad
1960 5351 2054 5405 ba-

390 5418 667 5487 ptismum
701 5418 1125 5486 suscipiendum
1160 5420 1564 5475 necessariam.

466 5489 579 5542 Hoc
628 5488 797 5556 plane
843 5505 1012 5542 sensu
1046 5488 1388 5544 credulitatis
1432 5508 1536 5544 vox
1590 5490 1764 5545 etiam
1814 5491 1870 5544 in
1908 5491 2049 5546 actis

387 5557 683 5625 Liturgicis
776 5558 1064 5613 invenitur
1114 5564 1389 5625 usurpata
1442 5578 1453 5615 :
1517 5562 1663 5616 unde
1727 5563 1782 5615 in
1838 5562 2045 5617 Missali

385 5628 679 5705 gallicano
703 5629 902 5705 veteri,
934 5628 1208 5705 in_offi_cio
1241 5631 1565 5685 traditionis
1592 5632 1869 5705 Symboli,
1895 5635 2047 5705 apud

384 5697 761 5765 Muratorium
806 5697 1055 5765 Liturgia
1098 5700 1361 5755 Romana
1411 5706 1570 5757 vetus
1622 5697 1781 5758 t'omo
1832 5704 1899 5765 ll,
1933 5697 2040 5757 col.

383 5764 667 5835 7lealias
691 5764 876 5821 citatis
915 5764 1181 5823 editionis
1214 5770 1454 5830 Venetae
1497 5773 1742 5843 iri-folio,
1792 5764 2040 5848 italegi-

2185 4496 2460 4578 temporis
2489 4497 2544 4550 in
2580 4503 2880 4578 utramque
2913 4502 3131 4578 partem
3169 4498 3412 4578 agitata,
3442 4496 3825 4578 licuit‘Nicette

2183 4566 2524 4631 doctrinam,
2555 4584 2653 4622 seu
2686 4566 2870 4637 potius
2912 4566 3240 4638 opinionem
3274 4574 3466 4621 tenere
3496 4584 3564 4621 ac
3608 4567 3826 4638 tradere

2183 4654 2353 4705 quam
2411 4634 2760 4692 clarissimus
2802 4634 3034 4694 Touttée
3080 4656 3110 4694 e
3141 4638 3585 4707 congregatione
3638 4634 3823 4691 Sancti

2182 4709 2381 4770 Mauri,
2413 4709 2467 4762 in
2502 4709 2891 4763 notationibus
2934 4712 3005 4763 ad
3044 4714 3306 4764 sanctum
3334 4709 3603 4779 Cyrillum
3642 4708 3822 4779 Hiero-

2178 4779 2595 4855 solymitanum
2637 4797 2670 4834 a
2707 4798 2767 4835 se
2810 4780 3184 4855 illustratum,
3226 4781 3299 4855 ad
3351 4778 3693 4855 eatechesi_m
3740 4778 3812 4855 Ιξ),

2179 4866 2335 4921 num.
2373 4851 2461 4913 23,
2494 4851 2682 4906 aiebat
2705 4868 3073 4906 communem
3099 4851 3429 4921 opinionem
3458 4867 3582 4905 esse
3613 4851 3813 4902 Graecis

2176 4920 2433 4975 Patrihus
2460 4928 2516 4976 et
2545 4923 2874 4976 Latinorum
2908 4920 3147 4992 quoque
3170 4923 3466 4990 permultis
3501 4938 3513 4974 ε
3551 4944 3575 4967 α
3623 4921 3810 4992 Multos

2175 5008 2377 5061 nempe
2408 4994 2655 5047 secundo
2704 4991 3195 5048 Domini’advenlu
3232 4994 3417 5048 adhuc
3446 4992 3692 5047 viventes
3714 4991 3806 5042 de-

2172 5064 2517 5132 prehensum
2544 5064 2632 5127 iri,
2661 5068 2717 5119 et
2742 5081 2855 5119 una
2881 5082 3005 5119 cum
3032 5064 3294 5118 redivivis
3316 5063 3801 5130 ejusjudiciomon

2170 5134 2323 5202 prius
2364 5135 2519 5189 obita
2558 5143 2759 5199 morte,
2805 5136 3105 5191 sistendos.
3170 5158 3196 5183 »ι
3246 5136 3312 5190 Ut
3362 5135 3588 5188 Graecos
3630 5134 3799 5186 Patres

2167 5206 2522 5269 omittamus,
2558 5224 2657 5275 pro
2685 5208 2888 5275 quibus
2917 5207 3177 5261 sufﬁcere
3206 5211 3387 5273 potest
3417 5205 3570 5259 idem
3593 5207 3795 5259 sanctus

2165 5276 2402 5345 Cyrillus
2427 5278 2704 5332 catechcsi
2756 5280 2926 5332 citata
2962 5295 3106 5347 ,quaa
3136 5282 3221 5331 est
3254 5280 3323 5331 de
3353 5276 3572 5348 judicio
3608 5279 3796 5348 postre-

2163 5364 2279 5421 mo,
2304 5348 2413 5421 ubi
2435 5349 2636 5402 eodem
2688 5365 2844 5402 num.
2892 5350 2960 5421 ‘23
3004 5346 3367 5418 apertissime
3406 5347 3539 5421 huic
3578 5346 3793 5421 inhzroet

2163 5418 2436 5487 opinioni,
2472 5423 2768 5488 tamquam
2800 5420 3019 5490 penitus
3046 5415 3377 5488 exploratae,
3411 5419 3636 5486 suisque
3657 5415 3793 5490 audi-

2161 5484 2379 5563 toribus
2405 5484 2640 5563 omnino
2676 5484 3015 5563 pera-pectre;
3050 5484 3308 5563 nonnihil
3346 5484 3714 5542 immoremur

2158 5559 2512 5614 lustrationis
2537 5557 2721 5629 gratia
2748 5557 2818 5615 in‘
2840 5562 3071 5623 Latinis,
3103 5565 3164 5615 ut
3190 5562 3398 5616 Nicetre
3431 5564 3611 5615 nostri
3639 5557 3789 5626 expli-

2157 5631 2305 5685 catio
2332 5634 2403 5685 ab
2434 5631 2587 5685 omni
2626 5649 2866 5687 censura
2896 5632 3167 5687 immunis
3194 5637 3489 5701 appareat.

2228 5702 2468 5773 Sanctus
2484 5707 2636 5757 certe
2665 5704 3031 5773 Augustinus,
3067 5704 3120 5757 in
3146 5702 3292 5757 libro
3315 5704 3385 5758 de
3420 5702 3553 5757 Fide
3575 5706 3623 5757 et
3644 5702 3789 5773 Sym-

2154 5771 2306 5840 bolo,
2351 5790 2521 5845 quem
2565 5770 2789 5847 scripsit
2814 5776 3003 5833 adhuc
3043 5775 3341 5848 presbyter
3384 5790 3538 5832 anno
3583 5770 3788 5829 circiter
