  <div class='ocr_page' id='page_1' title='image "/cluster/home/n/w/nwhite01/storage/ocr_20150623/52/hvd.32044054758628/562.png"; bbox 0 0 4056 6188; ppageno 0'>
   <div class='ocr_carea' id='block_1_1' title="bbox 290 294 453 365">
    <p class='ocr_par' dir='ltr' id='par_1_1' title="bbox 290 294 453 365">
     <span class='ocr_line' id='line_1_1' title="bbox 290 294 453 365; baseline 0.012 -5"><span class='ocrx_word' id='word_1_1' title='bbox 290 294 453 365; x_wconf 62' lang='grc' dir='ltr'>ιω</span> 
     </span>
    </p>
   </div>
   <div class='ocr_carea' id='block_1_2' title="bbox 1006 296 1926 377">
    <p class='ocr_par' dir='ltr' id='par_1_2' title="bbox 1006 296 1926 373">
     <span class='ocr_line' id='line_1_2' title="bbox 1006 296 1926 373; baseline -0.01 0"><span class='ocrx_word' id='word_1_2' title='bbox 1006 300 1083 373; x_wconf 74' lang='grc' dir='ltr'>ΓΡ.</span> <span class='ocrx_word' id='word_1_3' title='bbox 1102 299 1427 371; x_wconf 47' lang='grc' dir='ltr'>ΑΒΗΔΙΠΕ</span> <span class='ocrx_word' id='word_1_4' title='bbox 1456 296 1926 366; x_wconf 69' lang='lat' dir='ltr'>DISSERTATIC</span> 
     </span>
    </p>
   </div>
   <div class='ocr_carea' id='block_1_3' title="bbox 2038 296 2986 377">
    <p class='ocr_par' dir='ltr' id='par_1_3' title="bbox 2038 298 2986 377">
     <span class='ocr_line' id='line_1_3' title="bbox 2038 298 2986 377; baseline 0.016 -15"><span class='ocrx_word' id='word_1_5' title='bbox 2038 298 2061 361; x_wconf 63' lang='grc' dir='ltr'><strong>ε</strong></span> <span class='ocrx_word' id='word_1_6' title='bbox 2100 302 2166 367; x_wconf 85' lang='lat'>8.</span> <span class='ocrx_word' id='word_1_7' title='bbox 2206 303 2566 375; x_wconf 71' lang='lat' dir='ltr'><strong>&#39;NICETAM.</strong></span> <span class='ocrx_word' id='word_1_8' title='bbox 2594 304 2867 375; x_wconf 68' lang='lat' dir='ltr'>—CA‘P.</span> <span class='ocrx_word' id='word_1_9' title='bbox 2910 308 2986 377; x_wconf 73' lang='grc' dir='ltr'>Χ.</span> 
     </span>
    </p>
   </div>
   <div class='ocr_carea' id='block_1_4' title="bbox 3544 317 3707 383">
    <p class='ocr_par' dir='ltr' id='par_1_4' title="bbox 3544 317 3707 383">
     <span class='ocr_line' id='line_1_4' title="bbox 3544 317 3707 383; baseline 0.012 -2"><span class='ocrx_word' id='word_1_10' title='bbox 3544 317 3661 383; x_wconf 55' lang='grc'>4⁸1³1</span> <span class='ocrx_word' id='word_1_11' title='bbox 3672 318 3707 382; x_wconf 72' lang='grc' dir='ltr'><strong>ι</strong></span> 
     </span>
    </p>
   </div>
   <div class='ocr_carea' id='block_1_5' title="bbox 295 428 3707 530">
    <p class='ocr_par' dir='ltr' id='par_1_5' title="bbox 295 428 3707 530">
     <span class='ocr_line' id='line_1_5' title="bbox 295 428 3707 530; baseline 0 0"><span class='ocrx_word' id='word_1_12' title='bbox 295 428 1946 530; x_wconf 48' lang='grc' dir='ltr'>ἓῗὶδῖ..ἓὲιὲ¹ῗηέἷῖἶῗῗῖξέἕὲξί,τι,αμίὲῗῖίὲίηῗΡεῖ,ἒξίῗῗέῗῖίέῗ</span> <span class='ocrx_word' id='word_1_13' title='bbox 1974 430 2027 495; x_wconf 73' lang='grc' dir='ltr'>Α</span> <span class='ocrx_word' id='word_1_14' title='bbox 2058 434 2343 530; x_wconf 55' lang='grc' dir='ltr'>ἰὶιξιγεψᾳ</span> <span class='ocrx_word' id='word_1_15' title='bbox 2364 443 2700 530; x_wconf 53' lang='lat' dir='ltr'>excutiam</span> <span class='ocrx_word' id='word_1_16' title='bbox 2723 449 2895 530; x_wconf 62' lang='grc' dir='ltr'>εισιξοι</span> <span class='ocrx_word' id='word_1_17' title='bbox 2913 444 3707 530; x_wconf 62' lang='grc' dir='ltr'>(ᾼάσοηήιλίρδ)ιαυοωοᾴο</span> 
     </span>
    </p>
   </div>
   <div class='ocr_carea' id='block_1_6' title="bbox 294 503 1944 577">
    <p class='ocr_par' dir='ltr' id='par_1_6' title="bbox 294 503 1944 577">
     <span class='ocr_line' id='line_1_6' title="bbox 294 503 1944 577; baseline 0.005 -22"><span class='ocrx_word' id='word_1_18' title='bbox 294 508 579 577; x_wconf 76' lang='lat' dir='ltr'>venturum</span> <span class='ocrx_word' id='word_1_19' title='bbox 604 503 1144 561; x_wconf 90' lang='lat' dir='ltr'>convenientissimo</span> <span class='ocrx_word' id='word_1_20' title='bbox 1165 511 1442 577; x_wconf 88' lang='lat' dir='ltr'>tempore,</span> <span class='ocrx_word' id='word_1_21' title='bbox 1472 513 1527 563; x_wconf 91' lang='lat' dir='ltr'>et</span> <span class='ocrx_word' id='word_1_22' title='bbox 1553 508 1944 577; x_wconf 77' lang='lat' dir='ltr'>)udieaturum</span> 
     </span>
    </p>
   </div>
   <div class='ocr_carea' id='block_1_7' title="bbox 292 574 1941 650">
    <p class='ocr_par' dir='ltr' id='par_1_7' title="bbox 292 574 1941 650">
     <span class='ocr_line' id='line_1_7' title="bbox 292 574 1941 650; baseline 0.005 -25"><span class='ocrx_word' id='word_1_23' title='bbox 292 574 437 650; x_wconf 76' lang='lat' dir='ltr'>eivos</span> <span class='ocrx_word' id='word_1_24' title='bbox 466 581 519 650; x_wconf 64' lang='lat' dir='ltr'>et</span> <span class='ocrx_word' id='word_1_25' title='bbox 539 578 800 650; x_wconf 68' lang='lat' dir='ltr'>mertuos.</span> <span class='ocrx_word' id='word_1_26' title='bbox 831 576 1106 650; x_wconf 28' lang='lat' dir='ltr'>Sive‘istis</span> <span class='ocrx_word' id='word_1_27' title='bbox 1147 574 1474 634; x_wconf 85' lang='lat' dir='ltr'>nominibus</span> <span class='ocrx_word' id='word_1_28' title='bbox 1496 574 1640 650; x_wconf 83' lang='lat' dir='ltr'>justi</span> <span class='ocrx_word' id='word_1_29' title='bbox 1666 584 1723 633; x_wconf 91' lang='lat' dir='ltr'>et</span> <span class='ocrx_word' id='word_1_30' title='bbox 1752 596 1941 649; x_wconf 89' lang='lat' dir='ltr'>pecca-</span> 
     </span>
    </p>
   </div>
   <div class='ocr_carea' id='block_1_8' title="bbox 291 644 1943 718">
    <p class='ocr_par' dir='ltr' id='par_1_8' title="bbox 291 644 1943 718">
     <span class='ocr_line' id='line_1_8' title="bbox 291 644 1943 718; baseline 0.005 -21"><span class='ocrx_word' id='word_1_31' title='bbox 291 648 445 718; x_wconf 83' lang='lat' dir='ltr'>tores</span> <span class='ocrx_word' id='word_1_32' title='bbox 476 644 861 718; x_wconf 84' lang='lat' dir='ltr'>signiﬁcentur</span> <span class='ocrx_word' id='word_1_33' title='bbox 890 665 903 711; x_wconf 93' lang='lat'>;</span> <span class='ocrx_word' id='word_1_34' title='bbox 931 647 1049 703; x_wconf 84' lang='lat' dir='ltr'>sive</span> <span class='ocrx_word' id='word_1_35' title='bbox 1091 667 1233 718; x_wconf 91' lang='lat' dir='ltr'>quos</span> <span class='ocrx_word' id='word_1_36' title='bbox 1262 654 1395 705; x_wconf 90' lang='lat' dir='ltr'>tunc</span> <span class='ocrx_word' id='word_1_37' title='bbox 1443 644 1576 706; x_wconf 76' lang='lat' dir='ltr'>ante</span> <span class='ocrx_word' id='word_1_38' title='bbox 1606 644 1853 705; x_wconf 46' lang='lat' dir='ltr'>mort—em</span> <span class='ocrx_word' id='word_1_39' title='bbox 1885 652 1943 705; x_wconf 92' lang='lat' dir='ltr'>in</span> 
     </span>
    </p>
   </div>
   <div class='ocr_carea' id='block_1_9' title="bbox 290 715 1943 789">
    <p class='ocr_par' dir='ltr' id='par_1_9' title="bbox 290 715 1943 789">
     <span class='ocr_line' id='line_1_9' title="bbox 290 715 1943 789; baseline 0.005 -21"><span class='ocrx_word' id='word_1_40' title='bbox 290 715 459 789; x_wconf 82' lang='lat' dir='ltr'>terris</span> <span class='ocrx_word' id='word_1_41' title='bbox 490 716 822 789; x_wconf 82' lang='lat' dir='ltr'>inventurus</span> <span class='ocrx_word' id='word_1_42' title='bbox 843 724 945 781; x_wconf 89' lang='lat' dir='ltr'>est,</span> <span class='ocrx_word' id='word_1_43' title='bbox 981 715 1249 789; x_wconf 78' lang='lat' dir='ltr'>appellati</span> <span class='ocrx_word' id='word_1_44' title='bbox 1282 722 1393 777; x_wconf 90' lang='lat' dir='ltr'>sint</span> <span class='ocrx_word' id='word_1_45' title='bbox 1418 722 1547 783; x_wconf 84' lang='lat' dir='ltr'>vivi,</span> <span class='ocrx_word' id='word_1_46' title='bbox 1578 722 1788 777; x_wconf 84' lang='lat' dir='ltr'>mortui</span> <span class='ocrx_word' id='word_1_47' title='bbox 1811 738 1943 777; x_wconf 87' lang='lat' dir='ltr'>vero</span> 
     </span>
    </p>
   </div>
   <div class='ocr_carea' id='block_1_10' title="bbox 289 786 1943 859">
    <p class='ocr_par' dir='ltr' id='par_1_10' title="bbox 289 786 1943 859">
     <span class='ocr_line' id='line_1_10' title="bbox 289 786 1943 859; baseline 0.007 -22"><span class='ocrx_word' id='word_1_48' title='bbox 289 786 394 856; x_wconf 88' lang='lat' dir='ltr'>qui</span> <span class='ocrx_word' id='word_1_49' title='bbox 425 786 478 840; x_wconf 93' lang='lat' dir='ltr'>in</span> <span class='ocrx_word' id='word_1_50' title='bbox 502 788 627 859; x_wconf 88' lang='lat' dir='ltr'>ejus</span> <span class='ocrx_word' id='word_1_51' title='bbox 645 789 889 844; x_wconf 87' lang='lat' dir='ltr'>adventu</span> <span class='ocrx_word' id='word_1_52' title='bbox 905 786 1271 847; x_wconf 76' lang='lat' dir='ltr'>resurrecturi</span> <span class='ocrx_word' id='word_1_53' title='bbox 1295 797 1443 847; x_wconf 89' lang='lat' dir='ltr'>sunt.</span> <span class='ocrx_word' id='word_1_54' title='bbox 1484 816 1503 842; x_wconf 75' lang='grc' dir='ltr'>ι</span> <span class='ocrx_word' id='word_1_55' title='bbox 1535 795 1593 847; x_wconf 89' lang='lat' dir='ltr'>In</span> <span class='ocrx_word' id='word_1_56' title='bbox 1617 793 1943 848; x_wconf 85' lang='lat' dir='ltr'>Enchiridio</span> 
     </span>
    </p>
   </div>
   <div class='ocr_carea' id='block_1_11' title="bbox 289 859 1942 934">
    <p class='ocr_par' dir='ltr' id='par_1_11' title="bbox 289 859 1942 934">
     <span class='ocr_line' id='line_1_11' title="bbox 289 859 1942 934; baseline 0.005 -24"><span class='ocrx_word' id='word_1_57' title='bbox 289 874 518 934; x_wconf 67' lang='lat' dir='ltr'>queque</span> <span class='ocrx_word' id='word_1_58' title='bbox 560 859 629 913; x_wconf 89' lang='lat' dir='ltr'>de</span> <span class='ocrx_word' id='word_1_59' title='bbox 683 859 835 918; x_wconf 86' lang='lat' dir='ltr'>Fide.</span> <span class='ocrx_word' id='word_1_60' title='bbox 885 862 993 931; x_wconf 92' lang='lat' dir='ltr'>Spe</span> <span class='ocrx_word' id='word_1_61' title='bbox 1022 868 1078 916; x_wconf 91' lang='lat' dir='ltr'>et</span> <span class='ocrx_word' id='word_1_62' title='bbox 1131 864 1431 921; x_wconf 87' lang='lat' dir='ltr'>Charitate.</span> <span class='ocrx_word' id='word_1_63' title='bbox 1486 866 1637 934; x_wconf 94' lang='lat' dir='ltr'>quod</span> <span class='ocrx_word' id='word_1_64' title='bbox 1669 866 1942 934; x_wconf 91' lang='lat' dir='ltr'>scriptum</span> 
     </span>
    </p>
   </div>
   <div class='ocr_carea' id='block_1_12' title="bbox 293 928 1942 999">
    <p class='ocr_par' dir='ltr' id='par_1_12' title="bbox 293 928 1942 999">
     <span class='ocr_line' id='line_1_12' title="bbox 293 928 1942 999; baseline 0.005 -19"><span class='ocrx_word' id='word_1_65' title='bbox 293 928 580 999; x_wconf 74' lang='lat' dir='ltr'>iudicatur</span> <span class='ocrx_word' id='word_1_66' title='bbox 608 935 734 999; x_wconf 90' lang='lat' dir='ltr'>post</span> <span class='ocrx_word' id='word_1_67' title='bbox 763 928 980 985; x_wconf 84' lang='lat' dir='ltr'>annum</span> <span class='ocrx_word' id='word_1_68' title='bbox 1013 934 1137 997; x_wconf 75' lang='grc'>420,</span> <span class='ocrx_word' id='word_1_69' title='bbox 1185 939 1284 989; x_wconf 88' lang='lat' dir='ltr'>aut</span> <span class='ocrx_word' id='word_1_70' title='bbox 1330 928 1533 990; x_wconf 83' lang='lat' dir='ltr'>eodem</span> <span class='ocrx_word' id='word_1_71' title='bbox 1585 937 1759 990; x_wconf 90' lang='lat' dir='ltr'>etiam</span> <span class='ocrx_word' id='word_1_72' title='bbox 1782 928 1942 990; x_wconf 76' lang='lat' dir='ltr'>anno</span> 
     </span>
    </p>
   </div>
   <div class='ocr_carea' id='block_1_13' title="bbox 330 1001 1941 1075">
    <p class='ocr_par' dir='ltr' id='par_1_13' title="bbox 330 1001 1941 1075">
     <span class='ocr_line' id='line_1_13' title="bbox 330 1001 1941 1075; baseline 0.004 -22"><span class='ocrx_word' id='word_1_73' title='bbox 330 1017 414 1054; x_wconf 59' lang='lat' dir='ltr'>asc</span> <span class='ocrx_word' id='word_1_74' title='bbox 445 1001 619 1055; x_wconf 80' lang='lat' dir='ltr'>habet</span> <span class='ocrx_word' id='word_1_75' title='bbox 645 1002 829 1075; x_wconf 87' lang='lat' dir='ltr'>capite</span> <span class='ocrx_word' id='word_1_76' title='bbox 859 1005 927 1058; x_wconf 79' lang='grc'>55</span> <span class='ocrx_word' id='word_1_77' title='bbox 959 1020 972 1057; x_wconf 88' lang='lat'><strong>:</strong></span> <span class='ocrx_word' id='word_1_78' title='bbox 1002 1026 1029 1053; x_wconf 84' lang='grc'>‹‹</span> <span class='ocrx_word' id='word_1_79' title='bbox 1063 1006 1290 1061; x_wconf 91' lang='lat' dir='ltr'>Duobus</span> <span class='ocrx_word' id='word_1_80' title='bbox 1323 1011 1515 1061; x_wconf 87' lang='lat' dir='ltr'>autem</span> <span class='ocrx_word' id='word_1_81' title='bbox 1549 1006 1733 1061; x_wconf 91' lang='lat' dir='ltr'>modis</span> <span class='ocrx_word' id='word_1_82' title='bbox 1765 1006 1941 1075; x_wconf 84' lang='lat' dir='ltr'>accipi</span> 
     </span>
    </p>
   </div>
   <div class='ocr_carea' id='block_1_14' title="bbox 288 1073 1941 1150">
    <p class='ocr_par' dir='ltr' id='par_1_14' title="bbox 288 1073 1941 1150">
     <span class='ocr_line' id='line_1_14' title="bbox 288 1073 1941 1150; baseline 0.004 -25"><span class='ocrx_word' id='word_1_83' title='bbox 288 1076 499 1150; x_wconf 77' lang='lat' dir='ltr'>potest,</span> <span class='ocrx_word' id='word_1_84' title='bbox 528 1074 679 1150; x_wconf 72' lang='lat' dir='ltr'>quod</span> <span class='ocrx_word' id='word_1_85' title='bbox 707 1073 861 1129; x_wconf 92' lang='lat' dir='ltr'>vivos</span> <span class='ocrx_word' id='word_1_86' title='bbox 887 1080 944 1129; x_wconf 90' lang='lat' dir='ltr'>et</span> <span class='ocrx_word' id='word_1_87' title='bbox 973 1081 1230 1150; x_wconf 85' lang='lat' dir='ltr'>mortuos</span> <span class='ocrx_word' id='word_1_88' title='bbox 1250 1077 1528 1145; x_wconf 82' lang='lat' dir='ltr'>judicabit</span> <span class='ocrx_word' id='word_1_89' title='bbox 1560 1095 1571 1132; x_wconf 91' lang='lat'><strong>:</strong></span> <span class='ocrx_word' id='word_1_90' title='bbox 1620 1078 1735 1133; x_wconf 85' lang='lat' dir='ltr'>sive</span> <span class='ocrx_word' id='word_1_91' title='bbox 1762 1082 1822 1132; x_wconf 90' lang='lat' dir='ltr'>ut</span> <span class='ocrx_word' id='word_1_92' title='bbox 1865 1073 1941 1131; x_wconf 80' lang='lat' dir='ltr'>vi-</span> 
     </span>
    </p>
   </div>
   <div class='ocr_carea' id='block_1_15' title="bbox 285 1142 1942 1215">
    <p class='ocr_par' dir='ltr' id='par_1_15' title="bbox 285 1142 1942 1215">
     <span class='ocr_line' id='line_1_15' title="bbox 285 1142 1942 1215; baseline 0.004 -20"><span class='ocrx_word' id='word_1_93' title='bbox 285 1159 387 1215; x_wconf 73' lang='lat' dir='ltr'>vos</span> <span class='ocrx_word' id='word_1_94' title='bbox 417 1142 825 1215; x_wconf 81' lang='lat' dir='ltr'>intelligamus,</span> <span class='ocrx_word' id='word_1_95' title='bbox 848 1162 990 1215; x_wconf 91' lang='lat' dir='ltr'>quos</span> <span class='ocrx_word' id='word_1_96' title='bbox 1016 1147 1106 1203; x_wconf 89' lang='lat' dir='ltr'>hic</span> <span class='ocrx_word' id='word_1_97' title='bbox 1130 1142 1385 1203; x_wconf 87' lang='lat' dir='ltr'>nondum</span> <span class='ocrx_word' id='word_1_98' title='bbox 1412 1154 1691 1212; x_wconf 91' lang='lat' dir='ltr'>mortuos,</span> <span class='ocrx_word' id='word_1_99' title='bbox 1724 1150 1823 1204; x_wconf 88' lang='lat' dir='ltr'>sed</span> <span class='ocrx_word' id='word_1_100' title='bbox 1844 1150 1942 1204; x_wconf 91' lang='lat' dir='ltr'>ad-</span> 
     </span>
    </p>
   </div>
   <div class='ocr_carea' id='block_1_16' title="bbox 284 1212 1939 1291">
    <p class='ocr_par' dir='ltr' id='par_1_16' title="bbox 284 1212 1939 1291">
     <span class='ocr_line' id='line_1_16' title="bbox 284 1212 1939 1291; baseline 0.004 -24"><span class='ocrx_word' id='word_1_101' title='bbox 284 1212 398 1291; x_wconf 87' lang='lat' dir='ltr'>huc</span> <span class='ocrx_word' id='word_1_102' title='bbox 424 1214 481 1268; x_wconf 92' lang='lat' dir='ltr'>in</span> <span class='ocrx_word' id='word_1_103' title='bbox 509 1213 620 1291; x_wconf 88' lang='lat' dir='ltr'>ista</span> <span class='ocrx_word' id='word_1_104' title='bbox 648 1232 819 1270; x_wconf 90' lang='lat' dir='ltr'>carne</span> <span class='ocrx_word' id='word_1_105' title='bbox 845 1212 1096 1291; x_wconf 81' lang='lat' dir='ltr'>viventes</span> <span class='ocrx_word' id='word_1_106' title='bbox 1120 1219 1452 1275; x_wconf 86' lang='lat' dir='ltr'>inventurus</span> <span class='ocrx_word' id='word_1_107' title='bbox 1477 1222 1702 1291; x_wconf 88' lang='lat' dir='ltr'>estejus</span> <span class='ocrx_word' id='word_1_108' title='bbox 1730 1221 1939 1274; x_wconf 51' lang='lat' dir='ltr'>adven.</span> 
     </span>
    </p>
   </div>
   <div class='ocr_carea' id='block_1_17' title="bbox 284 1289 1941 1362">
    <p class='ocr_par' dir='ltr' id='par_1_17' title="bbox 284 1289 1941 1362">
     <span class='ocr_line' id='line_1_17' title="bbox 284 1289 1941 1362; baseline 0.004 -24"><span class='ocrx_word' id='word_1_109' title='bbox 284 1290 409 1362; x_wconf 77' lang='lat' dir='ltr'>tus;</span> <span class='ocrx_word' id='word_1_110' title='bbox 445 1289 703 1362; x_wconf 80' lang='lat' dir='ltr'>mortuos</span> <span class='ocrx_word' id='word_1_111' title='bbox 728 1292 920 1362; x_wconf 83' lang='lat' dir='ltr'>autem</span> <span class='ocrx_word' id='word_1_112' title='bbox 947 1290 1140 1362; x_wconf 7' lang='lat' dir='ltr'>equirde</span> <span class='ocrx_word' id='word_1_113' title='bbox 1178 1308 1428 1362; x_wconf 85' lang='lat' dir='ltr'>corpore,</span> <span class='ocrx_word' id='word_1_114' title='bbox 1463 1289 1621 1361; x_wconf 84' lang='lat' dir='ltr'>prius</span> <span class='ocrx_word' id='word_1_115' title='bbox 1645 1308 1819 1361; x_wconf 90' lang='lat' dir='ltr'>quam</span> <span class='ocrx_word' id='word_1_116' title='bbox 1852 1308 1941 1345; x_wconf 88' lang='lat' dir='ltr'>ve-</span> 
     </span>
    </p>
   </div>
   <div class='ocr_carea' id='block_1_18' title="bbox 282 1356 1936 1429">
    <p class='ocr_par' dir='ltr' id='par_1_18' title="bbox 282 1356 1936 1429">
     <span class='ocr_line' id='line_1_18' title="bbox 282 1356 1936 1429; baseline 0.005 -21"><span class='ocrx_word' id='word_1_117' title='bbox 282 1356 428 1418; x_wconf 90' lang='lat' dir='ltr'>niat,</span> <span class='ocrx_word' id='word_1_118' title='bbox 463 1356 721 1412; x_wconf 81' lang='lat' dir='ltr'>exierunt</span> <span class='ocrx_word' id='word_1_119' title='bbox 752 1359 836 1413; x_wconf 87' lang='lat' dir='ltr'>vel</span> <span class='ocrx_word' id='word_1_120' title='bbox 871 1356 1072 1414; x_wconf 81' lang='lat' dir='ltr'>exituri</span> <span class='ocrx_word' id='word_1_121' title='bbox 1127 1356 1300 1415; x_wconf 55' lang='lat' dir='ltr'>sunt&#39;:</span> <span class='ocrx_word' id='word_1_122' title='bbox 1357 1356 1477 1417; x_wconf 80' lang='lat' dir='ltr'>sive</span> <span class='ocrx_word' id='word_1_123' title='bbox 1524 1356 1678 1416; x_wconf 82' lang='lat' dir='ltr'>vivos</span> <span class='ocrx_word' id='word_1_124' title='bbox 1727 1363 1936 1429; x_wconf 87' lang='lat' dir='ltr'>justos,</span> 
     </span>
    </p>
   </div>
   <div class='ocr_carea' id='block_1_19' title="bbox 279 1430 1935 1504">
    <p class='ocr_par' dir='ltr' id='par_1_19' title="bbox 279 1430 1935 1504">
     <span class='ocr_line' id='line_1_19' title="bbox 279 1430 1935 1504; baseline 0.005 -25"><span class='ocrx_word' id='word_1_125' title='bbox 279 1432 542 1504; x_wconf 78' lang='lat' dir='ltr'>mortues</span> <span class='ocrx_word' id='word_1_126' title='bbox 573 1434 763 1504; x_wconf 84' lang='lat' dir='ltr'>autem</span> <span class='ocrx_word' id='word_1_127' title='bbox 792 1430 1074 1501; x_wconf 88' lang='lat' dir='ltr'>injustos;</span> <span class='ocrx_word' id='word_1_128' title='bbox 1125 1434 1394 1502; x_wconf 88' lang='lat' dir='ltr'>quoniam</span> <span class='ocrx_word' id='word_1_129' title='bbox 1432 1435 1602 1504; x_wconf 77' lang='lat'>267</span> <span class='ocrx_word' id='word_1_130' title='bbox 1634 1433 1777 1504; x_wconf 85' lang='lat' dir='ltr'>justi</span> <span class='ocrx_word' id='word_1_131' title='bbox 1803 1451 1935 1501; x_wconf 90' lang='lat' dir='ltr'>quo-</span> 
     </span>
    </p>
   </div>
   <div class='ocr_carea' id='block_1_20' title="bbox 276 1498 1934 1573">
    <p class='ocr_par' dir='ltr' id='par_1_20' title="bbox 276 1498 1934 1573">
     <span class='ocr_line' id='line_1_20' title="bbox 276 1498 1934 1573; baseline 0.005 -23"><span class='ocrx_word' id='word_1_132' title='bbox 276 1498 830 1573; x_wconf 79' lang='lat' dir='ltr'>quejudicabuntur.</span> <span class='ocrx_word' id='word_1_133' title='bbox 850 1498 895 1549; x_wconf 59' lang='grc'>⁷»</span> <span class='ocrx_word' id='word_1_134' title='bbox 924 1504 1008 1557; x_wconf 87' lang='lat' dir='ltr'>Ita</span> <span class='ocrx_word' id='word_1_135' title='bbox 1024 1498 1253 1558; x_wconf 79' lang='lat' dir='ltr'>sanctus</span> <span class='ocrx_word' id='word_1_136' title='bbox 1270 1498 1615 1573; x_wconf 49' lang='lat' dir='ltr'>Augustinus</span> <span class='ocrx_word' id='word_1_137' title='bbox 1634 1498 1934 1559; x_wconf 70' lang='lat' dir='ltr'>articulum</span> 
     </span>
    </p>
   </div>
   <div class='ocr_carea' id='block_1_21' title="bbox 277 1570 1934 1640">
    <p class='ocr_par' dir='ltr' id='par_1_21' title="bbox 277 1570 1934 1640">
     <span class='ocr_line' id='line_1_21' title="bbox 277 1570 1934 1640; baseline 0.007 -20"><span class='ocrx_word' id='word_1_138' title='bbox 277 1570 539 1640; x_wconf 77' lang='lat' dir='ltr'>Symboli</span> <span class='ocrx_word' id='word_1_139' title='bbox 572 1572 642 1625; x_wconf 92' lang='lat' dir='ltr'>de</span> <span class='ocrx_word' id='word_1_140' title='bbox 674 1573 893 1640; x_wconf 91' lang='lat' dir='ltr'>judicio</span> <span class='ocrx_word' id='word_1_141' title='bbox 934 1574 1124 1629; x_wconf 84' lang='lat' dir='ltr'>futuro</span> <span class='ocrx_word' id='word_1_142' title='bbox 1177 1570 1438 1630; x_wconf 81' lang='lat' dir='ltr'>vivorum</span> <span class='ocrx_word' id='word_1_143' title='bbox 1490 1582 1547 1631; x_wconf 90' lang='lat' dir='ltr'>et</span> <span class='ocrx_word' id='word_1_144' title='bbox 1576 1580 1934 1631; x_wconf 89' lang='lat' dir='ltr'>mortuorum</span> 
     </span>
    </p>
   </div>
   <div class='ocr_carea' id='block_1_22' title="bbox 276 1639 1937 1721">
    <p class='ocr_par' dir='ltr' id='par_1_22' title="bbox 276 1639 1937 1721">
     <span class='ocr_line' id='line_1_22' title="bbox 276 1639 1937 1721; baseline 0.005 -28"><span class='ocrx_word' id='word_1_145' title='bbox 276 1639 603 1721; x_wconf 77' lang='lat' dir='ltr'>explicabat</span> <span class='ocrx_word' id='word_1_146' title='bbox 630 1639 719 1705; x_wconf 79' lang='lat' dir='ltr'>;Ut</span> <span class='ocrx_word' id='word_1_147' title='bbox 736 1646 945 1721; x_wconf 32' lang='lat' dir='ltr'>abs-que</span> <span class='ocrx_word' id='word_1_148' title='bbox 960 1646 1076 1700; x_wconf 91' lang='lat' dir='ltr'>ulla</span> <span class='ocrx_word' id='word_1_149' title='bbox 1101 1663 1342 1721; x_wconf 83' lang='lat' dir='ltr'>censura</span> <span class='ocrx_word' id='word_1_150' title='bbox 1370 1648 1610 1721; x_wconf 87' lang='lat' dir='ltr'>liberum</span> <span class='ocrx_word' id='word_1_151' title='bbox 1632 1648 1835 1717; x_wconf 88' lang='lat' dir='ltr'>cuique</span> <span class='ocrx_word' id='word_1_152' title='bbox 1856 1664 1937 1702; x_wconf 91' lang='lat' dir='ltr'>es-</span> 
     </span>
    </p>
   </div>
   <div class='ocr_carea' id='block_1_23' title="bbox 275 1716 1936 1787">
    <p class='ocr_par' dir='ltr' id='par_1_23' title="bbox 275 1716 1936 1787">
     <span class='ocr_line' id='line_1_23' title="bbox 275 1716 1936 1787; baseline 0.005 -23"><span class='ocrx_word' id='word_1_153' title='bbox 275 1716 363 1787; x_wconf 90' lang='lat' dir='ltr'>set</span> <span class='ocrx_word' id='word_1_154' title='bbox 394 1716 652 1767; x_wconf 88' lang='lat' dir='ltr'>vivorum</span> <span class='ocrx_word' id='word_1_155' title='bbox 687 1716 920 1769; x_wconf 88' lang='lat' dir='ltr'>nomine</span> <span class='ocrx_word' id='word_1_156' title='bbox 952 1718 1438 1787; x_wconf 87' lang='lat' dir='ltr'>comprehendere</span> <span class='ocrx_word' id='word_1_157' title='bbox 1468 1718 1639 1773; x_wconf 90' lang='lat' dir='ltr'>etiam</span> <span class='ocrx_word' id='word_1_158' title='bbox 1676 1716 1773 1774; x_wconf 89' lang='lat' dir='ltr'>eos</span> <span class='ocrx_word' id='word_1_159' title='bbox 1795 1735 1936 1787; x_wconf 90' lang='lat' dir='ltr'>quos</span> 
     </span>
    </p>
   </div>
   <div class='ocr_carea' id='block_1_24' title="bbox 2057 509 3708 592">
    <p class='ocr_par' dir='ltr' id='par_1_24' title="bbox 2057 509 3708 592">
     <span class='ocr_line' id='line_1_24' title="bbox 2057 509 3708 592; baseline 0.009 -28"><span class='ocrx_word' id='word_1_160' title='bbox 2057 509 2516 592; x_wconf 80' lang='lat' dir='ltr'>sic_accipiemus,</span> <span class='ocrx_word' id='word_1_161' title='bbox 2560 516 2656 592; x_wconf 43' lang='grc' dir='ltr'>Ταῄ</span> <span class='ocrx_word' id='word_1_162' title='bbox 2681 516 2819 592; x_wconf 80' lang='lat' dir='ltr'>quod</span> <span class='ocrx_word' id='word_1_163' title='bbox 2838 509 3072 573; x_wconf 76' lang='lat' dir='ltr'>seminus</span> <span class='ocrx_word' id='word_1_164' title='bbox 3098 535 3211 575; x_wconf 80' lang='lat' dir='ltr'>non</span> <span class='ocrx_word' id='word_1_165' title='bbox 3253 509 3571 587; x_wconf 68' lang='lat' dir='ltr'>viviﬁcatur</span> <span class='ocrx_word' id='word_1_166' title='bbox 3593 526 3708 579; x_wconf 77' lang='lat' dir='ltr'>nisi</span> 
     </span>
    </p>
   </div>
   <div class='ocr_carea' id='block_1_25' title="bbox 2055 588 3708 659">
    <p class='ocr_par' dir='ltr' id='par_1_25' title="bbox 2055 588 3708 659">
     <span class='ocr_line' id='line_1_25' title="bbox 2055 588 3708 659; baseline 0.009 -25"><span class='ocrx_word' id='word_1_167' title='bbox 2055 588 2234 659; x_wconf 65' lang='lat' dir='ltr'>prius</span> <span class='ocrx_word' id='word_1_168' title='bbox 2254 588 2535 639; x_wconf 77' lang='lat' dir='ltr'>moriatur</span> <span class='ocrx_word' id='word_1_169' title='bbox 2556 599 2576 653; x_wconf 88' lang='lat'>,&#39;</span> <span class='ocrx_word' id='word_1_170' title='bbox 2609 590 2661 641; x_wconf 88' lang='lat' dir='ltr'>et</span> <span class='ocrx_word' id='word_1_171' title='bbox 2694 590 2889 646; x_wconf 82' lang='lat' dir='ltr'>Omnes</span> <span class='ocrx_word' id='word_1_172' title='bbox 2920 605 3286 659; x_wconf 79' lang='lat' dir='ltr'>resurgemus,</span> <span class='ocrx_word' id='word_1_173' title='bbox 3332 592 3469 659; x_wconf 88' lang='lat' dir='ltr'>sive,</span> <span class='ocrx_word' id='word_1_174' title='bbox 3518 594 3708 649; x_wconf 82' lang='lat' dir='ltr'>Omnes</span> 
     </span>
    </p>
   </div>
   <div class='ocr_carea' id='block_1_26' title="bbox 2054 652 3710 734">
    <p class='ocr_par' dir='ltr' id='par_1_26' title="bbox 2054 652 3710 734">
     <span class='ocr_line' id='line_1_26' title="bbox 2054 652 3710 734; baseline 0.008 -28"><span class='ocrx_word' id='word_1_175' title='bbox 2054 652 2398 734; x_wconf 67' lang='lat' dir='ltr'>dormiamus.</span> <span class='ocrx_word' id='word_1_176' title='bbox 2440 662 2511 734; x_wconf 89' lang='lat' dir='ltr'>_ut</span> <span class='ocrx_word' id='word_1_177' title='bbox 2542 652 2653 734; x_wconf 90' lang='lat' dir='ltr'>non</span> <span class='ocrx_word' id='word_1_178' title='bbox 2671 659 3060 734; x_wconf 59' lang='lat' dir='ltr'>adversentur</span> <span class='ocrx_word' id='word_1_179' title='bbox 3082 652 3216 717; x_wconf 84' lang='lat' dir='ltr'>huic</span> <span class='ocrx_word' id='word_1_180' title='bbox 3244 652 3563 723; x_wconf 61' lang='lat' dir='ltr'>sententias,</span> <span class='ocrx_word' id='word_1_181' title='bbox 3597 682 3710 734; x_wconf 90' lang='lat' dir='ltr'>qua</span> 
     </span>
    </p>
   </div>
   <div class='ocr_carea' id='block_1_27' title="bbox 2054 725 3708 804">
    <p class='ocr_par' dir='ltr' id='par_1_27' title="bbox 2054 725 3708 804">
     <span class='ocr_line' id='line_1_27' title="bbox 2054 725 3708 804; baseline 0.008 -27"><span class='ocrx_word' id='word_1_182' title='bbox 2054 725 2286 804; x_wconf 82' lang='lat' dir='ltr'>quidam</span> <span class='ocrx_word' id='word_1_183' title='bbox 2323 729 2838 804; x_wconf 76' lang='lat' dir='ltr'>creduntur_268</span> <span class='ocrx_word' id='word_1_184' title='bbox 2869 730 3043 785; x_wconf 88' lang='lat' dir='ltr'>etiam</span> <span class='ocrx_word' id='word_1_185' title='bbox 3075 749 3204 787; x_wconf 91' lang='lat' dir='ltr'>cum</span> <span class='ocrx_word' id='word_1_186' title='bbox 3231 733 3346 787; x_wconf 87' lang='lat' dir='ltr'>suis</span> <span class='ocrx_word' id='word_1_187' title='bbox 3378 725 3708 804; x_wconf 79' lang='lat' dir='ltr'>corporibus</span> 
     </span>
    </p>
   </div>
   <div class='ocr_carea' id='block_1_28' title="bbox 2054 801 3709 876">
    <p class='ocr_par' dir='ltr' id='par_1_28' title="bbox 2054 801 3709 876">
     <span class='ocr_line' id='line_1_28' title="bbox 2054 801 3709 876; baseline 0.009 -28"><span class='ocrx_word' id='word_1_188' title='bbox 2054 801 2440 876; x_wconf 38' lang='lat' dir='ltr'>inaniternum,</span> <span class='ocrx_word' id='word_1_189' title='bbox 2475 816 2588 854; x_wconf 92' lang='lat' dir='ltr'>non</span> <span class='ocrx_word' id='word_1_190' title='bbox 2621 801 3151 876; x_wconf 64' lang='lat' dir='ltr'>degustetamorte,</span> <span class='ocrx_word' id='word_1_191' title='bbox 3181 804 3401 858; x_wconf 89' lang='lat' dir='ltr'>victuri.</span> <span class='ocrx_word' id='word_1_192' title='bbox 3431 828 3457 853; x_wconf 80' lang='grc' dir='ltr'>η</span> <span class='ocrx_word' id='word_1_193' title='bbox 3480 801 3709 876; x_wconf 46' lang='lat' dir='ltr'>‘Anceps</span> 
     </span>
    </p>
   </div>
   <div class='ocr_carea' id='block_1_29' title="bbox 2052 867 3706 947">
    <p class='ocr_par' dir='ltr' id='par_1_29' title="bbox 2052 867 3706 947">
     <span class='ocr_line' id='line_1_29' title="bbox 2052 867 3706 947; baseline 0.007 -27"><span class='ocrx_word' id='word_1_194' title='bbox 2052 867 2427 924; x_wconf 88' lang='lat' dir='ltr'>nihilominus</span> <span class='ocrx_word' id='word_1_195' title='bbox 2466 888 2637 947; x_wconf 87' lang='lat' dir='ltr'>super</span> <span class='ocrx_word' id='word_1_196' title='bbox 2687 867 2791 927; x_wconf 82' lang='lat' dir='ltr'>hac</span> <span class='ocrx_word' id='word_1_197' title='bbox 2817 872 3157 947; x_wconf 80' lang='lat' dir='ltr'>difficultate</span> <span class='ocrx_word' id='word_1_198' title='bbox 3183 880 3414 929; x_wconf 91' lang='lat' dir='ltr'>sanctus</span> <span class='ocrx_word' id='word_1_199' title='bbox 3443 867 3706 947; x_wconf 80' lang='lat' dir='ltr'>Augusti-</span> 
     </span>
    </p>
   </div>
   <div class='ocr_carea' id='block_1_30' title="bbox 2053 943 3705 1010">
    <p class='ocr_par' dir='ltr' id='par_1_30' title="bbox 2053 943 3705 1010">
     <span class='ocr_line' id='line_1_30' title="bbox 2053 943 3705 1010; baseline 0.005 -17"><span class='ocrx_word' id='word_1_200' title='bbox 2053 954 2178 1010; x_wconf 89' lang='lat' dir='ltr'>nus,</span> <span class='ocrx_word' id='word_1_201' title='bbox 2207 956 2274 994; x_wconf 89' lang='lat' dir='ltr'>en</span> <span class='ocrx_word' id='word_1_202' title='bbox 2307 943 2614 1010; x_wconf 90' lang='lat' dir='ltr'>quomodo.</span> <span class='ocrx_word' id='word_1_203' title='bbox 2644 959 2917 998; x_wconf 89' lang='lat' dir='ltr'>converso</span> <span class='ocrx_word' id='word_1_204' title='bbox 2940 945 3008 998; x_wconf 88' lang='lat' dir='ltr'>ad</span> <span class='ocrx_word' id='word_1_205' title='bbox 3041 945 3409 1001; x_wconf 87' lang='lat' dir='ltr'>Mercatorem</span> <span class='ocrx_word' id='word_1_206' title='bbox 3440 943 3705 1004; x_wconf 79' lang='lat' dir='ltr'>sermone</span> 
     </span>
    </p>
   </div>
   <div class='ocr_carea' id='block_1_31' title="bbox 2052 1009 3706 1085">
    <p class='ocr_par' dir='ltr' id='par_1_31' title="bbox 2052 1009 3706 1085">
     <span class='ocr_line' id='line_1_31' title="bbox 2052 1009 3706 1085; baseline 0.007 -23"><span class='ocrx_word' id='word_1_207' title='bbox 2052 1009 2106 1062; x_wconf 92' lang='lat' dir='ltr'>in</span> <span class='ocrx_word' id='word_1_208' title='bbox 2134 1010 2252 1085; x_wconf 64' lang='lat' dir='ltr'>fine</span> <span class='ocrx_word' id='word_1_209' title='bbox 2271 1009 2544 1081; x_wconf 64' lang='lat' dir='ltr'>epistolas,</span> <span class='ocrx_word' id='word_1_210' title='bbox 2569 1016 2833 1085; x_wconf 85' lang='lat' dir='ltr'>eumdem</span> <span class='ocrx_word' id='word_1_211' title='bbox 2858 1015 3277 1085; x_wconf 82' lang='lat' dir='ltr'>alloquebatur,</span> <span class='ocrx_word' id='word_1_212' title='bbox 3298 1022 3358 1071; x_wconf 92' lang='lat' dir='ltr'>ut</span> <span class='ocrx_word' id='word_1_213' title='bbox 3374 1019 3583 1074; x_wconf 89' lang='lat' dir='ltr'>clarius</span> <span class='ocrx_word' id='word_1_214' title='bbox 3604 1020 3706 1073; x_wconf 85' lang='lat' dir='ltr'>ali-</span> 
     </span>
    </p>
   </div>
   <div class='ocr_carea' id='block_1_32' title="bbox 2052 1081 3704 1159">
    <p class='ocr_par' dir='ltr' id='par_1_32' title="bbox 2052 1081 3704 1159">
     <span class='ocr_line' id='line_1_32' title="bbox 2052 1081 3704 1159; baseline 0.007 -25"><span class='ocrx_word' id='word_1_215' title='bbox 2052 1081 2186 1159; x_wconf 77' lang='lat' dir='ltr'>quid</span> <span class='ocrx_word' id='word_1_216' title='bbox 2219 1083 2289 1159; x_wconf 85' lang='lat' dir='ltr'>de</span> <span class='ocrx_word' id='word_1_217' title='bbox 2319 1084 2518 1159; x_wconf 79' lang='lat' dir='ltr'>eadem</span> <span class='ocrx_word' id='word_1_218' title='bbox 2570 1084 2886 1159; x_wconf 78' lang='lat' dir='ltr'>intelligere</span> <span class='ocrx_word' id='word_1_219' title='bbox 2914 1081 3101 1159; x_wconf 78' lang='lat' dir='ltr'>posset</span> <span class='ocrx_word' id='word_1_220' title='bbox 3127 1104 3138 1140; x_wconf 92' lang='lat'><strong>:</strong></span> <span class='ocrx_word' id='word_1_221' title='bbox 3170 1110 3197 1136; x_wconf 88' lang='grc'>‹‹</span> <span class='ocrx_word' id='word_1_222' title='bbox 3242 1090 3519 1144; x_wconf 70' lang='lat' dir='ltr'>Cmterum</span> <span class='ocrx_word' id='word_1_223' title='bbox 3551 1092 3704 1159; x_wconf 89' lang='lat' dir='ltr'>quod</span> 
     </span>
    </p>
   </div>
   <div class='ocr_carea' id='block_1_33' title="bbox 2050 1152 3703 1231">
    <p class='ocr_par' dir='ltr' id='par_1_33' title="bbox 2050 1152 3703 1231">
     <span class='ocr_line' id='line_1_33' title="bbox 2050 1152 3703 1231; baseline 0.006 -26"><span class='ocrx_word' id='word_1_224' title='bbox 2050 1152 2257 1231; x_wconf 80' lang='lat' dir='ltr'>attinet</span> <span class='ocrx_word' id='word_1_225' title='bbox 2284 1154 2354 1231; x_wconf 81' lang='lat' dir='ltr'>ad</span> <span class='ocrx_word' id='word_1_226' title='bbox 2391 1152 2779 1231; x_wconf 65' lang='lat' dir='ltr'>quea-stionem</span> <span class='ocrx_word' id='word_1_227' title='bbox 2797 1152 3244 1231; x_wconf 81' lang='lat' dir='ltr'>resurrectionis.</span> <span class='ocrx_word' id='word_1_228' title='bbox 3295 1166 3522 1230; x_wconf 80' lang='lat' dir='ltr'>propter</span> <span class='ocrx_word' id='word_1_229' title='bbox 3553 1152 3703 1226; x_wconf 88' lang='lat' dir='ltr'>illos,</span> 
     </span>
    </p>
   </div>
   <div class='ocr_carea' id='block_1_34' title="bbox 2049 1225 3703 1291">
    <p class='ocr_par' dir='ltr' id='par_1_34' title="bbox 2049 1225 3703 1291">
     <span class='ocr_line' id='line_1_34' title="bbox 2049 1225 3703 1291; baseline 0.007 -17"><span class='ocrx_word' id='word_1_230' title='bbox 2049 1225 2143 1291; x_wconf 91' lang='lat' dir='ltr'>qui</span> <span class='ocrx_word' id='word_1_231' title='bbox 2171 1225 2480 1279; x_wconf 90' lang='lat' dir='ltr'>creduntur</span> <span class='ocrx_word' id='word_1_232' title='bbox 2514 1243 2625 1279; x_wconf 92' lang='lat' dir='ltr'>non</span> <span class='ocrx_word' id='word_1_233' title='bbox 2655 1244 2776 1282; x_wconf 90' lang='lat' dir='ltr'>esse</span> <span class='ocrx_word' id='word_1_234' title='bbox 2804 1229 3087 1287; x_wconf 90' lang='lat' dir='ltr'>morituri.</span> <span class='ocrx_word' id='word_1_235' title='bbox 3122 1231 3217 1285; x_wconf 88' lang='lat' dir='ltr'>sed</span> <span class='ocrx_word' id='word_1_236' title='bbox 3262 1225 3323 1283; x_wconf 61' lang='lat' dir='ltr'><strong>ex</strong></span> <span class='ocrx_word' id='word_1_237' title='bbox 3356 1225 3461 1285; x_wconf 77' lang='lat' dir='ltr'>hac</span> <span class='ocrx_word' id='word_1_238' title='bbox 3491 1237 3703 1286; x_wconf 88' lang='lat' dir='ltr'>morta-</span> 
     </span>
    </p>
   </div>
   <div class='ocr_carea' id='block_1_35' title="bbox 2004 1292 3698 1365">
    <p class='ocr_par' dir='ltr' id='par_1_35' title="bbox 2004 1292 3698 1365">
     <span class='ocr_line' id='line_1_35' title="bbox 2004 1292 3698 1365; baseline 0.007 -19"><span class='ocrx_word' id='word_1_239' title='bbox 2004 1336 2007 1339; x_wconf 79' lang='lat'>.</span> <span class='ocrx_word' id='word_1_240' title='bbox 2050 1292 2208 1365; x_wconf 82' lang='lat' dir='ltr'>litate</span> <span class='ocrx_word' id='word_1_241' title='bbox 2239 1297 2307 1365; x_wconf 88' lang='lat' dir='ltr'>ad</span> <span class='ocrx_word' id='word_1_242' title='bbox 2341 1296 2773 1352; x_wconf 88' lang='lat' dir='ltr'>immortalitem</span> <span class='ocrx_word' id='word_1_243' title='bbox 2807 1300 2927 1353; x_wconf 92' lang='lat' dir='ltr'>sine</span> <span class='ocrx_word' id='word_1_244' title='bbox 2955 1300 3149 1354; x_wconf 90' lang='lat' dir='ltr'>media</span> <span class='ocrx_word' id='word_1_245' title='bbox 3178 1307 3363 1355; x_wconf 85' lang='lat' dir='ltr'>morte</span> <span class='ocrx_word' id='word_1_246' title='bbox 3385 1303 3698 1365; x_wconf 88' lang='lat' dir='ltr'>transituri.</span> 
     </span>
    </p>
   </div>
   <div class='ocr_carea' id='block_1_36' title="bbox 2048 1363 3701 1441">
    <p class='ocr_par' dir='ltr' id='par_1_36' title="bbox 2048 1363 3701 1441">
     <span class='ocr_line' id='line_1_36' title="bbox 2048 1363 3701 1441; baseline 0.006 -24"><span class='ocrx_word' id='word_1_247' title='bbox 2048 1363 2343 1441; x_wconf 80' lang='lat' dir='ltr'>inquisitio</span> <span class='ocrx_word' id='word_1_248' title='bbox 2373 1367 2701 1441; x_wconf 81' lang='lat' dir='ltr'>diligentior</span> <span class='ocrx_word' id='word_1_249' title='bbox 2729 1370 3052 1424; x_wconf 90' lang='lat' dir='ltr'>adhibenda</span> <span class='ocrx_word' id='word_1_250' title='bbox 3078 1374 3163 1424; x_wconf 92' lang='lat' dir='ltr'>est</span> <span class='ocrx_word' id='word_1_251' title='bbox 3188 1388 3201 1435; x_wconf 88' lang='lat'><strong>;</strong></span> <span class='ocrx_word' id='word_1_252' title='bbox 3229 1377 3285 1425; x_wconf 91' lang='lat' dir='ltr'>et</span> <span class='ocrx_word' id='word_1_253' title='bbox 3310 1371 3354 1425; x_wconf 90' lang='lat' dir='ltr'>si</span> <span class='ocrx_word' id='word_1_254' title='bbox 3404 1372 3537 1441; x_wconf 83' lang='lat' dir='ltr'>quid</span> <span class='ocrx_word' id='word_1_255' title='bbox 3570 1363 3701 1429; x_wconf 85' lang='lat' dir='ltr'>hinc</span> 
     </span>
    </p>
   </div>
   <div class='ocr_carea' id='block_1_37' title="bbox 2048 1436 3703 1513">
    <p class='ocr_par' dir='ltr' id='par_1_37' title="bbox 2048 1436 3703 1513">
     <span class='ocr_line' id='line_1_37' title="bbox 2048 1436 3703 1513; baseline 0.005 -24"><span class='ocrx_word' id='word_1_256' title='bbox 2048 1436 2370 1513; x_wconf 79' lang='lat' dir='ltr'>abselutum</span> <span class='ocrx_word' id='word_1_257' title='bbox 2391 1436 2767 1513; x_wconf 74' lang='lat' dir='ltr'>ecdetinitum</span> <span class='ocrx_word' id='word_1_258' title='bbox 2782 1442 3171 1513; x_wconf 83' lang='lat' dir='ltr'>disputatione</span> <span class='ocrx_word' id='word_1_259' title='bbox 3187 1436 3511 1513; x_wconf 78' lang='lat' dir='ltr'>rationabili</span> <span class='ocrx_word' id='word_1_260' title='bbox 3531 1448 3703 1513; x_wconf 90' lang='lat' dir='ltr'>atque</span> 
     </span>
    </p>
   </div>
   <div class='ocr_carea' id='block_1_38' title="bbox 2047 1507 3706 1583">
    <p class='ocr_par' dir='ltr' id='par_1_38' title="bbox 2047 1507 3706 1583">
     <span class='ocr_line' id='line_1_38' title="bbox 2047 1507 3706 1583; baseline 0.005 -23"><span class='ocrx_word' id='word_1_261' title='bbox 2047 1507 2295 1583; x_wconf 81' lang='lat' dir='ltr'>perfecta</span> <span class='ocrx_word' id='word_1_262' title='bbox 2324 1508 2429 1583; x_wconf 15' lang='lat' dir='ltr'>vel;</span> <span class='ocrx_word' id='word_1_263' title='bbox 2451 1510 2795 1583; x_wconf 15' lang='lat' dir='ltr'>au_disti.i_vel</span> <span class='ocrx_word' id='word_1_264' title='bbox 2820 1507 3028 1583; x_wconf 82' lang='lat' dir='ltr'>legisti,</span> <span class='ocrx_word' id='word_1_265' title='bbox 3076 1512 3159 1567; x_wconf 86' lang='lat' dir='ltr'>vel</span> <span class='ocrx_word' id='word_1_266' title='bbox 3190 1512 3362 1567; x_wconf 88' lang='lat' dir='ltr'>etiam</span> <span class='ocrx_word' id='word_1_267' title='bbox 3412 1514 3530 1583; x_wconf 92' lang='lat' dir='ltr'>ipse</span> <span class='ocrx_word' id='word_1_268' title='bbox 3556 1507 3706 1583; x_wconf 75' lang='lat' dir='ltr'>cogi-</span> 
     </span>
    </p>
   </div>
   <div class='ocr_carea' id='block_1_39' title="bbox 2047 1580 3705 1654">
    <p class='ocr_par' dir='ltr' id='par_1_39' title="bbox 2047 1580 3705 1654">
     <span class='ocr_line' id='line_1_39' title="bbox 2047 1580 3705 1654; baseline 0.004 -23"><span class='ocrx_word' id='word_1_269' title='bbox 2047 1582 2170 1654; x_wconf 82' lang='lat' dir='ltr'>tare</span> <span class='ocrx_word' id='word_1_270' title='bbox 2202 1580 2601 1654; x_wconf 87' lang='lat' dir='ltr'>potuisti,_sive</span> <span class='ocrx_word' id='word_1_271' title='bbox 2626 1581 2809 1636; x_wconf 86' lang='lat' dir='ltr'>adhuc</span> <span class='ocrx_word' id='word_1_272' title='bbox 2850 1580 3067 1647; x_wconf 82' lang='lat' dir='ltr'>audire,</span> <span class='ocrx_word' id='word_1_273' title='bbox 3102 1589 3202 1637; x_wconf 89' lang='lat' dir='ltr'>aut</span> <span class='ocrx_word' id='word_1_274' title='bbox 3244 1580 3451 1654; x_wconf 68' lang='lat' dir='ltr'>legere,</span> <span class='ocrx_word' id='word_1_275' title='bbox 3486 1589 3585 1639; x_wconf 80' lang='lat' dir='ltr'>aut</span> <span class='ocrx_word' id='word_1_276' title='bbox 3614 1580 3705 1639; x_wconf 76' lang='grc' dir='ltr'>(Ξο-</span> 
     </span>
    </p>
   </div>
   <div class='ocr_carea' id='block_1_40' title="bbox 2045 1648 3705 1727">
    <p class='ocr_par' dir='ltr' id='par_1_40' title="bbox 2045 1648 3705 1727">
     <span class='ocr_line' id='line_1_40' title="bbox 2045 1648 3705 1727; baseline 0.005 -25"><span class='ocrx_word' id='word_1_277' title='bbox 2045 1648 2531 1727; x_wconf 34' lang='grc' dir='ltr'>ςίῐρτοροῑιι-θῐοὶε,</span> <span class='ocrx_word' id='word_1_278' title='bbox 2556 1657 2685 1727; x_wconf 83' lang='lat' dir='ltr'>peto</span> <span class='ocrx_word' id='word_1_279' title='bbox 2705 1653 2859 1727; x_wconf 78' lang='lat' dir='ltr'>mihi</span> <span class='ocrx_word' id='word_1_280' title='bbox 2887 1654 3117 1727; x_wconf 66' lang='lat' dir='ltr'>mittere</span> <span class='ocrx_word' id='word_1_281' title='bbox 3143 1671 3255 1727; x_wconf 90' lang='lat' dir='ltr'>non</span> <span class='ocrx_word' id='word_1_282' title='bbox 3282 1648 3555 1725; x_wconf 70' lang='lat' dir='ltr'>graveris.</span> <span class='ocrx_word' id='word_1_283' title='bbox 3590 1658 3705 1727; x_wconf 85' lang='lat' dir='ltr'>Ego</span> 
     </span>
    </p>
   </div>
   <div class='ocr_carea' id='block_1_41' title="bbox 2045 1720 3703 1796">
    <p class='ocr_par' dir='ltr' id='par_1_41' title="bbox 2045 1720 3703 1796">
     <span class='ocr_line' id='line_1_41' title="bbox 2045 1720 3703 1796; baseline 0.006 -24"><span class='ocrx_word' id='word_1_284' title='bbox 2045 1720 2197 1796; x_wconf 84' lang='lat' dir='ltr'>enim</span> <span class='ocrx_word' id='word_1_285' title='bbox 2231 1723 2403 1790; x_wconf 85' lang='lat' dir='ltr'>(quod</span> <span class='ocrx_word' id='word_1_286' title='bbox 2432 1723 2821 1796; x_wconf 83' lang='lat' dir='ltr'>conﬁtendum</span> <span class='ocrx_word' id='word_1_287' title='bbox 2850 1729 2935 1778; x_wconf 89' lang='lat' dir='ltr'>est</span> <span class='ocrx_word' id='word_1_288' title='bbox 2963 1726 3231 1780; x_wconf 90' lang='lat' dir='ltr'>charitati</span> <span class='ocrx_word' id='word_1_289' title='bbox 3258 1720 3395 1795; x_wconf 59' lang='lat' dir='ltr'>tum)</span> <span class='ocrx_word' id='word_1_290' title='bbox 3422 1727 3547 1796; x_wconf 92' lang='lat' dir='ltr'>plus</span> <span class='ocrx_word' id='word_1_291' title='bbox 3569 1720 3703 1782; x_wconf 74' lang='lat' dir='ltr'>amo</span> 
     </span>
    </p>
   </div>
   <div class='ocr_carea' id='block_1_42' title="bbox 274 1782 3701 1862">
    <p class='ocr_par' dir='ltr' id='par_1_42' title="bbox 274 1782 3701 1862">
     <span class='ocr_line' id='line_1_42' title="bbox 274 1782 3701 1862; baseline 0.005 -28"><span class='ocrx_word' id='word_1_292' title='bbox 274 1782 436 1862; x_wconf 69' lang='lat' dir='ltr'>vivos</span> <span class='ocrx_word' id='word_1_293' title='bbox 468 1789 790 1862; x_wconf 79' lang='lat' dir='ltr'>postremus</span> <span class='ocrx_word' id='word_1_294' title='bbox 832 1787 1037 1842; x_wconf 84' lang='lat' dir='ltr'>Christi</span> <span class='ocrx_word' id='word_1_295' title='bbox 1079 1782 1356 1862; x_wconf 83' lang='lat' dir='ltr'>adventus</span> <span class='ocrx_word' id='word_1_296' title='bbox 1391 1790 1675 1862; x_wconf 15' lang='lat' dir='ltr'>roﬂ‘endet,</span> <span class='ocrx_word' id='word_1_297' title='bbox 1729 1782 1936 1862; x_wconf 82' lang='lat' dir='ltr'>quique</span> <span class='ocrx_word' id='word_1_298' title='bbox 1970 1798 2012 1855; x_wconf 89' lang='grc' dir='ltr'><strong>Β</strong></span> <span class='ocrx_word' id='word_1_299' title='bbox 2046 1782 2459 1862; x_wconf 44' lang='lat' dir='ltr'>discere-quam</span> <span class='ocrx_word' id='word_1_300' title='bbox 2510 1794 2733 1857; x_wconf 90' lang='lat' dir='ltr'>docere,</span> <span class='ocrx_word' id='word_1_301' title='bbox 2767 1800 2871 1849; x_wconf 85' lang='lat' dir='ltr'>etc.</span> <span class='ocrx_word' id='word_1_302' title='bbox 2920 1818 2943 1845; x_wconf 84' lang='grc'>››</span> <span class='ocrx_word' id='word_1_303' title='bbox 2992 1797 3074 1850; x_wconf 89' lang='lat' dir='ltr'>lta</span> <span class='ocrx_word' id='word_1_304' title='bbox 3099 1802 3329 1851; x_wconf 89' lang='lat' dir='ltr'>sanctus</span> <span class='ocrx_word' id='word_1_305' title='bbox 3356 1782 3555 1851; x_wconf 47' lang='lat' dir='ltr'>d&#39;o&#39;ctor</span> <span class='ocrx_word' id='word_1_306' title='bbox 3586 1803 3701 1852; x_wconf 86' lang='lat' dir='ltr'>Au-</span> 
     </span>
    </p>
   </div>
   <div class='ocr_carea' id='block_1_43' title="bbox 276 1854 1937 1923">
    <p class='ocr_par' dir='ltr' id='par_1_43' title="bbox 276 1854 1937 1923">
     <span class='ocr_line' id='line_1_43' title="bbox 276 1854 1937 1923; baseline 0.005 -18"><span class='ocrx_word' id='word_1_307' title='bbox 276 1855 349 1907; x_wconf 89' lang='lat' dir='ltr'>ad</span> <span class='ocrx_word' id='word_1_308' title='bbox 377 1854 661 1923; x_wconf 85' lang='lat' dir='ltr'>judicium</span> <span class='ocrx_word' id='word_1_309' title='bbox 694 1875 809 1913; x_wconf 90' lang='lat' dir='ltr'>una</span> <span class='ocrx_word' id='word_1_310' title='bbox 833 1875 963 1913; x_wconf 89' lang='lat' dir='ltr'>cum</span> <span class='ocrx_word' id='word_1_311' title='bbox 986 1861 1228 1915; x_wconf 89' lang='lat' dir='ltr'>mortuis</span> <span class='ocrx_word' id='word_1_312' title='bbox 1257 1861 1543 1916; x_wconf 89' lang='lat' dir='ltr'>suscitatis</span> <span class='ocrx_word' id='word_1_313' title='bbox 1569 1854 1793 1916; x_wconf 77' lang='lat' dir='ltr'>venturi</span> <span class='ocrx_word' id='word_1_314' title='bbox 1823 1854 1937 1915; x_wconf 87' lang='lat' dir='ltr'>sint</span> 
     </span>
    </p>
   </div>
   <div class='ocr_carea' id='block_1_44' title="bbox 273 1926 740 1994">
    <p class='ocr_par' dir='ltr' id='par_1_44' title="bbox 273 1926 740 1994">
     <span class='ocr_line' id='line_1_44' title="bbox 273 1926 740 1994; baseline 0.009 -16"><span class='ocrx_word' id='word_1_315' title='bbox 273 1926 498 1994; x_wconf 85' lang='lat' dir='ltr'>absque</span> <span class='ocrx_word' id='word_1_316' title='bbox 534 1932 740 1984; x_wconf 89' lang='lat' dir='ltr'>morte.</span> 
     </span>
    </p>
   </div>
   <div class='ocr_carea' id='block_1_45' title="bbox 353 1998 1935 2071">
    <p class='ocr_par' dir='ltr' id='par_1_45' title="bbox 353 1998 1935 2071">
     <span class='ocr_line' id='line_1_45' title="bbox 353 1998 1935 2071; baseline 0.004 -22"><span class='ocrx_word' id='word_1_317' title='bbox 353 1998 495 2071; x_wconf 79' lang='lat' dir='ltr'>Rem</span> <span class='ocrx_word' id='word_1_318' title='bbox 539 1998 911 2071; x_wconf 85' lang='lat' dir='ltr'>nihilominus</span> <span class='ocrx_word' id='word_1_319' title='bbox 965 2002 1103 2056; x_wconf 91' lang='lat' dir='ltr'>data</span> <span class='ocrx_word' id='word_1_320' title='bbox 1133 2002 1432 2058; x_wconf 88' lang='lat' dir='ltr'>occasione</span> <span class='ocrx_word' id='word_1_321' title='bbox 1463 2002 1709 2071; x_wconf 89' lang='lat' dir='ltr'>penitius</span> <span class='ocrx_word' id='word_1_322' title='bbox 1754 2001 1935 2071; x_wconf 90' lang='lat' dir='ltr'>inqui-</span> 
     </span>
    </p>
   </div>
   <div class='ocr_carea' id='block_1_46' title="bbox 278 2069 1934 2144">
    <p class='ocr_par' dir='ltr' id='par_1_46' title="bbox 278 2069 1934 2144">
     <span class='ocr_line' id='line_1_46' title="bbox 278 2069 1934 2144; baseline 0.004 -23"><span class='ocrx_word' id='word_1_323' title='bbox 278 2069 660 2144; x_wconf 71' lang='lat' dir='ltr'>rendam_sibi</span> <span class='ocrx_word' id='word_1_324' title='bbox 694 2078 1068 2139; x_wconf 87' lang='lat' dir='ltr'>proposuerat</span> <span class='ocrx_word' id='word_1_325' title='bbox 1116 2079 1345 2128; x_wconf 90' lang='lat' dir='ltr'>sanctus</span> <span class='ocrx_word' id='word_1_326' title='bbox 1398 2069 1630 2135; x_wconf 86' lang='lat' dir='ltr'>doctor;</span> <span class='ocrx_word' id='word_1_327' title='bbox 1684 2069 1845 2144; x_wconf 80' lang='lat' dir='ltr'>quod</span> <span class='ocrx_word' id='word_1_328' title='bbox 1877 2078 1934 2128; x_wconf 91' lang='lat' dir='ltr'>et</span> 
     </span>
    </p>
   </div>
   <div class='ocr_carea' id='block_1_47' title="bbox 277 2138 1933 2215">
    <p class='ocr_par' dir='ltr' id='par_1_47' title="bbox 277 2138 1933 2215">
     <span class='ocr_line' id='line_1_47' title="bbox 277 2138 1933 2215; baseline 0.004 -23"><span class='ocrx_word' id='word_1_329' title='bbox 277 2138 434 2215; x_wconf 62' lang='lat' dir='ltr'>fecit,</span> <span class='ocrx_word' id='word_1_330' title='bbox 463 2138 703 2215; x_wconf 80' lang='lat' dir='ltr'>epistola</span> <span class='ocrx_word' id='word_1_331' title='bbox 731 2138 1047 2215; x_wconf 61' lang='lat' dir='ltr'>praasertim</span> <span class='ocrx_word' id='word_1_332' title='bbox 1080 2144 1181 2199; x_wconf 81' lang='grc'>193</span> <span class='ocrx_word' id='word_1_333' title='bbox 1214 2147 1284 2199; x_wconf 89' lang='lat' dir='ltr'>ad</span> <span class='ocrx_word' id='word_1_334' title='bbox 1315 2138 1717 2206; x_wconf 54' lang='lat' dir='ltr'>Mercatorem:</span> <span class='ocrx_word' id='word_1_335' title='bbox 1748 2145 1933 2215; x_wconf 87' lang='lat' dir='ltr'>capite</span> 
     </span>
    </p>
   </div>
   <div class='ocr_carea' id='block_1_48' title="bbox 272 2211 1932 2283">
    <p class='ocr_par' dir='ltr' id='par_1_48' title="bbox 272 2211 1932 2283">
     <span class='ocr_line' id='line_1_48' title="bbox 272 2211 1932 2283; baseline 0.002 -16"><span class='ocrx_word' id='word_1_336' title='bbox 272 2211 331 2283; x_wconf 63' lang='grc' dir='ltr'>έ.</span> <span class='ocrx_word' id='word_1_337' title='bbox 365 2227 490 2283; x_wconf 67' lang='lat' dir='ltr'>quas</span> <span class='ocrx_word' id='word_1_338' title='bbox 515 2212 587 2265; x_wconf 92' lang='lat' dir='ltr'>ad</span> <span class='ocrx_word' id='word_1_339' title='bbox 618 2211 835 2267; x_wconf 81' lang='lat' dir='ltr'>annum</span> <span class='ocrx_word' id='word_1_340' title='bbox 866 2214 1107 2283; x_wconf 86' lang='lat' dir='ltr'>pertinet</span> <span class='ocrx_word' id='word_1_341' title='bbox 1135 2216 1255 2269; x_wconf 75' lang='grc'>418.</span> <span class='ocrx_word' id='word_1_342' title='bbox 1291 2217 1495 2270; x_wconf 89' lang='lat' dir='ltr'>deinde</span> <span class='ocrx_word' id='word_1_343' title='bbox 1512 2222 1568 2270; x_wconf 91' lang='lat' dir='ltr'>et</span> <span class='ocrx_word' id='word_1_344' title='bbox 1595 2218 1664 2271; x_wconf 93' lang='lat' dir='ltr'>de</span> <span class='ocrx_word' id='word_1_345' title='bbox 1696 2211 1932 2271; x_wconf 85' lang='lat' dir='ltr'>Civitate</span> 
     </span>
    </p>
   </div>
   <div class='ocr_carea' id='block_1_49' title="bbox 273 2281 1929 2359">
    <p class='ocr_par' dir='ltr' id='par_1_49' title="bbox 273 2281 1929 2359">
     <span class='ocr_line' id='line_1_49' title="bbox 273 2281 1929 2359; baseline 0.004 -25"><span class='ocrx_word' id='word_1_346' title='bbox 273 2281 375 2335; x_wconf 91' lang='lat' dir='ltr'>Dei</span> <span class='ocrx_word' id='word_1_347' title='bbox 409 2281 552 2335; x_wconf 88' lang='lat' dir='ltr'>libro</span> <span class='ocrx_word' id='word_1_348' title='bbox 582 2300 669 2343; x_wconf 88' lang='lat' dir='ltr'><strong>xx.</strong></span> <span class='ocrx_word' id='word_1_349' title='bbox 703 2281 1150 2359; x_wconf 77' lang='lat' dir='ltr'>capitequoque</span> <span class='ocrx_word' id='word_1_350' title='bbox 1197 2287 1285 2350; x_wconf 79' lang='lat'>20,</span> <span class='ocrx_word' id='word_1_351' title='bbox 1319 2288 1413 2356; x_wconf 90' lang='lat' dir='ltr'>qui</span> <span class='ocrx_word' id='word_1_352' title='bbox 1446 2288 1621 2359; x_wconf 71' lang='lat' dir='ltr'>liber,</span> <span class='ocrx_word' id='word_1_353' title='bbox 1645 2292 1705 2341; x_wconf 90' lang='lat' dir='ltr'>ut</span> <span class='ocrx_word' id='word_1_354' title='bbox 1756 2287 1929 2359; x_wconf 87' lang='lat' dir='ltr'>conji-</span> 
     </span>
    </p>
   </div>
   <div class='ocr_carea' id='block_1_50' title="bbox 272 2356 1927 2427">
    <p class='ocr_par' dir='ltr' id='par_1_50' title="bbox 272 2356 1927 2427">
     <span class='ocr_line' id='line_1_50' title="bbox 272 2356 1927 2427; baseline 0.005 -22"><span class='ocrx_word' id='word_1_355' title='bbox 272 2368 406 2427; x_wconf 85' lang='lat' dir='ltr'>cere</span> <span class='ocrx_word' id='word_1_356' title='bbox 447 2369 746 2427; x_wconf 85' lang='lat' dir='ltr'>possumus</span> <span class='ocrx_word' id='word_1_357' title='bbox 773 2372 839 2411; x_wconf 81' lang='lat' dir='ltr'><strong>ex</strong></span> <span class='ocrx_word' id='word_1_358' title='bbox 882 2356 947 2410; x_wconf 90' lang='lat' dir='ltr'>iis</span> <span class='ocrx_word' id='word_1_359' title='bbox 978 2374 1101 2427; x_wconf 67' lang='lat' dir='ltr'>quaa</span> <span class='ocrx_word' id='word_1_360' title='bbox 1145 2363 1428 2412; x_wconf 89' lang='lat' dir='ltr'>annotant</span> <span class='ocrx_word' id='word_1_361' title='bbox 1456 2359 1572 2412; x_wconf 85' lang='lat' dir='ltr'>suis</span> <span class='ocrx_word' id='word_1_362' title='bbox 1613 2358 1748 2412; x_wconf 90' lang='lat' dir='ltr'>locis</span> <span class='ocrx_word' id='word_1_363' title='bbox 1781 2356 1927 2415; x_wconf 78' lang='lat' dir='ltr'>Mau-</span> 
     </span>
    </p>
   </div>
   <div class='ocr_carea' id='block_1_51' title="bbox 274 2423 1928 2499">
    <p class='ocr_par' dir='ltr' id='par_1_51' title="bbox 274 2423 1928 2499">
     <span class='ocr_line' id='line_1_51' title="bbox 274 2423 1928 2499; baseline 0.005 -23"><span class='ocrx_word' id='word_1_364' title='bbox 274 2423 387 2499; x_wconf 76' lang='lat' dir='ltr'>riui</span> <span class='ocrx_word' id='word_1_365' title='bbox 415 2424 694 2499; x_wconf 65' lang='lat' dir='ltr'>editores,</span> <span class='ocrx_word' id='word_1_366' title='bbox 715 2431 842 2499; x_wconf 87' lang='lat' dir='ltr'>post</span> <span class='ocrx_word' id='word_1_367' title='bbox 880 2423 1097 2482; x_wconf 81' lang='lat' dir='ltr'>annum</span> <span class='ocrx_word' id='word_1_368' title='bbox 1128 2434 1277 2483; x_wconf 90' lang='lat' dir='ltr'>certe</span> <span class='ocrx_word' id='word_1_369' title='bbox 1305 2430 1410 2483; x_wconf 70' lang='grc'>245</span> <span class='ocrx_word' id='word_1_370' title='bbox 1434 2430 1675 2499; x_wconf 88' lang='lat' dir='ltr'>scriptus</span> <span class='ocrx_word' id='word_1_371' title='bbox 1707 2430 1832 2485; x_wconf 87' lang='lat' dir='ltr'>fuit.</span> <span class='ocrx_word' id='word_1_372' title='bbox 1870 2431 1928 2484; x_wconf 81' lang='lat' dir='ltr'>In</span> 
     </span>
    </p>
   </div>
   <div class='ocr_carea' id='block_1_52' title="bbox 271 2494 1930 2573">
    <p class='ocr_par' dir='ltr' id='par_1_52' title="bbox 271 2494 1930 2573">
     <span class='ocr_line' id='line_1_52' title="bbox 271 2494 1930 2573; baseline 0.005 -26"><span class='ocrx_word' id='word_1_373' title='bbox 271 2494 377 2573; x_wconf 79' lang='lat' dir='ltr'>illa</span> <span class='ocrx_word' id='word_1_374' title='bbox 409 2512 579 2573; x_wconf 81' lang='lat' dir='ltr'>porro</span> <span class='ocrx_word' id='word_1_375' title='bbox 611 2494 850 2573; x_wconf 68' lang='lat' dir='ltr'>epistpla</span> <span class='ocrx_word' id='word_1_376' title='bbox 880 2499 1068 2573; x_wconf 76' lang='lat' dir='ltr'>allatis</span> <span class='ocrx_word' id='word_1_377' title='bbox 1092 2500 1345 2568; x_wconf 86' lang='lat' dir='ltr'>Apostoli</span> <span class='ocrx_word' id='word_1_378' title='bbox 1374 2494 1604 2555; x_wconf 80' lang='lat' dir='ltr'>verbis]</span> <span class='ocrx_word' id='word_1_379' title='bbox 1636 2501 1930 2556; x_wconf 89' lang='lat' dir='ltr'>Thessalo-</span> 
     </span>
    </p>
   </div>
   <div class='ocr_carea' id='block_1_53' title="bbox 271 2567 1927 2641">
    <p class='ocr_par' dir='ltr' id='par_1_53' title="bbox 271 2567 1927 2641">
     <span class='ocr_line' id='line_1_53' title="bbox 271 2567 1927 2641; baseline 0.004 -22"><span class='ocrx_word' id='word_1_380' title='bbox 271 2567 592 2641; x_wconf 88' lang='lat' dir='ltr'>nicensium</span> <span class='ocrx_word' id='word_1_381' title='bbox 615 2585 668 2621; x_wconf 78' lang='lat' dir='ltr'>iv</span> <span class='ocrx_word' id='word_1_382' title='bbox 696 2584 708 2622; x_wconf 74' lang='grc' dir='ltr'>ε</span> <span class='ocrx_word' id='word_1_383' title='bbox 744 2571 813 2624; x_wconf 83' lang='lat' dir='ltr'>Et</span> <span class='ocrx_word' id='word_1_384' title='bbox 840 2587 931 2624; x_wconf 82' lang='lat' dir='ltr'>nos</span> <span class='ocrx_word' id='word_1_385' title='bbox 958 2567 1193 2624; x_wconf 72' lang='lat' dir='ltr'>viventes</span> <span class='ocrx_word' id='word_1_386' title='bbox 1222 2573 1321 2641; x_wconf 89' lang='lat' dir='ltr'>qui</span> <span class='ocrx_word' id='word_1_387' title='bbox 1363 2574 1570 2641; x_wconf 77' lang='lat' dir='ltr'>reliqui</span> <span class='ocrx_word' id='word_1_388' title='bbox 1614 2589 1829 2635; x_wconf 81' lang='lat' dir='ltr'>sumus,</span> <span class='ocrx_word' id='word_1_389' title='bbox 1854 2574 1927 2625; x_wconf 82' lang='lat' dir='ltr'>si-</span> 
     </span>
    </p>
   </div>
   <div class='ocr_carea' id='block_1_54' title="bbox 270 2637 1929 2710">
    <p class='ocr_par' dir='ltr' id='par_1_54' title="bbox 270 2637 1929 2710">
     <span class='ocr_line' id='line_1_54' title="bbox 270 2637 1929 2710; baseline 0.004 -20"><span class='ocrx_word' id='word_1_390' title='bbox 270 2637 389 2691; x_wconf 82' lang='lat' dir='ltr'>mul</span> <span class='ocrx_word' id='word_1_391' title='bbox 413 2654 533 2691; x_wconf 76' lang='lat' dir='ltr'>cum</span> <span class='ocrx_word' id='word_1_392' title='bbox 568 2640 681 2693; x_wconf 70' lang='lat' dir='ltr'>illis</span> <span class='ocrx_word' id='word_1_393' title='bbox 713 2641 995 2710; x_wconf 81' lang='lat' dir='ltr'>rapiemur</span> <span class='ocrx_word' id='word_1_394' title='bbox 1024 2643 1082 2695; x_wconf 79' lang='lat' dir='ltr'>in</span> <span class='ocrx_word' id='word_1_395' title='bbox 1110 2637 1342 2697; x_wconf 82' lang='lat' dir='ltr'>nubibus</span> <span class='ocrx_word' id='word_1_396' title='bbox 1370 2637 1575 2696; x_wconf 81' lang='lat' dir='ltr'>obviam</span> <span class='ocrx_word' id='word_1_397' title='bbox 1616 2644 1842 2698; x_wconf 78' lang='lat' dir='ltr'>Christo</span> <span class='ocrx_word' id='word_1_398' title='bbox 1868 2644 1929 2696; x_wconf 82' lang='lat' dir='ltr'>in</span> 
     </span>
    </p>
   </div>
   <div class='ocr_carea' id='block_1_55' title="bbox 271 2711 1928 2783">
    <p class='ocr_par' dir='ltr' id='par_1_55' title="bbox 271 2711 1928 2783">
     <span class='ocr_line' id='line_1_55' title="bbox 271 2711 1928 2783; baseline 0.004 -22"><span class='ocrx_word' id='word_1_399' title='bbox 271 2724 427 2783; x_wconf 71' lang='lat' dir='ltr'>aera.</span> <span class='ocrx_word' id='word_1_400' title='bbox 454 2717 500 2762; x_wconf 81' lang='lat' dir='ltr'>et</span> <span class='ocrx_word' id='word_1_401' title='bbox 522 2711 607 2783; x_wconf 71' lang='lat' dir='ltr'>ita</span> <span class='ocrx_word' id='word_1_402' title='bbox 632 2728 845 2780; x_wconf 80' lang='lat' dir='ltr'>semper</span> <span class='ocrx_word' id='word_1_403' title='bbox 861 2730 985 2766; x_wconf 88' lang='lat' dir='ltr'>eum</span> <span class='ocrx_word' id='word_1_404' title='bbox 1010 2715 1237 2767; x_wconf 88' lang='lat' dir='ltr'>Domino</span> <span class='ocrx_word' id='word_1_405' title='bbox 1258 2714 1484 2777; x_wconf 80' lang='lat' dir='ltr'>erimus,</span> <span class='ocrx_word' id='word_1_406' title='bbox 1511 2713 1632 2767; x_wconf 56' lang='lat' dir='ltr'>haec</span> <span class='ocrx_word' id='word_1_407' title='bbox 1672 2732 1771 2783; x_wconf 87' lang='lat' dir='ltr'>pro</span> <span class='ocrx_word' id='word_1_408' title='bbox 1801 2730 1928 2768; x_wconf 87' lang='lat' dir='ltr'>sen-</span> 
     </span>
    </p>
   </div>
   <div class='ocr_carea' id='block_1_56' title="bbox 272 2780 1928 2855">
    <p class='ocr_par' dir='ltr' id='par_1_56' title="bbox 272 2780 1928 2855">
     <span class='ocr_line' id='line_1_56' title="bbox 272 2780 1928 2855; baseline 0.003 -21"><span class='ocrx_word' id='word_1_409' title='bbox 272 2780 458 2855; x_wconf 80' lang='lat' dir='ltr'>tentia</span> <span class='ocrx_word' id='word_1_410' title='bbox 484 2781 633 2855; x_wconf 82' lang='lat' dir='ltr'>alias</span> <span class='ocrx_word' id='word_1_411' title='bbox 652 2799 687 2835; x_wconf 88' lang='lat' dir='ltr'>a</span> <span class='ocrx_word' id='word_1_412' title='bbox 710 2798 769 2855; x_wconf 89' lang='lat' dir='ltr'>se</span> <span class='ocrx_word' id='word_1_413' title='bbox 798 2784 1053 2853; x_wconf 84' lang='lat' dir='ltr'>exposita</span> <span class='ocrx_word' id='word_1_414' title='bbox 1083 2784 1365 2839; x_wconf 88' lang='lat' dir='ltr'>scribebat</span> <span class='ocrx_word' id='word_1_415' title='bbox 1396 2802 1409 2838; x_wconf 90' lang='lat'><strong>:</strong></span> <span class='ocrx_word' id='word_1_416' title='bbox 1447 2808 1466 2833; x_wconf 77' lang='grc' dir='ltr'>ι</span> <span class='ocrx_word' id='word_1_417' title='bbox 1505 2780 1719 2840; x_wconf 79' lang='lat' dir='ltr'>Revera</span> <span class='ocrx_word' id='word_1_418' title='bbox 1750 2801 1928 2855; x_wconf 89' lang='lat' dir='ltr'>quan-</span> 
     </span>
    </p>
   </div>
   <div class='ocr_carea' id='block_1_57' title="bbox 271 2851 1928 2925">
    <p class='ocr_par' dir='ltr' id='par_1_57' title="bbox 271 2851 1928 2925">
     <span class='ocr_line' id='line_1_57' title="bbox 271 2851 1928 2925; baseline 0.004 -22"><span class='ocrx_word' id='word_1_419' title='bbox 271 2854 399 2904; x_wconf 90' lang='lat' dir='ltr'>tum</span> <span class='ocrx_word' id='word_1_420' title='bbox 427 2851 499 2925; x_wconf 84' lang='lat' dir='ltr'>ad</span> <span class='ocrx_word' id='word_1_421' title='bbox 523 2854 691 2925; x_wconf 86' lang='lat' dir='ltr'>verba</span> <span class='ocrx_word' id='word_1_422' title='bbox 710 2851 1129 2924; x_wconf 33' lang='lat' dir='ltr'>beati—Apostoli</span> <span class='ocrx_word' id='word_1_423' title='bbox 1157 2855 1415 2925; x_wconf 86' lang='lat' dir='ltr'>pertinet,</span> <span class='ocrx_word' id='word_1_424' title='bbox 1436 2857 1659 2910; x_wconf 89' lang='lat' dir='ltr'>videtur</span> <span class='ocrx_word' id='word_1_425' title='bbox 1674 2851 1928 2911; x_wconf 76' lang='lat' dir='ltr'>asserere</span> 
     </span>
    </p>
   </div>
   <div class='ocr_carea' id='block_1_58' title="bbox 268 2923 1926 2991">
    <p class='ocr_par' dir='ltr' id='par_1_58' title="bbox 268 2923 1926 2991">
     <span class='ocr_line' id='line_1_58' title="bbox 268 2923 1926 2991; baseline 0.004 -16"><span class='ocrx_word' id='word_1_426' title='bbox 268 2923 555 2991; x_wconf 88' lang='lat' dir='ltr'>quosdam</span> <span class='ocrx_word' id='word_1_427' title='bbox 588 2924 643 2977; x_wconf 91' lang='lat' dir='ltr'>in</span> <span class='ocrx_word' id='word_1_428' title='bbox 674 2924 784 2978; x_wconf 87' lang='lat' dir='ltr'>fine</span> <span class='ocrx_word' id='word_1_429' title='bbox 806 2923 992 2980; x_wconf 69' lang='lat' dir='ltr'>saeculi</span> <span class='ocrx_word' id='word_1_430' title='bbox 1024 2923 1360 2982; x_wconf 86' lang='lat' dir='ltr'>adveniente</span> <span class='ocrx_word' id='word_1_431' title='bbox 1393 2927 1657 2989; x_wconf 86' lang='lat' dir='ltr'>Domino,</span> <span class='ocrx_word' id='word_1_432' title='bbox 1688 2944 1817 2982; x_wconf 89' lang='lat' dir='ltr'>cum</span> <span class='ocrx_word' id='word_1_433' title='bbox 1841 2927 1926 2981; x_wconf 82' lang='lat' dir='ltr'>fu-</span> 
     </span>
    </p>
   </div>
   <div class='ocr_carea' id='block_1_59' title="bbox 268 2996 1923 3061">
    <p class='ocr_par' dir='ltr' id='par_1_59' title="bbox 268 2996 1923 3061">
     <span class='ocr_line' id='line_1_59' title="bbox 268 2996 1923 3061; baseline 0.004 -16"><span class='ocrx_word' id='word_1_434' title='bbox 268 2996 404 3047; x_wconf 86' lang='lat' dir='ltr'>tura</span> <span class='ocrx_word' id='word_1_435' title='bbox 434 2998 517 3047; x_wconf 89' lang='lat' dir='ltr'>est</span> <span class='ocrx_word' id='word_1_436' title='bbox 543 2997 881 3051; x_wconf 85' lang='lat' dir='ltr'>resurrectio</span> <span class='ocrx_word' id='word_1_437' title='bbox 907 3001 1289 3059; x_wconf 87' lang='lat' dir='ltr'>mortuorum.</span> <span class='ocrx_word' id='word_1_438' title='bbox 1318 3014 1430 3052; x_wconf 93' lang='lat' dir='ltr'>non</span> <span class='ocrx_word' id='word_1_439' title='bbox 1457 3014 1580 3053; x_wconf 90' lang='lat' dir='ltr'>esse</span> <span class='ocrx_word' id='word_1_440' title='bbox 1598 2998 1923 3061; x_wconf 90' lang='lat' dir='ltr'>morituros,</span> 
     </span>
    </p>
   </div>
   <div class='ocr_carea' id='block_1_60' title="bbox 266 3063 1928 3140">
    <p class='ocr_par' dir='ltr' id='par_1_60' title="bbox 266 3063 1928 3140">
     <span class='ocr_line' id='line_1_60' title="bbox 266 3063 1928 3140; baseline 0.004 -23"><span class='ocrx_word' id='word_1_441' title='bbox 266 3065 373 3140; x_wconf 80' lang='lat' dir='ltr'>sed</span> <span class='ocrx_word' id='word_1_442' title='bbox 404 3063 555 3140; x_wconf 75' lang='lat' dir='ltr'>vivos</span> <span class='ocrx_word' id='word_1_443' title='bbox 572 3071 827 3140; x_wconf 75' lang='lat' dir='ltr'>repertus</span> <span class='ocrx_word' id='word_1_444' title='bbox 848 3068 903 3122; x_wconf 91' lang='lat' dir='ltr'>in</span> <span class='ocrx_word' id='word_1_445' title='bbox 922 3068 1081 3122; x_wconf 86' lang='lat' dir='ltr'>illam</span> <span class='ocrx_word' id='word_1_446' title='bbox 1111 3069 1628 3133; x_wconf 85' lang='lat' dir='ltr'>immortalitatem,</span> <span class='ocrx_word' id='word_1_447' title='bbox 1655 3087 1777 3140; x_wconf 65' lang='lat' dir='ltr'>qua:</span> <span class='ocrx_word' id='word_1_448' title='bbox 1799 3086 1928 3124; x_wconf 88' lang='lat' dir='ltr'>san-</span> 
     </span>
    </p>
   </div>
   <div class='ocr_carea' id='block_1_61' title="bbox 2044 1862 3705 1985">
    <p class='ocr_par' dir='ltr' id='par_1_61' title="bbox 2044 1862 3705 1985">
     <span class='ocr_line' id='line_1_61' title="bbox 2044 1862 3705 1985; baseline 0.004 -70"><span class='ocrx_word' id='word_1_449' title='bbox 2044 1862 2325 1985; x_wconf 56' lang='lat' dir='ltr'>fustinus,</span> <span class='ocrx_word' id='word_1_450' title='bbox 2358 1880 2509 1918; x_wconf 73' lang='lat' dir='ltr'>anno</span> <span class='ocrx_word' id='word_1_451' title='bbox 2535 1866 2658 1926; x_wconf 77' lang='grc'>418,</span> <span class='ocrx_word' id='word_1_452' title='bbox 2689 1867 2756 1921; x_wconf 90' lang='lat' dir='ltr'>de</span> <span class='ocrx_word' id='word_1_453' title='bbox 2784 1866 3038 1920; x_wconf 90' lang='lat' dir='ltr'>vivorum</span> <span class='ocrx_word' id='word_1_454' title='bbox 3068 1872 3123 1921; x_wconf 90' lang='lat' dir='ltr'>et</span> <span class='ocrx_word' id='word_1_455' title='bbox 3156 1872 3513 1922; x_wconf 90' lang='lat' dir='ltr'>mortuorum</span> <span class='ocrx_word' id='word_1_456' title='bbox 3541 1869 3705 1922; x_wconf 87' lang='lat' dir='ltr'>intel-</span> 
     </span>
     <span class='ocr_line' id='line_1_62' title="bbox 2068 1933 3696 1985; baseline 0 0"><span class='ocrx_word' id='word_1_457' title='bbox 2068 1933 2276 1985; x_wconf 67' lang='lat' dir='ltr'>ieendo</span> <span class='ocrx_word' id='word_1_458' title='bbox 2306 1951 2495 1985; x_wconf 90' lang='lat' dir='ltr'>sensu.</span> <span class='ocrx_word' id='word_1_459' title='bbox 2529 1937 2679 1985; x_wconf 83' lang='lat' dir='ltr'>(mod</span> <span class='ocrx_word' id='word_1_460' title='bbox 2707 1941 2925 1985; x_wconf 75' lang='lat' dir='ltr'>snectat</span> <span class='ocrx_word' id='word_1_461' title='bbox 2962 1938 3032 1985; x_wconf 77' lang='lat' dir='ltr'>ad</span> <span class='ocrx_word' id='word_1_462' title='bbox 3070 1938 3365 1985; x_wconf 76' lang='lat' dir='ltr'>indicium-</span> <span class='ocrx_word' id='word_1_463' title='bbox 3408 1940 3542 1985; x_wconf 83' lang='lat' dir='ltr'>dum</span> <span class='ocrx_word' id='word_1_464' title='bbox 3579 1956 3696 1985; x_wconf 69' lang='lat' dir='ltr'>rem</span> 
     </span>
    </p>
   </div>
   <div class='ocr_carea' id='block_1_62' title="bbox 2068 1933 3699 2017">
    <p class='ocr_par' dir='ltr' id='par_1_62' title="bbox 2068 1933 3699 2017">
     <span class='ocr_line' id='line_1_63' title="bbox 2068 1933 3699 2017; baseline 0.004 -30"><span class='ocrx_word' id='word_1_465' title='bbox 2068 1933 2276 2017; x_wconf 76' lang='lat' dir='ltr'>igendo</span> <span class='ocrx_word' id='word_1_466' title='bbox 2306 1951 2495 2017; x_wconf 75' lang='lat' dir='ltr'>sensu,</span> <span class='ocrx_word' id='word_1_467' title='bbox 2529 1937 2680 2017; x_wconf 86' lang='lat' dir='ltr'>quod</span> <span class='ocrx_word' id='word_1_468' title='bbox 2701 1941 2925 2017; x_wconf 83' lang='lat' dir='ltr'>spectat</span> <span class='ocrx_word' id='word_1_469' title='bbox 2962 1938 3035 1992; x_wconf 91' lang='lat' dir='ltr'>ad</span> <span class='ocrx_word' id='word_1_470' title='bbox 3060 1938 3365 2009; x_wconf 82' lang='lat' dir='ltr'>judicium,</span> <span class='ocrx_word' id='word_1_471' title='bbox 3408 1940 3543 1993; x_wconf 91' lang='lat' dir='ltr'>dum</span> <span class='ocrx_word' id='word_1_472' title='bbox 3576 1956 3699 1994; x_wconf 90' lang='lat' dir='ltr'>rem</span> 
     </span>
    </p>
   </div>
   <div class='ocr_carea' id='block_1_63' title="bbox 2044 2005 2736 2076">
    <p class='ocr_par' dir='ltr' id='par_1_63' title="bbox 2044 2005 2736 2076">
     <span class='ocr_line' id='line_1_64' title="bbox 2044 2005 2736 2076; baseline 0.006 -18"><span class='ocrx_word' id='word_1_473' title='bbox 2044 2005 2180 2059; x_wconf 89' lang='lat' dir='ltr'>data</span> <span class='ocrx_word' id='word_1_474' title='bbox 2209 2020 2380 2074; x_wconf 89' lang='lat' dir='ltr'>opera</span> <span class='ocrx_word' id='word_1_475' title='bbox 2406 2005 2736 2076; x_wconf 89' lang='lat' dir='ltr'>inquireret.</span> 
     </span>
    </p>
   </div>
   <div class='ocr_carea' id='block_1_64' title="bbox 2116 2077 3700 2149">
    <p class='ocr_par' dir='ltr' id='par_1_64' title="bbox 2116 2077 3700 2149">
     <span class='ocr_line' id='line_1_65' title="bbox 2116 2077 3700 2149; baseline 0.003 -20"><span class='ocrx_word' id='word_1_476' title='bbox 2116 2077 2224 2129; x_wconf 88' lang='lat' dir='ltr'>Sed</span> <span class='ocrx_word' id='word_1_477' title='bbox 2250 2077 2385 2145; x_wconf 92' lang='lat' dir='ltr'>quid</span> <span class='ocrx_word' id='word_1_478' title='bbox 2417 2077 2557 2131; x_wconf 92' lang='lat' dir='ltr'>libro</span> <span class='ocrx_word' id='word_1_479' title='bbox 2588 2096 2657 2132; x_wconf 87' lang='lat' dir='ltr'>xx</span> <span class='ocrx_word' id='word_1_480' title='bbox 2684 2079 2753 2133; x_wconf 89' lang='lat' dir='ltr'>de</span> <span class='ocrx_word' id='word_1_481' title='bbox 2785 2079 3023 2133; x_wconf 84' lang='lat' dir='ltr'>Civitate</span> <span class='ocrx_word' id='word_1_482' title='bbox 3049 2079 3165 2143; x_wconf 90' lang='lat' dir='ltr'>Dei,</span> <span class='ocrx_word' id='word_1_483' title='bbox 3201 2085 3328 2149; x_wconf 91' lang='lat' dir='ltr'>post</span> <span class='ocrx_word' id='word_1_484' title='bbox 3371 2096 3555 2134; x_wconf 88' lang='lat' dir='ltr'>annos</span> <span class='ocrx_word' id='word_1_485' title='bbox 3594 2080 3700 2134; x_wconf 90' lang='lat' dir='ltr'>cir-</span> 
     </span>
    </p>
   </div>
   <div class='ocr_carea' id='block_1_65' title="bbox 2043 2146 3697 2219">
    <p class='ocr_par' dir='ltr' id='par_1_65' title="bbox 2043 2146 3697 2219">
     <span class='ocr_line' id='line_1_66' title="bbox 2043 2146 3697 2219; baseline 0.004 -20"><span class='ocrx_word' id='word_1_486' title='bbox 2043 2146 2184 2201; x_wconf 91' lang='lat' dir='ltr'>citer</span> <span class='ocrx_word' id='word_1_487' title='bbox 2210 2152 2428 2219; x_wconf 86' lang='lat' dir='ltr'>septem</span> <span class='ocrx_word' id='word_1_488' title='bbox 2457 2150 2526 2203; x_wconf 90' lang='lat' dir='ltr'>ab</span> <span class='ocrx_word' id='word_1_489' title='bbox 2552 2151 2753 2204; x_wconf 92' lang='lat' dir='ltr'>eodem</span> <span class='ocrx_word' id='word_1_490' title='bbox 2782 2149 3010 2219; x_wconf 90' lang='lat' dir='ltr'>scripto,</span> <span class='ocrx_word' id='word_1_491' title='bbox 3043 2150 3136 2204; x_wconf 90' lang='lat' dir='ltr'>ubi</span> <span class='ocrx_word' id='word_1_492' title='bbox 3167 2146 3284 2204; x_wconf 80' lang='lat' dir='ltr'>rem</span> <span class='ocrx_word' id='word_1_493' title='bbox 3313 2154 3578 2205; x_wconf 87' lang='lat' dir='ltr'>eamdem</span> <span class='ocrx_word' id='word_1_494' title='bbox 3599 2151 3697 2205; x_wconf 92' lang='lat' dir='ltr'>ite-</span> 
     </span>
    </p>
   </div>
   <div class='ocr_carea' id='block_1_66' title="bbox 2042 2218 3696 2290">
    <p class='ocr_par' dir='ltr' id='par_1_66' title="bbox 2042 2218 3696 2290">
     <span class='ocr_line' id='line_1_67' title="bbox 2042 2218 3696 2290; baseline 0.002 -18"><span class='ocrx_word' id='word_1_495' title='bbox 2042 2234 2170 2290; x_wconf 83' lang='lat' dir='ltr'>rum</span> <span class='ocrx_word' id='word_1_496' title='bbox 2197 2218 2305 2272; x_wconf 86' lang='lat' dir='ltr'>sibi</span> <span class='ocrx_word' id='word_1_497' title='bbox 2338 2220 2749 2275; x_wconf 90' lang='lat' dir='ltr'>enucleandam</span> <span class='ocrx_word' id='word_1_498' title='bbox 2799 2218 3137 2290; x_wconf 81' lang='lat' dir='ltr'>proposuit?</span> <span class='ocrx_word' id='word_1_499' title='bbox 3170 2222 3367 2276; x_wconf 88' lang='lat' dir='ltr'>Verbis</span> <span class='ocrx_word' id='word_1_500' title='bbox 3398 2224 3586 2277; x_wconf 93' lang='lat' dir='ltr'>denuo</span> <span class='ocrx_word' id='word_1_501' title='bbox 3617 2223 3696 2276; x_wconf 88' lang='lat' dir='ltr'>al-</span> 
     </span>
    </p>
   </div>
   <div class='ocr_carea' id='block_1_67' title="bbox 2042 2287 3697 2359">
    <p class='ocr_par' dir='ltr' id='par_1_67' title="bbox 2042 2287 3697 2359">
     <span class='ocr_line' id='line_1_68' title="bbox 2042 2287 3697 2359; baseline 0.004 -18"><span class='ocrx_word' id='word_1_502' title='bbox 2042 2287 2173 2342; x_wconf 87' lang='lat' dir='ltr'>latis</span> <span class='ocrx_word' id='word_1_503' title='bbox 2220 2290 2473 2359; x_wconf 83' lang='lat' dir='ltr'>Apostoli</span> <span class='ocrx_word' id='word_1_504' title='bbox 2502 2295 2624 2344; x_wconf 91' lang='lat' dir='ltr'>tum</span> <span class='ocrx_word' id='word_1_505' title='bbox 2658 2292 2727 2344; x_wconf 93' lang='lat' dir='ltr'>ad</span> <span class='ocrx_word' id='word_1_506' title='bbox 2760 2287 3308 2351; x_wconf 81' lang='lat' dir='ltr'>Thessalonicenses.</span> <span class='ocrx_word' id='word_1_507' title='bbox 3342 2297 3461 2347; x_wconf 90' lang='lat' dir='ltr'>tum</span> <span class='ocrx_word' id='word_1_508' title='bbox 3496 2296 3567 2347; x_wconf 92' lang='lat' dir='ltr'>ad</span> <span class='ocrx_word' id='word_1_509' title='bbox 3599 2295 3697 2347; x_wconf 87' lang='lat' dir='ltr'>Co-</span> 
     </span>
    </p>
   </div>
   <div class='ocr_carea' id='block_1_68' title="bbox 2038 2359 3697 2431">
    <p class='ocr_par' dir='ltr' id='par_1_68' title="bbox 2038 2359 3697 2431">
     <span class='ocr_line' id='line_1_69' title="bbox 2038 2359 3697 2431; baseline 0.004 -19"><span class='ocrx_word' id='word_1_510' title='bbox 2038 2359 2302 2431; x_wconf 84' lang='lat' dir='ltr'>rinthios,</span> <span class='ocrx_word' id='word_1_511' title='bbox 2332 2378 2363 2414; x_wconf 90' lang='lat' dir='ltr'>a</span> <span class='ocrx_word' id='word_1_512' title='bbox 2391 2361 2563 2430; x_wconf 90' lang='lat' dir='ltr'>priori</span> <span class='ocrx_word' id='word_1_513' title='bbox 2589 2378 2691 2416; x_wconf 90' lang='lat' dir='ltr'>sua</span> <span class='ocrx_word' id='word_1_514' title='bbox 2714 2362 2983 2431; x_wconf 84' lang='lat' dir='ltr'>opinione</span> <span class='ocrx_word' id='word_1_515' title='bbox 3003 2363 3263 2417; x_wconf 89' lang='lat' dir='ltr'>nonnihil</span> <span class='ocrx_word' id='word_1_516' title='bbox 3292 2363 3381 2417; x_wconf 90' lang='lat' dir='ltr'>hic</span> <span class='ocrx_word' id='word_1_517' title='bbox 3411 2364 3697 2418; x_wconf 86' lang='lat' dir='ltr'>declinare</span> 
     </span>
    </p>
   </div>
   <div class='ocr_carea' id='block_1_69' title="bbox 2041 2429 3696 2497">
    <p class='ocr_par' dir='ltr' id='par_1_69' title="bbox 2041 2429 3696 2497">
     <span class='ocr_line' id='line_1_70' title="bbox 2041 2429 3696 2497; baseline 0.003 -15"><span class='ocrx_word' id='word_1_518' title='bbox 2041 2429 2302 2495; x_wconf 88' lang='lat' dir='ltr'>videtur;</span> <span class='ocrx_word' id='word_1_519' title='bbox 2338 2429 2415 2486; x_wconf 84' lang='lat' dir='ltr'>ita</span> <span class='ocrx_word' id='word_1_520' title='bbox 2443 2436 2504 2486; x_wconf 88' lang='lat' dir='ltr'>ut</span> <span class='ocrx_word' id='word_1_521' title='bbox 2552 2432 2726 2486; x_wconf 84' lang='lat' dir='ltr'>verba</span> <span class='ocrx_word' id='word_1_522' title='bbox 2753 2429 2873 2486; x_wconf 72' lang='lat' dir='ltr'>illa</span> <span class='ocrx_word' id='word_1_523' title='bbox 2909 2434 2981 2487; x_wconf 92' lang='lat' dir='ltr'>ad</span> <span class='ocrx_word' id='word_1_524' title='bbox 3012 2434 3563 2497; x_wconf 85' lang='lat' dir='ltr'>Thessalonicenses,</span> <span class='ocrx_word' id='word_1_525' title='bbox 3602 2435 3696 2488; x_wconf 92' lang='lat' dir='ltr'>ubi</span> 
     </span>
    </p>
   </div>
   <div class='ocr_carea' id='block_1_70' title="bbox 2040 2500 3698 2575">
    <p class='ocr_par' dir='ltr' id='par_1_70' title="bbox 2040 2500 3698 2575">
     <span class='ocr_line' id='line_1_71' title="bbox 2040 2500 3698 2575; baseline 0.001 -19"><span class='ocrx_word' id='word_1_526' title='bbox 2040 2500 2451 2575; x_wconf 74' lang='lat' dir='ltr'>immortalitas</span> <span class='ocrx_word' id='word_1_527' title='bbox 2469 2502 2803 2575; x_wconf 87' lang='lat' dir='ltr'>ultimorum</span> <span class='ocrx_word' id='word_1_528' title='bbox 2820 2503 3129 2575; x_wconf 88' lang='lat' dir='ltr'>viventium</span> <span class='ocrx_word' id='word_1_529' title='bbox 3148 2511 3363 2559; x_wconf 87' lang='lat' dir='ltr'>asserta</span> <span class='ocrx_word' id='word_1_530' title='bbox 3384 2509 3698 2575; x_wconf 90' lang='lat' dir='ltr'>apparetut</span> 
     </span>
    </p>
   </div>
   <div class='ocr_carea' id='block_1_71' title="bbox 2040 2572 3698 2645">
    <p class='ocr_par' dir='ltr' id='par_1_71' title="bbox 2040 2572 3698 2645">
     <span class='ocr_line' id='line_1_72' title="bbox 2040 2572 3698 2645; baseline 0.002 -20"><span class='ocrx_word' id='word_1_531' title='bbox 2040 2572 2192 2627; x_wconf 91' lang='lat' dir='ltr'>idem</span> <span class='ocrx_word' id='word_1_532' title='bbox 2220 2574 2567 2645; x_wconf 81' lang='lat' dir='ltr'>Augustinus</span> <span class='ocrx_word' id='word_1_533' title='bbox 2606 2574 2814 2637; x_wconf 88' lang='lat' dir='ltr'>aiebat,</span> <span class='ocrx_word' id='word_1_534' title='bbox 2845 2574 3179 2643; x_wconf 84' lang='lat' dir='ltr'>explicanda</span> <span class='ocrx_word' id='word_1_535' title='bbox 3214 2575 3304 2629; x_wconf 92' lang='lat' dir='ltr'>hic</span> <span class='ocrx_word' id='word_1_536' title='bbox 3335 2572 3520 2645; x_wconf 84' lang='lat' dir='ltr'>potius</span> <span class='ocrx_word' id='word_1_537' title='bbox 3547 2592 3698 2629; x_wconf 90' lang='lat' dir='ltr'>asse-</span> 
     </span>
    </p>
   </div>
   <div class='ocr_carea' id='block_1_72' title="bbox 2037 2644 3695 2707">
    <p class='ocr_par' dir='ltr' id='par_1_72' title="bbox 2037 2644 3695 2707">
     <span class='ocr_line' id='line_1_73' title="bbox 2037 2644 3695 2707; baseline 0.002 -11"><span class='ocrx_word' id='word_1_538' title='bbox 2037 2647 2128 2696; x_wconf 90' lang='lat' dir='ltr'>rat</span> <span class='ocrx_word' id='word_1_539' title='bbox 2157 2644 2341 2697; x_wconf 89' lang='lat' dir='ltr'>verbis</span> <span class='ocrx_word' id='word_1_540' title='bbox 2371 2644 2494 2698; x_wconf 90' lang='lat' dir='ltr'>aliis</span> <span class='ocrx_word' id='word_1_541' title='bbox 2525 2645 2598 2698; x_wconf 91' lang='lat' dir='ltr'>ad</span> <span class='ocrx_word' id='word_1_542' title='bbox 2630 2645 2976 2707; x_wconf 89' lang='lat' dir='ltr'>Corinthios,</span> <span class='ocrx_word' id='word_1_543' title='bbox 3024 2645 3113 2698; x_wconf 91' lang='lat' dir='ltr'>ubi</span> <span class='ocrx_word' id='word_1_544' title='bbox 3167 2644 3425 2700; x_wconf 78' lang='lat' dir='ltr'>omniUm</span> <span class='ocrx_word' id='word_1_545' title='bbox 3459 2646 3695 2699; x_wconf 91' lang='lat' dir='ltr'>omnino</span> 
     </span>
    </p>
   </div>
   <div class='ocr_carea' id='block_1_73' title="bbox 2040 2714 3692 2785">
    <p class='ocr_par' dir='ltr' id='par_1_73' title="bbox 2040 2714 3692 2785">
     <span class='ocr_line' id='line_1_74' title="bbox 2040 2714 3692 2785; baseline 0.002 -18"><span class='ocrx_word' id='word_1_546' title='bbox 2040 2714 2340 2768; x_wconf 84' lang='lat' dir='ltr'>hominum</span> <span class='ocrx_word' id='word_1_547' title='bbox 2371 2732 2543 2775; x_wconf 89' lang='lat' dir='ltr'>mors.</span> <span class='ocrx_word' id='word_1_548' title='bbox 2566 2716 2939 2785; x_wconf 90' lang='lat' dir='ltr'>omniumque</span> <span class='ocrx_word' id='word_1_549' title='bbox 2966 2716 3301 2771; x_wconf 86' lang='lat' dir='ltr'>resurrectio</span> <span class='ocrx_word' id='word_1_550' title='bbox 3328 2718 3692 2785; x_wconf 69' lang='lat' dir='ltr'>praedicatur.</span> 
     </span>
    </p>
   </div>
   <div class='ocr_carea' id='block_1_74' title="bbox 2042 2785 3692 2857">
    <p class='ocr_par' dir='ltr' id='par_1_74' title="bbox 2042 2785 3692 2857">
     <span class='ocr_line' id='line_1_75' title="bbox 2042 2785 3692 2857; baseline 0.002 -19"><span class='ocrx_word' id='word_1_551' title='bbox 2042 2785 2139 2857; x_wconf 81' lang='lat' dir='ltr'>Hic</span> <span class='ocrx_word' id='word_1_552' title='bbox 2168 2801 2409 2855; x_wconf 89' lang='lat' dir='ltr'>namque</span> <span class='ocrx_word' id='word_1_553' title='bbox 2448 2792 2599 2841; x_wconf 91' lang='lat' dir='ltr'>totus</span> <span class='ocrx_word' id='word_1_554' title='bbox 2651 2791 2733 2840; x_wconf 91' lang='lat' dir='ltr'>est</span> <span class='ocrx_word' id='word_1_555' title='bbox 2764 2795 2990 2841; x_wconf 89' lang='lat' dir='ltr'>sanctus</span> <span class='ocrx_word' id='word_1_556' title='bbox 3012 2787 3232 2855; x_wconf 87' lang='lat' dir='ltr'>doctor,</span> <span class='ocrx_word' id='word_1_557' title='bbox 3274 2792 3336 2840; x_wconf 93' lang='lat' dir='ltr'>ut</span> <span class='ocrx_word' id='word_1_558' title='bbox 3362 2787 3692 2857; x_wconf 90' lang='lat' dir='ltr'>possibilem</span> 
     </span>
    </p>
   </div>
   <div class='ocr_carea' id='block_1_75' title="bbox 2039 2856 3694 2913">
    <p class='ocr_par' dir='ltr' id='par_1_75' title="bbox 2039 2856 3694 2913">
     <span class='ocr_line' id='line_1_76' title="bbox 2039 2856 3694 2913; baseline 0.002 -4"><span class='ocrx_word' id='word_1_559' title='bbox 2039 2856 2269 2910; x_wconf 90' lang='lat' dir='ltr'>illorum</span> <span class='ocrx_word' id='word_1_560' title='bbox 2296 2857 2631 2911; x_wconf 90' lang='lat' dir='ltr'>ultimorum</span> <span class='ocrx_word' id='word_1_561' title='bbox 2664 2857 2973 2912; x_wconf 91' lang='lat' dir='ltr'>viventium</span> <span class='ocrx_word' id='word_1_562' title='bbox 3004 2862 3242 2912; x_wconf 90' lang='lat' dir='ltr'>mortem</span> <span class='ocrx_word' id='word_1_563' title='bbox 3266 2856 3485 2913; x_wconf 88' lang='lat' dir='ltr'>asserat</span> <span class='ocrx_word' id='word_1_564' title='bbox 3514 2875 3580 2912; x_wconf 89' lang='lat' dir='ltr'>ac</span> <span class='ocrx_word' id='word_1_565' title='bbox 3608 2875 3694 2913; x_wconf 90' lang='lat' dir='ltr'>re-</span> 
     </span>
    </p>
   </div>
   <div class='ocr_carea' id='block_1_76' title="bbox 2038 2927 3692 2991">
    <p class='ocr_par' dir='ltr' id='par_1_76' title="bbox 2038 2927 3692 2991">
     <span class='ocr_line' id='line_1_77' title="bbox 2038 2927 3692 2991; baseline 0.001 -10"><span class='ocrx_word' id='word_1_566' title='bbox 2038 2927 2469 2991; x_wconf 88' lang='lat' dir='ltr'>surrectionem,</span> <span class='ocrx_word' id='word_1_567' title='bbox 2513 2928 2684 2983; x_wconf 91' lang='lat' dir='ltr'>etiam</span> <span class='ocrx_word' id='word_1_568' title='bbox 2732 2928 2787 2982; x_wconf 92' lang='lat' dir='ltr'>in</span> <span class='ocrx_word' id='word_1_569' title='bbox 2832 2927 2929 2981; x_wconf 91' lang='lat' dir='ltr'>illo</span> <span class='ocrx_word' id='word_1_570' title='bbox 2980 2928 3314 2983; x_wconf 88' lang='lat' dir='ltr'>brevissimo</span> <span class='ocrx_word' id='word_1_571' title='bbox 3346 2946 3410 2983; x_wconf 84' lang='lat' dir='ltr'>ac</span> <span class='ocrx_word' id='word_1_572' title='bbox 3449 2929 3692 2983; x_wconf 92' lang='lat' dir='ltr'>minimo</span> 
     </span>
    </p>
   </div>
   <div class='ocr_carea' id='block_1_77' title="bbox 2038 2998 3693 3069">
    <p class='ocr_par' dir='ltr' id='par_1_77' title="bbox 2038 2998 3693 3069">
     <span class='ocr_line' id='line_1_78' title="bbox 2038 2998 3693 3069; baseline 0.001 -17"><span class='ocrx_word' id='word_1_573' title='bbox 2038 2998 2315 3068; x_wconf 90' lang='lat' dir='ltr'>temporis</span> <span class='ocrx_word' id='word_1_574' title='bbox 2356 2999 2573 3068; x_wconf 83' lang='lat' dir='ltr'>spatio;</span> <span class='ocrx_word' id='word_1_575' title='bbox 2615 3004 2669 3054; x_wconf 86' lang='lat' dir='ltr'>et</span> <span class='ocrx_word' id='word_1_576' title='bbox 2699 3004 2757 3053; x_wconf 93' lang='lat' dir='ltr'>ut</span> <span class='ocrx_word' id='word_1_577' title='bbox 2787 2999 2901 3053; x_wconf 88' lang='lat' dir='ltr'>alia</span> <span class='ocrx_word' id='word_1_578' title='bbox 2930 3015 3154 3069; x_wconf 89' lang='lat' dir='ltr'>quoque</span> <span class='ocrx_word' id='word_1_579' title='bbox 3184 2999 3490 3069; x_wconf 70' lang='lat' dir='ltr'>Scripturas</span> <span class='ocrx_word' id='word_1_580' title='bbox 3524 3002 3693 3054; x_wconf 89' lang='lat' dir='ltr'>verba</span> 
     </span>
    </p>
   </div>
   <div class='ocr_carea' id='block_1_78' title="bbox 2038 3068 3690 3139">
    <p class='ocr_par' dir='ltr' id='par_1_78' title="bbox 2038 3068 3690 3139">
     <span class='ocr_line' id='line_1_79' title="bbox 2038 3068 3690 3139; baseline 0.001 -15"><span class='ocrx_word' id='word_1_581' title='bbox 2038 3068 2318 3132; x_wconf 90' lang='lat' dir='ltr'>conciliet,</span> <span class='ocrx_word' id='word_1_582' title='bbox 2371 3086 2498 3139; x_wconf 70' lang='lat' dir='ltr'>quae</span> <span class='ocrx_word' id='word_1_583' title='bbox 2545 3073 2747 3125; x_wconf 90' lang='lat' dir='ltr'>contra</span> <span class='ocrx_word' id='word_1_584' title='bbox 2775 3068 2971 3125; x_wconf 89' lang='lat' dir='ltr'>eorum</span> <span class='ocrx_word' id='word_1_585' title='bbox 3021 3073 3267 3125; x_wconf 91' lang='lat' dir='ltr'>mortem</span> <span class='ocrx_word' id='word_1_586' title='bbox 3312 3068 3503 3126; x_wconf 72' lang='lat' dir='ltr'>Tacere</span> <span class='ocrx_word' id='word_1_587' title='bbox 3541 3072 3690 3125; x_wconf 92' lang='lat' dir='ltr'>vide-</span> 
     </span>
    </p>
   </div>
   <div class='ocr_carea' id='block_1_79' title="bbox 265 3135 3691 3214">
    <p class='ocr_par' dir='ltr' id='par_1_79' title="bbox 265 3135 3691 3214">
     <span class='ocr_line' id='line_1_80' title="bbox 265 3135 3691 3214; baseline 0.002 -25"><span class='ocrx_word' id='word_1_588' title='bbox 265 3135 378 3189; x_wconf 87' lang='lat' dir='ltr'>ctis</span> <span class='ocrx_word' id='word_1_589' title='bbox 407 3136 582 3214; x_wconf 77' lang='lat' dir='ltr'>etiam</span> <span class='ocrx_word' id='word_1_590' title='bbox 605 3138 820 3214; x_wconf 56' lang='lat' dir='ltr'>caeteris</span> <span class='ocrx_word' id='word_1_591' title='bbox 851 3140 1037 3214; x_wconf 83' lang='lat' dir='ltr'>datur.</span> <span class='ocrx_word' id='word_1_592' title='bbox 1068 3135 1924 3214; x_wconf 48' lang='lat' dir='ltr'>repentemutandos.&#39;etsimul</span> <span class='ocrx_word' id='word_1_593' title='bbox 1956 3156 2000 3214; x_wconf 74' lang='grc' dir='ltr'>ς,</span> <span class='ocrx_word' id='word_1_594' title='bbox 2037 3141 2270 3214; x_wconf 88' lang='lat' dir='ltr'>bantur._</span> <span class='ocrx_word' id='word_1_595' title='bbox 2299 3135 2487 3205; x_wconf 55' lang='lat' dir='ltr'>Qumri</span> <span class='ocrx_word' id='word_1_596' title='bbox 2535 3142 2697 3203; x_wconf 85' lang='lat' dir='ltr'>solet,</span> <span class='ocrx_word' id='word_1_597' title='bbox 2732 3142 2934 3214; x_wconf 81' lang='lat' dir='ltr'>inquit,</span> <span class='ocrx_word' id='word_1_598' title='bbox 2970 3146 3159 3195; x_wconf 89' lang='lat' dir='ltr'>utrum</span> <span class='ocrx_word' id='word_1_599' title='bbox 3194 3142 3273 3195; x_wconf 91' lang='lat' dir='ltr'>illi</span> <span class='ocrx_word' id='word_1_600' title='bbox 3299 3158 3441 3211; x_wconf 91' lang='lat' dir='ltr'>quos</span> <span class='ocrx_word' id='word_1_601' title='bbox 3472 3142 3560 3196; x_wconf 90' lang='lat' dir='ltr'>hic</span> <span class='ocrx_word' id='word_1_602' title='bbox 3599 3142 3691 3214; x_wconf 15' lang='lat' dir='ltr'>evi-</span> 
     </span>
    </p>
   </div>
   <div class='ocr_carea' id='block_1_80' title="bbox 262 3207 1927 3275">
    <p class='ocr_par' dir='ltr' id='par_1_80' title="bbox 262 3207 1927 3275">
     <span class='ocr_line' id='line_1_81' title="bbox 262 3207 1927 3275; baseline 0.003 -14"><span class='ocrx_word' id='word_1_603' title='bbox 262 3223 389 3261; x_wconf 83' lang='lat' dir='ltr'>cum</span> <span class='ocrx_word' id='word_1_604' title='bbox 418 3207 529 3261; x_wconf 77' lang='lat' dir='ltr'>illis</span> <span class='ocrx_word' id='word_1_605' title='bbox 576 3209 897 3271; x_wconf 74' lang='lat' dir='ltr'>rapiendos,</span> <span class='ocrx_word' id='word_1_606' title='bbox 930 3210 1073 3263; x_wconf 87' lang='lat' dir='ltr'>sicut</span> <span class='ocrx_word' id='word_1_607' title='bbox 1105 3210 1257 3275; x_wconf 88' lang='lat' dir='ltr'>dicit,</span> <span class='ocrx_word' id='word_1_608' title='bbox 1289 3212 1350 3265; x_wconf 85' lang='lat' dir='ltr'>in</span> <span class='ocrx_word' id='word_1_609' title='bbox 1390 3211 1619 3265; x_wconf 81' lang='lat' dir='ltr'>nubibus</span> <span class='ocrx_word' id='word_1_610' title='bbox 1649 3231 1668 3264; x_wconf 91' lang='grc'>.·</span> <span class='ocrx_word' id='word_1_611' title='bbox 1697 3228 1801 3267; x_wconf 90' lang='lat' dir='ltr'>nec</span> <span class='ocrx_word' id='word_1_612' title='bbox 1827 3212 1927 3266; x_wconf 90' lang='lat' dir='ltr'>ali-</span> 
     </span>
    </p>
   </div>
   <div class='ocr_carea' id='block_1_81' title="bbox 263 3278 1922 3350">
    <p class='ocr_par' dir='ltr' id='par_1_81' title="bbox 263 3278 1922 3350">
     <span class='ocr_line' id='line_1_82' title="bbox 263 3278 1922 3350; baseline 0.005 -21"><span class='ocrx_word' id='word_1_613' title='bbox 263 3278 406 3350; x_wconf 88' lang='lat' dir='ltr'>quid</span> <span class='ocrx_word' id='word_1_614' title='bbox 438 3278 594 3332; x_wconf 91' lang='lat' dir='ltr'>aliud</span> <span class='ocrx_word' id='word_1_615' title='bbox 620 3279 759 3333; x_wconf 91' lang='lat' dir='ltr'>mihi</span> <span class='ocrx_word' id='word_1_616' title='bbox 783 3281 967 3335; x_wconf 90' lang='lat' dir='ltr'>visum</span> <span class='ocrx_word' id='word_1_617' title='bbox 991 3286 1095 3344; x_wconf 88' lang='lat' dir='ltr'>est,</span> <span class='ocrx_word' id='word_1_618' title='bbox 1123 3282 1346 3350; x_wconf 87' lang='lat' dir='ltr'>quoties</span> <span class='ocrx_word' id='word_1_619' title='bbox 1367 3282 1437 3337; x_wconf 91' lang='lat' dir='ltr'>de</span> <span class='ocrx_word' id='word_1_620' title='bbox 1460 3282 1545 3336; x_wconf 90' lang='lat' dir='ltr'>his</span> <span class='ocrx_word' id='word_1_621' title='bbox 1574 3283 1755 3336; x_wconf 86' lang='lat' dir='ltr'>verbis</span> <span class='ocrx_word' id='word_1_622' title='bbox 1773 3282 1922 3337; x_wconf 91' lang='lat' dir='ltr'>volui</span> 
     </span>
    </p>
   </div>
   <div class='ocr_carea' id='block_1_82' title="bbox 261 3348 1928 3415">
    <p class='ocr_par' dir='ltr' id='par_1_82' title="bbox 261 3348 1928 3415">
     <span class='ocr_line' id='line_1_83' title="bbox 261 3348 1928 3415; baseline 0.004 -13"><span class='ocrx_word' id='word_1_623' title='bbox 261 3348 539 3415; x_wconf 84' lang='lat' dir='ltr'>cogitare.</span> <span class='ocrx_word' id='word_1_624' title='bbox 584 3370 610 3399; x_wconf 87' lang='lat'>»</span> <span class='ocrx_word' id='word_1_625' title='bbox 646 3352 907 3407; x_wconf 62' lang='lat' dir='ltr'>Haerebat</span> <span class='ocrx_word' id='word_1_626' title='bbox 934 3348 1393 3407; x_wconf 76' lang='lat' dir='ltr'>tamensanctus</span> <span class='ocrx_word' id='word_1_627' title='bbox 1423 3354 1621 3408; x_wconf 92' lang='lat' dir='ltr'>doctor</span> <span class='ocrx_word' id='word_1_628' title='bbox 1650 3355 1787 3407; x_wconf 89' lang='lat' dir='ltr'>dum</span> <span class='ocrx_word' id='word_1_629' title='bbox 1816 3353 1928 3408; x_wconf 90' lang='lat' dir='ltr'>alia</span> 
     </span>
    </p>
   </div>
   <div class='ocr_carea' id='block_1_83' title="bbox 260 3420 1925 3493">
    <p class='ocr_par' dir='ltr' id='par_1_83' title="bbox 260 3420 1925 3493">
     <span class='ocr_line' id='line_1_84' title="bbox 260 3420 1925 3493; baseline 0.004 -20"><span class='ocrx_word' id='word_1_630' title='bbox 260 3420 529 3493; x_wconf 15' lang='lat' dir='ltr'>ejusdem,</span> <span class='ocrx_word' id='word_1_631' title='bbox 556 3421 811 3491; x_wconf 79' lang='lat' dir='ltr'>Apostoli</span> <span class='ocrx_word' id='word_1_632' title='bbox 840 3424 1008 3477; x_wconf 91' lang='lat' dir='ltr'>verba</span> <span class='ocrx_word' id='word_1_633' title='bbox 1039 3425 1409 3493; x_wconf 88' lang='lat' dir='ltr'>perpenderet</span> <span class='ocrx_word' id='word_1_634' title='bbox 1437 3425 1458 3479; x_wconf 88' lang='grc' dir='ltr'>Ι</span> <span class='ocrx_word' id='word_1_635' title='bbox 1503 3425 1925 3480; x_wconf 86' lang='lat' dir='ltr'>Corinthiorum</span> 
     </span>
    </p>
   </div>
   <div class='ocr_carea' id='block_1_84' title="bbox 263 3491 1928 3566">
    <p class='ocr_par' dir='ltr' id='par_1_84' title="bbox 263 3491 1928 3566">
     <span class='ocr_line' id='line_1_85' title="bbox 263 3491 1928 3566; baseline 0.004 -22"><span class='ocrx_word' id='word_1_636' title='bbox 263 3507 339 3544; x_wconf 83' lang='lat' dir='ltr'><strong>xv</strong></span> <span class='ocrx_word' id='word_1_637' title='bbox 366 3507 378 3544; x_wconf 87' lang='lat'><em>:</em></span> <span class='ocrx_word' id='word_1_638' title='bbox 407 3491 603 3566; x_wconf 76' lang='lat' dir='ltr'>Stulte,</span> <span class='ocrx_word' id='word_1_639' title='bbox 630 3499 688 3547; x_wconf 82' lang='lat' dir='ltr'>lu</span> <span class='ocrx_word' id='word_1_640' title='bbox 709 3495 854 3566; x_wconf 76' lang='lat' dir='ltr'>quod</span> <span class='ocrx_word' id='word_1_641' title='bbox 880 3491 1265 3558; x_wconf 37' lang='lat' dir='ltr'>seminam—non</span> <span class='ocrx_word' id='word_1_642' title='bbox 1292 3496 1622 3566; x_wconf 74' lang='lat' dir='ltr'>viviﬁcatur,</span> <span class='ocrx_word' id='word_1_643' title='bbox 1646 3497 1755 3550; x_wconf 83' lang='lat' dir='ltr'>nisi</span> <span class='ocrx_word' id='word_1_644' title='bbox 1766 3498 1928 3566; x_wconf 83' lang='lat' dir='ltr'>prius</span> 
     </span>
    </p>
   </div>
   <div class='ocr_carea' id='block_1_85' title="bbox 261 3563 1930 3636">
    <p class='ocr_par' dir='ltr' id='par_1_85' title="bbox 261 3563 1930 3636">
     <span class='ocr_line' id='line_1_86' title="bbox 261 3563 1930 3636; baseline 0.005 -21"><span class='ocrx_word' id='word_1_645' title='bbox 261 3563 581 3631; x_wconf 76' lang='lat' dir='ltr'>moriatur;</span> <span class='ocrx_word' id='word_1_646' title='bbox 609 3568 665 3618; x_wconf 92' lang='lat' dir='ltr'>et</span> <span class='ocrx_word' id='word_1_647' title='bbox 715 3564 826 3618; x_wconf 91' lang='lat' dir='ltr'>alia</span> <span class='ocrx_word' id='word_1_648' title='bbox 870 3582 1094 3635; x_wconf 90' lang='lat' dir='ltr'>quoque</span> <span class='ocrx_word' id='word_1_649' title='bbox 1133 3566 1344 3621; x_wconf 90' lang='lat' dir='ltr'>ibidem</span> <span class='ocrx_word' id='word_1_650' title='bbox 1384 3563 1408 3594; x_wconf 69' lang='grc'>·’</span> <span class='ocrx_word' id='word_1_651' title='bbox 1444 3567 1633 3622; x_wconf 83' lang='lat' dir='ltr'>Omnes</span> <span class='ocrx_word' id='word_1_652' title='bbox 1679 3563 1930 3636; x_wconf 75' lang='lat' dir='ltr'>resurge-</span> 
     </span>
    </p>
   </div>
   <div class='ocr_carea' id='block_1_86' title="bbox 262 3637 1927 3705">
    <p class='ocr_par' dir='ltr' id='par_1_86' title="bbox 262 3637 1927 3705">
     <span class='ocr_line' id='line_1_87' title="bbox 262 3637 1927 3705; baseline 0.005 -20"><span class='ocrx_word' id='word_1_653' title='bbox 262 3650 388 3687; x_wconf 82' lang='lat' dir='ltr'>mus</span> <span class='ocrx_word' id='word_1_654' title='bbox 420 3650 589 3705; x_wconf 17' lang='lat' dir='ltr'>:7seu,</span> <span class='ocrx_word' id='word_1_655' title='bbox 625 3639 686 3689; x_wconf 91' lang='lat' dir='ltr'>ut</span> <span class='ocrx_word' id='word_1_656' title='bbox 730 3637 989 3691; x_wconf 91' lang='lat' dir='ltr'>nonnulli</span> <span class='ocrx_word' id='word_1_657' title='bbox 1021 3637 1243 3692; x_wconf 88' lang='lat' dir='ltr'>codices</span> <span class='ocrx_word' id='word_1_658' title='bbox 1273 3654 1283 3690; x_wconf 90' lang='lat'><strong>:</strong></span> <span class='ocrx_word' id='word_1_659' title='bbox 1331 3640 1520 3694; x_wconf 81' lang='lat' dir='ltr'>Omnes</span> <span class='ocrx_word' id='word_1_660' title='bbox 1562 3638 1927 3705; x_wconf 82' lang='lat' dir='ltr'>dormiemus;</span> 
     </span>
    </p>
   </div>
   <div class='ocr_carea' id='block_1_87' title="bbox 262 3704 1925 3773">
    <p class='ocr_par' dir='ltr' id='par_1_87' title="bbox 262 3704 1925 3773">
     <span class='ocr_line' id='line_1_88' title="bbox 262 3704 1925 3773; baseline 0.004 -16"><span class='ocrx_word' id='word_1_661' title='bbox 262 3719 334 3758; x_wconf 85' lang='lat' dir='ltr'><strong>ex</strong></span> <span class='ocrx_word' id='word_1_662' title='bbox 362 3704 567 3773; x_wconf 90' lang='lat' dir='ltr'>quibus</span> <span class='ocrx_word' id='word_1_663' title='bbox 597 3722 626 3759; x_wconf 91' lang='lat' dir='ltr'>a</span> <span class='ocrx_word' id='word_1_664' title='bbox 662 3707 863 3761; x_wconf 89' lang='lat' dir='ltr'>mortis</span> <span class='ocrx_word' id='word_1_665' title='bbox 891 3709 1185 3763; x_wconf 90' lang='lat' dir='ltr'>subeunda</span> <span class='ocrx_word' id='word_1_666' title='bbox 1214 3709 1498 3763; x_wconf 90' lang='lat' dir='ltr'>sententia</span> <span class='ocrx_word' id='word_1_667' title='bbox 1525 3708 1711 3763; x_wconf 91' lang='lat' dir='ltr'>nullus</span> <span class='ocrx_word' id='word_1_668' title='bbox 1745 3709 1925 3763; x_wconf 86' lang='lat' dir='ltr'>homi-</span> 
     </span>
    </p>
   </div>
   <div class='ocr_carea' id='block_1_88' title="bbox 266 3779 1925 3846">
    <p class='ocr_par' dir='ltr' id='par_1_88' title="bbox 266 3779 1925 3846">
     <span class='ocr_line' id='line_1_89' title="bbox 266 3779 1925 3846; baseline 0.003 -18"><span class='ocrx_word' id='word_1_669' title='bbox 266 3792 409 3828; x_wconf 92' lang='lat' dir='ltr'>num</span> <span class='ocrx_word' id='word_1_670' title='bbox 459 3781 724 3846; x_wconf 84' lang='lat' dir='ltr'>exceptus</span> <span class='ocrx_word' id='word_1_671' title='bbox 767 3779 1005 3833; x_wconf 91' lang='lat' dir='ltr'>omnino</span> <span class='ocrx_word' id='word_1_672' title='bbox 1050 3780 1292 3835; x_wconf 91' lang='lat' dir='ltr'>videtur.</span> <span class='ocrx_word' id='word_1_673' title='bbox 1327 3784 1387 3833; x_wconf 90' lang='lat' dir='ltr'>ut</span> <span class='ocrx_word' id='word_1_674' title='bbox 1427 3780 1925 3833; x_wconf 88' lang='lat' dir='ltr'>immortalitatem</span> 
     </span>
    </p>
   </div>
   <div class='ocr_carea' id='block_1_89' title="bbox 262 3849 1924 3970">
    <p class='ocr_par' dir='ltr' id='par_1_89' title="bbox 262 3849 1924 3970">
     <span class='ocr_line' id='line_1_90' title="bbox 262 3849 1924 3970; baseline 0.002 -71"><span class='ocrx_word' id='word_1_675' title='bbox 262 3850 605 3970; x_wconf 48' lang='lat' dir='ltr'>perpetuam</span> <span class='ocrx_word' id='word_1_676' title='bbox 635 3849 1002 3932; x_wconf 76' lang='lat' dir='ltr'>adipiscatur.</span> <span class='ocrx_word' id='word_1_677' title='bbox 1033 3851 1177 3932; x_wconf 80' lang='lat' dir='ltr'>Quid</span> <span class='ocrx_word' id='word_1_678' title='bbox 1202 3850 1371 3931; x_wconf 79' lang='lat' dir='ltr'>igitur</span> <span class='ocrx_word' id='word_1_679' title='bbox 1391 3856 1621 3931; x_wconf 80' lang='lat' dir='ltr'>sanctus</span> <span class='ocrx_word' id='word_1_680' title='bbox 1650 3850 1850 3903; x_wconf 85' lang='lat' dir='ltr'>doctor</span> <span class='ocrx_word' id='word_1_681' title='bbox 1867 3850 1924 3931; x_wconf 79' lang='lat' dir='ltr'>in</span> 
     </span>
     <span class='ocr_line' id='line_1_91' title="bbox 310 3919 1924 3970; baseline 0 0"><span class='ocrx_word' id='word_1_682' title='bbox 310 3934 378 3970; x_wconf 89' lang='lat' dir='ltr'>oc</span> <span class='ocrx_word' id='word_1_683' title='bbox 415 3919 741 3970; x_wconf 65' lang='lat' dir='ltr'>RDOStOIICfB</span> <span class='ocrx_word' id='word_1_684' title='bbox 788 3921 1087 3970; x_wconf 81' lang='lat' dir='ltr'>loentmms</span> <span class='ocrx_word' id='word_1_685' title='bbox 1136 3921 1306 3970; x_wconf 73' lang='lat' dir='ltr'>velut:</span> <span class='ocrx_word' id='word_1_686' title='bbox 1362 3922 1673 3970; x_wconf 76' lang='lat' dir='ltr'>conﬂictu?</span> <span class='ocrx_word' id='word_1_687' title='bbox 1715 3920 1924 3970; x_wconf 78' lang='lat' dir='ltr'>Relatis</span> 
     </span>
    </p>
   </div>
   <div class='ocr_carea' id='block_1_90' title="bbox 310 3919 1925 3986">
    <p class='ocr_par' dir='ltr' id='par_1_90' title="bbox 310 3919 1925 3986">
     <span class='ocr_line' id='line_1_92' title="bbox 310 3919 1925 3986; baseline 0.002 -15"><span class='ocrx_word' id='word_1_688' title='bbox 310 3934 378 3971; x_wconf 91' lang='lat' dir='ltr'>oc</span> <span class='ocrx_word' id='word_1_689' title='bbox 415 3919 741 3986; x_wconf 67' lang='lat' dir='ltr'>apostolicae</span> <span class='ocrx_word' id='word_1_690' title='bbox 788 3921 1087 3976; x_wconf 90' lang='lat' dir='ltr'>locutionis</span> <span class='ocrx_word' id='word_1_691' title='bbox 1136 3921 1307 3975; x_wconf 88' lang='lat' dir='ltr'>veluti</span> <span class='ocrx_word' id='word_1_692' title='bbox 1362 3921 1673 3976; x_wconf 81' lang='lat' dir='ltr'>conﬂictu?</span> <span class='ocrx_word' id='word_1_693' title='bbox 1715 3920 1925 3975; x_wconf 84' lang='lat' dir='ltr'>Relatis</span> 
     </span>
    </p>
   </div>
   <div class='ocr_carea' id='block_1_91' title="bbox 262 3989 1925 4061">
    <p class='ocr_par' dir='ltr' id='par_1_91' title="bbox 262 3989 1925 4061">
     <span class='ocr_line' id='line_1_93' title="bbox 262 3989 1925 4061; baseline 0.002 -18"><span class='ocrx_word' id='word_1_694' title='bbox 262 3989 477 4043; x_wconf 88' lang='lat' dir='ltr'>iterum</span> <span class='ocrx_word' id='word_1_695' title='bbox 510 3991 695 4061; x_wconf 83' lang='lat' dir='ltr'>verbis</span> <span class='ocrx_word' id='word_1_696' title='bbox 725 3993 978 4060; x_wconf 85' lang='lat' dir='ltr'>Apostoli</span> <span class='ocrx_word' id='word_1_697' title='bbox 1018 3994 1035 4047; x_wconf 87' lang='lat' dir='ltr'>l</span> <span class='ocrx_word' id='word_1_698' title='bbox 1070 3992 1675 4050; x_wconf 86' lang='lat' dir='ltr'>Thessalonicensium.</span> <span class='ocrx_word' id='word_1_699' title='bbox 1737 4009 1858 4061; x_wconf 68' lang='lat' dir='ltr'>quae</span> <span class='ocrx_word' id='word_1_700' title='bbox 1892 4009 1925 4046; x_wconf 92' lang='lat' dir='ltr'>a</span> 
     </span>
    </p>
   </div>
   <div class='ocr_carea' id='block_1_92' title="bbox 262 4060 1925 4135">
    <p class='ocr_par' dir='ltr' id='par_1_92' title="bbox 262 4060 1925 4135">
     <span class='ocr_line' id='line_1_94' title="bbox 262 4060 1925 4135; baseline 0.001 -21"><span class='ocrx_word' id='word_1_701' title='bbox 262 4060 572 4129; x_wconf 86' lang='lat' dir='ltr'>postremis</span> <span class='ocrx_word' id='word_1_702' title='bbox 598 4062 919 4135; x_wconf 81' lang='lat' dir='ltr'>viventibus</span> <span class='ocrx_word' id='word_1_703' title='bbox 949 4064 1003 4118; x_wconf 91' lang='lat' dir='ltr'>in</span> <span class='ocrx_word' id='word_1_704' title='bbox 1036 4064 1282 4135; x_wconf 85' lang='lat' dir='ltr'>adventu</span> <span class='ocrx_word' id='word_1_705' title='bbox 1316 4062 1499 4135; x_wconf 86' lang='lat' dir='ltr'>Divini</span> <span class='ocrx_word' id='word_1_706' title='bbox 1534 4060 1925 4135; x_wconf 21' lang='lat' dir='ltr'>judicisimor-</span> 
     </span>
    </p>
   </div>
   <div class='ocr_carea' id='block_1_93' title="bbox 262 4133 1922 4203">
    <p class='ocr_par' dir='ltr' id='par_1_93' title="bbox 262 4133 1922 4203">
     <span class='ocr_line' id='line_1_95' title="bbox 262 4133 1922 4203; baseline 0.004 -20"><span class='ocrx_word' id='word_1_707' title='bbox 262 4137 383 4185; x_wconf 86' lang='lat' dir='ltr'>tem</span> <span class='ocrx_word' id='word_1_708' title='bbox 419 4148 611 4187; x_wconf 88' lang='lat' dir='ltr'>arcere</span> <span class='ocrx_word' id='word_1_709' title='bbox 644 4133 946 4188; x_wconf 85' lang='lat' dir='ltr'>videntur:</span> <span class='ocrx_word' id='word_1_710' title='bbox 982 4158 1009 4185; x_wconf 92' lang='grc'><strong>‹‹</strong></span> <span class='ocrx_word' id='word_1_711' title='bbox 1051 4134 1290 4195; x_wconf 86' lang='lat' dir='ltr'>Vellem,</span> <span class='ocrx_word' id='word_1_712' title='bbox 1339 4133 1547 4203; x_wconf 71' lang='lat' dir='ltr'>inquit.</span> <span class='ocrx_word' id='word_1_713' title='bbox 1588 4134 1656 4187; x_wconf 88' lang='lat' dir='ltr'>de</span> <span class='ocrx_word' id='word_1_714' title='bbox 1704 4133 1792 4188; x_wconf 90' lang='lat' dir='ltr'>his</span> <span class='ocrx_word' id='word_1_715' title='bbox 1824 4151 1922 4189; x_wconf 40' lang='lat' dir='ltr'>au‘</span> 
     </span>
    </p>
   </div>
   <div class='ocr_carea' id='block_1_94' title="bbox 258 4203 1918 4275">
    <p class='ocr_par' dir='ltr' id='par_1_94' title="bbox 258 4203 1918 4275">
     <span class='ocr_line' id='line_1_96' title="bbox 258 4203 1918 4275; baseline 0.002 -20"><span class='ocrx_word' id='word_1_716' title='bbox 258 4203 387 4275; x_wconf 84' lang='lat' dir='ltr'>dire</span> <span class='ocrx_word' id='word_1_717' title='bbox 418 4203 718 4275; x_wconf 87' lang='lat' dir='ltr'>doctiores.</span> <span class='ocrx_word' id='word_1_718' title='bbox 753 4210 809 4259; x_wconf 87' lang='lat' dir='ltr'>et</span> <span class='ocrx_word' id='word_1_719' title='bbox 840 4206 883 4260; x_wconf 91' lang='lat' dir='ltr'>si</span> <span class='ocrx_word' id='word_1_720' title='bbox 916 4207 1087 4259; x_wconf 92' lang='lat' dir='ltr'>modo</span> <span class='ocrx_word' id='word_1_721' title='bbox 1118 4205 1411 4275; x_wconf 88' lang='lat' dir='ltr'>potuerint</span> <span class='ocrx_word' id='word_1_722' title='bbox 1442 4205 1563 4259; x_wconf 62' lang='lat' dir='ltr'>hinc</span> <span class='ocrx_word' id='word_1_723' title='bbox 1590 4205 1667 4258; x_wconf 86' lang='lat' dir='ltr'>ita</span> <span class='ocrx_word' id='word_1_724' title='bbox 1692 4206 1918 4273; x_wconf 87' lang='lat' dir='ltr'>exponi,</span> 
     </span>
    </p>
   </div>
   <div class='ocr_carea' id='block_1_95' title="bbox 259 4274 1918 4348">
    <p class='ocr_par' dir='ltr' id='par_1_95' title="bbox 259 4274 1918 4348">
     <span class='ocr_line' id='line_1_97' title="bbox 259 4274 1918 4348; baseline 0.005 -23"><span class='ocrx_word' id='word_1_725' title='bbox 259 4274 411 4348; x_wconf 74' lang='lat' dir='ltr'>utin</span> <span class='ocrx_word' id='word_1_726' title='bbox 444 4274 526 4328; x_wconf 91' lang='lat' dir='ltr'>eis</span> <span class='ocrx_word' id='word_1_727' title='bbox 556 4275 735 4348; x_wconf 84' lang='lat' dir='ltr'>possit</span> <span class='ocrx_word' id='word_1_728' title='bbox 759 4276 1015 4348; x_wconf 75' lang='lat' dir='ltr'>intelligi.</span> <span class='ocrx_word' id='word_1_729' title='bbox 1058 4274 1259 4331; x_wconf 89' lang='lat' dir='ltr'>omnes</span> <span class='ocrx_word' id='word_1_730' title='bbox 1289 4276 1553 4332; x_wconf 88' lang='lat' dir='ltr'>homines</span> <span class='ocrx_word' id='word_1_731' title='bbox 1578 4276 1673 4345; x_wconf 92' lang='lat' dir='ltr'>qui</span> <span class='ocrx_word' id='word_1_732' title='bbox 1703 4276 1918 4335; x_wconf 88' lang='lat' dir='ltr'>vivunt.</span> 
     </span>
    </p>
   </div>
   <div class='ocr_carea' id='block_1_96' title="bbox 259 4344 1920 4417">
    <p class='ocr_par' dir='ltr' id='par_1_96' title="bbox 259 4344 1920 4417">
     <span class='ocr_line' id='line_1_98' title="bbox 259 4344 1920 4417; baseline 0.004 -21"><span class='ocrx_word' id='word_1_733' title='bbox 259 4344 345 4397; x_wconf 89' lang='lat' dir='ltr'>vel</span> <span class='ocrx_word' id='word_1_734' title='bbox 383 4349 509 4417; x_wconf 89' lang='lat' dir='ltr'>post</span> <span class='ocrx_word' id='word_1_735' title='bbox 542 4344 643 4400; x_wconf 90' lang='lat' dir='ltr'>nos</span> <span class='ocrx_word' id='word_1_736' title='bbox 677 4347 876 4402; x_wconf 90' lang='lat' dir='ltr'>victuri</span> <span class='ocrx_word' id='word_1_737' title='bbox 926 4344 1077 4410; x_wconf 51' lang='lat' dir='ltr'>s&#39;unt,</span> <span class='ocrx_word' id='word_1_738' title='bbox 1113 4364 1234 4402; x_wconf 91' lang='lat' dir='ltr'>esse</span> <span class='ocrx_word' id='word_1_739' title='bbox 1280 4344 1608 4409; x_wconf 77' lang='lat' dir='ltr'>morituros,</span> <span class='ocrx_word' id='word_1_740' title='bbox 1639 4348 1920 4417; x_wconf 82' lang='lat' dir='ltr'>corrigere</span> 
     </span>
    </p>
   </div>
   <div class='ocr_carea' id='block_1_97' title="bbox 255 4416 1922 4488">
    <p class='ocr_par' dir='ltr' id='par_1_97' title="bbox 255 4416 1922 4488">
     <span class='ocr_line' id='line_1_99' title="bbox 255 4416 1922 4488; baseline 0.004 -20"><span class='ocrx_word' id='word_1_741' title='bbox 255 4416 576 4488; x_wconf 15' lang='lat' dir='ltr'>quodehinc</span> <span class='ocrx_word' id='word_1_742' title='bbox 607 4417 913 4487; x_wconf 83' lang='lat' dir='ltr'>aliquando</span> <span class='ocrx_word' id='word_1_743' title='bbox 945 4419 1111 4472; x_wconf 91' lang='lat' dir='ltr'>aliter</span> <span class='ocrx_word' id='word_1_744' title='bbox 1142 4418 1310 4474; x_wconf 88' lang='lat' dir='ltr'>sensi.</span> <span class='ocrx_word' id='word_1_745' title='bbox 1348 4418 1539 4488; x_wconf 87' lang='lat' dir='ltr'>Neque</span> <span class='ocrx_word' id='word_1_746' title='bbox 1571 4418 1721 4473; x_wconf 90' lang='lat' dir='ltr'>enim</span> <span class='ocrx_word' id='word_1_747' title='bbox 1756 4416 1922 4473; x_wconf 88' lang='lat' dir='ltr'>debe-</span> 
     </span>
    </p>
   </div>
   <div class='ocr_carea' id='block_1_98' title="bbox 256 4486 1994 4570">
    <p class='ocr_par' dir='ltr' id='par_1_98' title="bbox 256 4486 1994 4570">
     <span class='ocr_line' id='line_1_100' title="bbox 256 4486 1994 4570; baseline 0.003 -32"><span class='ocrx_word' id='word_1_748' title='bbox 256 4504 391 4567; x_wconf 77' lang='lat' dir='ltr'>mus</span> <span class='ocrx_word' id='word_1_749' title='bbox 424 4486 846 4570; x_wconf 27' lang='lat' dir='ltr'>indociles’ess-e</span> <span class='ocrx_word' id='word_1_750' title='bbox 876 4490 1156 4570; x_wconf 72' lang='lat' dir='ltr'>doctores.</span> <span class='ocrx_word' id='word_1_751' title='bbox 1198 4510 1238 4570; x_wconf 67' lang='grc' dir='ltr'>Δ››</span> <span class='ocrx_word' id='word_1_752' title='bbox 1274 4486 1918 4570; x_wconf 60' lang='lat' dir='ltr'>Nihilominuspropen-</span> <span class='ocrx_word' id='word_1_753' title='bbox 1951 4513 1994 4569; x_wconf 76' lang='grc' dir='ltr'>ι)</span> 
     </span>
    </p>
   </div>
   <div class='ocr_carea' id='block_1_99' title="bbox 254 4558 1915 4627">
    <p class='ocr_par' dir='ltr' id='par_1_99' title="bbox 254 4558 1915 4627">
     <span class='ocr_line' id='line_1_101' title="bbox 254 4558 1915 4627; baseline 0.002 -17"><span class='ocrx_word' id='word_1_754' title='bbox 254 4558 483 4611; x_wconf 84' lang='lat' dir='ltr'>sionem</span> <span class='ocrx_word' id='word_1_755' title='bbox 506 4576 667 4613; x_wconf 87' lang='lat' dir='ltr'>suam</span> <span class='ocrx_word' id='word_1_756' title='bbox 690 4577 789 4627; x_wconf 87' lang='lat' dir='ltr'>pro</span> <span class='ocrx_word' id='word_1_757' title='bbox 812 4561 1248 4615; x_wconf 86' lang='lat' dir='ltr'>immortalitate</span> <span class='ocrx_word' id='word_1_758' title='bbox 1264 4560 1594 4615; x_wconf 90' lang='lat' dir='ltr'>ultimorum</span> <span class='ocrx_word' id='word_1_759' title='bbox 1616 4558 1915 4615; x_wconf 88' lang='lat' dir='ltr'>viventium</span> 
     </span>
    </p>
   </div>
   <div class='ocr_carea' id='block_1_100' title="bbox 254 4629 1916 4703">
    <p class='ocr_par' dir='ltr' id='par_1_100' title="bbox 254 4629 1916 4703">
     <span class='ocr_line' id='line_1_102' title="bbox 254 4629 1916 4703; baseline 0.002 -21"><span class='ocrx_word' id='word_1_760' title='bbox 254 4629 485 4703; x_wconf 86' lang='lat' dir='ltr'>aperire</span> <span class='ocrx_word' id='word_1_761' title='bbox 516 4646 626 4683; x_wconf 93' lang='lat' dir='ltr'>non</span> <span class='ocrx_word' id='word_1_762' title='bbox 658 4631 943 4703; x_wconf 83' lang='lat' dir='ltr'>desinens.</span> <span class='ocrx_word' id='word_1_763' title='bbox 972 4640 1027 4685; x_wconf 87' lang='lat' dir='ltr'>et</span> <span class='ocrx_word' id='word_1_764' title='bbox 1061 4633 1347 4703; x_wconf 88' lang='lat' dir='ltr'>majorem</span> <span class='ocrx_word' id='word_1_765' title='bbox 1379 4633 1687 4702; x_wconf 88' lang='lat' dir='ltr'>quamdam</span> <span class='ocrx_word' id='word_1_766' title='bbox 1714 4632 1827 4685; x_wconf 90' lang='lat' dir='ltr'>vim</span> <span class='ocrx_word' id='word_1_767' title='bbox 1860 4632 1916 4703; x_wconf 89' lang='lat' dir='ltr'>in</span> 
     </span>
    </p>
   </div>
   <div class='ocr_carea' id='block_1_101' title="bbox 256 4701 1919 4771">
    <p class='ocr_par' dir='ltr' id='par_1_101' title="bbox 256 4701 1919 4771">
     <span class='ocr_line' id='line_1_103' title="bbox 256 4701 1919 4771; baseline 0.004 -20"><span class='ocrx_word' id='word_1_768' title='bbox 256 4701 451 4755; x_wconf 85' lang='lat' dir='ltr'>verbis</span> <span class='ocrx_word' id='word_1_769' title='bbox 490 4702 738 4771; x_wconf 77' lang='lat' dir='ltr'>Apostoli</span> <span class='ocrx_word' id='word_1_770' title='bbox 772 4704 842 4756; x_wconf 92' lang='lat' dir='ltr'>ad</span> <span class='ocrx_word' id='word_1_771' title='bbox 885 4701 1373 4757; x_wconf 57' lang='lat' dir='ltr'>Thessalonicam“</span> <span class='ocrx_word' id='word_1_772' title='bbox 1400 4701 1483 4757; x_wconf 18' lang='lat' dir='ltr'>ise</span> <span class='ocrx_word' id='word_1_773' title='bbox 1530 4704 1720 4757; x_wconf 87' lang='lat' dir='ltr'>videre</span> <span class='ocrx_word' id='word_1_774' title='bbox 1770 4702 1919 4757; x_wconf 90' lang='lat' dir='ltr'>arbi-</span> 
     </span>
    </p>
   </div>
   <div class='ocr_carea' id='block_1_102' title="bbox 256 4774 1920 4844">
    <p class='ocr_par' dir='ltr' id='par_1_102' title="bbox 256 4774 1920 4844">
     <span class='ocr_line' id='line_1_104' title="bbox 256 4774 1920 4844; baseline 0.002 -19"><span class='ocrx_word' id='word_1_775' title='bbox 256 4776 467 4833; x_wconf 85' lang='lat' dir='ltr'>tratus,</span> <span class='ocrx_word' id='word_1_776' title='bbox 496 4774 821 4840; x_wconf 89' lang='lat' dir='ltr'>postulabat</span> <span class='ocrx_word' id='word_1_777' title='bbox 854 4774 1039 4841; x_wconf 90' lang='lat' dir='ltr'>potius</span> <span class='ocrx_word' id='word_1_778' title='bbox 1059 4775 1348 4844; x_wconf 87' lang='lat' dir='ltr'>quomodo</span> <span class='ocrx_word' id='word_1_779' title='bbox 1373 4775 1487 4829; x_wconf 86' lang='lat' dir='ltr'>alia</span> <span class='ocrx_word' id='word_1_780' title='bbox 1504 4776 1573 4828; x_wconf 88' lang='lat' dir='ltr'>ad</span> <span class='ocrx_word' id='word_1_781' title='bbox 1605 4774 1920 4829; x_wconf 75' lang='lat' dir='ltr'>Corinthios</span> 
     </span>
    </p>
   </div>
   <div class='ocr_carea' id='block_1_103' title="bbox 254 4843 1917 4915">
    <p class='ocr_par' dir='ltr' id='par_1_103' title="bbox 254 4843 1917 4915">
     <span class='ocr_line' id='line_1_105' title="bbox 254 4843 1917 4915; baseline 0.002 -19"><span class='ocrx_word' id='word_1_782' title='bbox 254 4843 444 4897; x_wconf 89' lang='lat' dir='ltr'>relata</span> <span class='ocrx_word' id='word_1_783' title='bbox 476 4845 639 4897; x_wconf 86' lang='lat' dir='ltr'>verba</span> <span class='ocrx_word' id='word_1_784' title='bbox 677 4846 744 4898; x_wconf 86' lang='lat' dir='ltr'>ad</span> <span class='ocrx_word' id='word_1_785' title='bbox 776 4845 977 4914; x_wconf 91' lang='lat' dir='ltr'>prioris</span> <span class='ocrx_word' id='word_1_786' title='bbox 1007 4845 1289 4915; x_wconf 91' lang='lat' dir='ltr'>opinionis</span> <span class='ocrx_word' id='word_1_787' title='bbox 1332 4862 1562 4900; x_wconf 84' lang='lat' dir='ltr'>sensum</span> <span class='ocrx_word' id='word_1_788' title='bbox 1614 4850 1803 4900; x_wconf 90' lang='lat' dir='ltr'>essent</span> <span class='ocrx_word' id='word_1_789' title='bbox 1828 4864 1917 4900; x_wconf 90' lang='lat' dir='ltr'>ac-</span> 
     </span>
    </p>
   </div>
   <div class='ocr_carea' id='block_1_104' title="bbox 254 4915 1913 4985">
    <p class='ocr_par' dir='ltr' id='par_1_104' title="bbox 254 4915 1913 4985">
     <span class='ocr_line' id='line_1_106' title="bbox 254 4915 1913 4985; baseline 0.002 -18"><span class='ocrx_word' id='word_1_790' title='bbox 254 4915 684 4985; x_wconf 88' lang='lat' dir='ltr'>commodanda</span> <span class='ocrx_word' id='word_1_791' title='bbox 713 4933 725 4979; x_wconf 90' lang='lat'>;</span> <span class='ocrx_word' id='word_1_792' title='bbox 760 4933 824 4970; x_wconf 89' lang='lat' dir='ltr'>ac</span> <span class='ocrx_word' id='word_1_793' title='bbox 856 4922 1151 4982; x_wconf 78' lang='lat' dir='ltr'>prouterea</span> <span class='ocrx_word' id='word_1_794' title='bbox 1172 4917 1251 4971; x_wconf 91' lang='lat' dir='ltr'>ita</span> <span class='ocrx_word' id='word_1_795' title='bbox 1274 4919 1722 4985; x_wconf 82' lang='lat' dir='ltr'>prosequebatur</span> <span class='ocrx_word' id='word_1_796' title='bbox 1750 4935 1761 4971; x_wconf 85' lang='lat'><strong>:</strong></span> <span class='ocrx_word' id='word_1_797' title='bbox 1799 4938 1825 4968; x_wconf 86' lang='lat'><strong>«</strong></span> <span class='ocrx_word' id='word_1_798' title='bbox 1858 4917 1913 4972; x_wconf 90' lang='lat' dir='ltr'>Si</span> 
     </span>
    </p>
   </div>
   <div class='ocr_carea' id='block_1_105' title="bbox 256 4984 1913 5057">
    <p class='ocr_par' dir='ltr' id='par_1_105' title="bbox 256 4984 1913 5057">
     <span class='ocr_line' id='line_1_107' title="bbox 256 4984 1913 5057; baseline 0.002 -19"><span class='ocrx_word' id='word_1_799' title='bbox 256 4984 414 5057; x_wconf 83' lang='lat' dir='ltr'>enim</span> <span class='ocrx_word' id='word_1_800' title='bbox 478 4985 533 5057; x_wconf 85' lang='lat' dir='ltr'>in</span> <span class='ocrx_word' id='word_1_801' title='bbox 568 4985 653 5039; x_wconf 88' lang='lat' dir='ltr'>his</span> <span class='ocrx_word' id='word_1_802' title='bbox 709 4987 890 5041; x_wconf 87' lang='lat' dir='ltr'>verbis</span> <span class='ocrx_word' id='word_1_803' title='bbox 945 4988 1196 5057; x_wconf 81' lang='lat' dir='ltr'>Apostoli</span> <span class='ocrx_word' id='word_1_804' title='bbox 1247 4984 1355 5053; x_wconf 63' lang='lat' dir='ltr'>(Ad</span> <span class='ocrx_word' id='word_1_805' title='bbox 1408 4984 1913 5053; x_wconf 77' lang='lat' dir='ltr'>Thessalonicenses)</span> 
     </span>
    </p>
   </div>
   <div class='ocr_carea' id='block_1_106' title="bbox 255 5055 1913 5126">
    <p class='ocr_par' dir='ltr' id='par_1_106' title="bbox 255 5055 1913 5126">
     <span class='ocr_line' id='line_1_108' title="bbox 255 5055 1913 5126; baseline 0.001 -18"><span class='ocrx_word' id='word_1_806' title='bbox 255 5056 451 5109; x_wconf 89' lang='lat' dir='ltr'>nullus</span> <span class='ocrx_word' id='word_1_807' title='bbox 478 5055 623 5109; x_wconf 87' lang='lat' dir='ltr'>alius</span> <span class='ocrx_word' id='word_1_808' title='bbox 654 5074 851 5112; x_wconf 89' lang='lat' dir='ltr'>sensus</span> <span class='ocrx_word' id='word_1_809' title='bbox 894 5055 1140 5126; x_wconf 83' lang='lat' dir='ltr'>potuerit</span> <span class='ocrx_word' id='word_1_810' title='bbox 1168 5058 1422 5125; x_wconf 79' lang='lat' dir='ltr'>reperiri,</span> <span class='ocrx_word' id='word_1_811' title='bbox 1457 5063 1509 5112; x_wconf 87' lang='lat' dir='ltr'>et</span> <span class='ocrx_word' id='word_1_812' title='bbox 1542 5058 1647 5112; x_wconf 89' lang='lat' dir='ltr'>hoc</span> <span class='ocrx_word' id='word_1_813' title='bbox 1672 5074 1802 5111; x_wconf 86' lang='lat' dir='ltr'>eum</span> <span class='ocrx_word' id='word_1_814' title='bbox 1833 5058 1913 5111; x_wconf 92' lang='lat' dir='ltr'>in-</span> 
     </span>
    </p>
   </div>
   <div class='ocr_carea' id='block_1_107' title="bbox 256 5127 1913 5199">
    <p class='ocr_par' dir='ltr' id='par_1_107' title="bbox 256 5127 1913 5199">
     <span class='ocr_line' id='line_1_109' title="bbox 256 5127 1913 5199; baseline 0.001 -20"><span class='ocrx_word' id='word_1_815' title='bbox 256 5127 437 5199; x_wconf 85' lang='lat' dir='ltr'>telligi</span> <span class='ocrx_word' id='word_1_816' title='bbox 490 5127 732 5183; x_wconf 89' lang='lat' dir='ltr'>voluisse</span> <span class='ocrx_word' id='word_1_817' title='bbox 762 5130 1050 5187; x_wconf 87' lang='lat' dir='ltr'>claruerit.</span> <span class='ocrx_word' id='word_1_818' title='bbox 1084 5132 1232 5199; x_wconf 86' lang='lat' dir='ltr'>quod</span> <span class='ocrx_word' id='word_1_819' title='bbox 1278 5129 1538 5183; x_wconf 61' lang='lat' dir='ltr'>videntur</span> <span class='ocrx_word' id='word_1_820' title='bbox 1588 5129 1758 5181; x_wconf 89' lang='lat' dir='ltr'>verba</span> <span class='ocrx_word' id='word_1_821' title='bbox 1791 5128 1913 5197; x_wconf 89' lang='lat' dir='ltr'>ipsa</span> 
     </span>
    </p>
   </div>
   <div class='ocr_carea' id='block_1_108' title="bbox 253 5196 1908 5269">
    <p class='ocr_par' dir='ltr' id='par_1_108' title="bbox 253 5196 1908 5269">
     <span class='ocr_line' id='line_1_110' title="bbox 253 5196 1908 5269; baseline 0.001 -18"><span class='ocrx_word' id='word_1_822' title='bbox 253 5196 511 5253; x_wconf 87' lang='lat' dir='ltr'>clamare</span> <span class='ocrx_word' id='word_1_823' title='bbox 538 5214 550 5257; x_wconf 88' lang='lat'><strong>:</strong></span> <span class='ocrx_word' id='word_1_824' title='bbox 586 5200 640 5253; x_wconf 90' lang='lat' dir='ltr'>id</span> <span class='ocrx_word' id='word_1_825' title='bbox 672 5203 757 5254; x_wconf 89' lang='lat' dir='ltr'>est</span> <span class='ocrx_word' id='word_1_826' title='bbox 787 5202 939 5269; x_wconf 89' lang='lat' dir='ltr'>quod</span> <span class='ocrx_word' id='word_1_827' title='bbox 969 5196 1141 5255; x_wconf 80' lang='lat' dir='ltr'>futuri</span> <span class='ocrx_word' id='word_1_828' title='bbox 1174 5201 1282 5253; x_wconf 88' lang='lat' dir='ltr'>sint</span> <span class='ocrx_word' id='word_1_829' title='bbox 1326 5200 1380 5253; x_wconf 92' lang='lat' dir='ltr'>in</span> <span class='ocrx_word' id='word_1_830' title='bbox 1416 5200 1526 5254; x_wconf 85' lang='lat' dir='ltr'>ﬁne</span> <span class='ocrx_word' id='word_1_831' title='bbox 1553 5199 1738 5254; x_wconf 67' lang='lat' dir='ltr'>saeculi</span> <span class='ocrx_word' id='word_1_832' title='bbox 1766 5196 1823 5254; x_wconf 88' lang='lat' dir='ltr'>et</span> <span class='ocrx_word' id='word_1_833' title='bbox 1852 5199 1908 5253; x_wconf 92' lang='lat' dir='ltr'>in</span> 
     </span>
    </p>
   </div>
   <div class='ocr_carea' id='block_1_109' title="bbox 250 5270 1909 5341">
    <p class='ocr_par' dir='ltr' id='par_1_109' title="bbox 250 5270 1909 5341">
     <span class='ocr_line' id='line_1_111' title="bbox 250 5270 1909 5341; baseline 0.001 -18"><span class='ocrx_word' id='word_1_834' title='bbox 250 5270 504 5341; x_wconf 88' lang='lat' dir='ltr'>adventu</span> <span class='ocrx_word' id='word_1_835' title='bbox 540 5270 785 5331; x_wconf 89' lang='lat' dir='ltr'>Domini.</span> <span class='ocrx_word' id='word_1_836' title='bbox 820 5273 916 5341; x_wconf 87' lang='lat' dir='ltr'>qui</span> <span class='ocrx_word' id='word_1_837' title='bbox 963 5289 1073 5325; x_wconf 91' lang='lat' dir='ltr'>non</span> <span class='ocrx_word' id='word_1_838' title='bbox 1108 5271 1493 5341; x_wconf 84' lang='lat' dir='ltr'>exspolientur</span> <span class='ocrx_word' id='word_1_839' title='bbox 1522 5287 1778 5339; x_wconf 88' lang='lat' dir='ltr'>corpore,</span> <span class='ocrx_word' id='word_1_840' title='bbox 1813 5272 1909 5324; x_wconf 91' lang='lat' dir='ltr'>sed</span> 
     </span>
    </p>
   </div>
   <div class='ocr_carea' id='block_1_110' title="bbox 248 5340 1912 5407">
    <p class='ocr_par' dir='ltr' id='par_1_110' title="bbox 248 5340 1912 5407">
     <span class='ocr_line' id='line_1_112' title="bbox 248 5340 1912 5407; baseline 0 -14"><span class='ocrx_word' id='word_1_841' title='bbox 248 5340 737 5407; x_wconf 85' lang='lat' dir='ltr'>superinduantur</span> <span class='ocrx_word' id='word_1_842' title='bbox 767 5340 1223 5403; x_wconf 77' lang='lat' dir='ltr'>immortalitate,</span> <span class='ocrx_word' id='word_1_843' title='bbox 1264 5347 1327 5395; x_wconf 89' lang='lat' dir='ltr'>ut</span> <span class='ocrx_word' id='word_1_844' title='bbox 1357 5343 1731 5397; x_wconf 84' lang='lat' dir='ltr'>absorbeatur</span> <span class='ocrx_word' id='word_1_845' title='bbox 1758 5356 1912 5394; x_wconf 90' lang='lat' dir='ltr'>mor-</span> 
     </span>
    </p>
   </div>
   <div class='ocr_carea' id='block_1_111' title="bbox 248 5412 1913 5482">
    <p class='ocr_par' dir='ltr' id='par_1_111' title="bbox 248 5412 1913 5482">
     <span class='ocr_line' id='line_1_113' title="bbox 248 5412 1913 5482; baseline -0.002 -18"><span class='ocrx_word' id='word_1_846' title='bbox 248 5412 423 5465; x_wconf 87' lang='lat' dir='ltr'>talea</span> <span class='ocrx_word' id='word_1_847' title='bbox 472 5412 630 5468; x_wconf 86' lang='lat' dir='ltr'>vita:</span> <span class='ocrx_word' id='word_1_848' title='bbox 686 5413 815 5468; x_wconf 89' lang='lat' dir='ltr'>huic</span> <span class='ocrx_word' id='word_1_849' title='bbox 866 5416 1160 5468; x_wconf 69' lang='lat' dir='ltr'>sententia:</span> <span class='ocrx_word' id='word_1_850' title='bbox 1196 5414 1565 5482; x_wconf 89' lang='lat' dir='ltr'>proculdubio</span> <span class='ocrx_word' id='word_1_851' title='bbox 1612 5412 1913 5467; x_wconf 88' lang='lat' dir='ltr'>conveniet.</span> 
     </span>
    </p>
   </div>
   <div class='ocr_carea' id='block_1_112' title="bbox 245 5482 1907 5552">
    <p class='ocr_par' dir='ltr' id='par_1_112' title="bbox 245 5482 1907 5552">
     <span class='ocr_line' id='line_1_114' title="bbox 245 5482 1907 5552; baseline 0 -16"><span class='ocrx_word' id='word_1_852' title='bbox 245 5484 401 5551; x_wconf 84' lang='lat' dir='ltr'>quod</span> <span class='ocrx_word' id='word_1_853' title='bbox 429 5482 483 5536; x_wconf 92' lang='lat' dir='ltr'>in</span> <span class='ocrx_word' id='word_1_854' title='bbox 512 5484 706 5552; x_wconf 89' lang='lat' dir='ltr'>regula</span> <span class='ocrx_word' id='word_1_855' title='bbox 728 5485 855 5539; x_wconf 81' lang='lat' dir='ltr'>ﬁdei</span> <span class='ocrx_word' id='word_1_856' title='bbox 874 5486 1234 5547; x_wconf 88' lang='lat' dir='ltr'>confitemur,</span> <span class='ocrx_word' id='word_1_857' title='bbox 1259 5490 1558 5538; x_wconf 89' lang='lat' dir='ltr'>venturum</span> <span class='ocrx_word' id='word_1_858' title='bbox 1579 5482 1907 5547; x_wconf 90' lang='lat' dir='ltr'>Dominum,</span> 
     </span>
    </p>
   </div>
   <div class='ocr_carea' id='block_1_113' title="bbox 239 5554 1909 5623">
    <p class='ocr_par' dir='ltr' id='par_1_113' title="bbox 239 5554 1909 5623">
     <span class='ocr_line' id='line_1_115' title="bbox 239 5554 1909 5623; baseline 0.002 -17"><span class='ocrx_word' id='word_1_859' title='bbox 239 5554 639 5623; x_wconf 86' lang='lat' dir='ltr'>judicaturum</span> <span class='ocrx_word' id='word_1_860' title='bbox 675 5556 830 5609; x_wconf 90' lang='lat' dir='ltr'>vivos</span> <span class='ocrx_word' id='word_1_861' title='bbox 864 5561 919 5610; x_wconf 93' lang='lat' dir='ltr'>et</span> <span class='ocrx_word' id='word_1_862' title='bbox 948 5560 1243 5618; x_wconf 90' lang='lat' dir='ltr'>mortuos;</span> <span class='ocrx_word' id='word_1_863' title='bbox 1280 5560 1338 5609; x_wconf 91' lang='lat' dir='ltr'>ut</span> <span class='ocrx_word' id='word_1_864' title='bbox 1365 5572 1476 5609; x_wconf 92' lang='lat' dir='ltr'>non</span> <span class='ocrx_word' id='word_1_865' title='bbox 1513 5556 1602 5609; x_wconf 90' lang='lat' dir='ltr'>hic</span> <span class='ocrx_word' id='word_1_866' title='bbox 1629 5555 1909 5623; x_wconf 89' lang='lat' dir='ltr'>intelliga—</span> 
     </span>
    </p>
   </div>
   <div class='ocr_carea' id='block_1_114' title="bbox 248 5625 1908 5697">
    <p class='ocr_par' dir='ltr' id='par_1_114' title="bbox 248 5625 1908 5697">
     <span class='ocr_line' id='line_1_116' title="bbox 248 5625 1908 5697; baseline 0.001 -20"><span class='ocrx_word' id='word_1_867' title='bbox 248 5642 379 5697; x_wconf 80' lang='lat' dir='ltr'>mus</span> <span class='ocrx_word' id='word_1_868' title='bbox 411 5625 567 5679; x_wconf 91' lang='lat' dir='ltr'>vivos</span> <span class='ocrx_word' id='word_1_869' title='bbox 592 5627 798 5694; x_wconf 84' lang='lat' dir='ltr'>justas.</span> <span class='ocrx_word' id='word_1_870' title='bbox 834 5633 1092 5682; x_wconf 90' lang='lat' dir='ltr'>mortuos</span> <span class='ocrx_word' id='word_1_871' title='bbox 1119 5632 1311 5681; x_wconf 88' lang='lat' dir='ltr'>autem</span> <span class='ocrx_word' id='word_1_872' title='bbox 1355 5626 1617 5697; x_wconf 88' lang='lat' dir='ltr'>injustos,</span> <span class='ocrx_word' id='word_1_873' title='bbox 1647 5626 1908 5696; x_wconf 87' lang='lat' dir='ltr'>quamvis</span> 
     </span>
    </p>
   </div>
   <div class='ocr_carea' id='block_1_115' title="bbox 237 5696 1907 5771">
    <p class='ocr_par' dir='ltr' id='par_1_115' title="bbox 237 5696 1907 5771">
     <span class='ocr_line' id='line_1_117' title="bbox 237 5696 1907 5771; baseline 0.001 -21"><span class='ocrx_word' id='word_1_874' title='bbox 237 5696 540 5771; x_wconf 80' lang='lat' dir='ltr'>judicandi</span> <span class='ocrx_word' id='word_1_875' title='bbox 562 5697 825 5769; x_wconf 88' lang='lat' dir='ltr'>sintjusti</span> <span class='ocrx_word' id='word_1_876' title='bbox 850 5704 904 5753; x_wconf 90' lang='lat' dir='ltr'>et</span> <span class='ocrx_word' id='word_1_877' title='bbox 933 5698 1129 5771; x_wconf 88' lang='lat' dir='ltr'>injusti</span> <span class='ocrx_word' id='word_1_878' title='bbox 1162 5700 1291 5758; x_wconf 81' lang='lat' dir='ltr'>:sed</span> <span class='ocrx_word' id='word_1_879' title='bbox 1317 5696 1469 5771; x_wconf 81' lang='lat' dir='ltr'>vives</span> <span class='ocrx_word' id='word_1_880' title='bbox 1487 5715 1627 5767; x_wconf 90' lang='lat' dir='ltr'>quos</span> <span class='ocrx_word' id='word_1_881' title='bbox 1651 5698 1907 5771; x_wconf 83' lang='lat' dir='ltr'>nondum</span> 
     </span>
    </p>
   </div>
   <div class='ocr_carea' id='block_1_116' title="bbox 242 5767 1908 5841">
    <p class='ocr_par' dir='ltr' id='par_1_116' title="bbox 242 5767 1908 5841">
     <span class='ocr_line' id='line_1_118' title="bbox 242 5767 1908 5841; baseline 0.001 -21"><span class='ocrx_word' id='word_1_882' title='bbox 242 5767 448 5841; x_wconf 80' lang='lat' dir='ltr'>exisse.</span> <span class='ocrx_word' id='word_1_883' title='bbox 481 5767 738 5824; x_wconf 83' lang='lat' dir='ltr'>mortuos</span> <span class='ocrx_word' id='word_1_884' title='bbox 768 5777 961 5827; x_wconf 83' lang='lat' dir='ltr'>autem</span> <span class='ocrx_word' id='word_1_885' title='bbox 989 5767 1268 5841; x_wconf 83' lang='lat' dir='ltr'>quosjam</span> <span class='ocrx_word' id='word_1_886' title='bbox 1292 5770 1471 5825; x_wconf 82' lang='lat' dir='ltr'>exisse</span> <span class='ocrx_word' id='word_1_887' title='bbox 1497 5771 1565 5825; x_wconf 91' lang='lat' dir='ltr'>de</span> <span class='ocrx_word' id='word_1_888' title='bbox 1580 5768 1908 5841; x_wconf 89' lang='lat' dir='ltr'>corporibus</span> 
     </span>
    </p>
   </div>
   <div class='ocr_carea' id='block_1_117' title="bbox 242 5839 1901 5919">
    <p class='ocr_par' dir='ltr' id='par_1_117' title="bbox 242 5839 1901 5919">
     <span class='ocr_line' id='line_1_119' title="bbox 242 5839 1901 5919; baseline 0 -23"><span class='ocrx_word' id='word_1_889' title='bbox 242 5839 528 5897; x_wconf 87' lang='lat' dir='ltr'>adventus</span> <span class='ocrx_word' id='word_1_890' title='bbox 558 5841 683 5914; x_wconf 77' lang='lat' dir='ltr'>eius</span> <span class='ocrx_word' id='word_1_891' title='bbox 711 5842 985 5901; x_wconf 85' lang='lat' dir='ltr'>inveniet.</span> <span class='ocrx_word' id='word_1_892' title='bbox 1008 5839 1157 5909; x_wconf 39' lang='lat' dir='ltr'>’Quze</span> <span class='ocrx_word' id='word_1_893' title='bbox 1202 5841 1247 5899; x_wconf 86' lang='lat' dir='ltr'>si</span> <span class='ocrx_word' id='word_1_894' title='bbox 1288 5841 1365 5899; x_wconf 84' lang='lat' dir='ltr'>ita</span> <span class='ocrx_word' id='word_1_895' title='bbox 1395 5858 1517 5900; x_wconf 86' lang='lat' dir='ltr'>esse</span> <span class='ocrx_word' id='word_1_896' title='bbox 1564 5839 1901 5919; x_wconf 78' lang='lat' dir='ltr'>constiterit,</span> 
     </span>
    </p>
   </div>
   <div class='ocr_carea' id='block_1_118' title="bbox 2038 3211 3691 3282">
    <p class='ocr_par' dir='ltr' id='par_1_118' title="bbox 2038 3211 3691 3282">
     <span class='ocr_line' id='line_1_120' title="bbox 2038 3211 3691 3282; baseline 0.002 -18"><span class='ocrx_word' id='word_1_897' title='bbox 2038 3216 2233 3266; x_wconf 89' lang='lat' dir='ltr'>ventes</span> <span class='ocrx_word' id='word_1_898' title='bbox 2258 3211 2594 3267; x_wconf 87' lang='lat' dir='ltr'>inventurus</span> <span class='ocrx_word' id='word_1_899' title='bbox 2622 3218 2709 3266; x_wconf 87' lang='lat' dir='ltr'>est</span> <span class='ocrx_word' id='word_1_900' title='bbox 2730 3211 3074 3268; x_wconf 66' lang='lat' dir='ltr'>Christus...</span> <span class='ocrx_word' id='word_1_901' title='bbox 3106 3229 3421 3282; x_wconf 87' lang='lat' dir='ltr'>numquam</span> <span class='ocrx_word' id='word_1_902' title='bbox 3453 3211 3691 3269; x_wconf 88' lang='lat' dir='ltr'>omnino</span> 
     </span>
    </p>
   </div>
   <div class='ocr_carea' id='block_1_119' title="bbox 2038 3282 3693 3353">
    <p class='ocr_par' dir='ltr' id='par_1_119' title="bbox 2038 3282 3693 3353">
     <span class='ocr_line' id='line_1_121' title="bbox 2038 3282 3693 3353; baseline 0.001 -17"><span class='ocrx_word' id='word_1_903' title='bbox 2038 3282 2299 3337; x_wconf 88' lang='lat' dir='ltr'>morituri</span> <span class='ocrx_word' id='word_1_904' title='bbox 2331 3287 2461 3337; x_wconf 91' lang='lat' dir='ltr'>sunt</span> <span class='ocrx_word' id='word_1_905' title='bbox 2491 3302 2503 3349; x_wconf 95' lang='lat'>;</span> <span class='ocrx_word' id='word_1_906' title='bbox 2533 3300 2603 3353; x_wconf 82' lang='lat' dir='ltr'>an</span> <span class='ocrx_word' id='word_1_907' title='bbox 2623 3282 2746 3353; x_wconf 90' lang='lat' dir='ltr'>ipso</span> <span class='ocrx_word' id='word_1_908' title='bbox 2777 3283 3049 3352; x_wconf 89' lang='lat' dir='ltr'>temporis</span> <span class='ocrx_word' id='word_1_909' title='bbox 3070 3288 3300 3352; x_wconf 91' lang='lat' dir='ltr'>puncto,</span> <span class='ocrx_word' id='word_1_910' title='bbox 3329 3301 3438 3349; x_wconf 77' lang='lat' dir='ltr'>quo</span> <span class='ocrx_word' id='word_1_911' title='bbox 3459 3302 3587 3338; x_wconf 91' lang='lat' dir='ltr'>cum</span> <span class='ocrx_word' id='word_1_912' title='bbox 3609 3301 3693 3338; x_wconf 89' lang='lat' dir='ltr'>re-</span> 
     </span>
    </p>
   </div>
   <div class='ocr_carea' id='block_1_120' title="bbox 2038 3352 3690 3424">
    <p class='ocr_par' dir='ltr' id='par_1_120' title="bbox 2038 3352 3690 3424">
     <span class='ocr_line' id='line_1_122' title="bbox 2038 3352 3690 3424; baseline 0.001 -17"><span class='ocrx_word' id='word_1_913' title='bbox 2038 3354 2396 3424; x_wconf 85' lang='lat' dir='ltr'>surgentibus</span> <span class='ocrx_word' id='word_1_914' title='bbox 2424 3352 2720 3424; x_wconf 88' lang='lat' dir='ltr'>rapientur</span> <span class='ocrx_word' id='word_1_915' title='bbox 2751 3353 2807 3407; x_wconf 90' lang='lat' dir='ltr'>in</span> <span class='ocrx_word' id='word_1_916' title='bbox 2840 3354 3084 3408; x_wconf 90' lang='lat' dir='ltr'>nubibus</span> <span class='ocrx_word' id='word_1_917' title='bbox 3124 3354 3179 3408; x_wconf 93' lang='lat' dir='ltr'>in</span> <span class='ocrx_word' id='word_1_918' title='bbox 3215 3355 3436 3409; x_wconf 90' lang='lat' dir='ltr'>obviam</span> <span class='ocrx_word' id='word_1_919' title='bbox 3469 3355 3690 3409; x_wconf 88' lang='lat' dir='ltr'>Christo</span> 
     </span>
    </p>
   </div>
   <div class='ocr_carea' id='block_1_121' title="bbox 2037 3424 3691 3495">
    <p class='ocr_par' dir='ltr' id='par_1_121' title="bbox 2037 3424 3691 3495">
     <span class='ocr_line' id='line_1_123' title="bbox 2037 3424 3691 3495; baseline 0.001 -18"><span class='ocrx_word' id='word_1_920' title='bbox 2037 3425 2093 3478; x_wconf 91' lang='lat' dir='ltr'>in</span> <span class='ocrx_word' id='word_1_921' title='bbox 2126 3441 2281 3489; x_wconf 89' lang='lat' dir='ltr'>aera,</span> <span class='ocrx_word' id='word_1_922' title='bbox 2308 3426 2379 3479; x_wconf 92' lang='lat' dir='ltr'>ad</span> <span class='ocrx_word' id='word_1_923' title='bbox 2411 3424 2913 3480; x_wconf 88' lang='lat' dir='ltr'>immortalitatem</span> <span class='ocrx_word' id='word_1_924' title='bbox 2940 3442 3039 3495; x_wconf 90' lang='lat' dir='ltr'>per</span> <span class='ocrx_word' id='word_1_925' title='bbox 3066 3431 3309 3479; x_wconf 91' lang='lat' dir='ltr'>mortem</span> <span class='ocrx_word' id='word_1_926' title='bbox 3334 3426 3481 3479; x_wconf 87' lang='lat' dir='ltr'>mira</span> <span class='ocrx_word' id='word_1_927' title='bbox 3498 3426 3691 3480; x_wconf 90' lang='lat' dir='ltr'>celeri-</span> 
     </span>
    </p>
   </div>
   <div class='ocr_carea' id='block_1_122' title="bbox 2038 3495 3689 3565">
    <p class='ocr_par' dir='ltr' id='par_1_122' title="bbox 2038 3495 3689 3565">
     <span class='ocr_line' id='line_1_124' title="bbox 2038 3495 3689 3565; baseline 0.001 -17"><span class='ocrx_word' id='word_1_928' title='bbox 2038 3500 2156 3551; x_wconf 90' lang='lat' dir='ltr'>tate</span> <span class='ocrx_word' id='word_1_929' title='bbox 2185 3496 2531 3550; x_wconf 89' lang='lat' dir='ltr'>transibunt.</span> <span class='ocrx_word' id='word_1_930' title='bbox 2554 3498 2747 3565; x_wconf 87' lang='lat' dir='ltr'>Neque</span> <span class='ocrx_word' id='word_1_931' title='bbox 2782 3496 2934 3550; x_wconf 92' lang='lat' dir='ltr'>enim</span> <span class='ocrx_word' id='word_1_932' title='bbox 2963 3496 3266 3549; x_wconf 90' lang='lat' dir='ltr'>dicendum</span> <span class='ocrx_word' id='word_1_933' title='bbox 3289 3500 3393 3557; x_wconf 89' lang='lat' dir='ltr'>est,</span> <span class='ocrx_word' id='word_1_934' title='bbox 3427 3495 3548 3549; x_wconf 82' lang='lat' dir='ltr'>ﬁeri</span> <span class='ocrx_word' id='word_1_935' title='bbox 3576 3512 3689 3549; x_wconf 93' lang='lat' dir='ltr'>non</span> 
     </span>
    </p>
   </div>
   <div class='ocr_carea' id='block_1_123' title="bbox 2038 3565 3690 3637">
    <p class='ocr_par' dir='ltr' id='par_1_123' title="bbox 2038 3565 3690 3637">
     <span class='ocr_line' id='line_1_125' title="bbox 2038 3565 3690 3637; baseline -0.001 -17"><span class='ocrx_word' id='word_1_936' title='bbox 2038 3583 2220 3635; x_wconf 91' lang='lat' dir='ltr'>posse,</span> <span class='ocrx_word' id='word_1_937' title='bbox 2257 3572 2317 3621; x_wconf 92' lang='lat' dir='ltr'>ut</span> <span class='ocrx_word' id='word_1_938' title='bbox 2347 3568 2482 3620; x_wconf 91' lang='lat' dir='ltr'>dum</span> <span class='ocrx_word' id='word_1_939' title='bbox 2516 3584 2615 3637; x_wconf 91' lang='lat' dir='ltr'>per</span> <span class='ocrx_word' id='word_1_940' title='bbox 2643 3583 2773 3621; x_wconf 91' lang='lat' dir='ltr'>aera</span> <span class='ocrx_word' id='word_1_941' title='bbox 2800 3567 2856 3619; x_wconf 88' lang='lat' dir='ltr'>in</span> <span class='ocrx_word' id='word_1_942' title='bbox 2877 3566 3125 3637; x_wconf 86' lang='lat' dir='ltr'>sublime</span> <span class='ocrx_word' id='word_1_943' title='bbox 3159 3572 3475 3635; x_wconf 86' lang='lat' dir='ltr'>portantur,</span> <span class='ocrx_word' id='word_1_944' title='bbox 3510 3565 3563 3618; x_wconf 92' lang='lat' dir='ltr'>in</span> <span class='ocrx_word' id='word_1_945' title='bbox 3594 3566 3690 3637; x_wconf 90' lang='lat' dir='ltr'>illo</span> 
     </span>
    </p>
   </div>
   <div class='ocr_carea' id='block_1_124' title="bbox 2037 3636 3688 3706">
    <p class='ocr_par' dir='ltr' id='par_1_124' title="bbox 2037 3636 3688 3706">
     <span class='ocr_line' id='line_1_126' title="bbox 2037 3636 3688 3706; baseline -0.001 -15"><span class='ocrx_word' id='word_1_946' title='bbox 2037 3638 2220 3706; x_wconf 87' lang='lat' dir='ltr'>spatio</span> <span class='ocrx_word' id='word_1_947' title='bbox 2246 3643 2302 3691; x_wconf 88' lang='lat' dir='ltr'>et</span> <span class='ocrx_word' id='word_1_948' title='bbox 2322 3638 2663 3697; x_wconf 90' lang='lat' dir='ltr'>moriantur,</span> <span class='ocrx_word' id='word_1_949' title='bbox 2693 3642 2749 3691; x_wconf 90' lang='lat' dir='ltr'>et</span> <span class='ocrx_word' id='word_1_950' title='bbox 2770 3636 3127 3706; x_wconf 81' lang='lat' dir='ltr'>reviviscant.</span> <span class='ocrx_word' id='word_1_951' title='bbox 3164 3658 3183 3684; x_wconf 74' lang='grc' dir='ltr'>ι</span> <span class='ocrx_word' id='word_1_952' title='bbox 3211 3637 3564 3704; x_wconf 88' lang='lat' dir='ltr'>Deindepost</span> <span class='ocrx_word' id='word_1_953' title='bbox 3584 3636 3688 3690; x_wconf 87' lang='lat' dir='ltr'>ali-</span> 
     </span>
    </p>
   </div>
   <div class='ocr_carea' id='block_1_125' title="bbox 2037 3705 3689 3776">
    <p class='ocr_par' dir='ltr' id='par_1_125' title="bbox 2037 3705 3689 3776">
     <span class='ocr_line' id='line_1_127' title="bbox 2037 3705 3689 3776; baseline 0 -15"><span class='ocrx_word' id='word_1_954' title='bbox 2037 3705 2149 3776; x_wconf 88' lang='lat' dir='ltr'>qua</span> <span class='ocrx_word' id='word_1_955' title='bbox 2182 3728 2192 3765; x_wconf 93' lang='lat'>:</span> <span class='ocrx_word' id='word_1_956' title='bbox 2227 3730 2251 3757; x_wconf 77' lang='grc' dir='ltr'>α</span> <span class='ocrx_word' id='word_1_957' title='bbox 2296 3708 2352 3761; x_wconf 93' lang='lat' dir='ltr'>Si</span> <span class='ocrx_word' id='word_1_958' title='bbox 2380 3724 2515 3776; x_wconf 85' lang='lat' dir='ltr'>ergo</span> <span class='ocrx_word' id='word_1_959' title='bbox 2544 3711 2790 3770; x_wconf 89' lang='lat' dir='ltr'>sanctos,</span> <span class='ocrx_word' id='word_1_960' title='bbox 2822 3706 2916 3775; x_wconf 92' lang='lat' dir='ltr'>qui</span> <span class='ocrx_word' id='word_1_961' title='bbox 2946 3705 3303 3774; x_wconf 89' lang='lat' dir='ltr'>reperientur</span> <span class='ocrx_word' id='word_1_962' title='bbox 3340 3706 3563 3761; x_wconf 89' lang='lat' dir='ltr'>Christo</span> <span class='ocrx_word' id='word_1_963' title='bbox 3595 3724 3689 3761; x_wconf 91' lang='lat' dir='ltr'>ve-</span> 
     </span>
    </p>
   </div>
   <div class='ocr_carea' id='block_1_126' title="bbox 2039 3776 3693 3847">
    <p class='ocr_par' dir='ltr' id='par_1_126' title="bbox 2039 3776 3693 3847">
     <span class='ocr_line' id='line_1_128' title="bbox 2039 3776 3693 3847; baseline 0.002 -17"><span class='ocrx_word' id='word_1_964' title='bbox 2039 3778 2231 3832; x_wconf 88' lang='lat' dir='ltr'>niente</span> <span class='ocrx_word' id='word_1_965' title='bbox 2264 3777 2537 3839; x_wconf 88' lang='lat' dir='ltr'>viventes,</span> <span class='ocrx_word' id='word_1_966' title='bbox 2570 3778 2733 3847; x_wconf 87' lang='lat' dir='ltr'>eique</span> <span class='ocrx_word' id='word_1_967' title='bbox 2764 3776 2819 3830; x_wconf 93' lang='lat' dir='ltr'>in</span> <span class='ocrx_word' id='word_1_968' title='bbox 2847 3777 3071 3831; x_wconf 85' lang='lat' dir='ltr'>obviam</span> <span class='ocrx_word' id='word_1_969' title='bbox 3104 3778 3416 3847; x_wconf 89' lang='lat' dir='ltr'>rapientur,</span> <span class='ocrx_word' id='word_1_970' title='bbox 3441 3778 3693 3833; x_wconf 89' lang='lat' dir='ltr'>credide-</span> 
     </span>
    </p>
   </div>
   <div class='ocr_carea' id='block_1_127' title="bbox 2034 3847 3692 3918">
    <p class='ocr_par' dir='ltr' id='par_1_127' title="bbox 2034 3847 3692 3918">
     <span class='ocr_line' id='line_1_129' title="bbox 2034 3847 3692 3918; baseline 0.002 -18"><span class='ocrx_word' id='word_1_971' title='bbox 2034 3849 2212 3901; x_wconf 87' lang='lat' dir='ltr'>rimus</span> <span class='ocrx_word' id='word_1_972' title='bbox 2244 3847 2299 3901; x_wconf 92' lang='lat' dir='ltr'>in</span> <span class='ocrx_word' id='word_1_973' title='bbox 2331 3849 2532 3902; x_wconf 89' lang='lat' dir='ltr'>eodem</span> <span class='ocrx_word' id='word_1_974' title='bbox 2565 3852 2731 3918; x_wconf 88' lang='lat' dir='ltr'>raptu</span> <span class='ocrx_word' id='word_1_975' title='bbox 2757 3847 2824 3902; x_wconf 88' lang='lat' dir='ltr'>de</span> <span class='ocrx_word' id='word_1_976' title='bbox 2856 3848 3194 3909; x_wconf 86' lang='lat' dir='ltr'>mortalibus</span> <span class='ocrx_word' id='word_1_977' title='bbox 3222 3848 3551 3918; x_wconf 87' lang='lat' dir='ltr'>corporibus</span> <span class='ocrx_word' id='word_1_978' title='bbox 3576 3850 3692 3904; x_wconf 84' lang='lat' dir='ltr'>exi-</span> 
     </span>
    </p>
   </div>
   <div class='ocr_carea' id='block_1_128' title="bbox 2034 3919 3689 3983">
    <p class='ocr_par' dir='ltr' id='par_1_128' title="bbox 2034 3919 3689 3983">
     <span class='ocr_line' id='line_1_130' title="bbox 2034 3919 3689 3983; baseline 0.001 -12"><span class='ocrx_word' id='word_1_979' title='bbox 2034 3922 2211 3981; x_wconf 91' lang='lat' dir='ltr'>turos,</span> <span class='ocrx_word' id='word_1_980' title='bbox 2248 3922 2301 3972; x_wconf 80' lang='lat' dir='ltr'>et</span> <span class='ocrx_word' id='word_1_981' title='bbox 2333 3920 2405 3972; x_wconf 91' lang='lat' dir='ltr'>ad</span> <span class='ocrx_word' id='word_1_982' title='bbox 2423 3920 2625 3974; x_wconf 89' lang='lat' dir='ltr'>eadem</span> <span class='ocrx_word' id='word_1_983' title='bbox 2648 3936 2779 3973; x_wconf 84' lang='lat' dir='ltr'>mox</span> <span class='ocrx_word' id='word_1_984' title='bbox 2797 3919 3148 3973; x_wconf 87' lang='lat' dir='ltr'>immortalia</span> <span class='ocrx_word' id='word_1_985' title='bbox 3179 3920 3480 3983; x_wconf 88' lang='lat' dir='ltr'>redituros,</span> <span class='ocrx_word' id='word_1_986' title='bbox 3502 3921 3689 3975; x_wconf 90' lang='lat' dir='ltr'>nullas</span> 
     </span>
    </p>
   </div>
   <div class='ocr_carea' id='block_1_129' title="bbox 2036 3989 3684 4060">
    <p class='ocr_par' dir='ltr' id='par_1_129' title="bbox 2036 3989 3684 4060">
     <span class='ocr_line' id='line_1_131' title="bbox 2036 3989 3684 4060; baseline -0.001 -17"><span class='ocrx_word' id='word_1_987' title='bbox 2036 3989 2091 4043; x_wconf 91' lang='lat' dir='ltr'>in</span> <span class='ocrx_word' id='word_1_988' title='bbox 2117 3989 2299 4044; x_wconf 89' lang='lat' dir='ltr'>verbis</span> <span class='ocrx_word' id='word_1_989' title='bbox 2330 3991 2584 4060; x_wconf 83' lang='lat' dir='ltr'>Apostoli</span> <span class='ocrx_word' id='word_1_990' title='bbox 2618 3990 2904 4060; x_wconf 89' lang='lat' dir='ltr'>patiemur</span> <span class='ocrx_word' id='word_1_991' title='bbox 2931 3990 3244 4059; x_wconf 78' lang='lat' dir='ltr'>angustias,</span> <span class='ocrx_word' id='word_1_992' title='bbox 3271 3990 3387 4045; x_wconf 90' lang='lat' dir='ltr'>sive</span> <span class='ocrx_word' id='word_1_993' title='bbox 3408 3990 3503 4043; x_wconf 91' lang='lat' dir='ltr'>ubi</span> <span class='ocrx_word' id='word_1_994' title='bbox 3530 3990 3684 4054; x_wconf 90' lang='lat' dir='ltr'>dicit,</span> 
     </span>
    </p>
   </div>
   <div class='ocr_carea' id='block_1_130' title="bbox 2036 4061 3683 4131">
    <p class='ocr_par' dir='ltr' id='par_1_130' title="bbox 2036 4061 3683 4131">
     <span class='ocr_line' id='line_1_132' title="bbox 2036 4061 3683 4131; baseline -0.001 -17"><span class='ocrx_word' id='word_1_995' title='bbox 2036 4062 2109 4114; x_wconf 86' lang='lat' dir='ltr'>Tu</span> <span class='ocrx_word' id='word_1_996' title='bbox 2157 4062 2303 4131; x_wconf 77' lang='lat' dir='ltr'>quod</span> <span class='ocrx_word' id='word_1_997' title='bbox 2350 4063 2604 4121; x_wconf 70' lang='lat' dir='ltr'>seminus.</span> <span class='ocrx_word' id='word_1_998' title='bbox 2659 4078 2762 4115; x_wconf 80' lang='lat' dir='ltr'>non</span> <span class='ocrx_word' id='word_1_999' title='bbox 2808 4061 3155 4127; x_wconf 74' lang='lat' dir='ltr'>viviﬁcatur,</span> <span class='ocrx_word' id='word_1_1000' title='bbox 3226 4062 3339 4113; x_wconf 79' lang='lat' dir='ltr'>nisi</span> <span class='ocrx_word' id='word_1_1001' title='bbox 3387 4061 3683 4131; x_wconf 78' lang='lat' dir='ltr'>moriatur,</span> 
     </span>
    </p>
   </div>
   <div class='ocr_carea' id='block_1_131' title="bbox 2034 4130 3689 4200">
    <p class='ocr_par' dir='ltr' id='par_1_131' title="bbox 2034 4130 3689 4200">
     <span class='ocr_line' id='line_1_133' title="bbox 2034 4130 3689 4200; baseline 0 -15"><span class='ocrx_word' id='word_1_1002' title='bbox 2034 4131 2150 4185; x_wconf 90' lang='lat' dir='ltr'>sive</span> <span class='ocrx_word' id='word_1_1003' title='bbox 2166 4130 2268 4186; x_wconf 17' lang='lat' dir='ltr'>inhi</span> <span class='ocrx_word' id='word_1_1004' title='bbox 2298 4131 2453 4196; x_wconf 87' lang='lat' dir='ltr'>dicit,</span> <span class='ocrx_word' id='word_1_1005' title='bbox 2488 4132 2683 4185; x_wconf 84' lang='lat' dir='ltr'>Omnes</span> <span class='ocrx_word' id='word_1_1006' title='bbox 2709 4148 3075 4200; x_wconf 76' lang='lat' dir='ltr'>resurgemus,</span> <span class='ocrx_word' id='word_1_1007' title='bbox 3107 4134 3207 4184; x_wconf 92' lang='lat' dir='ltr'>aut</span> <span class='ocrx_word' id='word_1_1008' title='bbox 3232 4131 3419 4186; x_wconf 81' lang='lat' dir='ltr'>Omnes</span> <span class='ocrx_word' id='word_1_1009' title='bbox 3445 4130 3689 4185; x_wconf 83' lang='lat' dir='ltr'>dormie-</span> 
     </span>
    </p>
   </div>
   <div class='ocr_carea' id='block_1_132' title="bbox 2030 4200 3685 4272">
    <p class='ocr_par' dir='ltr' id='par_1_132' title="bbox 2030 4200 3685 4272">
     <span class='ocr_line' id='line_1_134' title="bbox 2030 4200 3685 4272; baseline 0.001 -17"><span class='ocrx_word' id='word_1_1010' title='bbox 2030 4220 2183 4269; x_wconf 83' lang='lat' dir='ltr'>mns;</span> <span class='ocrx_word' id='word_1_1011' title='bbox 2214 4202 2346 4272; x_wconf 89' lang='lat' dir='ltr'>quia</span> <span class='ocrx_word' id='word_1_1012' title='bbox 2375 4218 2477 4255; x_wconf 81' lang='lat' dir='ltr'>nec</span> <span class='ocrx_word' id='word_1_1013' title='bbox 2496 4202 2571 4255; x_wconf 88' lang='lat' dir='ltr'>illi</span> <span class='ocrx_word' id='word_1_1014' title='bbox 2594 4201 3207 4271; x_wconf 88' lang='lat' dir='ltr'>perimmortalitatem</span> <span class='ocrx_word' id='word_1_1015' title='bbox 3227 4200 3685 4267; x_wconf 84' lang='lat' dir='ltr'>viviﬁcabuntur,</span> 
     </span>
    </p>
   </div>
   <div class='ocr_carea' id='block_1_133' title="bbox 2033 4272 3690 4343">
    <p class='ocr_par' dir='ltr' id='par_1_133' title="bbox 2033 4272 3690 4343">
     <span class='ocr_line' id='line_1_135' title="bbox 2033 4272 3690 4343; baseline 0.001 -16"><span class='ocrx_word' id='word_1_1016' title='bbox 2033 4273 2162 4341; x_wconf 88' lang='lat' dir='ltr'>nisi,</span> <span class='ocrx_word' id='word_1_1017' title='bbox 2193 4273 2507 4343; x_wconf 89' lang='lat' dir='ltr'>quamlibet</span> <span class='ocrx_word' id='word_1_1018' title='bbox 2534 4272 2847 4342; x_wconf 88' lang='lat' dir='ltr'>paululum,</span> <span class='ocrx_word' id='word_1_1019' title='bbox 2878 4276 3071 4326; x_wconf 87' lang='lat' dir='ltr'>tamen</span> <span class='ocrx_word' id='word_1_1020' title='bbox 3091 4278 3224 4327; x_wconf 87' lang='lat' dir='ltr'>ante</span> <span class='ocrx_word' id='word_1_1021' title='bbox 3250 4272 3599 4342; x_wconf 85' lang='lat' dir='ltr'>moriantur;</span> <span class='ocrx_word' id='word_1_1022' title='bbox 3626 4290 3690 4329; x_wconf 89' lang='lat' dir='ltr'>ac</span> 
     </span>
    </p>
   </div>
   <div class='ocr_carea' id='block_1_134' title="bbox 2034 4344 3686 4414">
    <p class='ocr_par' dir='ltr' id='par_1_134' title="bbox 2034 4344 3686 4414">
     <span class='ocr_line' id='line_1_136' title="bbox 2034 4344 3686 4414; baseline 0 -16"><span class='ocrx_word' id='word_1_1023' title='bbox 2034 4362 2132 4413; x_wconf 89' lang='lat' dir='ltr'>per</span> <span class='ocrx_word' id='word_1_1024' title='bbox 2162 4345 2266 4398; x_wconf 88' lang='lat' dir='ltr'>hoc</span> <span class='ocrx_word' id='word_1_1025' title='bbox 2298 4349 2355 4399; x_wconf 89' lang='lat' dir='ltr'>et</span> <span class='ocrx_word' id='word_1_1026' title='bbox 2384 4362 2416 4399; x_wconf 91' lang='lat' dir='ltr'>a</span> <span class='ocrx_word' id='word_1_1027' title='bbox 2470 4344 2879 4399; x_wconf 88' lang='lat' dir='ltr'>resurrectione</span> <span class='ocrx_word' id='word_1_1028' title='bbox 2930 4360 3043 4397; x_wconf 92' lang='lat' dir='ltr'>non</span> <span class='ocrx_word' id='word_1_1029' title='bbox 3078 4349 3245 4398; x_wconf 90' lang='lat' dir='ltr'>erunt</span> <span class='ocrx_word' id='word_1_1030' title='bbox 3286 4344 3478 4408; x_wconf 89' lang='lat' dir='ltr'>alieni,</span> <span class='ocrx_word' id='word_1_1031' title='bbox 3511 4361 3686 4414; x_wconf 90' lang='lat' dir='ltr'>quam</span> 
     </span>
    </p>
   </div>
   <div class='ocr_carea' id='block_1_135' title="bbox 2032 4414 3688 4485">
    <p class='ocr_par' dir='ltr' id='par_1_135' title="bbox 2032 4414 3688 4485">
     <span class='ocr_line' id='line_1_137' title="bbox 2032 4414 3688 4485; baseline 0.001 -16"><span class='ocrx_word' id='word_1_1032' title='bbox 2032 4416 2303 4469; x_wconf 91' lang='lat' dir='ltr'>dormitio</span> <span class='ocrx_word' id='word_1_1033' title='bbox 2337 4416 2617 4485; x_wconf 63' lang='lat' dir='ltr'>praecedit,</span> <span class='ocrx_word' id='word_1_1034' title='bbox 2653 4414 2914 4484; x_wconf 91' lang='lat' dir='ltr'>quamvis</span> <span class='ocrx_word' id='word_1_1035' title='bbox 2966 4414 3318 4479; x_wconf 90' lang='lat' dir='ltr'>brevissima,</span> <span class='ocrx_word' id='word_1_1036' title='bbox 3352 4432 3465 4469; x_wconf 94' lang='lat' dir='ltr'>non</span> <span class='ocrx_word' id='word_1_1037' title='bbox 3494 4420 3688 4470; x_wconf 89' lang='lat' dir='ltr'>tamen</span> 
     </span>
    </p>
   </div>
   <div class='ocr_carea' id='block_1_136' title="bbox 2032 4486 3685 4550">
    <p class='ocr_par' dir='ltr' id='par_1_136' title="bbox 2032 4486 3685 4550">
     <span class='ocr_line' id='line_1_138' title="bbox 2032 4486 3685 4550; baseline 0.002 -11"><span class='ocrx_word' id='word_1_1038' title='bbox 2032 4487 2207 4540; x_wconf 89' lang='lat' dir='ltr'>nulla.</span> <span class='ocrx_word' id='word_1_1039' title='bbox 2258 4487 2369 4540; x_wconf 91' lang='lat' dir='ltr'>Cur</span> <span class='ocrx_word' id='word_1_1040' title='bbox 2398 4492 2590 4542; x_wconf 89' lang='lat' dir='ltr'>autem</span> <span class='ocrx_word' id='word_1_1041' title='bbox 2649 4486 2810 4540; x_wconf 89' lang='lat' dir='ltr'>nobis</span> <span class='ocrx_word' id='word_1_1042' title='bbox 2864 4486 3187 4540; x_wconf 83' lang='lat' dir='ltr'>incredibile</span> <span class='ocrx_word' id='word_1_1043' title='bbox 3216 4487 3498 4550; x_wconf 88' lang='lat' dir='ltr'>videatur,</span> <span class='ocrx_word' id='word_1_1044' title='bbox 3525 4486 3685 4542; x_wconf 90' lang='lat' dir='ltr'>illam</span> 
     </span>
    </p>
   </div>
   <div class='ocr_carea' id='block_1_137' title="bbox 2030 4557 3688 4639">
    <p class='ocr_par' dir='ltr' id='par_1_137' title="bbox 2030 4557 3688 4639">
     <span class='ocr_line' id='line_1_139' title="bbox 2030 4557 3688 4639; baseline 0.001 -28"><span class='ocrx_word' id='word_1_1045' title='bbox 2030 4557 2780 4639; x_wconf 39' lang='lat' dir='ltr'>muititudinemcorporum.</span> <span class='ocrx_word' id='word_1_1046' title='bbox 2806 4557 2862 4610; x_wconf 92' lang='lat' dir='ltr'>in</span> <span class='ocrx_word' id='word_1_1047' title='bbox 2896 4573 3025 4639; x_wconf 80' lang='lat' dir='ltr'>aere</span> <span class='ocrx_word' id='word_1_1048' title='bbox 3044 4560 3299 4639; x_wconf 71' lang='lat' dir='ltr'>quodam</span> <span class='ocrx_word' id='word_1_1049' title='bbox 3321 4560 3492 4639; x_wconf 81' lang='lat' dir='ltr'>modo</span> <span class='ocrx_word' id='word_1_1050' title='bbox 3520 4559 3688 4613; x_wconf 82' lang='lat' dir='ltr'>semi—</span> 
     </span>
    </p>
   </div>
   <div class='ocr_carea' id='block_1_138' title="bbox 2030 4628 3687 4700">
    <p class='ocr_par' dir='ltr' id='par_1_138' title="bbox 2030 4628 3687 4700">
     <span class='ocr_line' id='line_1_140' title="bbox 2030 4628 3687 4700; baseline -0.001 -18"><span class='ocrx_word' id='word_1_1051' title='bbox 2030 4629 2175 4683; x_wconf 90' lang='lat' dir='ltr'>nari.</span> <span class='ocrx_word' id='word_1_1052' title='bbox 2201 4633 2369 4699; x_wconf 91' lang='lat' dir='ltr'>atque</span> <span class='ocrx_word' id='word_1_1053' title='bbox 2389 4629 2460 4682; x_wconf 91' lang='lat' dir='ltr'>ibi</span> <span class='ocrx_word' id='word_1_1054' title='bbox 2483 4630 2740 4698; x_wconf 89' lang='lat' dir='ltr'>protinus</span> <span class='ocrx_word' id='word_1_1055' title='bbox 2768 4628 3172 4684; x_wconf 90' lang='lat' dir='ltr'>immortaliter</span> <span class='ocrx_word' id='word_1_1056' title='bbox 3196 4635 3368 4700; x_wconf 90' lang='lat' dir='ltr'>atque</span> <span class='ocrx_word' id='word_1_1057' title='bbox 3396 4630 3687 4700; x_wconf 78' lang='lat' dir='ltr'>incorrup-</span> 
     </span>
    </p>
   </div>
   <div class='ocr_carea' id='block_1_139' title="bbox 2029 4700 3686 4770">
    <p class='ocr_par' dir='ltr' id='par_1_139' title="bbox 2029 4700 3686 4770">
     <span class='ocr_line' id='line_1_141' title="bbox 2029 4700 3686 4770; baseline 0.001 -17"><span class='ocrx_word' id='word_1_1058' title='bbox 2029 4700 2265 4754; x_wconf 87' lang='lat' dir='ltr'>tibiliter</span> <span class='ocrx_word' id='word_1_1059' title='bbox 2286 4700 2641 4762; x_wconf 89' lang='lat' dir='ltr'>reviviscere,</span> <span class='ocrx_word' id='word_1_1060' title='bbox 2675 4718 2802 4755; x_wconf 91' lang='lat' dir='ltr'>cum</span> <span class='ocrx_word' id='word_1_1061' title='bbox 2837 4700 3161 4763; x_wconf 89' lang='lat' dir='ltr'>credamus,</span> <span class='ocrx_word' id='word_1_1062' title='bbox 3195 4703 3344 4770; x_wconf 90' lang='lat' dir='ltr'>quod</span> <span class='ocrx_word' id='word_1_1063' title='bbox 3376 4701 3525 4754; x_wconf 80' lang='lat' dir='ltr'>idem</span> <span class='ocrx_word' id='word_1_1064' title='bbox 3569 4702 3686 4770; x_wconf 89' lang='lat' dir='ltr'>ipse</span> 
     </span>
    </p>
   </div>
   <div class='ocr_carea' id='block_1_140' title="bbox 2026 4770 3686 4841">
    <p class='ocr_par' dir='ltr' id='par_1_140' title="bbox 2026 4770 3686 4841">
     <span class='ocr_line' id='line_1_142' title="bbox 2026 4770 3686 4841; baseline 0.001 -16"><span class='ocrx_word' id='word_1_1065' title='bbox 2026 4771 2328 4841; x_wconf 82' lang='lat' dir='ltr'>Apostolus</span> <span class='ocrx_word' id='word_1_1066' title='bbox 2354 4771 2709 4841; x_wconf 90' lang='lat' dir='ltr'>apertissime</span> <span class='ocrx_word' id='word_1_1067' title='bbox 2730 4771 2885 4835; x_wconf 89' lang='lat' dir='ltr'>dicit,</span> <span class='ocrx_word' id='word_1_1068' title='bbox 2924 4770 2979 4824; x_wconf 91' lang='lat' dir='ltr'>in</span> <span class='ocrx_word' id='word_1_1069' title='bbox 3008 4771 3119 4824; x_wconf 86' lang='lat' dir='ltr'>ictu</span> <span class='ocrx_word' id='word_1_1070' title='bbox 3142 4771 3287 4824; x_wconf 89' lang='lat' dir='ltr'>oculi</span> <span class='ocrx_word' id='word_1_1071' title='bbox 3320 4771 3572 4825; x_wconf 89' lang='lat' dir='ltr'>futuram</span> <span class='ocrx_word' id='word_1_1072' title='bbox 3602 4788 3686 4827; x_wconf 91' lang='lat' dir='ltr'>re-</span> 
     </span>
    </p>
   </div>
   <div class='ocr_carea' id='block_1_141' title="bbox 2026 4841 3682 4907">
    <p class='ocr_par' dir='ltr' id='par_1_141' title="bbox 2026 4841 3682 4907">
     <span class='ocr_line' id='line_1_143' title="bbox 2026 4841 3682 4907; baseline -0.001 -12"><span class='ocrx_word' id='word_1_1073' title='bbox 2026 4844 2457 4907; x_wconf 87' lang='lat' dir='ltr'>surrectionem,</span> <span class='ocrx_word' id='word_1_1074' title='bbox 2478 4848 2534 4899; x_wconf 90' lang='lat' dir='ltr'>et</span> <span class='ocrx_word' id='word_1_1075' title='bbox 2554 4844 2608 4897; x_wconf 93' lang='lat' dir='ltr'>in</span> <span class='ocrx_word' id='word_1_1076' title='bbox 2635 4844 2891 4898; x_wconf 89' lang='lat' dir='ltr'>membra</span> <span class='ocrx_word' id='word_1_1077' title='bbox 2909 4841 3028 4895; x_wconf 82' lang='lat' dir='ltr'>sine</span> <span class='ocrx_word' id='word_1_1078' title='bbox 3048 4841 3158 4894; x_wconf 80' lang='lat' dir='ltr'>[ine</span> <span class='ocrx_word' id='word_1_1079' title='bbox 3179 4841 3395 4894; x_wconf 89' lang='lat' dir='ltr'>victura</span> <span class='ocrx_word' id='word_1_1080' title='bbox 3416 4846 3576 4895; x_wconf 89' lang='lat' dir='ltr'>tanta</span> <span class='ocrx_word' id='word_1_1081' title='bbox 3598 4841 3682 4894; x_wconf 83' lang='lat' dir='ltr'>fa-</span> 
     </span>
    </p>
   </div>
   <div class='ocr_carea' id='block_1_142' title="bbox 2025 4910 3682 4983">
    <p class='ocr_par' dir='ltr' id='par_1_142' title="bbox 2025 4910 3682 4983">
     <span class='ocr_line' id='line_1_144' title="bbox 2025 4910 3682 4983; baseline -0.002 -17"><span class='ocrx_word' id='word_1_1082' title='bbox 2025 4914 2239 4969; x_wconf 87' lang='lat' dir='ltr'>cilitate</span> <span class='ocrx_word' id='word_1_1083' title='bbox 2256 4918 2487 4983; x_wconf 89' lang='lat' dir='ltr'>tamque</span> <span class='ocrx_word' id='word_1_1084' title='bbox 2501 4913 2890 4969; x_wconf 68' lang='lat' dir='ltr'>inasstimabili</span> <span class='ocrx_word' id='word_1_1085' title='bbox 2904 4910 3197 4983; x_wconf 77' lang='lat' dir='ltr'>velocitate</span> <span class='ocrx_word' id='word_1_1086' title='bbox 3216 4911 3521 4983; x_wconf 82' lang='lat' dir='ltr'>rediturum</span> <span class='ocrx_word' id='word_1_1087' title='bbox 3537 4912 3682 4965; x_wconf 90' lang='lat' dir='ltr'>anti-</span> 
     </span>
    </p>
   </div>
   <div class='ocr_carea' id='block_1_143' title="bbox 2024 4978 3682 5053">
    <p class='ocr_par' dir='ltr' id='par_1_143' title="bbox 2024 4978 3682 5053">
     <span class='ocr_line' id='line_1_145' title="bbox 2024 4978 3682 5053; baseline -0.001 -15"><span class='ocrx_word' id='word_1_1088' title='bbox 2024 4978 2430 5053; x_wconf 83' lang='lat' dir='ltr'>quissimorum</span> <span class='ocrx_word' id='word_1_1089' title='bbox 2461 4987 2801 5039; x_wconf 80' lang='lat' dir='ltr'>cadaverum</span> <span class='ocrx_word' id='word_1_1090' title='bbox 2836 4978 3172 5053; x_wconf 78' lang='lat' dir='ltr'>pulverem?</span> <span class='ocrx_word' id='word_1_1091' title='bbox 3202 5001 3229 5032; x_wconf 85' lang='lat'>»</span> <span class='ocrx_word' id='word_1_1092' title='bbox 3262 4982 3503 5036; x_wconf 89' lang='lat' dir='ltr'>Demum</span> <span class='ocrx_word' id='word_1_1093' title='bbox 3535 4998 3682 5036; x_wconf 87' lang='lat' dir='ltr'>sem-</span> 
     </span>
    </p>
   </div>
   <div class='ocr_carea' id='block_1_144' title="bbox 2024 5052 3681 5124">
    <p class='ocr_par' dir='ltr' id='par_1_144' title="bbox 2024 5052 3681 5124">
     <span class='ocr_line' id='line_1_146' title="bbox 2024 5052 3681 5124; baseline -0.002 -14"><span class='ocrx_word' id='word_1_1094' title='bbox 2024 5052 2120 5124; x_wconf 82' lang='lat' dir='ltr'>per</span> <span class='ocrx_word' id='word_1_1095' title='bbox 2160 5055 2288 5110; x_wconf 85' lang='lat' dir='ltr'>huic</span> <span class='ocrx_word' id='word_1_1096' title='bbox 2337 5055 2636 5109; x_wconf 73' lang='lat' dir='ltr'>sententim</span> <span class='ocrx_word' id='word_1_1097' title='bbox 2669 5054 2964 5124; x_wconf 83' lang='lat' dir='ltr'>insistens,</span> <span class='ocrx_word' id='word_1_1098' title='bbox 2997 5052 3282 5124; x_wconf 83' lang='lat' dir='ltr'>&#39;alterique</span> <span class='ocrx_word' id='word_1_1099' title='bbox 3329 5054 3681 5124; x_wconf 82' lang='lat' dir='ltr'>respondens</span> 
     </span>
    </p>
   </div>
   <div class='ocr_carea' id='block_1_145' title="bbox 2022 5122 3682 5194">
    <p class='ocr_par' dir='ltr' id='par_1_145' title="bbox 2022 5122 3682 5194">
     <span class='ocr_line' id='line_1_147' title="bbox 2022 5122 3682 5194; baseline -0.001 -14"><span class='ocrx_word' id='word_1_1100' title='bbox 2022 5122 2367 5186; x_wconf 79' lang='lat' dir='ltr'>difficultati,</span> <span class='ocrx_word' id='word_1_1101' title='bbox 2401 5142 2575 5194; x_wconf 88' lang='lat' dir='ltr'>quam</span> <span class='ocrx_word' id='word_1_1102' title='bbox 2603 5124 2692 5179; x_wconf 92' lang='lat' dir='ltr'>hic</span> <span class='ocrx_word' id='word_1_1103' title='bbox 2710 5123 3000 5179; x_wconf 89' lang='lat' dir='ltr'>brevitatis</span> <span class='ocrx_word' id='word_1_1104' title='bbox 3026 5122 3213 5194; x_wconf 85' lang='lat' dir='ltr'>gratia</span> <span class='ocrx_word' id='word_1_1105' title='bbox 3234 5123 3577 5189; x_wconf 87' lang='lat' dir='ltr'>omittimus,</span> <span class='ocrx_word' id='word_1_1106' title='bbox 3600 5123 3682 5178; x_wconf 88' lang='lat' dir='ltr'>ita</span> 
     </span>
    </p>
   </div>
   <div class='ocr_carea' id='block_1_146' title="bbox 2021 5193 3679 5266">
    <p class='ocr_par' dir='ltr' id='par_1_146' title="bbox 2021 5193 3679 5266">
     <span class='ocr_line' id='line_1_148' title="bbox 2021 5193 3679 5266; baseline 0 -16"><span class='ocrx_word' id='word_1_1107' title='bbox 2021 5201 2188 5265; x_wconf 90' lang='lat' dir='ltr'>caput</span> <span class='ocrx_word' id='word_1_1108' title='bbox 2202 5196 2333 5249; x_wconf 89' lang='lat' dir='ltr'>illud</span> <span class='ocrx_word' id='word_1_1109' title='bbox 2350 5193 2594 5266; x_wconf 26' lang='lat' dir='ltr'>QO’atque</span> <span class='ocrx_word' id='word_1_1110' title='bbox 2607 5212 2721 5249; x_wconf 91' lang='lat' dir='ltr'>rem</span> <span class='ocrx_word' id='word_1_1111' title='bbox 2736 5200 2909 5249; x_wconf 86' lang='lat' dir='ltr'>totam</span> <span class='ocrx_word' id='word_1_1112' title='bbox 2923 5193 3261 5248; x_wconf 84' lang='lat' dir='ltr'>concludit.«</span> <span class='ocrx_word' id='word_1_1113' title='bbox 3280 5194 3570 5266; x_wconf 86' lang='lat' dir='ltr'>Quomodo</span> <span class='ocrx_word' id='word_1_1114' title='bbox 3583 5212 3679 5250; x_wconf 86' lang='lat' dir='ltr'>au-</span> 
     </span>
    </p>
   </div>
   <div class='ocr_carea' id='block_1_147' title="bbox 2022 5265 3682 5335">
    <p class='ocr_par' dir='ltr' id='par_1_147' title="bbox 2022 5265 3682 5335">
     <span class='ocr_line' id='line_1_149' title="bbox 2022 5265 3682 5335; baseline 0.001 -15"><span class='ocrx_word' id='word_1_1115' title='bbox 2022 5272 2139 5320; x_wconf 91' lang='lat' dir='ltr'>tem</span> <span class='ocrx_word' id='word_1_1116' title='bbox 2164 5267 2235 5320; x_wconf 89' lang='lat' dir='ltr'>sit</span> <span class='ocrx_word' id='word_1_1117' title='bbox 2258 5265 2519 5321; x_wconf 86' lang='lat' dir='ltr'>futurum</span> <span class='ocrx_word' id='word_1_1118' title='bbox 2544 5267 2692 5335; x_wconf 84' lang='lat' dir='ltr'>quod</span> <span class='ocrx_word' id='word_1_1119' title='bbox 2733 5283 2879 5319; x_wconf 91' lang='lat' dir='ltr'>nunc</span> <span class='ocrx_word' id='word_1_1120' title='bbox 2905 5282 3005 5335; x_wconf 92' lang='lat' dir='ltr'>pro</span> <span class='ocrx_word' id='word_1_1121' title='bbox 3029 5270 3235 5320; x_wconf 64' lang='lat' dir='ltr'>nostras</span> <span class='ocrx_word' id='word_1_1122' title='bbox 3258 5265 3587 5321; x_wconf 63' lang='lat' dir='ltr'>ratiuncula:</span> <span class='ocrx_word' id='word_1_1123' title='bbox 3604 5266 3682 5321; x_wconf 89' lang='lat' dir='ltr'>vi-</span> 
     </span>
    </p>
   </div>
   <div class='ocr_carea' id='block_1_148' title="bbox 2023 5335 3675 5407">
    <p class='ocr_par' dir='ltr' id='par_1_148' title="bbox 2023 5335 3675 5407">
     <span class='ocr_line' id='line_1_150' title="bbox 2023 5335 3675 5407; baseline 0 -16"><span class='ocrx_word' id='word_1_1124' title='bbox 2023 5337 2177 5392; x_wconf 89' lang='lat' dir='ltr'>ribus</span> <span class='ocrx_word' id='word_1_1125' title='bbox 2208 5342 2513 5406; x_wconf 90' lang='lat' dir='ltr'>utcumque</span> <span class='ocrx_word' id='word_1_1126' title='bbox 2544 5337 2883 5407; x_wconf 76' lang='lat' dir='ltr'>conjicimus</span> <span class='ocrx_word' id='word_1_1127' title='bbox 2927 5335 3481 5407; x_wconf 77' lang='lat' dir='ltr'>(scilicetquomodo</span> <span class='ocrx_word' id='word_1_1128' title='bbox 3513 5342 3675 5407; x_wconf 90' lang='lat' dir='ltr'>post-</span> 
     </span>
    </p>
   </div>
   <div class='ocr_carea' id='block_1_149' title="bbox 2021 5406 3680 5478">
    <p class='ocr_par' dir='ltr' id='par_1_149' title="bbox 2021 5406 3680 5478">
     <span class='ocr_line' id='line_1_151' title="bbox 2021 5406 3680 5478; baseline 0.001 -15"><span class='ocrx_word' id='word_1_1129' title='bbox 2021 5408 2164 5463; x_wconf 90' lang='lat' dir='ltr'>remi</span> <span class='ocrx_word' id='word_1_1130' title='bbox 2193 5407 2271 5461; x_wconf 88' lang='lat' dir='ltr'>illi</span> <span class='ocrx_word' id='word_1_1131' title='bbox 2297 5408 2549 5462; x_wconf 89' lang='lat' dir='ltr'>viventes</span> <span class='ocrx_word' id='word_1_1132' title='bbox 2596 5409 2771 5478; x_wconf 79' lang='lat'>269</span> <span class='ocrx_word' id='word_1_1133' title='bbox 2817 5412 2870 5462; x_wconf 90' lang='lat' dir='ltr'>et</span> <span class='ocrx_word' id='word_1_1134' title='bbox 2917 5406 3180 5461; x_wconf 89' lang='lat' dir='ltr'>morituri</span> <span class='ocrx_word' id='word_1_1135' title='bbox 3231 5409 3343 5461; x_wconf 90' lang='lat' dir='ltr'>sint</span> <span class='ocrx_word' id='word_1_1136' title='bbox 3388 5411 3445 5461; x_wconf 89' lang='lat' dir='ltr'>et</span> <span class='ocrx_word' id='word_1_1137' title='bbox 3495 5406 3680 5464; x_wconf 84' lang='lat' dir='ltr'>resur-</span> 
     </span>
    </p>
   </div>
   <div class='ocr_carea' id='block_1_150' title="bbox 2018 5477 3676 5549">
    <p class='ocr_par' dir='ltr' id='par_1_150' title="bbox 2018 5477 3676 5549">
     <span class='ocr_line' id='line_1_152' title="bbox 2018 5477 3676 5549; baseline 0.001 -15"><span class='ocrx_word' id='word_1_1138' title='bbox 2018 5479 2226 5534; x_wconf 89' lang='lat' dir='ltr'>recturi</span> <span class='ocrx_word' id='word_1_1139' title='bbox 2259 5484 2375 5532; x_wconf 89' lang='lat' dir='ltr'>tam</span> <span class='ocrx_word' id='word_1_1140' title='bbox 2409 5479 2610 5549; x_wconf 86' lang='lat' dir='ltr'>exiguo</span> <span class='ocrx_word' id='word_1_1141' title='bbox 2655 5477 2929 5549; x_wconf 85' lang='lat' dir='ltr'>temporis</span> <span class='ocrx_word' id='word_1_1142' title='bbox 2974 5477 3181 5548; x_wconf 91' lang='lat' dir='ltr'>spatio,</span> <span class='ocrx_word' id='word_1_1143' title='bbox 3233 5483 3293 5532; x_wconf 90' lang='lat' dir='ltr'>ut</span> <span class='ocrx_word' id='word_1_1144' title='bbox 3337 5484 3507 5534; x_wconf 88' lang='lat' dir='ltr'>antea</span> <span class='ocrx_word' id='word_1_1145' title='bbox 3555 5481 3676 5537; x_wconf 85' lang='lat' dir='ltr'>ﬁeri</span> 
     </span>
    </p>
   </div>
   <div class='ocr_carea' id='block_1_151' title="bbox 2022 5549 3676 5621">
    <p class='ocr_par' dir='ltr' id='par_1_151' title="bbox 2022 5549 3676 5621">
     <span class='ocr_line' id='line_1_153' title="bbox 2022 5549 3676 5621; baseline 0.004 -19"><span class='ocrx_word' id='word_1_1146' title='bbox 2022 5567 2181 5621; x_wconf 86' lang='lat' dir='ltr'>posse</span> <span class='ocrx_word' id='word_1_1147' title='bbox 2240 5550 2777 5619; x_wconf 88' lang='lat' dir='ltr'>demonstraverat).</span> <span class='ocrx_word' id='word_1_1148' title='bbox 2813 5555 2948 5604; x_wconf 91' lang='lat' dir='ltr'>tunc</span> <span class='ocrx_word' id='word_1_1149' title='bbox 2999 5549 3107 5604; x_wconf 85' lang='lat' dir='ltr'>erit</span> <span class='ocrx_word' id='word_1_1150' title='bbox 3156 5550 3363 5619; x_wconf 89' lang='lat' dir='ltr'>potius,</span> <span class='ocrx_word' id='word_1_1151' title='bbox 3412 5555 3473 5605; x_wconf 93' lang='lat' dir='ltr'>ut</span> <span class='ocrx_word' id='word_1_1152' title='bbox 3510 5568 3676 5608; x_wconf 84' lang='lat' dir='ltr'>nosse</span> 
     </span>
    </p>
   </div>
   <div class='ocr_carea' id='block_1_152' title="bbox 2019 5621 3676 5702">
    <p class='ocr_par' dir='ltr' id='par_1_152' title="bbox 2019 5621 3676 5702">
     <span class='ocr_line' id='line_1_154' title="bbox 2019 5621 3676 5702; baseline 0.001 -27"><span class='ocrx_word' id='word_1_1153' title='bbox 2019 5622 2845 5702; x_wconf 41' lang='lat' dir='ltr'>possimus..ltesurrectionem</span> <span class='ocrx_word' id='word_1_1154' title='bbox 2879 5621 3085 5702; x_wconf 57' lang='lat' dir='ltr'>qpippe</span> <span class='ocrx_word' id='word_1_1155' title='bbox 3130 5627 3490 5702; x_wconf 75' lang='lat' dir='ltr'>mortuorum</span> <span class='ocrx_word' id='word_1_1156' title='bbox 3524 5622 3676 5702; x_wconf 78' lang='lat' dir='ltr'>futu-</span> 
     </span>
    </p>
   </div>
   <div class='ocr_carea' id='block_1_153' title="bbox 2018 5693 3673 5762">
    <p class='ocr_par' dir='ltr' id='par_1_153' title="bbox 2018 5693 3673 5762">
     <span class='ocr_line' id='line_1_155' title="bbox 2018 5693 3673 5762; baseline 0 -15"><span class='ocrx_word' id='word_1_1157' title='bbox 2018 5710 2145 5748; x_wconf 91' lang='lat' dir='ltr'>ram</span> <span class='ocrx_word' id='word_1_1158' title='bbox 2181 5710 2301 5747; x_wconf 88' lang='lat' dir='ltr'>esse</span> <span class='ocrx_word' id='word_1_1159' title='bbox 2334 5693 2390 5747; x_wconf 89' lang='lat' dir='ltr'>in</span> <span class='ocrx_word' id='word_1_1160' title='bbox 2418 5710 2608 5758; x_wconf 88' lang='lat' dir='ltr'>carne,</span> <span class='ocrx_word' id='word_1_1161' title='bbox 2637 5694 2865 5762; x_wconf 84' lang='lat' dir='ltr'>quando</span> <span class='ocrx_word' id='word_1_1162' title='bbox 2898 5693 3155 5748; x_wconf 88' lang='lat' dir='ltr'>Christus</span> <span class='ocrx_word' id='word_1_1163' title='bbox 3185 5698 3455 5748; x_wconf 89' lang='lat' dir='ltr'>venturus</span> <span class='ocrx_word' id='word_1_1164' title='bbox 3481 5699 3565 5748; x_wconf 87' lang='lat' dir='ltr'>est</span> <span class='ocrx_word' id='word_1_1165' title='bbox 3592 5694 3673 5747; x_wconf 91' lang='lat' dir='ltr'>vi-</span> 
     </span>
    </p>
   </div>
   <div class='ocr_carea' id='block_1_154' title="bbox 2018 5764 3674 5837">
    <p class='ocr_par' dir='ltr' id='par_1_154' title="bbox 2018 5764 3674 5837">
     <span class='ocr_line' id='line_1_156' title="bbox 2018 5764 3674 5837; baseline 0.001 -19"><span class='ocrx_word' id='word_1_1166' title='bbox 2018 5783 2117 5819; x_wconf 87' lang='lat' dir='ltr'>vos</span> <span class='ocrx_word' id='word_1_1167' title='bbox 2132 5765 2493 5837; x_wconf 88' lang='lat' dir='ltr'>judicaturus</span> <span class='ocrx_word' id='word_1_1168' title='bbox 2510 5769 2565 5819; x_wconf 91' lang='lat' dir='ltr'>et</span> <span class='ocrx_word' id='word_1_1169' title='bbox 2586 5768 2865 5829; x_wconf 91' lang='lat' dir='ltr'>mortuos,</span> <span class='ocrx_word' id='word_1_1170' title='bbox 2895 5768 3136 5837; x_wconf 86' lang='lat' dir='ltr'>oportet,</span> <span class='ocrx_word' id='word_1_1171' title='bbox 3162 5764 3205 5819; x_wconf 92' lang='lat' dir='ltr'>si</span> <span class='ocrx_word' id='word_1_1172' title='bbox 3227 5764 3529 5837; x_wconf 85' lang='lat' dir='ltr'>Christiani</span> <span class='ocrx_word' id='word_1_1173' title='bbox 3552 5781 3674 5837; x_wconf 87' lang='lat' dir='ltr'>esse</span> 
     </span>
    </p>
   </div>
   <div class='ocr_carea' id='block_1_155' title="bbox 2018 5835 3671 5906">
    <p class='ocr_par' dir='ltr' id='par_1_155' title="bbox 2018 5835 3671 5906">
     <span class='ocr_line' id='line_1_157' title="bbox 2018 5835 3671 5906; baseline -0.001 -13"><span class='ocrx_word' id='word_1_1174' title='bbox 2018 5835 2301 5906; x_wconf 82' lang='lat' dir='ltr'>volumus,</span> <span class='ocrx_word' id='word_1_1175' title='bbox 2336 5841 2397 5893; x_wconf 90' lang='lat' dir='ltr'>ut</span> <span class='ocrx_word' id='word_1_1176' title='bbox 2427 5838 2749 5901; x_wconf 86' lang='lat' dir='ltr'>credamus.</span> <span class='ocrx_word' id='word_1_1177' title='bbox 2780 5837 2893 5895; x_wconf 85' lang='lat' dir='ltr'>Sed</span> <span class='ocrx_word' id='word_1_1178' title='bbox 2924 5852 3039 5894; x_wconf 89' lang='lat' dir='ltr'>non</span> <span class='ocrx_word' id='word_1_1179' title='bbox 3069 5835 3199 5893; x_wconf 86' lang='lat' dir='ltr'>ideo</span> <span class='ocrx_word' id='word_1_1180' title='bbox 3228 5837 3299 5899; x_wconf 86' lang='lat' dir='ltr'>de</span> <span class='ocrx_word' id='word_1_1181' title='bbox 3324 5836 3431 5895; x_wconf 89' lang='lat' dir='ltr'>hac</span> <span class='ocrx_word' id='word_1_1182' title='bbox 3458 5852 3522 5893; x_wconf 81' lang='lat' dir='ltr'>re</span> <span class='ocrx_word' id='word_1_1183' title='bbox 3548 5836 3671 5893; x_wconf 87' lang='lat' dir='ltr'>ina-</span> 
     </span>
    </p>
   </div>
  </div>
