  <div class='ocr_page' id='page_1' title='image "/cluster/home/n/w/nwhite01/storage/ocr_20150623/52/hvd.32044054758628/566.png"; bbox 0 0 4056 6188; ppageno 0'>
   <div class='ocr_carea' id='block_1_1' title="bbox 190 284 357 355">
    <p class='ocr_par' dir='ltr' id='par_1_1' title="bbox 190 284 357 355">
     <span class='ocr_line' id='line_1_1' title="bbox 190 284 357 355; baseline -0.006 -1"><span class='ocrx_word' id='word_1_1' title='bbox 190 284 357 355; x_wconf 59' lang='grc' dir='ltr'>Μὲί</span> 
     </span>
    </p>
   </div>
   <div class='ocr_carea' id='block_1_2' title="bbox 956 276 2891 366">
    <p class='ocr_par' dir='ltr' id='par_1_2' title="bbox 956 276 2891 366">
     <span class='ocr_line' id='line_1_2' title="bbox 956 276 2891 366; baseline 0.007 -14"><span class='ocrx_word' id='word_1_2' title='bbox 956 286 1022 355; x_wconf 84' lang='lat' dir='ltr'>p.</span> <span class='ocrx_word' id='word_1_3' title='bbox 1067 276 1359 355; x_wconf 57' lang='lat' dir='ltr'>smmis</span> <span class='ocrx_word' id='word_1_4' title='bbox 1399 278 1871 357; x_wconf 76' lang='lat' dir='ltr'>bISSERTA-TIO</span> <span class='ocrx_word' id='word_1_5' title='bbox 1910 290 1985 356; x_wconf 79' lang='lat' dir='ltr'><strong>IN</strong></span> <span class='ocrx_word' id='word_1_6' title='bbox 2027 296 2088 358; x_wconf 92' lang='lat' dir='ltr'>s.</span> <span class='ocrx_word' id='word_1_7' title='bbox 2134 293 2572 363; x_wconf 68' lang='lat' dir='ltr'>mormu—</span> <span class='ocrx_word' id='word_1_8' title='bbox 2598 298 2764 365; x_wconf 61' lang='lat' dir='ltr'>car.</span> <span class='ocrx_word' id='word_1_9' title='bbox 2807 298 2891 366; x_wconf 43' lang='lat' dir='ltr'>xi</span> 
     </span>
    </p>
   </div>
   <div class='ocr_carea' id='block_1_3' title="bbox 3452 305 3604 371">
    <p class='ocr_par' dir='ltr' id='par_1_3' title="bbox 3452 305 3604 371">
     <span class='ocr_line' id='line_1_3' title="bbox 3452 305 3604 371; baseline 0.02 -3"><span class='ocrx_word' id='word_1_10' title='bbox 3452 305 3604 371; x_wconf 62' lang='lat' dir='ltr'>i192</span> 
     </span>
    </p>
   </div>
   <div class='ocr_carea' id='block_1_4' title="bbox 263 421 3656 508">
    <p class='ocr_par' dir='ltr' id='par_1_4' title="bbox 263 421 3656 508">
     <span class='ocr_line' id='line_1_4' title="bbox 263 421 3656 508; baseline 0.005 -29"><span class='ocrx_word' id='word_1_11' title='bbox 263 425 421 506; x_wconf 38' lang='lat' dir='ltr'>Quid.</span> <span class='ocrx_word' id='word_1_12' title='bbox 445 439 597 478; x_wconf 89' lang='lat' dir='ltr'>nunc</span> <span class='ocrx_word' id='word_1_13' title='bbox 623 424 693 479; x_wconf 91' lang='lat' dir='ltr'>de</span> <span class='ocrx_word' id='word_1_14' title='bbox 718 424 827 478; x_wconf 88' lang='lat' dir='ltr'>loco</span> <span class='ocrx_word' id='word_1_15' title='bbox 1019 429 1076 479; x_wconf 90' lang='lat' dir='ltr'>et</span> <span class='ocrx_word' id='word_1_16' title='bbox 1095 426 1164 481; x_wconf 88' lang='lat' dir='ltr'>de</span> <span class='ocrx_word' id='word_1_17' title='bbox 1183 426 1302 482; x_wconf 85' lang='lat' dir='ltr'>loco</span> <span class='ocrx_word' id='word_1_18' title='bbox 1324 426 1617 508; x_wconf 67' lang='lat' dir='ltr'>caliigiais,</span> <span class='ocrx_word' id='word_1_19' title='bbox 1642 426 1706 508; x_wconf 74' lang='lat' dir='ltr'>in</span> <span class='ocrx_word' id='word_1_20' title='bbox 1726 426 1844 508; x_wconf 80' lang='lat' dir='ltr'>qui-</span> <span class='ocrx_word' id='word_1_21' title='bbox 1879 434 1939 495; x_wconf 78' lang='grc' dir='ltr'>Α.</span> <span class='ocrx_word' id='word_1_22' title='bbox 1958 430 2095 508; x_wconf 84' lang='lat' dir='ltr'>dum</span> <span class='ocrx_word' id='word_1_23' title='bbox 2127 436 2444 487; x_wconf 90' lang='lat' dir='ltr'>remaneat.</span> <span class='ocrx_word' id='word_1_24' title='bbox 2478 433 2648 503; x_wconf 71' lang='lat'><strong>277</strong></span> <span class='ocrx_word' id='word_1_25' title='bbox 2678 434 2812 499; x_wconf 85' lang='lat' dir='ltr'>Quis</span> <span class='ocrx_word' id='word_1_26' title='bbox 2851 434 2956 490; x_wconf 88' lang='lat' dir='ltr'>sibi</span> <span class='ocrx_word' id='word_1_27' title='bbox 3002 440 3343 508; x_wconf 78' lang='lat' dir='ltr'>persuadeat</span> <span class='ocrx_word' id='word_1_28' title='bbox 3368 458 3483 496; x_wconf 90' lang='lat' dir='ltr'>non</span> <span class='ocrx_word' id='word_1_29' title='bbox 3515 460 3605 499; x_wconf 92' lang='lat' dir='ltr'>eo-</span> <span class='ocrx_word' id='word_1_30' title='bbox 3638 421 3656 476; x_wconf 61' lang='grc' dir='ltr'>ί</span> 
     </span>
    </p>
   </div>
   <div class='ocr_carea' id='block_1_5' title="bbox 186 497 1845 564">
    <p class='ocr_par' dir='ltr' id='par_1_5' title="bbox 186 497 1845 564">
     <span class='ocr_line' id='line_1_5' title="bbox 186 497 1845 564; baseline 0.001 -13"><span class='ocrx_word' id='word_1_31' title='bbox 186 497 296 551; x_wconf 88' lang='lat' dir='ltr'>bus</span> <span class='ocrx_word' id='word_1_32' title='bbox 318 497 520 549; x_wconf 67' lang='lat' dir='ltr'>animm</span> <span class='ocrx_word' id='word_1_33' title='bbox 548 512 657 564; x_wconf 84' lang='lat' dir='ltr'>pro</span> <span class='ocrx_word' id='word_1_34' title='bbox 678 512 780 551; x_wconf 87' lang='lat' dir='ltr'>suo</span> <span class='ocrx_word' id='word_1_35' title='bbox 796 500 1001 550; x_wconf 79' lang='lat' dir='ltr'>merito</span> <span class='ocrx_word' id='word_1_36' title='bbox 1019 508 1367 553; x_wconf 83' lang='lat' dir='ltr'>reservantur</span> <span class='ocrx_word' id='word_1_37' title='bbox 1388 500 1416 555; x_wconf 74' lang='lat'><strong>?</strong></span> <span class='ocrx_word' id='word_1_38' title='bbox 1435 499 1531 552; x_wconf 71' lang='lat' dir='ltr'>his</span> <span class='ocrx_word' id='word_1_39' title='bbox 1555 498 1739 553; x_wconf 84' lang='lat' dir='ltr'>verbis</span> <span class='ocrx_word' id='word_1_40' title='bbox 1762 499 1845 552; x_wconf 90' lang='lat' dir='ltr'>in-</span> 
     </span>
    </p>
   </div>
   <div class='ocr_carea' id='block_1_6' title="bbox 186 567 1850 625">
    <p class='ocr_par' dir='ltr' id='par_1_6' title="bbox 186 567 1850 625">
     <span class='ocr_line' id='line_1_6' title="bbox 186 567 1850 625; baseline 0.001 -3"><span class='ocrx_word' id='word_1_41' title='bbox 186 567 481 623; x_wconf 80' lang='lat' dir='ltr'>tellexisse</span> <span class='ocrx_word' id='word_1_42' title='bbox 496 567 752 621; x_wconf 82' lang='lat' dir='ltr'>Nicetam</span> <span class='ocrx_word' id='word_1_43' title='bbox 770 582 884 620; x_wconf 93' lang='lat' dir='ltr'>non</span> <span class='ocrx_word' id='word_1_44' title='bbox 908 568 1241 623; x_wconf 76' lang='lat' dir='ltr'>dubitamus</span> <span class='ocrx_word' id='word_1_45' title='bbox 1254 586 1447 623; x_wconf 88' lang='lat' dir='ltr'>veram</span> <span class='ocrx_word' id='word_1_46' title='bbox 1466 570 1522 623; x_wconf 91' lang='lat' dir='ltr'>in</span> <span class='ocrx_word' id='word_1_47' title='bbox 1546 569 1704 625; x_wconf 78' lang='lat' dir='ltr'>caelis</span> <span class='ocrx_word' id='word_1_48' title='bbox 1723 572 1850 624; x_wconf 88' lang='lat' dir='ltr'>bea-</span> 
     </span>
    </p>
   </div>
   <div class='ocr_carea' id='block_1_7' title="bbox 187 638 1849 709">
    <p class='ocr_par' dir='ltr' id='par_1_7' title="bbox 187 638 1849 709">
     <span class='ocr_line' id='line_1_7' title="bbox 187 638 1849 709; baseline 0 -16"><span class='ocrx_word' id='word_1_49' title='bbox 187 639 503 693; x_wconf 85' lang='lat' dir='ltr'>titudinem</span> <span class='ocrx_word' id='word_1_50' title='bbox 527 654 560 691; x_wconf 91' lang='lat' dir='ltr'>a</span> <span class='ocrx_word' id='word_1_51' title='bbox 584 638 879 709; x_wconf 88' lang='lat' dir='ltr'>justorum</span> <span class='ocrx_word' id='word_1_52' title='bbox 912 639 1218 694; x_wconf 88' lang='lat' dir='ltr'>animabus</span> <span class='ocrx_word' id='word_1_53' title='bbox 1252 642 1546 695; x_wconf 78' lang='lat' dir='ltr'>obtentum</span> <span class='ocrx_word' id='word_1_54' title='bbox 1579 657 1674 695; x_wconf 90' lang='lat' dir='ltr'>seu</span> <span class='ocrx_word' id='word_1_55' title='bbox 1708 640 1849 694; x_wconf 89' lang='lat' dir='ltr'>obti-</span> 
     </span>
    </p>
   </div>
   <div class='ocr_carea' id='block_1_8' title="bbox 189 709 1847 780">
    <p class='ocr_par' dir='ltr' id='par_1_8' title="bbox 189 709 1847 780">
     <span class='ocr_line' id='line_1_8' title="bbox 189 709 1847 780; baseline 0 -15"><span class='ocrx_word' id='word_1_56' title='bbox 189 712 472 774; x_wconf 81' lang='lat' dir='ltr'>nendam,</span> <span class='ocrx_word' id='word_1_57' title='bbox 492 709 664 763; x_wconf 89' lang='lat' dir='ltr'>simul</span> <span class='ocrx_word' id='word_1_58' title='bbox 682 714 851 779; x_wconf 85' lang='lat' dir='ltr'>atque</span> <span class='ocrx_word' id='word_1_59' title='bbox 868 726 901 764; x_wconf 90' lang='lat' dir='ltr'>a</span> <span class='ocrx_word' id='word_1_60' title='bbox 923 726 1158 780; x_wconf 91' lang='lat' dir='ltr'>corpore</span> <span class='ocrx_word' id='word_1_61' title='bbox 1174 712 1433 766; x_wconf 87' lang='lat' dir='ltr'>exierunt</span> <span class='ocrx_word' id='word_1_62' title='bbox 1461 717 1561 766; x_wconf 90' lang='lat' dir='ltr'>aut</span> <span class='ocrx_word' id='word_1_63' title='bbox 1582 712 1847 777; x_wconf 82' lang='lat' dir='ltr'>exibunt;</span> 
     </span>
    </p>
   </div>
   <div class='ocr_carea' id='block_1_9' title="bbox 191 781 1848 853">
    <p class='ocr_par' dir='ltr' id='par_1_9' title="bbox 191 781 1848 853">
     <span class='ocr_line' id='line_1_9' title="bbox 191 781 1848 853; baseline 0 -17"><span class='ocrx_word' id='word_1_64' title='bbox 191 798 422 836; x_wconf 86' lang='lat' dir='ltr'><strong>necnon</strong></span> <span class='ocrx_word' id='word_1_65' title='bbox 442 796 634 853; x_wconf 80' lang='lat' dir='ltr'>veram</span> <span class='ocrx_word' id='word_1_66' title='bbox 657 784 809 850; x_wconf 87' lang='lat' dir='ltr'>apud</span> <span class='ocrx_word' id='word_1_67' title='bbox 827 781 1316 853; x_wconf 87' lang='lat' dir='ltr'>inferossupplicii</span> <span class='ocrx_word' id='word_1_68' title='bbox 1338 783 1652 853; x_wconf 74' lang='lat' dir='ltr'>pmnam,in</span> <span class='ocrx_word' id='word_1_69' title='bbox 1676 799 1848 853; x_wconf 91' lang='lat' dir='ltr'>quam</span> 
     </span>
    </p>
   </div>
   <div class='ocr_carea' id='block_1_10' title="bbox 193 852 1851 924">
    <p class='ocr_par' dir='ltr' id='par_1_10' title="bbox 193 852 1851 924">
     <span class='ocr_line' id='line_1_10' title="bbox 193 852 1851 924; baseline -0.001 -17"><span class='ocrx_word' id='word_1_70' title='bbox 193 853 409 907; x_wconf 76' lang='lat' dir='ltr'>animae</span> <span class='ocrx_word' id='word_1_71' title='bbox 441 852 749 922; x_wconf 88' lang='lat' dir='ltr'>impiorum</span> <span class='ocrx_word' id='word_1_72' title='bbox 775 852 1209 923; x_wconf 73' lang='lat' dir='ltr'>injiciuntur,in</span> <span class='ocrx_word' id='word_1_73' title='bbox 1237 852 1359 924; x_wconf 90' lang='lat' dir='ltr'>ipso</span> <span class='ocrx_word' id='word_1_74' title='bbox 1388 871 1619 909; x_wconf 81' lang='lat' dir='ltr'>excessu</span> <span class='ocrx_word' id='word_1_75' title='bbox 1650 852 1851 909; x_wconf 83' lang='lat' dir='ltr'>earum</span> 
     </span>
    </p>
   </div>
   <div class='ocr_carea' id='block_1_11' title="bbox 192 925 1846 995">
    <p class='ocr_par' dir='ltr' id='par_1_11' title="bbox 192 925 1846 995">
     <span class='ocr_line' id='line_1_11' title="bbox 192 925 1846 995; baseline 0.001 -18"><span class='ocrx_word' id='word_1_76' title='bbox 192 941 229 977; x_wconf 87' lang='lat' dir='ltr'>a</span> <span class='ocrx_word' id='word_1_77' title='bbox 258 939 519 994; x_wconf 90' lang='lat' dir='ltr'>corpore.</span> <span class='ocrx_word' id='word_1_78' title='bbox 552 927 674 995; x_wconf 82' lang='lat' dir='ltr'>Non</span> <span class='ocrx_word' id='word_1_79' title='bbox 707 929 792 977; x_wconf 89' lang='lat' dir='ltr'>est</span> <span class='ocrx_word' id='word_1_80' title='bbox 838 927 1240 994; x_wconf 70' lang='lat' dir='ltr'>praetereunda</span> <span class='ocrx_word' id='word_1_81' title='bbox 1287 925 1372 979; x_wconf 87' lang='lat' dir='ltr'>vel</span> <span class='ocrx_word' id='word_1_82' title='bbox 1419 928 1542 995; x_wconf 89' lang='lat' dir='ltr'>ipsa</span> <span class='ocrx_word' id='word_1_83' title='bbox 1588 926 1693 980; x_wconf 80' lang='lat' dir='ltr'>loci</span> <span class='ocrx_word' id='word_1_84' title='bbox 1722 942 1846 990; x_wconf 86' lang='lat' dir='ltr'>vox,</span> 
     </span>
    </p>
   </div>
   <div class='ocr_carea' id='block_1_12' title="bbox 193 994 1850 1067">
    <p class='ocr_par' dir='ltr' id='par_1_12' title="bbox 193 994 1850 1067">
     <span class='ocr_line' id='line_1_12' title="bbox 193 994 1850 1067; baseline 0 -17"><span class='ocrx_word' id='word_1_85' title='bbox 193 1012 311 1066; x_wconf 89' lang='lat' dir='ltr'>qua</span> <span class='ocrx_word' id='word_1_86' title='bbox 332 996 555 1067; x_wconf 59' lang='lat' dir='ltr'>Nicetas</span> <span class='ocrx_word' id='word_1_87' title='bbox 584 994 783 1059; x_wconf 92' lang='lat' dir='ltr'>utitur,</span> <span class='ocrx_word' id='word_1_88' title='bbox 802 997 875 1067; x_wconf 88' lang='lat' dir='ltr'>ad</span> <span class='ocrx_word' id='word_1_89' title='bbox 895 1010 1128 1049; x_wconf 87' lang='lat' dir='ltr'>sensum</span> <span class='ocrx_word' id='word_1_90' title='bbox 1148 994 1514 1064; x_wconf 76' lang='lat' dir='ltr'>proculdubio</span> <span class='ocrx_word' id='word_1_91' title='bbox 1538 996 1645 1066; x_wconf 75' lang='lat'><strong>27</strong></span> <span class='ocrx_word' id='word_1_92' title='bbox 1657 998 1714 1067; x_wconf 77' lang='lat'><strong>6</strong></span> <span class='ocrx_word' id='word_1_93' title='bbox 1746 996 1850 1050; x_wconf 87' lang='lat' dir='ltr'>sibi</span> 
     </span>
    </p>
   </div>
   <div class='ocr_carea' id='block_1_13' title="bbox 196 1065 1846 1138">
    <p class='ocr_par' dir='ltr' id='par_1_13' title="bbox 196 1065 1846 1138">
     <span class='ocr_line' id='line_1_13' title="bbox 196 1065 1846 1138; baseline 0.001 -17"><span class='ocrx_word' id='word_1_94' title='bbox 196 1065 723 1121; x_wconf 78' lang='lat' dir='ltr'>familiarissimum</span> <span class='ocrx_word' id='word_1_95' title='bbox 757 1065 1178 1138; x_wconf 78' lang='lat' dir='ltr'>scripturarum</span> <span class='ocrx_word' id='word_1_96' title='bbox 1203 1084 1222 1120; x_wconf 88' lang='lat'><strong><em>:</em></strong></span> <span class='ocrx_word' id='word_1_97' title='bbox 1257 1084 1499 1137; x_wconf 68' lang='lat' dir='ltr'>qumque</span> <span class='ocrx_word' id='word_1_98' title='bbox 1528 1065 1846 1138; x_wconf 66' lang='lat' dir='ltr'>pi&#39;Opterea,</span> 
     </span>
    </p>
   </div>
   <div class='ocr_carea' id='block_1_14' title="bbox 194 1137 1849 1208">
    <p class='ocr_par' dir='ltr' id='par_1_14' title="bbox 194 1137 1849 1208">
     <span class='ocr_line' id='line_1_14' title="bbox 194 1137 1849 1208; baseline 0 -16"><span class='ocrx_word' id='word_1_99' title='bbox 194 1139 352 1208; x_wconf 88' lang='lat' dir='ltr'>quod</span> <span class='ocrx_word' id='word_1_100' title='bbox 383 1141 599 1207; x_wconf 81' lang='lat' dir='ltr'>spectat</span> <span class='ocrx_word' id='word_1_101' title='bbox 627 1138 699 1190; x_wconf 87' lang='lat' dir='ltr'>ad</span> <span class='ocrx_word' id='word_1_102' title='bbox 726 1137 950 1191; x_wconf 90' lang='lat' dir='ltr'>animas</span> <span class='ocrx_word' id='word_1_103' title='bbox 973 1139 1286 1207; x_wconf 79' lang='lat' dir='ltr'>justorum,</span> <span class='ocrx_word' id='word_1_104' title='bbox 1309 1137 1617 1208; x_wconf 85' lang='lat' dir='ltr'>respicitea</span> <span class='ocrx_word' id='word_1_105' title='bbox 1636 1137 1849 1193; x_wconf 66' lang='lat' dir='ltr'>Christi</span> 
     </span>
    </p>
   </div>
   <div class='ocr_carea' id='block_1_15' title="bbox 193 1207 1848 1290">
    <p class='ocr_par' dir='ltr' id='par_1_15' title="bbox 193 1207 1848 1290">
     <span class='ocr_line' id='line_1_15' title="bbox 193 1207 1848 1290; baseline 0.002 -28"><span class='ocrx_word' id='word_1_106' title='bbox 193 1207 372 1290; x_wconf 59' lang='lat' dir='ltr'>rerba</span> <span class='ocrx_word' id='word_1_107' title='bbox 392 1209 468 1262; x_wconf 90' lang='lat' dir='ltr'>ad</span> <span class='ocrx_word' id='word_1_108' title='bbox 497 1207 976 1290; x_wconf 45' lang='lat' dir='ltr'>discipulos‘suos,</span> <span class='ocrx_word' id='word_1_109' title='bbox 1002 1210 1169 1290; x_wconf 80' lang='lat' dir='ltr'>Joan.</span> <span class='ocrx_word' id='word_1_110' title='bbox 1186 1225 1315 1289; x_wconf 71' lang='lat' dir='ltr'>xiv:</span> <span class='ocrx_word' id='word_1_111' title='bbox 1348 1207 1495 1290; x_wconf 75' lang='lat' dir='ltr'>Vada</span> <span class='ocrx_word' id='word_1_112' title='bbox 1507 1225 1731 1290; x_wconf 76' lang='lat' dir='ltr'>parare</span> <span class='ocrx_word' id='word_1_113' title='bbox 1746 1226 1848 1290; x_wconf 71' lang='lat' dir='ltr'>v9-</span> 
     </span>
    </p>
   </div>
   <div class='ocr_carea' id='block_1_16' title="bbox 195 1278 1851 1351">
    <p class='ocr_par' dir='ltr' id='par_1_16' title="bbox 195 1278 1851 1351">
     <span class='ocr_line' id='line_1_16' title="bbox 195 1278 1851 1351; baseline 0.001 -18"><span class='ocrx_word' id='word_1_114' title='bbox 195 1280 275 1334; x_wconf 79' lang='lat' dir='ltr'>bis</span> <span class='ocrx_word' id='word_1_115' title='bbox 308 1281 500 1335; x_wconf 86' lang='lat' dir='ltr'>locum</span> <span class='ocrx_word' id='word_1_116' title='bbox 521 1297 544 1342; x_wconf 87' lang='lat'><em>;</em></span> <span class='ocrx_word' id='word_1_117' title='bbox 573 1279 818 1351; x_wconf 84' lang='lat' dir='ltr'>et,quod</span> <span class='ocrx_word' id='word_1_118' title='bbox 844 1278 1375 1351; x_wconf 89' lang='lat' dir='ltr'>attinetadanimas</span> <span class='ocrx_word' id='word_1_119' title='bbox 1393 1278 1851 1351; x_wconf 82' lang='lat' dir='ltr'>impiorum,alia</span> 
     </span>
    </p>
   </div>
   <div class='ocr_carea' id='block_1_17' title="bbox 194 1349 1850 1420">
    <p class='ocr_par' dir='ltr' id='par_1_17' title="bbox 194 1349 1850 1420">
     <span class='ocr_line' id='line_1_17' title="bbox 194 1349 1850 1420; baseline 0.001 -16"><span class='ocrx_word' id='word_1_120' title='bbox 194 1352 443 1404; x_wconf 76' lang='lat' dir='ltr'>fortasse</span> <span class='ocrx_word' id='word_1_121' title='bbox 472 1365 603 1419; x_wconf 72' lang='lat' dir='ltr'>quae</span> <span class='ocrx_word' id='word_1_122' title='bbox 634 1349 981 1405; x_wconf 78' lang='lat' dir='ltr'>unanimiter</span> <span class='ocrx_word' id='word_1_123' title='bbox 1010 1351 1250 1420; x_wconf 82' lang='lat' dir='ltr'>apostoli</span> <span class='ocrx_word' id='word_1_124' title='bbox 1291 1349 1560 1406; x_wconf 83' lang='lat' dir='ltr'>dixerunt</span> <span class='ocrx_word' id='word_1_125' title='bbox 1597 1354 1665 1406; x_wconf 92' lang='lat' dir='ltr'>de</span> <span class='ocrx_word' id='word_1_126' title='bbox 1699 1349 1850 1406; x_wconf 83' lang='lat' dir='ltr'>Juda</span> 
     </span>
    </p>
   </div>
   <div class='ocr_carea' id='block_1_18' title="bbox 193 1422 1847 1494">
    <p class='ocr_par' dir='ltr' id='par_1_18' title="bbox 193 1422 1847 1494">
     <span class='ocr_line' id='line_1_18' title="bbox 193 1422 1847 1494; baseline 0.001 -18"><span class='ocrx_word' id='word_1_127' title='bbox 193 1422 657 1494; x_wconf 62' lang='lat' dir='ltr'>praevaricatore,</span> <span class='ocrx_word' id='word_1_128' title='bbox 701 1424 826 1475; x_wconf 86' lang='lat' dir='ltr'>Act.</span> <span class='ocrx_word' id='word_1_129' title='bbox 857 1437 897 1484; x_wconf 90' lang='lat'>1,</span> <span class='ocrx_word' id='word_1_130' title='bbox 929 1422 993 1494; x_wconf 80' lang='lat' dir='ltr'>Ut</span> <span class='ocrx_word' id='word_1_131' title='bbox 1033 1423 1208 1494; x_wconf 79' lang='lat' dir='ltr'>abiret</span> <span class='ocrx_word' id='word_1_132' title='bbox 1238 1423 1299 1476; x_wconf 83' lang='lat' dir='ltr'>in</span> <span class='ocrx_word' id='word_1_133' title='bbox 1342 1426 1513 1477; x_wconf 89' lang='lat' dir='ltr'>locum</span> <span class='ocrx_word' id='word_1_134' title='bbox 1546 1439 1732 1478; x_wconf 87' lang='lat' dir='ltr'>suum.</span> <span class='ocrx_word' id='word_1_135' title='bbox 1769 1424 1847 1477; x_wconf 86' lang='lat' dir='ltr'>En</span> 
     </span>
    </p>
   </div>
   <div class='ocr_carea' id='block_1_19' title="bbox 192 1492 1847 1565">
    <p class='ocr_par' dir='ltr' id='par_1_19' title="bbox 192 1492 1847 1565">
     <span class='ocr_line' id='line_1_19' title="bbox 192 1492 1847 1565; baseline 0.001 -19"><span class='ocrx_word' id='word_1_136' title='bbox 192 1492 372 1565; x_wconf 79' lang='lat' dir='ltr'>igitur</span> <span class='ocrx_word' id='word_1_137' title='bbox 402 1495 513 1546; x_wconf 85' lang='lat' dir='ltr'>loca</span> <span class='ocrx_word' id='word_1_138' title='bbox 542 1508 641 1546; x_wconf 87' lang='lat' dir='ltr'>seu</span> <span class='ocrx_word' id='word_1_139' title='bbox 671 1492 1027 1561; x_wconf 86' lang='lat' dir='ltr'>receptacula</span> <span class='ocrx_word' id='word_1_140' title='bbox 1056 1492 1386 1547; x_wconf 87' lang='lat' dir='ltr'>animarum</span> <span class='ocrx_word' id='word_1_141' title='bbox 1418 1499 1545 1565; x_wconf 89' lang='lat' dir='ltr'>post</span> <span class='ocrx_word' id='word_1_142' title='bbox 1579 1500 1847 1557; x_wconf 90' lang='lat' dir='ltr'>mortem,</span> 
     </span>
    </p>
   </div>
   <div class='ocr_carea' id='block_1_20' title="bbox 192 1564 1850 1634">
    <p class='ocr_par' dir='ltr' id='par_1_20' title="bbox 192 1564 1850 1634">
     <span class='ocr_line' id='line_1_20' title="bbox 192 1564 1850 1634; baseline 0.001 -17"><span class='ocrx_word' id='word_1_143' title='bbox 192 1564 249 1617; x_wconf 93' lang='lat' dir='ltr'>in</span> <span class='ocrx_word' id='word_1_144' title='bbox 262 1564 472 1634; x_wconf 89' lang='lat' dir='ltr'>quibus</span> <span class='ocrx_word' id='word_1_145' title='bbox 479 1579 580 1634; x_wconf 82' lang='lat' dir='ltr'>pro</span> <span class='ocrx_word' id='word_1_146' title='bbox 604 1579 702 1618; x_wconf 85' lang='lat' dir='ltr'>suo</span> <span class='ocrx_word' id='word_1_147' title='bbox 734 1565 923 1618; x_wconf 84' lang='lat' dir='ltr'>merito</span> <span class='ocrx_word' id='word_1_148' title='bbox 952 1573 1311 1619; x_wconf 77' lang='lat' dir='ltr'>reservantur</span> <span class='ocrx_word' id='word_1_149' title='bbox 1335 1566 1408 1619; x_wconf 89' lang='lat' dir='ltr'>ad</span> <span class='ocrx_word' id='word_1_150' title='bbox 1421 1564 1571 1620; x_wconf 88' lang='lat' dir='ltr'>diem</span> <span class='ocrx_word' id='word_1_151' title='bbox 1584 1568 1850 1622; x_wconf 76' lang='lat' dir='ltr'>adventus</span> 
     </span>
    </p>
   </div>
   <div class='ocr_carea' id='block_1_21' title="bbox 190 1634 914 1705">
    <p class='ocr_par' dir='ltr' id='par_1_21' title="bbox 190 1634 914 1705">
     <span class='ocr_line' id='line_1_21' title="bbox 190 1634 914 1705; baseline -0.003 -15"><span class='ocrx_word' id='word_1_152' title='bbox 190 1636 611 1705; x_wconf 81' lang='lat' dir='ltr'>Dominijuxta</span> <span class='ocrx_word' id='word_1_153' title='bbox 640 1634 914 1688; x_wconf 82' lang='lat' dir='ltr'>Nicetam.</span> 
     </span>
    </p>
   </div>
   <div class='ocr_carea' id='block_1_22' title="bbox 266 1705 1848 1779">
    <p class='ocr_par' dir='ltr' id='par_1_22' title="bbox 266 1705 1848 1779">
     <span class='ocr_line' id='line_1_22' title="bbox 266 1705 1848 1779; baseline 0.001 -19"><span class='ocrx_word' id='word_1_154' title='bbox 266 1707 384 1761; x_wconf 85' lang='lat' dir='ltr'>Sed</span> <span class='ocrx_word' id='word_1_155' title='bbox 411 1705 549 1779; x_wconf 84' lang='lat' dir='ltr'>quid</span> <span class='ocrx_word' id='word_1_156' title='bbox 578 1708 803 1779; x_wconf 75' lang='lat' dir='ltr'>proprie</span> <span class='ocrx_word' id='word_1_157' title='bbox 825 1708 984 1779; x_wconf 83' lang='lat' dir='ltr'>locus</span> <span class='ocrx_word' id='word_1_158' title='bbox 1007 1706 1144 1760; x_wconf 83' lang='lat' dir='ltr'>lucis</span> <span class='ocrx_word' id='word_1_159' title='bbox 1174 1722 1274 1777; x_wconf 92' lang='lat' dir='ltr'>pro</span> <span class='ocrx_word' id='word_1_160' title='bbox 1307 1706 1608 1761; x_wconf 86' lang='lat' dir='ltr'>animabus</span> <span class='ocrx_word' id='word_1_161' title='bbox 1627 1707 1798 1779; x_wconf 89' lang='lat' dir='ltr'>justis</span> <span class='ocrx_word' id='word_1_162' title='bbox 1821 1709 1848 1762; x_wconf 85' lang='lat'><strong>?</strong></span> 
     </span>
    </p>
   </div>
   <div class='ocr_carea' id='block_1_23' title="bbox 1959 502 3605 578">
    <p class='ocr_par' dir='ltr' id='par_1_23' title="bbox 1959 502 3605 578">
     <span class='ocr_line' id='line_1_23' title="bbox 1959 502 3605 578; baseline 0.008 -23"><span class='ocrx_word' id='word_1_163' title='bbox 1959 502 2090 556; x_wconf 90' lang='lat' dir='ltr'>dem</span> <span class='ocrx_word' id='word_1_164' title='bbox 2124 519 2365 578; x_wconf 81' lang='lat' dir='ltr'>prorsus</span> <span class='ocrx_word' id='word_1_165' title='bbox 2384 520 2552 558; x_wconf 90' lang='lat' dir='ltr'>sensu</span> <span class='ocrx_word' id='word_1_166' title='bbox 2586 502 2767 560; x_wconf 73' lang='lat' dir='ltr'>locum</span> <span class='ocrx_word' id='word_1_167' title='bbox 2798 508 2945 560; x_wconf 85' lang='lat' dir='ltr'>lucis</span> <span class='ocrx_word' id='word_1_168' title='bbox 2986 502 3192 564; x_wconf 82' lang='lat' dir='ltr'>dixisse</span> <span class='ocrx_word' id='word_1_169' title='bbox 3236 512 3514 578; x_wconf 90' lang='lat' dir='ltr'>Nicetam,</span> <span class='ocrx_word' id='word_1_170' title='bbox 3548 514 3605 568; x_wconf 89' lang='lat' dir='ltr'>in</span> 
     </span>
    </p>
   </div>
   <div class='ocr_carea' id='block_1_24' title="bbox 1958 574 3610 647">
    <p class='ocr_par' dir='ltr' id='par_1_24' title="bbox 1958 574 3610 647">
     <span class='ocr_line' id='line_1_24' title="bbox 1958 574 3610 647; baseline 0.008 -21"><span class='ocrx_word' id='word_1_171' title='bbox 1958 590 2070 647; x_wconf 82' lang='lat' dir='ltr'>quo</span> <span class='ocrx_word' id='word_1_172' title='bbox 2102 574 2311 628; x_wconf 73' lang='lat' dir='ltr'>animae</span> <span class='ocrx_word' id='word_1_173' title='bbox 2347 576 2637 647; x_wconf 90' lang='lat' dir='ltr'>justorum</span> <span class='ocrx_word' id='word_1_174' title='bbox 2681 594 2916 647; x_wconf 86' lang='lat' dir='ltr'>corpore</span> <span class='ocrx_word' id='word_1_175' title='bbox 2963 587 3145 635; x_wconf 63' lang='lat' dir='ltr'>exuta:</span> <span class='ocrx_word' id='word_1_176' title='bbox 3187 574 3553 639; x_wconf 81' lang='lat' dir='ltr'>reservantur</span> <span class='ocrx_word' id='word_1_177' title='bbox 3582 585 3610 640; x_wconf 79' lang='lat' dir='ltr'>‘l</span> 
     </span>
    </p>
   </div>
   <div class='ocr_carea' id='block_1_25' title="bbox 1960 645 3612 724">
    <p class='ocr_par' dir='ltr' id='par_1_25' title="bbox 1960 645 3612 724">
     <span class='ocr_line' id='line_1_25' title="bbox 1960 645 3612 724; baseline 0.008 -27"><span class='ocrx_word' id='word_1_178' title='bbox 1960 645 2242 724; x_wconf 65' lang='lat' dir='ltr'>Przeterea</span> <span class='ocrx_word' id='word_1_179' title='bbox 2260 645 2832 724; x_wconf 68' lang='lat' dir='ltr'>catholicaEcclesia,</span> <span class='ocrx_word' id='word_1_180' title='bbox 2878 667 3004 720; x_wconf 70' lang='lat' dir='ltr'>qua&quot;:</span> <span class='ocrx_word' id='word_1_181' title='bbox 3031 656 3145 724; x_wconf 87' lang='lat' dir='ltr'>tam</span> <span class='ocrx_word' id='word_1_182' title='bbox 3176 669 3320 723; x_wconf 68' lang='lat' dir='ltr'>saepe</span> <span class='ocrx_word' id='word_1_183' title='bbox 3361 672 3460 724; x_wconf 90' lang='lat' dir='ltr'>pro</span> <span class='ocrx_word' id='word_1_184' title='bbox 3492 658 3612 709; x_wconf 89' lang='lat' dir='ltr'>ani-</span> 
     </span>
    </p>
   </div>
   <div class='ocr_carea' id='block_1_26' title="bbox 1961 717 3610 798">
    <p class='ocr_par' dir='ltr' id='par_1_26' title="bbox 1961 717 3610 798">
     <span class='ocr_line' id='line_1_26' title="bbox 1961 717 3610 798; baseline 0.008 -30"><span class='ocrx_word' id='word_1_185' title='bbox 1961 717 2164 798; x_wconf 66' lang='lat' dir='ltr'>mabus</span> <span class='ocrx_word' id='word_1_186' title='bbox 2185 717 3106 798; x_wconf 39' lang='lat' dir='ltr'>justorum.piacularibuspmpis</span> <span class='ocrx_word' id='word_1_187' title='bbox 3138 717 3378 798; x_wconf 76' lang='lat' dir='ltr'>addictis</span> <span class='ocrx_word' id='word_1_188' title='bbox 3406 744 3610 798; x_wconf 88' lang='lat' dir='ltr'>preces</span> 
     </span>
    </p>
   </div>
   <div class='ocr_carea' id='block_1_27' title="bbox 1963 786 3605 861">
    <p class='ocr_par' dir='ltr' id='par_1_27' title="bbox 1963 786 3605 861">
     <span class='ocr_line' id='line_1_27' title="bbox 1963 786 3605 861; baseline 0.007 -22"><span class='ocrx_word' id='word_1_189' title='bbox 1963 786 2235 861; x_wconf 78' lang='lat' dir='ltr'>fuudit,ut</span> <span class='ocrx_word' id='word_1_190' title='bbox 2251 788 2450 861; x_wconf 84' lang='lat' dir='ltr'>iisdem</span> <span class='ocrx_word' id='word_1_191' title='bbox 2480 786 2750 861; x_wconf 62' lang='lat' dir='ltr'>liberatas,</span> <span class='ocrx_word' id='word_1_192' title='bbox 2776 786 2946 861; x_wconf 78' lang='lat' dir='ltr'>quam</span> <span class='ocrx_word' id='word_1_193' title='bbox 2958 793 3205 861; x_wconf 84' lang='lat' dir='ltr'>primum</span> <span class='ocrx_word' id='word_1_194' title='bbox 3221 796 3273 848; x_wconf 85' lang='lat' dir='ltr'>in</span> <span class='ocrx_word' id='word_1_195' title='bbox 3293 786 3447 849; x_wconf 73' lang='lat' dir='ltr'>caelis</span> <span class='ocrx_word' id='word_1_196' title='bbox 3463 815 3605 852; x_wconf 84' lang='lat' dir='ltr'>mer-</span> 
     </span>
    </p>
   </div>
   <div class='ocr_carea' id='block_1_28' title="bbox 1961 858 3609 935">
    <p class='ocr_par' dir='ltr' id='par_1_28' title="bbox 1961 858 3609 935">
     <span class='ocr_line' id='line_1_28' title="bbox 1961 858 3609 935; baseline 0.007 -24"><span class='ocrx_word' id='word_1_197' title='bbox 1961 858 2154 935; x_wconf 74' lang='lat' dir='ltr'>cedem</span> <span class='ocrx_word' id='word_1_198' title='bbox 2185 864 2241 912; x_wconf 91' lang='lat' dir='ltr'>et</span> <span class='ocrx_word' id='word_1_199' title='bbox 2260 859 2502 935; x_wconf 77' lang='lat' dir='ltr'>gloriam</span> <span class='ocrx_word' id='word_1_200' title='bbox 2525 860 2627 935; x_wconf 81' lang='lat' dir='ltr'>sibi</span> <span class='ocrx_word' id='word_1_201' title='bbox 2662 858 2915 935; x_wconf 69' lang='lat' dir='ltr'>debitam</span> <span class='ocrx_word' id='word_1_202' title='bbox 2946 858 3387 935; x_wconf 78' lang='lat' dir='ltr'>consequantur.</span> <span class='ocrx_word' id='word_1_203' title='bbox 3420 884 3609 923; x_wconf 92' lang='lat' dir='ltr'>nonne</span> 
     </span>
    </p>
   </div>
   <div class='ocr_carea' id='block_1_29' title="bbox 1962 928 3609 999">
    <p class='ocr_par' dir='ltr' id='par_1_29' title="bbox 1962 928 3609 999">
     <span class='ocr_line' id='line_1_29' title="bbox 1962 928 3609 999; baseline 0.007 -18"><span class='ocrx_word' id='word_1_204' title='bbox 1962 928 2161 982; x_wconf 88' lang='lat' dir='ltr'>iisdem</span> <span class='ocrx_word' id='word_1_205' title='bbox 2194 928 2445 999; x_wconf 79' lang='lat' dir='ltr'>quotidie</span> <span class='ocrx_word' id='word_1_206' title='bbox 2472 931 2649 985; x_wconf 83' lang='lat' dir='ltr'>utitur</span> <span class='ocrx_word' id='word_1_207' title='bbox 2678 932 2887 987; x_wconf 64' lang='lat' dir='ltr'>Niceta:</span> <span class='ocrx_word' id='word_1_208' title='bbox 2930 935 3111 989; x_wconf 87' lang='lat' dir='ltr'>verbis</span> <span class='ocrx_word' id='word_1_209' title='bbox 3136 928 3151 990; x_wconf 71' lang='grc' dir='ltr'>ἶ</span> <span class='ocrx_word' id='word_1_210' title='bbox 3178 942 3239 990; x_wconf 87' lang='lat' dir='ltr'>ut</span> <span class='ocrx_word' id='word_1_211' title='bbox 3269 940 3437 993; x_wconf 80' lang='lat' dir='ltr'>lucem</span> <span class='ocrx_word' id='word_1_212' title='bbox 3464 940 3609 993; x_wconf 91' lang='lat' dir='ltr'>scili-</span> 
     </span>
    </p>
   </div>
   <div class='ocr_carea' id='block_1_30' title="bbox 1959 1004 3607 1066">
    <p class='ocr_par' dir='ltr' id='par_1_30' title="bbox 1959 1004 3607 1066">
     <span class='ocr_line' id='line_1_30' title="bbox 1959 1004 3607 1066; baseline 0.008 -13"><span class='ocrx_word' id='word_1_213' title='bbox 1959 1004 2048 1054; x_wconf 91' lang='lat' dir='ltr'>cet</span> <span class='ocrx_word' id='word_1_214' title='bbox 2076 1009 2320 1055; x_wconf 83' lang='lat' dir='ltr'>sanctam</span> <span class='ocrx_word' id='word_1_215' title='bbox 2358 1004 2587 1066; x_wconf 87' lang='lat' dir='ltr'>adeant,</span> <span class='ocrx_word' id='word_1_216' title='bbox 2633 1007 2691 1056; x_wconf 93' lang='lat' dir='ltr'>ut</span> <span class='ocrx_word' id='word_1_217' title='bbox 2730 1004 2785 1057; x_wconf 87' lang='lat' dir='ltr'>in</span> <span class='ocrx_word' id='word_1_218' title='bbox 2824 1006 3003 1061; x_wconf 88' lang='lat' dir='ltr'>locum</span> <span class='ocrx_word' id='word_1_219' title='bbox 3052 1007 3193 1060; x_wconf 86' lang='lat' dir='ltr'>lucis</span> <span class='ocrx_word' id='word_1_220' title='bbox 3236 1011 3607 1066; x_wconf 78' lang='lat' dir='ltr'>ascendant?</span> 
     </span>
    </p>
   </div>
   <div class='ocr_carea' id='block_1_31' title="bbox 1962 1071 3603 1146">
    <p class='ocr_par' dir='ltr' id='par_1_31' title="bbox 1962 1071 3603 1146">
     <span class='ocr_line' id='line_1_31' title="bbox 1962 1071 3603 1146; baseline 0.009 -26"><span class='ocrx_word' id='word_1_221' title='bbox 1962 1090 1988 1120; x_wconf 70' lang='grc' dir='ltr'><strong>α</strong></span> <span class='ocrx_word' id='word_1_222' title='bbox 2023 1072 2133 1125; x_wconf 92' lang='lat' dir='ltr'>Sed</span> <span class='ocrx_word' id='word_1_223' title='bbox 2155 1071 2393 1142; x_wconf 80' lang='lat' dir='ltr'>signifer</span> <span class='ocrx_word' id='word_1_224' title='bbox 2412 1079 2642 1127; x_wconf 90' lang='lat' dir='ltr'>sanctus</span> <span class='ocrx_word' id='word_1_225' title='bbox 2659 1074 2891 1129; x_wconf 84' lang='lat' dir='ltr'>Michael</span> <span class='ocrx_word' id='word_1_226' title='bbox 2916 1083 3284 1146; x_wconf 71' lang='lat' dir='ltr'>reprzesentet</span> <span class='ocrx_word' id='word_1_227' title='bbox 3316 1096 3412 1133; x_wconf 90' lang='lat' dir='ltr'>eas</span> <span class='ocrx_word' id='word_1_228' title='bbox 3444 1081 3497 1134; x_wconf 91' lang='lat' dir='ltr'>in</span> <span class='ocrx_word' id='word_1_229' title='bbox 3526 1081 3603 1135; x_wconf 90' lang='lat' dir='ltr'>lu-</span> 
     </span>
    </p>
   </div>
   <div class='ocr_carea' id='block_1_32' title="bbox 1958 1146 3602 1219">
    <p class='ocr_par' dir='ltr' id='par_1_32' title="bbox 1958 1146 3602 1219">
     <span class='ocr_line' id='line_1_32' title="bbox 1958 1146 3602 1219; baseline 0.007 -25"><span class='ocrx_word' id='word_1_230' title='bbox 1958 1156 2097 1219; x_wconf 83' lang='lat' dir='ltr'>ce_m_</span> <span class='ocrx_word' id='word_1_231' title='bbox 2122 1148 2405 1219; x_wconf 70' lang='lat' dir='ltr'>sanctam,</span> <span class='ocrx_word' id='word_1_232' title='bbox 2438 1161 2609 1214; x_wconf 89' lang='lat' dir='ltr'>quam</span> <span class='ocrx_word' id='word_1_233' title='bbox 2641 1146 2777 1199; x_wconf 90' lang='lat' dir='ltr'>olim</span> <span class='ocrx_word' id='word_1_234' title='bbox 2800 1147 3058 1219; x_wconf 68' lang='lat' dir='ltr'>Abrahae</span> <span class='ocrx_word' id='word_1_235' title='bbox 3099 1150 3407 1219; x_wconf 86' lang='lat' dir='ltr'>promisisti</span> <span class='ocrx_word' id='word_1_236' title='bbox 3439 1157 3495 1206; x_wconf 90' lang='lat' dir='ltr'>et</span> <span class='ocrx_word' id='word_1_237' title='bbox 3520 1170 3602 1206; x_wconf 88' lang='lat' dir='ltr'>se-</span> 
     </span>
    </p>
   </div>
   <div class='ocr_carea' id='block_1_33' title="bbox 1960 1212 3603 1292">
    <p class='ocr_par' dir='ltr' id='par_1_33' title="bbox 1960 1212 3603 1292">
     <span class='ocr_line' id='line_1_33' title="bbox 1960 1212 3603 1292; baseline 0.008 -28"><span class='ocrx_word' id='word_1_238' title='bbox 1960 1212 2509 1292; x_wconf 11' lang='lat' dir='ltr'>n1ini_ejus._.._rLiir</span> <span class='ocrx_word' id='word_1_239' title='bbox 2553 1221 2761 1271; x_wconf 60' lang='lat' dir='ltr'>aeterna</span> <span class='ocrx_word' id='word_1_240' title='bbox 2797 1218 2982 1292; x_wconf 77' lang='lat' dir='ltr'>luceat</span> <span class='ocrx_word' id='word_1_241' title='bbox 3024 1212 3119 1275; x_wconf 50' lang='lat' dir='ltr'>eis&#39;.</span> <span class='ocrx_word' id='word_1_242' title='bbox 3171 1221 3432 1287; x_wconf 88' lang='lat' dir='ltr'>Domine,</span> <span class='ocrx_word' id='word_1_243' title='bbox 3474 1240 3603 1277; x_wconf 89' lang='lat' dir='ltr'>cum</span> 
     </span>
    </p>
   </div>
   <div class='ocr_carea' id='block_1_34' title="bbox 1958 1284 3609 1349">
    <p class='ocr_par' dir='ltr' id='par_1_34' title="bbox 1958 1284 3609 1349">
     <span class='ocr_line' id='line_1_34' title="bbox 1958 1284 3609 1349; baseline 0.008 -14"><span class='ocrx_word' id='word_1_244' title='bbox 1958 1284 2170 1337; x_wconf 88' lang='lat' dir='ltr'>sanctis</span> <span class='ocrx_word' id='word_1_245' title='bbox 2200 1284 2311 1338; x_wconf 91' lang='lat' dir='ltr'>tuis</span> <span class='ocrx_word' id='word_1_246' title='bbox 2343 1284 2398 1338; x_wconf 83' lang='lat' dir='ltr'>iii</span> <span class='ocrx_word' id='word_1_247' title='bbox 2431 1290 2728 1341; x_wconf 61' lang='lat' dir='ltr'>aeternum.</span> <span class='ocrx_word' id='word_1_248' title='bbox 2766 1309 2793 1337; x_wconf 84' lang='grc'>››</span> <span class='ocrx_word' id='word_1_249' title='bbox 2817 1289 2897 1342; x_wconf 90' lang='lat' dir='ltr'>lta</span> <span class='ocrx_word' id='word_1_250' title='bbox 2924 1289 2981 1342; x_wconf 91' lang='lat' dir='ltr'>in</span> <span class='ocrx_word' id='word_1_251' title='bbox 3015 1292 3280 1346; x_wconf 82' lang='lat' dir='ltr'>omnibus</span> <span class='ocrx_word' id='word_1_252' title='bbox 3303 1284 3491 1347; x_wconf 84' lang='lat' dir='ltr'>missis</span> <span class='ocrx_word' id='word_1_253' title='bbox 3516 1295 3609 1349; x_wconf 87' lang='lat' dir='ltr'>de-</span> 
     </span>
    </p>
   </div>
   <div class='ocr_carea' id='block_1_35' title="bbox 1962 1354 3606 1426">
    <p class='ocr_par' dir='ltr' id='par_1_35' title="bbox 1962 1354 3606 1426">
     <span class='ocr_line' id='line_1_35' title="bbox 1962 1354 3606 1426; baseline 0.008 -20"><span class='ocrx_word' id='word_1_254' title='bbox 1962 1354 2310 1426; x_wconf 81' lang='lat' dir='ltr'>functorum.</span> <span class='ocrx_word' id='word_1_255' title='bbox 2350 1378 2369 1405; x_wconf 77' lang='grc' dir='ltr'>ι</span> <span class='ocrx_word' id='word_1_256' title='bbox 2406 1357 2565 1426; x_wconf 91' lang='lat' dir='ltr'>lpsis,</span> <span class='ocrx_word' id='word_1_257' title='bbox 2599 1358 2858 1420; x_wconf 88' lang='lat' dir='ltr'>Domine,</span> <span class='ocrx_word' id='word_1_258' title='bbox 2906 1365 2961 1414; x_wconf 91' lang='lat' dir='ltr'>et</span> <span class='ocrx_word' id='word_1_259' title='bbox 2991 1362 3256 1415; x_wconf 89' lang='lat' dir='ltr'>omnibus</span> <span class='ocrx_word' id='word_1_260' title='bbox 3290 1364 3343 1416; x_wconf 92' lang='lat' dir='ltr'>in</span> <span class='ocrx_word' id='word_1_261' title='bbox 3385 1364 3606 1419; x_wconf 91' lang='lat' dir='ltr'>Christo</span> 
     </span>
    </p>
   </div>
   <div class='ocr_carea' id='block_1_36' title="bbox 1959 1425 3605 1503">
    <p class='ocr_par' dir='ltr' id='par_1_36' title="bbox 1959 1425 3605 1503">
     <span class='ocr_line' id='line_1_36' title="bbox 1959 1425 3605 1503; baseline 0.007 -25"><span class='ocrx_word' id='word_1_262' title='bbox 1959 1425 2400 1503; x_wconf 77' lang='lat' dir='ltr'>quiescentibus,</span> <span class='ocrx_word' id='word_1_263' title='bbox 2424 1425 2613 1481; x_wconf 89' lang='lat' dir='ltr'>locum</span> <span class='ocrx_word' id='word_1_264' title='bbox 2651 1430 2956 1503; x_wconf 80' lang='lat' dir='ltr'>refrigerii,</span> <span class='ocrx_word' id='word_1_265' title='bbox 2983 1431 3119 1503; x_wconf 86' lang='lat' dir='ltr'>lucis</span> <span class='ocrx_word' id='word_1_266' title='bbox 3145 1442 3198 1486; x_wconf 84' lang='lat' dir='ltr'>et</span> <span class='ocrx_word' id='word_1_267' title='bbox 3226 1434 3397 1503; x_wconf 82' lang='lat' dir='ltr'>pacis,</span> <span class='ocrx_word' id='word_1_268' title='bbox 3429 1440 3490 1488; x_wconf 93' lang='lat' dir='ltr'>ut</span> <span class='ocrx_word' id='word_1_269' title='bbox 3522 1436 3605 1488; x_wconf 91' lang='lat' dir='ltr'>in-</span> 
     </span>
    </p>
   </div>
   <div class='ocr_carea' id='block_1_37' title="bbox 1959 1496 3610 1570">
    <p class='ocr_par' dir='ltr' id='par_1_37' title="bbox 1959 1496 3610 1570">
     <span class='ocr_line' id='line_1_37' title="bbox 1959 1496 3610 1570; baseline 0.007 -21"><span class='ocrx_word' id='word_1_270' title='bbox 1959 1496 2196 1570; x_wconf 85' lang='lat' dir='ltr'>dulgeas</span> <span class='ocrx_word' id='word_1_271' title='bbox 2226 1499 2620 1567; x_wconf 88' lang='lat' dir='ltr'>deprecamur.</span> <span class='ocrx_word' id='word_1_272' title='bbox 2649 1520 2670 1549; x_wconf 76' lang='grc' dir='ltr'><strong>υ</strong></span> <span class='ocrx_word' id='word_1_273' title='bbox 2706 1502 2783 1554; x_wconf 88' lang='lat' dir='ltr'>Ita</span> <span class='ocrx_word' id='word_1_274' title='bbox 2798 1496 3058 1570; x_wconf 80' lang='lat' dir='ltr'>quotidie</span> <span class='ocrx_word' id='word_1_275' title='bbox 3086 1504 3140 1557; x_wconf 94' lang='lat' dir='ltr'>in</span> <span class='ocrx_word' id='word_1_276' title='bbox 3175 1496 3396 1559; x_wconf 79' lang='lat' dir='ltr'>canone</span> <span class='ocrx_word' id='word_1_277' title='bbox 3425 1505 3610 1560; x_wconf 62' lang='lat' dir='ltr'>missas</span> 
     </span>
    </p>
   </div>
   <div class='ocr_carea' id='block_1_38' title="bbox 1958 1567 3607 1647">
    <p class='ocr_par' dir='ltr' id='par_1_38' title="bbox 1958 1567 3607 1647">
     <span class='ocr_line' id='line_1_38' title="bbox 1958 1567 3607 1647; baseline 0.005 -26"><span class='ocrx_word' id='word_1_278' title='bbox 1958 1568 2031 1647; x_wconf 81' lang='lat' dir='ltr'>ad</span> <span class='ocrx_word' id='word_1_279' title='bbox 2059 1567 2460 1647; x_wconf 80' lang='lat' dir='ltr'>defunctorum</span> <span class='ocrx_word' id='word_1_280' title='bbox 2487 1567 3123 1647; x_wconf 64' lang='lat' dir='ltr'>cornmomerationem.</span> <span class='ocrx_word' id='word_1_281' title='bbox 3149 1575 3316 1647; x_wconf 76' lang='lat' dir='ltr'>Locus</span> <span class='ocrx_word' id='word_1_282' title='bbox 3334 1576 3505 1647; x_wconf 84' lang='lat' dir='ltr'>igitur</span> <span class='ocrx_word' id='word_1_283' title='bbox 3524 1577 3607 1630; x_wconf 87' lang='lat' dir='ltr'>lu-</span> 
     </span>
    </p>
   </div>
   <div class='ocr_carea' id='block_1_39' title="bbox 1957 1639 3609 1712">
    <p class='ocr_par' dir='ltr' id='par_1_39' title="bbox 1957 1639 3609 1712">
     <span class='ocr_line' id='line_1_39' title="bbox 1957 1639 3609 1712; baseline 0.006 -21"><span class='ocrx_word' id='word_1_284' title='bbox 1957 1639 2037 1692; x_wconf 83' lang='lat' dir='ltr'>cis</span> <span class='ocrx_word' id='word_1_285' title='bbox 2056 1639 2224 1710; x_wconf 85' lang='lat' dir='ltr'>juxta</span> <span class='ocrx_word' id='word_1_286' title='bbox 2250 1640 2526 1706; x_wconf 87' lang='lat' dir='ltr'>Nicetam,</span> <span class='ocrx_word' id='word_1_287' title='bbox 2552 1641 2608 1694; x_wconf 91' lang='lat' dir='ltr'>in</span> <span class='ocrx_word' id='word_1_288' title='bbox 2630 1643 3041 1712; x_wconf 89' lang='lat' dir='ltr'>quojustorum</span> <span class='ocrx_word' id='word_1_289' title='bbox 3074 1645 3282 1701; x_wconf 64' lang='lat' dir='ltr'>animae</span> <span class='ocrx_word' id='word_1_290' title='bbox 3319 1639 3609 1702; x_wconf 58' lang='lat' dir='ltr'>raservan-</span> 
     </span>
    </p>
   </div>
   <div class='ocr_carea' id='block_1_40' title="bbox 1958 1713 3605 1790">
    <p class='ocr_par' dir='ltr' id='par_1_40' title="bbox 1958 1713 3605 1790">
     <span class='ocr_line' id='line_1_40' title="bbox 1958 1713 3605 1790; baseline 0.008 -29"><span class='ocrx_word' id='word_1_291' title='bbox 1958 1713 2052 1790; x_wconf 79' lang='lat' dir='ltr'>tur</span> <span class='ocrx_word' id='word_1_292' title='bbox 2076 1714 2204 1790; x_wconf 84' lang='lat' dir='ltr'>post</span> <span class='ocrx_word' id='word_1_293' title='bbox 2219 1727 2510 1790; x_wconf 79' lang='lat' dir='ltr'>excessum</span> <span class='ocrx_word' id='word_1_294' title='bbox 2536 1728 2567 1765; x_wconf 88' lang='lat' dir='ltr'>a</span> <span class='ocrx_word' id='word_1_295' title='bbox 2588 1715 2912 1790; x_wconf 73' lang='lat' dir='ltr'>corporead</span> <span class='ocrx_word' id='word_1_296' title='bbox 2934 1715 3084 1769; x_wconf 92' lang='lat' dir='ltr'>diem</span> <span class='ocrx_word' id='word_1_297' title='bbox 3103 1733 3277 1790; x_wconf 86' lang='lat' dir='ltr'>usque</span> <span class='ocrx_word' id='word_1_298' title='bbox 3320 1735 3605 1774; x_wconf 91' lang='lat' dir='ltr'>resurrec-</span> 
     </span>
    </p>
   </div>
   <div class='ocr_carea' id='block_1_41' title="bbox 196 1776 3605 1905">
    <p class='ocr_par' dir='ltr' id='par_1_41' title="bbox 196 1776 3605 1905">
     <span class='ocr_line' id='line_1_41' title="bbox 196 1776 3605 1905; baseline 0.004 -74"><span class='ocrx_word' id='word_1_299' title='bbox 196 1778 325 1847; x_wconf 89' lang='lat' dir='ltr'>lpsa</span> <span class='ocrx_word' id='word_1_300' title='bbox 358 1776 594 1831; x_wconf 49' lang='lat' dir='ltr'>mentio&#39;</span> <span class='ocrx_word' id='word_1_301' title='bbox 620 1777 718 1831; x_wconf 75' lang='lat' dir='ltr'>loci</span> <span class='ocrx_word' id='word_1_302' title='bbox 742 1776 1071 1830; x_wconf 87' lang='lat' dir='ltr'>animarum</span> <span class='ocrx_word' id='word_1_303' title='bbox 1094 1779 1389 1849; x_wconf 86' lang='lat' dir='ltr'>justarum</span> <span class='ocrx_word' id='word_1_304' title='bbox 1417 1794 1450 1831; x_wconf 90' lang='lat' dir='ltr'>a</span> <span class='ocrx_word' id='word_1_305' title='bbox 1488 1776 1726 1859; x_wconf 84' lang='lat' dir='ltr'>corpore</span> <span class='ocrx_word' id='word_1_306' title='bbox 1756 1796 1847 1834; x_wconf 89' lang='lat' dir='ltr'>se-</span> <span class='ocrx_word' id='word_1_307' title='bbox 1882 1787 1927 1844; x_wconf 89' lang='grc' dir='ltr'>Β</span> <span class='ocrx_word' id='word_1_308' title='bbox 1957 1776 2130 1835; x_wconf 80' lang='lat' dir='ltr'>tionis</span> <span class='ocrx_word' id='word_1_309' title='bbox 2155 1786 2325 1905; x_wconf 79' lang='lat' dir='ltr'>atque</span> <span class='ocrx_word' id='word_1_310' title='bbox 2348 1776 2929 1857; x_wconf 46' lang='lat' dir='ltr'>universalis-judicii,</span> <span class='ocrx_word' id='word_1_311' title='bbox 2963 1803 3076 1839; x_wconf 90' lang='lat' dir='ltr'>non</span> <span class='ocrx_word' id='word_1_312' title='bbox 3106 1776 3349 1842; x_wconf 45' lang='lat' dir='ltr'>est-locus</span> <span class='ocrx_word' id='word_1_313' title='bbox 3370 1790 3605 1858; x_wconf 91' lang='lat' dir='ltr'>quidam</span> 
     </span>
     <span class='ocr_line' id='line_1_42' title="bbox 196 1848 3605 1905; baseline 0 0"><span class='ocrx_word' id='word_1_314' title='bbox 196 1852 552 1905; x_wconf 87' lang='lat' dir='ltr'>iunctarum.</span> <span class='ocrx_word' id='word_1_315' title='bbox 595 1848 692 1905; x_wconf 84' lang='lat' dir='ltr'>qui</span> <span class='ocrx_word' id='word_1_316' title='bbox 742 1864 857 1902; x_wconf 91' lang='lat' dir='ltr'>non</span> <span class='ocrx_word' id='word_1_317' title='bbox 886 1848 1036 1902; x_wconf 90' lang='lat' dir='ltr'>alius</span> <span class='ocrx_word' id='word_1_318' title='bbox 1066 1865 1099 1902; x_wconf 91' lang='lat' dir='ltr'>a</span> <span class='ocrx_word' id='word_1_319' title='bbox 1129 1849 1327 1903; x_wconf 87' lang='lat' dir='ltr'>Niceta</span> <span class='ocrx_word' id='word_1_320' title='bbox 1366 1849 1605 1905; x_wconf 69' lang='lat' dir='ltr'>intelligi</span> <span class='ocrx_word' id='word_1_321' title='bbox 1640 1851 1846 1905; x_wconf 87' lang='lat' dir='ltr'>notuit.</span> <span class='ocrx_word' id='word_1_322' title='bbox 1957 1869 1992 1905; x_wconf 94' lang='lat' dir='ltr'>a</span> <span class='ocrx_word' id='word_1_323' title='bbox 2015 1852 2160 1905; x_wconf 86' lang='lat' dir='ltr'>felici</span> <span class='ocrx_word' id='word_1_324' title='bbox 2194 1852 2229 1905; x_wconf 92' lang='lat' dir='ltr'>il</span> <span class='ocrx_word' id='word_1_325' title='bbox 2260 1852 2574 1905; x_wconf 82' lang='lat' dir='ltr'>abeatitate</span> <span class='ocrx_word' id='word_1_326' title='bbox 2601 1856 2876 1905; x_wconf 85' lang='lat' dir='ltr'>diversus.</span> <span class='ocrx_word' id='word_1_327' title='bbox 2905 1858 3328 1905; x_wconf 66' lang='lat' dir='ltr'>animiiistnrnm</span> <span class='ocrx_word' id='word_1_328' title='bbox 3349 1865 3433 1905; x_wconf 71' lang='grc' dir='ltr'>ρςί.</span> <span class='ocrx_word' id='word_1_329' title='bbox 3456 1876 3605 1905; x_wconf 66' lang='lat' dir='ltr'>mer-</span> 
     </span>
    </p>
   </div>
   <div class='ocr_carea' id='block_1_42' title="bbox 187 1848 1846 1920">
    <p class='ocr_par' dir='ltr' id='par_1_42' title="bbox 187 1848 1846 1920">
     <span class='ocr_line' id='line_1_43' title="bbox 187 1848 1846 1920; baseline 0.001 -18"><span class='ocrx_word' id='word_1_330' title='bbox 187 1852 552 1920; x_wconf 84' lang='lat' dir='ltr'>junctarum,</span> <span class='ocrx_word' id='word_1_331' title='bbox 595 1848 692 1917; x_wconf 92' lang='lat' dir='ltr'>qui</span> <span class='ocrx_word' id='word_1_332' title='bbox 742 1864 857 1902; x_wconf 91' lang='lat' dir='ltr'>non</span> <span class='ocrx_word' id='word_1_333' title='bbox 881 1848 1036 1920; x_wconf 88' lang='lat' dir='ltr'>alius</span> <span class='ocrx_word' id='word_1_334' title='bbox 1066 1848 1327 1903; x_wconf 28' lang='lat' dir='ltr'>a’Niceta</span> <span class='ocrx_word' id='word_1_335' title='bbox 1366 1848 1605 1919; x_wconf 82' lang='lat' dir='ltr'>intelligi</span> <span class='ocrx_word' id='word_1_336' title='bbox 1637 1851 1846 1919; x_wconf 90' lang='lat' dir='ltr'>potuit,</span> 
     </span>
    </p>
   </div>
   <div class='ocr_carea' id='block_1_43' title="bbox 193 1919 1848 1990">
    <p class='ocr_par' dir='ltr' id='par_1_43' title="bbox 193 1919 1848 1990">
     <span class='ocr_line' id='line_1_44' title="bbox 193 1919 1848 1990; baseline 0.002 -17"><span class='ocrx_word' id='word_1_337' title='bbox 193 1919 375 1990; x_wconf 87' lang='lat' dir='ltr'>quam</span> <span class='ocrx_word' id='word_1_338' title='bbox 398 1919 514 1981; x_wconf 88' lang='lat' dir='ltr'>ille,</span> <span class='ocrx_word' id='word_1_339' title='bbox 533 1936 706 1988; x_wconf 90' lang='lat' dir='ltr'>quem</span> <span class='ocrx_word' id='word_1_340' title='bbox 726 1919 1005 1973; x_wconf 87' lang='lat' dir='ltr'>Dominus</span> <span class='ocrx_word' id='word_1_341' title='bbox 1020 1936 1078 1973; x_wconf 91' lang='lat' dir='ltr'>se</span> <span class='ocrx_word' id='word_1_342' title='bbox 1098 1919 1370 1989; x_wconf 88' lang='lat' dir='ltr'>apostolis</span> <span class='ocrx_word' id='word_1_343' title='bbox 1388 1922 1449 1976; x_wconf 82' lang='lat' dir='ltr'>in</span> <span class='ocrx_word' id='word_1_344' title='bbox 1463 1921 1622 1976; x_wconf 88' lang='lat' dir='ltr'>domo</span> <span class='ocrx_word' id='word_1_345' title='bbox 1650 1925 1848 1977; x_wconf 74' lang='lat' dir='ltr'>Patris</span> 
     </span>
    </p>
   </div>
   <div class='ocr_carea' id='block_1_44' title="bbox 193 1990 1850 2063">
    <p class='ocr_par' dir='ltr' id='par_1_44' title="bbox 193 1990 1850 2063">
     <span class='ocr_line' id='line_1_45' title="bbox 193 1990 1850 2063; baseline 0.003 -19"><span class='ocrx_word' id='word_1_346' title='bbox 193 1991 280 2045; x_wconf 87' lang='lat' dir='ltr'>sui</span> <span class='ocrx_word' id='word_1_347' title='bbox 314 1996 651 2063; x_wconf 89' lang='lat' dir='ltr'>paraturum</span> <span class='ocrx_word' id='word_1_348' title='bbox 672 1990 1013 2063; x_wconf 13' lang='lat' dir='ltr'>sp0ponditr;</span> <span class='ocrx_word' id='word_1_349' title='bbox 1039 1990 1181 2063; x_wconf 87' lang='lat' dir='ltr'>ipsa,</span> <span class='ocrx_word' id='word_1_350' title='bbox 1211 1992 1466 2061; x_wconf 90' lang='lat' dir='ltr'>inquam,</span> <span class='ocrx_word' id='word_1_351' title='bbox 1516 1992 1689 2063; x_wconf 84' lang='lat' dir='ltr'>hujus</span> <span class='ocrx_word' id='word_1_352' title='bbox 1740 1994 1850 2049; x_wconf 80' lang='lat' dir='ltr'>loci</span> 
     </span>
    </p>
   </div>
   <div class='ocr_carea' id='block_1_45' title="bbox 193 2061 1846 2132">
    <p class='ocr_par' dir='ltr' id='par_1_45' title="bbox 193 2061 1846 2132">
     <span class='ocr_line' id='line_1_46' title="bbox 193 2061 1846 2132; baseline 0.002 -17"><span class='ocrx_word' id='word_1_353' title='bbox 193 2062 418 2116; x_wconf 89' lang='lat' dir='ltr'>mentio</span> <span class='ocrx_word' id='word_1_354' title='bbox 448 2061 646 2116; x_wconf 87' lang='lat' dir='ltr'>statim</span> <span class='ocrx_word' id='word_1_355' title='bbox 668 2061 875 2132; x_wconf 79' lang='lat' dir='ltr'>ingerit</span> <span class='ocrx_word' id='word_1_356' title='bbox 904 2062 1100 2115; x_wconf 91' lang='lat' dir='ltr'>animo</span> <span class='ocrx_word' id='word_1_357' title='bbox 1132 2062 1575 2117; x_wconf 89' lang='lat' dir='ltr'>inenarrabilem</span> <span class='ocrx_word' id='word_1_358' title='bbox 1598 2061 1765 2118; x_wconf 81' lang='lat' dir='ltr'>illam</span> <span class='ocrx_word' id='word_1_359' title='bbox 1789 2064 1846 2118; x_wconf 93' lang='lat' dir='ltr'>in</span> 
     </span>
    </p>
   </div>
   <div class='ocr_carea' id='block_1_46' title="bbox 190 2131 1841 2203">
    <p class='ocr_par' dir='ltr' id='par_1_46' title="bbox 190 2131 1841 2203">
     <span class='ocr_line' id='line_1_47' title="bbox 190 2131 1841 2203; baseline 0.001 -15"><span class='ocrx_word' id='word_1_360' title='bbox 190 2133 355 2188; x_wconf 60' lang='lat' dir='ltr'>caelis</span> <span class='ocrx_word' id='word_1_361' title='bbox 379 2150 508 2187; x_wconf 90' lang='lat' dir='ltr'>cum</span> <span class='ocrx_word' id='word_1_362' title='bbox 531 2131 753 2188; x_wconf 79' lang='lat' dir='ltr'>Christo</span> <span class='ocrx_word' id='word_1_363' title='bbox 786 2131 1119 2187; x_wconf 89' lang='lat' dir='ltr'>beatitatem</span> <span class='ocrx_word' id='word_1_364' title='bbox 1148 2136 1301 2203; x_wconf 90' lang='lat' dir='ltr'>apud</span> <span class='ocrx_word' id='word_1_365' title='bbox 1322 2133 1502 2188; x_wconf 91' lang='lat' dir='ltr'>Deum</span> <span class='ocrx_word' id='word_1_366' title='bbox 1520 2140 1577 2188; x_wconf 90' lang='lat' dir='ltr'>et</span> <span class='ocrx_word' id='word_1_367' title='bbox 1596 2135 1841 2202; x_wconf 87' lang='lat' dir='ltr'>Patrem,</span> 
     </span>
    </p>
   </div>
   <div class='ocr_carea' id='block_1_47' title="bbox 188 2203 1847 2276">
    <p class='ocr_par' dir='ltr' id='par_1_47' title="bbox 188 2203 1847 2276">
     <span class='ocr_line' id='line_1_48' title="bbox 188 2203 1847 2276; baseline 0.002 -18"><span class='ocrx_word' id='word_1_368' title='bbox 188 2220 309 2275; x_wconf 90' lang='lat' dir='ltr'>qua</span> <span class='ocrx_word' id='word_1_369' title='bbox 343 2204 532 2259; x_wconf 84' lang='lat' dir='ltr'>felices</span> <span class='ocrx_word' id='word_1_370' title='bbox 561 2204 677 2258; x_wconf 60' lang='lat' dir='ltr'>illa;</span> <span class='ocrx_word' id='word_1_371' title='bbox 706 2204 919 2259; x_wconf 68' lang='lat' dir='ltr'>animas</span> <span class='ocrx_word' id='word_1_372' title='bbox 947 2203 1161 2276; x_wconf 87' lang='lat' dir='ltr'>perfrui</span> <span class='ocrx_word' id='word_1_373' title='bbox 1192 2206 1401 2259; x_wconf 88' lang='lat' dir='ltr'>debent</span> <span class='ocrx_word' id='word_1_374' title='bbox 1428 2205 1601 2259; x_wconf 92' lang='lat' dir='ltr'>simul</span> <span class='ocrx_word' id='word_1_375' title='bbox 1620 2212 1793 2276; x_wconf 91' lang='lat' dir='ltr'>atque</span> <span class='ocrx_word' id='word_1_376' title='bbox 1814 2223 1847 2261; x_wconf 91' lang='lat' dir='ltr'>a</span> 
     </span>
    </p>
   </div>
   <div class='ocr_carea' id='block_1_48' title="bbox 190 2275 1843 2357">
    <p class='ocr_par' dir='ltr' id='par_1_48' title="bbox 190 2275 1843 2357">
     <span class='ocr_line' id='line_1_49' title="bbox 190 2275 1843 2357; baseline 0.002 -28"><span class='ocrx_word' id='word_1_377' title='bbox 190 2292 435 2356; x_wconf 81' lang='lat' dir='ltr'>corpore</span> <span class='ocrx_word' id='word_1_378' title='bbox 464 2281 805 2357; x_wconf 70' lang='lat' dir='ltr'>separantur</span> <span class='ocrx_word' id='word_1_379' title='bbox 831 2291 845 2340; x_wconf 92' lang='lat'><strong>;</strong></span> <span class='ocrx_word' id='word_1_380' title='bbox 880 2276 1065 2357; x_wconf 79' lang='lat' dir='ltr'>_m_odo_</span> <span class='ocrx_word' id='word_1_381' title='bbox 1082 2275 1223 2357; x_wconf 76' lang='lat' dir='ltr'>nihil</span> <span class='ocrx_word' id='word_1_382' title='bbox 1251 2276 1529 2357; x_wconf 60' lang='lat' dir='ltr'>luendum</span> <span class='ocrx_word' id='word_1_383' title='bbox 1563 2275 1843 2357; x_wconf 78' lang='lat' dir='ltr'>supersit;</span> 
     </span>
    </p>
   </div>
   <div class='ocr_carea' id='block_1_49' title="bbox 190 2346 1843 2417">
    <p class='ocr_par' dir='ltr' id='par_1_49' title="bbox 190 2346 1843 2417">
     <span class='ocr_line' id='line_1_50' title="bbox 190 2346 1843 2417; baseline 0.002 -17"><span class='ocrx_word' id='word_1_384' title='bbox 190 2363 313 2401; x_wconf 89' lang='lat' dir='ltr'>non</span> <span class='ocrx_word' id='word_1_385' title='bbox 328 2347 481 2401; x_wconf 90' lang='lat' dir='ltr'>enim</span> <span class='ocrx_word' id='word_1_386' title='bbox 494 2346 750 2401; x_wconf 76' lang='lat' dir='ltr'>Nicetam</span> <span class='ocrx_word' id='word_1_387' title='bbox 779 2346 1305 2417; x_wconf 86' lang='lat' dir='ltr'>fugiebantreliqua</span> <span class='ocrx_word' id='word_1_388' title='bbox 1330 2347 1532 2402; x_wconf 88' lang='lat' dir='ltr'>Christi</span> <span class='ocrx_word' id='word_1_389' title='bbox 1547 2346 1719 2403; x_wconf 86' lang='lat' dir='ltr'>verba</span> <span class='ocrx_word' id='word_1_390' title='bbox 1749 2364 1843 2403; x_wconf 90' lang='lat' dir='ltr'>eo-</span> 
     </span>
    </p>
   </div>
   <div class='ocr_carea' id='block_1_50' title="bbox 190 2417 1846 2488">
    <p class='ocr_par' dir='ltr' id='par_1_50' title="bbox 190 2417 1846 2488">
     <span class='ocr_line' id='line_1_51' title="bbox 190 2417 1846 2488; baseline 0.002 -17"><span class='ocrx_word' id='word_1_391' title='bbox 190 2418 325 2472; x_wconf 85' lang='lat' dir='ltr'>dem</span> <span class='ocrx_word' id='word_1_392' title='bbox 358 2418 642 2472; x_wconf 84' lang='lat' dir='ltr'>sermonis</span> <span class='ocrx_word' id='word_1_393' title='bbox 670 2422 936 2472; x_wconf 90' lang='lat' dir='ltr'>contextu</span> <span class='ocrx_word' id='word_1_394' title='bbox 960 2417 1230 2473; x_wconf 86' lang='lat' dir='ltr'>dicentis:</span> <span class='ocrx_word' id='word_1_395' title='bbox 1253 2419 1326 2472; x_wconf 92' lang='lat' dir='ltr'>Et</span> <span class='ocrx_word' id='word_1_396' title='bbox 1355 2423 1405 2473; x_wconf 80' lang='lat' dir='ltr'>si</span> <span class='ocrx_word' id='word_1_397' title='bbox 1419 2419 1620 2482; x_wconf 81' lang='lat' dir='ltr'>abiero,</span> <span class='ocrx_word' id='word_1_398' title='bbox 1640 2428 1688 2474; x_wconf 80' lang='lat' dir='ltr'>et</span> <span class='ocrx_word' id='word_1_399' title='bbox 1700 2438 1846 2488; x_wconf 66' lang='lat' dir='ltr'>prae-</span> 
     </span>
    </p>
   </div>
   <div class='ocr_carea' id='block_1_51' title="bbox 186 2489 1845 2560">
    <p class='ocr_par' dir='ltr' id='par_1_51' title="bbox 186 2489 1845 2560">
     <span class='ocr_line' id='line_1_52' title="bbox 186 2489 1845 2560; baseline 0.002 -17"><span class='ocrx_word' id='word_1_400' title='bbox 186 2505 469 2560; x_wconf 82' lang='lat' dir='ltr'>paravero</span> <span class='ocrx_word' id='word_1_401' title='bbox 496 2489 657 2560; x_wconf 8' lang='lat' dir='ltr'>vobis?</span> <span class='ocrx_word' id='word_1_402' title='bbox 677 2490 844 2542; x_wconf 84' lang='lat' dir='ltr'>locum</span> <span class='ocrx_word' id='word_1_403' title='bbox 869 2512 879 2541; x_wconf 88' lang='lat'><strong>:</strong></span> <span class='ocrx_word' id='word_1_404' title='bbox 912 2492 1111 2543; x_wconf 87' lang='lat' dir='ltr'>iterum</span> <span class='ocrx_word' id='word_1_405' title='bbox 1125 2493 1294 2555; x_wconf 77' lang='lat' dir='ltr'>venio,</span> <span class='ocrx_word' id='word_1_406' title='bbox 1314 2496 1360 2543; x_wconf 74' lang='lat' dir='ltr'>et</span> <span class='ocrx_word' id='word_1_407' title='bbox 1380 2495 1637 2559; x_wconf 77' lang='lat' dir='ltr'>accipiam</span> <span class='ocrx_word' id='word_1_408' title='bbox 1660 2506 1747 2547; x_wconf 88' lang='lat' dir='ltr'>vos</span> <span class='ocrx_word' id='word_1_409' title='bbox 1775 2492 1845 2546; x_wconf 91' lang='lat' dir='ltr'>ad</span> 
     </span>
    </p>
   </div>
   <div class='ocr_carea' id='block_1_52' title="bbox 190 2559 1835 2631">
    <p class='ocr_par' dir='ltr' id='par_1_52' title="bbox 190 2559 1835 2631">
     <span class='ocr_line' id='line_1_53' title="bbox 190 2559 1835 2631; baseline 0.001 -17"><span class='ocrx_word' id='word_1_410' title='bbox 190 2559 479 2631; x_wconf 67' lang='lat' dir='ltr'>ineipsum,</span> <span class='ocrx_word' id='word_1_411' title='bbox 504 2568 573 2631; x_wconf 80' lang='lat' dir='ltr'>ut</span> <span class='ocrx_word' id='word_1_412' title='bbox 604 2559 700 2613; x_wconf 84' lang='lat' dir='ltr'>ubi</span> <span class='ocrx_word' id='word_1_413' title='bbox 720 2577 835 2613; x_wconf 86' lang='lat' dir='ltr'>sum</span> <span class='ocrx_word' id='word_1_414' title='bbox 865 2576 989 2629; x_wconf 84' lang='lat' dir='ltr'>ego,</span> <span class='ocrx_word' id='word_1_415' title='bbox 1021 2568 1068 2615; x_wconf 79' lang='lat' dir='ltr'>et</span> <span class='ocrx_word' id='word_1_416' title='bbox 1095 2577 1181 2613; x_wconf 86' lang='lat' dir='ltr'>vos</span> <span class='ocrx_word' id='word_1_417' title='bbox 1205 2562 1364 2615; x_wconf 82' lang='lat' dir='ltr'>sitis:</span> <span class='ocrx_word' id='word_1_418' title='bbox 1386 2578 1513 2631; x_wconf 66' lang='lat' dir='ltr'>quae</span> <span class='ocrx_word' id='word_1_419' title='bbox 1545 2562 1735 2625; x_wconf 89' lang='lat' dir='ltr'>verba,</span> <span class='ocrx_word' id='word_1_420' title='bbox 1760 2568 1835 2616; x_wconf 89' lang='lat' dir='ltr'>ut-</span> 
     </span>
    </p>
   </div>
   <div class='ocr_carea' id='block_1_53' title="bbox 190 2629 1841 2703">
    <p class='ocr_par' dir='ltr' id='par_1_53' title="bbox 190 2629 1841 2703">
     <span class='ocr_line' id='line_1_54' title="bbox 190 2629 1841 2703; baseline 0.001 -18"><span class='ocrx_word' id='word_1_421' title='bbox 190 2629 325 2703; x_wconf 82' lang='lat' dir='ltr'>pote</span> <span class='ocrx_word' id='word_1_422' title='bbox 354 2629 661 2685; x_wconf 86' lang='lat' dir='ltr'>manifeste</span> <span class='ocrx_word' id='word_1_423' title='bbox 690 2631 843 2685; x_wconf 90' lang='lat' dir='ltr'>dicta</span> <span class='ocrx_word' id='word_1_424' title='bbox 868 2637 938 2685; x_wconf 87' lang='lat' dir='ltr'>de</span> <span class='ocrx_word' id='word_1_425' title='bbox 967 2631 1171 2703; x_wconf 87' lang='lat' dir='ltr'>Christi</span> <span class='ocrx_word' id='word_1_426' title='bbox 1196 2629 1453 2703; x_wconf 81' lang='lat' dir='ltr'>adventu</span> <span class='ocrx_word' id='word_1_427' title='bbox 1485 2635 1556 2686; x_wconf 89' lang='lat' dir='ltr'>ad</span> <span class='ocrx_word' id='word_1_428' title='bbox 1596 2639 1841 2688; x_wconf 90' lang='lat' dir='ltr'>mortem</span> 
     </span>
    </p>
   </div>
   <div class='ocr_carea' id='block_1_54' title="bbox 190 2702 1841 2772">
    <p class='ocr_par' dir='ltr' id='par_1_54' title="bbox 190 2702 1841 2772">
     <span class='ocr_line' id='line_1_55' title="bbox 190 2702 1841 2772; baseline 0.001 -16"><span class='ocrx_word' id='word_1_429' title='bbox 190 2702 365 2756; x_wconf 86' lang='lat' dir='ltr'>unius</span> <span class='ocrx_word' id='word_1_430' title='bbox 381 2702 658 2772; x_wconf 81' lang='lat' dir='ltr'>cujusque</span> <span class='ocrx_word' id='word_1_431' title='bbox 684 2718 752 2757; x_wconf 84' lang='lat' dir='ltr'>ex</span> <span class='ocrx_word' id='word_1_432' title='bbox 767 2703 918 2756; x_wconf 90' lang='lat' dir='ltr'>illius</span> <span class='ocrx_word' id='word_1_433' title='bbox 947 2702 1257 2771; x_wconf 88' lang='lat' dir='ltr'>discipulis,</span> <span class='ocrx_word' id='word_1_434' title='bbox 1292 2719 1358 2756; x_wconf 90' lang='lat' dir='ltr'>ac</span> <span class='ocrx_word' id='word_1_435' title='bbox 1388 2704 1457 2757; x_wconf 92' lang='lat' dir='ltr'>de</span> <span class='ocrx_word' id='word_1_436' title='bbox 1481 2719 1680 2758; x_wconf 87' lang='lat' dir='ltr'>eorum</span> <span class='ocrx_word' id='word_1_437' title='bbox 1712 2721 1841 2758; x_wconf 90' lang='lat' dir='ltr'>cum</span> 
     </span>
    </p>
   </div>
   <div class='ocr_carea' id='block_1_55' title="bbox 190 2772 1842 2843">
    <p class='ocr_par' dir='ltr' id='par_1_55' title="bbox 190 2772 1842 2843">
     <span class='ocr_line' id='line_1_56' title="bbox 190 2772 1842 2843; baseline 0.001 -16"><span class='ocrx_word' id='word_1_438' title='bbox 190 2773 326 2843; x_wconf 78' lang='lat' dir='ltr'>ipso</span> <span class='ocrx_word' id='word_1_439' title='bbox 354 2778 489 2826; x_wconf 91' lang='lat' dir='ltr'>tunc</span> <span class='ocrx_word' id='word_1_440' title='bbox 519 2772 774 2827; x_wconf 90' lang='lat' dir='ltr'>ineunda</span> <span class='ocrx_word' id='word_1_441' title='bbox 788 2773 1364 2843; x_wconf 87' lang='lat' dir='ltr'>perpetuasocietate,</span> <span class='ocrx_word' id='word_1_442' title='bbox 1396 2790 1616 2828; x_wconf 91' lang='lat' dir='ltr'>necnon</span> <span class='ocrx_word' id='word_1_443' title='bbox 1631 2780 1685 2829; x_wconf 89' lang='lat' dir='ltr'>et</span> <span class='ocrx_word' id='word_1_444' title='bbox 1712 2791 1842 2829; x_wconf 91' lang='lat' dir='ltr'>cum</span> 
     </span>
    </p>
   </div>
   <div class='ocr_carea' id='block_1_56' title="bbox 188 2843 1838 2914">
    <p class='ocr_par' dir='ltr' id='par_1_56' title="bbox 188 2843 1838 2914">
     <span class='ocr_line' id='line_1_57' title="bbox 188 2843 1838 2914; baseline 0.001 -16"><span class='ocrx_word' id='word_1_445' title='bbox 188 2845 316 2914; x_wconf 90' lang='lat' dir='ltr'>ipso</span> <span class='ocrx_word' id='word_1_446' title='bbox 332 2844 733 2899; x_wconf 81' lang='lat' dir='ltr'>mansioneubi</span> <span class='ocrx_word' id='word_1_447' title='bbox 753 2845 964 2908; x_wconf 78' lang='lat' dir='ltr'>illeest,</span> <span class='ocrx_word' id='word_1_448' title='bbox 987 2845 1201 2898; x_wconf 90' lang='lat' dir='ltr'>scilicet</span> <span class='ocrx_word' id='word_1_449' title='bbox 1231 2843 1286 2897; x_wconf 91' lang='lat' dir='ltr'>in</span> <span class='ocrx_word' id='word_1_450' title='bbox 1304 2845 1489 2914; x_wconf 83' lang='lat' dir='ltr'>gloria</span> <span class='ocrx_word' id='word_1_451' title='bbox 1504 2846 1601 2899; x_wconf 86' lang='lat' dir='ltr'>Dei</span> <span class='ocrx_word' id='word_1_452' title='bbox 1634 2847 1838 2911; x_wconf 84' lang='lat' dir='ltr'>Patris,</span> 
     </span>
    </p>
   </div>
   <div class='ocr_carea' id='block_1_57' title="bbox 188 2915 1839 2986">
    <p class='ocr_par' dir='ltr' id='par_1_57' title="bbox 188 2915 1839 2986">
     <span class='ocr_line' id='line_1_58' title="bbox 188 2915 1839 2986; baseline 0.001 -16"><span class='ocrx_word' id='word_1_453' title='bbox 188 2916 290 2986; x_wconf 91' lang='lat' dir='ltr'>qui</span> <span class='ocrx_word' id='word_1_454' title='bbox 324 2920 413 2969; x_wconf 88' lang='lat' dir='ltr'>est</span> <span class='ocrx_word' id='word_1_455' title='bbox 439 2917 545 2970; x_wconf 72' lang='lat' dir='ltr'>lux</span> <span class='ocrx_word' id='word_1_456' title='bbox 570 2930 727 2980; x_wconf 85' lang='lat' dir='ltr'>vera,</span> <span class='ocrx_word' id='word_1_457' title='bbox 748 2920 805 2969; x_wconf 90' lang='lat' dir='ltr'>et</span> <span class='ocrx_word' id='word_1_458' title='bbox 837 2918 1017 2970; x_wconf 84' lang='lat' dir='ltr'>lucem</span> <span class='ocrx_word' id='word_1_459' title='bbox 1046 2915 1343 2971; x_wconf 82' lang='lat' dir='ltr'>inhabitat</span> <span class='ocrx_word' id='word_1_460' title='bbox 1371 2916 1839 2982; x_wconf 80' lang='lat' dir='ltr'>inacccssibilem;</span> 
     </span>
    </p>
   </div>
   <div class='ocr_carea' id='block_1_58' title="bbox 190 2986 1842 3058">
    <p class='ocr_par' dir='ltr' id='par_1_58' title="bbox 190 2986 1842 3058">
     <span class='ocr_line' id='line_1_59' title="bbox 190 2986 1842 3058; baseline 0 -17"><span class='ocrx_word' id='word_1_461' title='bbox 190 3003 309 3041; x_wconf 93' lang='lat' dir='ltr'>non</span> <span class='ocrx_word' id='word_1_462' title='bbox 334 2986 512 3040; x_wconf 88' lang='lat' dir='ltr'>aliam</span> <span class='ocrx_word' id='word_1_463' title='bbox 536 2987 731 3040; x_wconf 88' lang='lat' dir='ltr'>animo</span> <span class='ocrx_word' id='word_1_464' title='bbox 752 2986 1011 3056; x_wconf 80' lang='lat' dir='ltr'>ingerere</span> <span class='ocrx_word' id='word_1_465' title='bbox 1027 2991 1263 3058; x_wconf 88' lang='lat' dir='ltr'>possunt</span> <span class='ocrx_word' id='word_1_466' title='bbox 1293 2988 1842 3058; x_wconf 86' lang='lat' dir='ltr'>sententiam,quam</span> 
     </span>
    </p>
   </div>
   <div class='ocr_carea' id='block_1_59' title="bbox 190 3057 1845 3128">
    <p class='ocr_par' dir='ltr' id='par_1_59' title="bbox 190 3057 1845 3128">
     <span class='ocr_line' id='line_1_60' title="bbox 190 3057 1845 3128; baseline 0.001 -16"><span class='ocrx_word' id='word_1_467' title='bbox 190 3065 429 3113; x_wconf 67' lang='lat' dir='ltr'>aeternas</span> <span class='ocrx_word' id='word_1_468' title='bbox 453 3074 583 3111; x_wconf 85' lang='lat' dir='ltr'>cuin</span> <span class='ocrx_word' id='word_1_469' title='bbox 623 3057 843 3111; x_wconf 90' lang='lat' dir='ltr'>Christo</span> <span class='ocrx_word' id='word_1_470' title='bbox 868 3057 1157 3111; x_wconf 88' lang='lat' dir='ltr'>beatitatis</span> <span class='ocrx_word' id='word_1_471' title='bbox 1208 3058 1264 3111; x_wconf 91' lang='lat' dir='ltr'>in</span> <span class='ocrx_word' id='word_1_472' title='bbox 1292 3058 1454 3121; x_wconf 68' lang='lat' dir='ltr'>caelo,</span> <span class='ocrx_word' id='word_1_473' title='bbox 1485 3057 1699 3128; x_wconf 84' lang='lat' dir='ltr'>absque</span> <span class='ocrx_word' id='word_1_474' title='bbox 1728 3061 1845 3114; x_wconf 86' lang='lat' dir='ltr'>ulla</span> 
     </span>
    </p>
   </div>
   <div class='ocr_carea' id='block_1_60' title="bbox 188 3129 1845 3209">
    <p class='ocr_par' dir='ltr' id='par_1_60' title="bbox 188 3129 1845 3209">
     <span class='ocr_line' id='line_1_61' title="bbox 188 3129 1845 3209; baseline 0.001 -27"><span class='ocrx_word' id='word_1_475' title='bbox 188 3129 473 3209; x_wconf 67' lang='lat' dir='ltr'>temporis</span> <span class='ocrx_word' id='word_1_476' title='bbox 499 3133 627 3209; x_wconf 72' lang='lat' dir='ltr'>post</span> <span class='ocrx_word' id='word_1_477' title='bbox 646 3129 867 3209; x_wconf 76' lang='lat' dir='ltr'>obitum</span> <span class='ocrx_word' id='word_1_478' title='bbox 897 3129 1191 3209; x_wconf 79' lang='lat' dir='ltr'>dilatione,</span> <span class='ocrx_word' id='word_1_479' title='bbox 1230 3130 1541 3209; x_wconf 41' lang='lat' dir='ltr'>proutnfert</span> <span class='ocrx_word' id='word_1_480' title='bbox 1563 3130 1845 3209; x_wconf 82' lang='lat' dir='ltr'>catholica</span> 
     </span>
    </p>
   </div>
   <div class='ocr_carea' id='block_1_61' title="bbox 189 3200 1844 3271">
    <p class='ocr_par' dir='ltr' id='par_1_61' title="bbox 189 3200 1844 3271">
     <span class='ocr_line' id='line_1_62' title="bbox 189 3200 1844 3271; baseline 0 -16"><span class='ocrx_word' id='word_1_481' title='bbox 189 3200 357 3255; x_wconf 86' lang='lat' dir='ltr'>ﬁdes.</span> <span class='ocrx_word' id='word_1_482' title='bbox 394 3200 472 3253; x_wconf 90' lang='lat' dir='ltr'>En</span> <span class='ocrx_word' id='word_1_483' title='bbox 506 3200 680 3271; x_wconf 86' lang='lat' dir='ltr'>igitur</span> <span class='ocrx_word' id='word_1_484' title='bbox 701 3203 880 3255; x_wconf 87' lang='lat' dir='ltr'>locum</span> <span class='ocrx_word' id='word_1_485' title='bbox 919 3203 1059 3255; x_wconf 70' lang='lat' dir='ltr'>lucis</span> <span class='ocrx_word' id='word_1_486' title='bbox 1089 3200 1149 3253; x_wconf 91' lang='lat' dir='ltr'>in</span> <span class='ocrx_word' id='word_1_487' title='bbox 1189 3201 1435 3254; x_wconf 87' lang='lat' dir='ltr'>naturali</span> <span class='ocrx_word' id='word_1_488' title='bbox 1469 3205 1642 3270; x_wconf 90' lang='lat' dir='ltr'>atque</span> <span class='ocrx_word' id='word_1_489' title='bbox 1678 3201 1844 3255; x_wconf 85' lang='lat' dir='ltr'>obvio</span> 
     </span>
    </p>
   </div>
   <div class='ocr_carea' id='block_1_62' title="bbox 189 3271 1845 3343">
    <p class='ocr_par' dir='ltr' id='par_1_62' title="bbox 189 3271 1845 3343">
     <span class='ocr_line' id='line_1_63' title="bbox 189 3271 1845 3343; baseline 0.002 -18"><span class='ocrx_word' id='word_1_490' title='bbox 189 3288 375 3343; x_wconf 89' lang='lat' dir='ltr'>sensu</span> <span class='ocrx_word' id='word_1_491' title='bbox 393 3271 611 3330; x_wconf 60' lang='lat' dir='ltr'>Niceta:</span> <span class='ocrx_word' id='word_1_492' title='bbox 641 3288 743 3342; x_wconf 93' lang='lat' dir='ltr'>pro</span> <span class='ocrx_word' id='word_1_493' title='bbox 783 3272 1083 3325; x_wconf 89' lang='lat' dir='ltr'>animabus</span> <span class='ocrx_word' id='word_1_494' title='bbox 1106 3272 1397 3343; x_wconf 87' lang='lat' dir='ltr'>justorum</span> <span class='ocrx_word' id='word_1_495' title='bbox 1428 3288 1463 3325; x_wconf 91' lang='lat' dir='ltr'>a</span> <span class='ocrx_word' id='word_1_496' title='bbox 1491 3288 1727 3343; x_wconf 91' lang='lat' dir='ltr'>corpore</span> <span class='ocrx_word' id='word_1_497' title='bbox 1766 3290 1845 3328; x_wconf 79' lang='lat' dir='ltr'>se~</span> 
     </span>
    </p>
   </div>
   <div class='ocr_carea' id='block_1_63' title="bbox 230 3342 434 3397">
    <p class='ocr_par' dir='ltr' id='par_1_63' title="bbox 230 3342 434 3397">
     <span class='ocr_line' id='line_1_64' title="bbox 230 3342 434 3397; baseline -0.01 0"><span class='ocrx_word' id='word_1_498' title='bbox 230 3342 434 3397; x_wconf 88' lang='lat' dir='ltr'>aratis.</span> 
     </span>
    </p>
   </div>
   <div class='ocr_carea' id='block_1_64' title="bbox 190 3360 1845 3483">
    <p class='ocr_par' dir='ltr' id='par_1_64' title="bbox 190 3360 1845 3483">
     <span class='ocr_line' id='line_1_65' title="bbox 190 3360 1845 3483; baseline 0.001 -15"><span class='ocrx_word' id='word_1_499' title='bbox 190 3360 434 3479; x_wconf 45' lang='lat' dir='ltr'>mallii</span> <span class='ocrx_word' id='word_1_500' title='bbox 456 3417 649 3468; x_wconf 90' lang='lat' dir='ltr'>autem</span> <span class='ocrx_word' id='word_1_501' title='bbox 680 3412 831 3467; x_wconf 87' lang='lat' dir='ltr'>hunc</span> <span class='ocrx_word' id='word_1_502' title='bbox 855 3412 1109 3483; x_wconf 88' lang='lat' dir='ltr'>profecto</span> <span class='ocrx_word' id='word_1_503' title='bbox 1140 3428 1369 3467; x_wconf 87' lang='lat' dir='ltr'>sensum</span> <span class='ocrx_word' id='word_1_504' title='bbox 1404 3414 1545 3468; x_wconf 88' lang='lat' dir='ltr'>locus</span> <span class='ocrx_word' id='word_1_505' title='bbox 1564 3416 1715 3479; x_wconf 84' lang='lat' dir='ltr'>lucis,</span> <span class='ocrx_word' id='word_1_506' title='bbox 1746 3414 1845 3470; x_wconf 84' lang='lat' dir='ltr'>ha-</span> 
     </span>
    </p>
   </div>
   <div class='ocr_carea' id='block_1_65' title="bbox 194 3484 1847 3550">
    <p class='ocr_par' dir='ltr' id='par_1_65' title="bbox 194 3484 1847 3550">
     <span class='ocr_line' id='line_1_66' title="bbox 194 3484 1847 3550; baseline 0.001 -11"><span class='ocrx_word' id='word_1_507' title='bbox 194 3485 330 3540; x_wconf 85' lang='lat' dir='ltr'>beat</span> <span class='ocrx_word' id='word_1_508' title='bbox 362 3485 421 3538; x_wconf 92' lang='lat' dir='ltr'>in</span> <span class='ocrx_word' id='word_1_509' title='bbox 445 3500 544 3539; x_wconf 90' lang='lat' dir='ltr'>ore</span> <span class='ocrx_word' id='word_1_510' title='bbox 562 3484 793 3550; x_wconf 74' lang='lat' dir='ltr'>Nicetae,</span> <span class='ocrx_word' id='word_1_511' title='bbox 812 3485 928 3541; x_wconf 87' lang='lat' dir='ltr'>alia</span> <span class='ocrx_word' id='word_1_512' title='bbox 946 3484 1230 3538; x_wconf 88' lang='lat' dir='ltr'>consimili</span> <span class='ocrx_word' id='word_1_513' title='bbox 1253 3486 1428 3539; x_wconf 91' lang='lat' dir='ltr'>modo</span> <span class='ocrx_word' id='word_1_514' title='bbox 1460 3503 1493 3539; x_wconf 92' lang='lat' dir='ltr'>a</span> <span class='ocrx_word' id='word_1_515' title='bbox 1514 3487 1726 3541; x_wconf 89' lang='lat' dir='ltr'>sanctis</span> <span class='ocrx_word' id='word_1_516' title='bbox 1746 3487 1847 3541; x_wconf 87' lang='lat' dir='ltr'>Pa-</span> 
     </span>
    </p>
   </div>
   <div class='ocr_carea' id='block_1_66' title="bbox 193 3555 1849 3626">
    <p class='ocr_par' dir='ltr' id='par_1_66' title="bbox 193 3555 1849 3626">
     <span class='ocr_line' id='line_1_67' title="bbox 193 3555 1849 3626; baseline 0.002 -16"><span class='ocrx_word' id='word_1_517' title='bbox 193 3556 400 3621; x_wconf 82' lang='lat' dir='ltr'>tribus,</span> <span class='ocrx_word' id='word_1_518' title='bbox 428 3556 514 3610; x_wconf 89' lang='lat' dir='ltr'>vel</span> <span class='ocrx_word' id='word_1_519' title='bbox 536 3556 736 3626; x_wconf 86' lang='lat' dir='ltr'>primis</span> <span class='ocrx_word' id='word_1_520' title='bbox 765 3555 974 3609; x_wconf 89' lang='lat' dir='ltr'>Christi</span> <span class='ocrx_word' id='word_1_521' title='bbox 1003 3555 1239 3617; x_wconf 69' lang='lat' dir='ltr'>saeculis,</span> <span class='ocrx_word' id='word_1_522' title='bbox 1264 3564 1537 3626; x_wconf 91' lang='lat' dir='ltr'>usurpata</span> <span class='ocrx_word' id='word_1_523' title='bbox 1558 3560 1731 3613; x_wconf 88' lang='lat' dir='ltr'>verba</span> <span class='ocrx_word' id='word_1_524' title='bbox 1756 3559 1849 3613; x_wconf 88' lang='lat' dir='ltr'>de-</span> 
     </span>
    </p>
   </div>
   <div class='ocr_carea' id='block_1_67' title="bbox 196 3626 1848 3699">
    <p class='ocr_par' dir='ltr' id='par_1_67' title="bbox 196 3626 1848 3699">
     <span class='ocr_line' id='line_1_68' title="bbox 196 3626 1848 3699; baseline 0.002 -18"><span class='ocrx_word' id='word_1_525' title='bbox 196 3632 546 3681; x_wconf 86' lang='lat' dir='ltr'>monstrant.</span> <span class='ocrx_word' id='word_1_526' title='bbox 596 3649 622 3677; x_wconf 87' lang='grc'>‹‹</span> <span class='ocrx_word' id='word_1_527' title='bbox 666 3627 875 3680; x_wconf 81' lang='lat' dir='ltr'>Multos</span> <span class='ocrx_word' id='word_1_528' title='bbox 920 3626 1193 3681; x_wconf 87' lang='lat' dir='ltr'>sustinuit</span> <span class='ocrx_word' id='word_1_529' title='bbox 1236 3627 1504 3699; x_wconf 84' lang='lat' dir='ltr'>labores;</span> <span class='ocrx_word' id='word_1_530' title='bbox 1551 3634 1720 3699; x_wconf 88' lang='lat' dir='ltr'>atque</span> <span class='ocrx_word' id='word_1_531' title='bbox 1769 3629 1848 3684; x_wconf 90' lang='lat' dir='ltr'>ita</span> 
     </span>
    </p>
   </div>
   <div class='ocr_carea' id='block_1_68' title="bbox 198 3697 1846 3769">
    <p class='ocr_par' dir='ltr' id='par_1_68' title="bbox 198 3697 1846 3769">
     <span class='ocr_line' id='line_1_69' title="bbox 198 3697 1846 3769; baseline 0.001 -16"><span class='ocrx_word' id='word_1_532' title='bbox 198 3704 422 3769; x_wconf 78' lang='lat' dir='ltr'>martyr</span> <span class='ocrx_word' id='word_1_533' title='bbox 441 3698 1012 3769; x_wconf 76' lang='lat' dir='ltr'>effectus,.discesssit</span> <span class='ocrx_word' id='word_1_534' title='bbox 1044 3699 1117 3751; x_wconf 89' lang='lat' dir='ltr'>ad</span> <span class='ocrx_word' id='word_1_535' title='bbox 1139 3697 1396 3752; x_wconf 89' lang='lat' dir='ltr'>debitum</span> <span class='ocrx_word' id='word_1_536' title='bbox 1428 3697 1846 3769; x_wconf 39' lang='lat' dir='ltr'>gloriae—locum</span> 
     </span>
    </p>
   </div>
   <div class='ocr_carea' id='block_1_69' title="bbox 197 3766 1847 3841">
    <p class='ocr_par' dir='ltr' id='par_1_69' title="bbox 197 3766 1847 3841">
     <span class='ocr_line' id='line_1_70' title="bbox 197 3766 1847 3841; baseline 0.002 -20"><span class='ocrx_word' id='word_1_537' title='bbox 197 3766 380 3841; x_wconf 61' lang='grc' dir='ltr'>(τὸποῦ</span> <span class='ocrx_word' id='word_1_538' title='bbox 412 3766 501 3829; x_wconf 69' lang='grc' dir='ltr'>τῆς</span> <span class='ocrx_word' id='word_1_539' title='bbox 534 3767 738 3839; x_wconf 70' lang='grc' dir='ltr'>δόξης).</span> <span class='ocrx_word' id='word_1_540' title='bbox 779 3791 798 3815; x_wconf 79' lang='grc' dir='ltr'><strong><em>ι</em></strong></span> <span class='ocrx_word' id='word_1_541' title='bbox 839 3773 919 3822; x_wconf 83' lang='lat' dir='ltr'>ita</span> <span class='ocrx_word' id='word_1_542' title='bbox 949 3770 1017 3841; x_wconf 85' lang='lat' dir='ltr'>de</span> <span class='ocrx_word' id='word_1_543' title='bbox 1033 3766 1515 3841; x_wconf 13' lang='lat' dir='ltr'>sanctorapostolo</span> <span class='ocrx_word' id='word_1_544' title='bbox 1541 3775 1700 3825; x_wconf 84' lang='lat' dir='ltr'>Petro</span> <span class='ocrx_word' id='word_1_545' title='bbox 1726 3771 1847 3825; x_wconf 89' lang='lat' dir='ltr'>aie-</span> 
     </span>
    </p>
   </div>
   <div class='ocr_carea' id='block_1_70' title="bbox 196 3839 1844 3910">
    <p class='ocr_par' dir='ltr' id='par_1_70' title="bbox 196 3839 1844 3910">
     <span class='ocr_line' id='line_1_71' title="bbox 196 3839 1844 3910; baseline 0 -15"><span class='ocrx_word' id='word_1_546' title='bbox 196 3839 292 3895; x_wconf 86' lang='lat' dir='ltr'>bat</span> <span class='ocrx_word' id='word_1_547' title='bbox 325 3846 559 3895; x_wconf 89' lang='lat' dir='ltr'>sanctus</span> <span class='ocrx_word' id='word_1_548' title='bbox 602 3844 883 3906; x_wconf 79' lang='lat' dir='ltr'>Clemens,</span> <span class='ocrx_word' id='word_1_549' title='bbox 924 3839 1074 3894; x_wconf 89' lang='lat' dir='ltr'>illius</span> <span class='ocrx_word' id='word_1_550' title='bbox 1104 3840 1411 3910; x_wconf 87' lang='lat' dir='ltr'>discipulus</span> <span class='ocrx_word' id='word_1_551' title='bbox 1443 3857 1509 3895; x_wconf 90' lang='lat' dir='ltr'>ac</span> <span class='ocrx_word' id='word_1_552' title='bbox 1538 3857 1844 3908; x_wconf 86' lang='lat' dir='ltr'>successor,</span> 
     </span>
    </p>
   </div>
   <div class='ocr_carea' id='block_1_71' title="bbox 198 3911 1847 3982">
    <p class='ocr_par' dir='ltr' id='par_1_71' title="bbox 198 3911 1847 3982">
     <span class='ocr_line' id='line_1_72' title="bbox 198 3911 1847 3982; baseline 0.001 -17"><span class='ocrx_word' id='word_1_553' title='bbox 198 3912 443 3982; x_wconf 84' lang='lat' dir='ltr'>epistola</span> <span class='ocrx_word' id='word_1_554' title='bbox 471 3913 655 3981; x_wconf 87' lang='lat' dir='ltr'>prima</span> <span class='ocrx_word' id='word_1_555' title='bbox 682 3914 753 3965; x_wconf 90' lang='lat' dir='ltr'>ad</span> <span class='ocrx_word' id='word_1_556' title='bbox 782 3911 1125 3975; x_wconf 82' lang='lat' dir='ltr'>Corinthios,</span> <span class='ocrx_word' id='word_1_557' title='bbox 1157 3911 1343 3981; x_wconf 89' lang='lat' dir='ltr'>capite</span> <span class='ocrx_word' id='word_1_558' title='bbox 1373 3913 1427 3975; x_wconf 84' lang='lat'>5,</span> <span class='ocrx_word' id='word_1_559' title='bbox 1454 3913 1605 3982; x_wconf 90' lang='lat' dir='ltr'>apud</span> <span class='ocrx_word' id='word_1_560' title='bbox 1632 3912 1847 3967; x_wconf 89' lang='lat' dir='ltr'>Cotele-</span> 
     </span>
    </p>
   </div>
   <div class='ocr_carea' id='block_1_72' title="bbox 197 3982 1848 4053">
    <p class='ocr_par' dir='ltr' id='par_1_72' title="bbox 197 3982 1848 4053">
     <span class='ocr_line' id='line_1_73' title="bbox 197 3982 1848 4053; baseline 0.001 -17"><span class='ocrx_word' id='word_1_561' title='bbox 197 4000 374 4044; x_wconf 80' lang='lat' dir='ltr'>rium,</span> <span class='ocrx_word' id='word_1_562' title='bbox 418 3986 615 4037; x_wconf 75' lang='lat' dir='ltr'>Patres</span> <span class='ocrx_word' id='word_1_563' title='bbox 642 3982 970 4052; x_wconf 82' lang='lat' dir='ltr'>Apostolici,</span> <span class='ocrx_word' id='word_1_564' title='bbox 1006 3988 1165 4036; x_wconf 90' lang='lat' dir='ltr'>tomo</span> <span class='ocrx_word' id='word_1_565' title='bbox 1200 3984 1237 4047; x_wconf 93' lang='lat' dir='ltr'>l,</span> <span class='ocrx_word' id='word_1_566' title='bbox 1273 3999 1405 4053; x_wconf 86' lang='lat' dir='ltr'>pag.</span> <span class='ocrx_word' id='word_1_567' title='bbox 1447 3982 1549 4037; x_wconf 82' lang='grc'>150</span> <span class='ocrx_word' id='word_1_568' title='bbox 1580 3983 1848 4038; x_wconf 88' lang='lat' dir='ltr'>editionis</span> 
     </span>
    </p>
   </div>
   <div class='ocr_carea' id='block_1_73' title="bbox 196 4053 1847 4124">
    <p class='ocr_par' dir='ltr' id='par_1_73' title="bbox 196 4053 1847 4124">
     <span class='ocr_line' id='line_1_74' title="bbox 196 4053 1847 4124; baseline 0.001 -17"><span class='ocrx_word' id='word_1_569' title='bbox 196 4055 466 4109; x_wconf 75' lang='lat' dir='ltr'>secundae</span> <span class='ocrx_word' id='word_1_570' title='bbox 490 4056 805 4108; x_wconf 85' lang='lat' dir='ltr'>Amstelod.</span> <span class='ocrx_word' id='word_1_571' title='bbox 840 4056 996 4110; x_wconf 72' lang='grc'>1824.</span> <span class='ocrx_word' id='word_1_572' title='bbox 1033 4073 1060 4105; x_wconf 90' lang='grc'>‹‹</span> <span class='ocrx_word' id='word_1_573' title='bbox 1100 4053 1277 4109; x_wconf 83' lang='lat' dir='ltr'>Sinite</span> <span class='ocrx_word' id='word_1_574' title='bbox 1308 4069 1401 4108; x_wconf 91' lang='lat' dir='ltr'>me</span> <span class='ocrx_word' id='word_1_575' title='bbox 1425 4070 1631 4124; x_wconf 89' lang='lat' dir='ltr'>purum</span> <span class='ocrx_word' id='word_1_576' title='bbox 1651 4057 1847 4111; x_wconf 89' lang='lat' dir='ltr'>lumen</span> 
     </span>
    </p>
   </div>
   <div class='ocr_carea' id='block_1_74' title="bbox 197 4124 1849 4189">
    <p class='ocr_par' dir='ltr' id='par_1_74' title="bbox 197 4124 1849 4189">
     <span class='ocr_line' id='line_1_75' title="bbox 197 4124 1849 4189; baseline 0.001 -10"><span class='ocrx_word' id='word_1_577' title='bbox 197 4125 455 4180; x_wconf 90' lang='lat' dir='ltr'>haurire.</span> <span class='ocrx_word' id='word_1_578' title='bbox 478 4125 752 4181; x_wconf 76' lang='lat' dir='ltr'>Cumillic</span> <span class='ocrx_word' id='word_1_579' title='bbox 775 4125 960 4189; x_wconf 86' lang='lat' dir='ltr'>fuero,</span> <span class='ocrx_word' id='word_1_580' title='bbox 987 4125 1159 4178; x_wconf 90' lang='lat' dir='ltr'>homo</span> <span class='ocrx_word' id='word_1_581' title='bbox 1184 4124 1276 4178; x_wconf 87' lang='lat' dir='ltr'>Dei</span> <span class='ocrx_word' id='word_1_582' title='bbox 1301 4141 1418 4178; x_wconf 92' lang='lat' dir='ltr'>ero.</span> <span class='ocrx_word' id='word_1_583' title='bbox 1465 4147 1489 4175; x_wconf 75' lang='grc' dir='ltr'><strong>υ</strong></span> <span class='ocrx_word' id='word_1_584' title='bbox 1514 4126 1595 4179; x_wconf 87' lang='lat' dir='ltr'>Ita</span> <span class='ocrx_word' id='word_1_585' title='bbox 1616 4131 1849 4180; x_wconf 87' lang='lat' dir='ltr'>sanctus</span> 
     </span>
    </p>
   </div>
   <div class='ocr_carea' id='block_1_75' title="bbox 198 4197 1850 4269">
    <p class='ocr_par' dir='ltr' id='par_1_75' title="bbox 198 4197 1850 4269">
     <span class='ocr_line' id='line_1_76' title="bbox 198 4197 1850 4269; baseline 0.001 -19"><span class='ocrx_word' id='word_1_586' title='bbox 198 4197 709 4269; x_wconf 81' lang='lat' dir='ltr'>lgnatiusmartyr,</span> <span class='ocrx_word' id='word_1_587' title='bbox 729 4198 799 4250; x_wconf 90' lang='lat' dir='ltr'>de</span> <span class='ocrx_word' id='word_1_588' title='bbox 820 4200 1124 4267; x_wconf 80' lang='lat' dir='ltr'>semetipso</span> <span class='ocrx_word' id='word_1_589' title='bbox 1144 4200 1462 4269; x_wconf 86' lang='lat' dir='ltr'>martyrum</span> <span class='ocrx_word' id='word_1_590' title='bbox 1491 4197 1659 4250; x_wconf 90' lang='lat' dir='ltr'>morti</span> <span class='ocrx_word' id='word_1_591' title='bbox 1681 4197 1850 4252; x_wconf 89' lang='lat' dir='ltr'>desti-</span> 
     </span>
    </p>
   </div>
   <div class='ocr_carea' id='block_1_76' title="bbox 197 4267 1846 4338">
    <p class='ocr_par' dir='ltr' id='par_1_76' title="bbox 197 4267 1846 4338">
     <span class='ocr_line' id='line_1_77' title="bbox 197 4267 1846 4338; baseline -0.001 -16"><span class='ocrx_word' id='word_1_592' title='bbox 197 4267 358 4331; x_wconf 78' lang='lat' dir='ltr'>nato,</span> <span class='ocrx_word' id='word_1_593' title='bbox 383 4267 623 4338; x_wconf 89' lang='lat' dir='ltr'>epistola</span> <span class='ocrx_word' id='word_1_594' title='bbox 642 4270 716 4321; x_wconf 91' lang='lat' dir='ltr'>ad</span> <span class='ocrx_word' id='word_1_595' title='bbox 748 4269 1039 4322; x_wconf 74' lang='lat' dir='ltr'>Romanos</span> <span class='ocrx_word' id='word_1_596' title='bbox 1060 4267 1243 4337; x_wconf 91' lang='lat' dir='ltr'>capite</span> <span class='ocrx_word' id='word_1_597' title='bbox 1262 4272 1313 4332; x_wconf 83' lang='grc'>6,</span> <span class='ocrx_word' id='word_1_598' title='bbox 1341 4267 1573 4331; x_wconf 89' lang='lat' dir='ltr'>ibidem,</span> <span class='ocrx_word' id='word_1_599' title='bbox 1605 4274 1761 4322; x_wconf 91' lang='lat' dir='ltr'>tomo</span> <span class='ocrx_word' id='word_1_600' title='bbox 1781 4270 1846 4329; x_wconf 90' lang='lat' dir='ltr'>II,</span> 
     </span>
    </p>
   </div>
   <div class='ocr_carea' id='block_1_77' title="bbox 198 4339 1849 4411">
    <p class='ocr_par' dir='ltr' id='par_1_77' title="bbox 198 4339 1849 4411">
     <span class='ocr_line' id='line_1_78' title="bbox 198 4339 1849 4411; baseline 0.001 -20"><span class='ocrx_word' id='word_1_601' title='bbox 198 4357 329 4411; x_wconf 84' lang='lat' dir='ltr'>pag.</span> <span class='ocrx_word' id='word_1_602' title='bbox 370 4340 470 4396; x_wconf 70' lang='lat'>28:</span> <span class='ocrx_word' id='word_1_603' title='bbox 517 4362 536 4387; x_wconf 81' lang='grc' dir='ltr'>ι</span> <span class='ocrx_word' id='word_1_604' title='bbox 572 4339 849 4403; x_wconf 73' lang='lat' dir='ltr'>l’ersuasi,</span> <span class='ocrx_word' id='word_1_605' title='bbox 879 4342 1039 4411; x_wconf 84' lang='lat' dir='ltr'>quod</span> <span class='ocrx_word' id='word_1_606' title='bbox 1064 4339 1116 4391; x_wconf 89' lang='lat' dir='ltr'>hi</span> <span class='ocrx_word' id='word_1_607' title='bbox 1147 4355 1348 4392; x_wconf 89' lang='lat' dir='ltr'>omnes</span> <span class='ocrx_word' id='word_1_608' title='bbox 1376 4339 1433 4392; x_wconf 92' lang='lat' dir='ltr'>in</span> <span class='ocrx_word' id='word_1_609' title='bbox 1462 4355 1702 4393; x_wconf 86' lang='lat' dir='ltr'>vacuum</span> <span class='ocrx_word' id='word_1_610' title='bbox 1736 4356 1849 4393; x_wconf 94' lang='lat' dir='ltr'>non</span> 
     </span>
    </p>
   </div>
   <div class='ocr_carea' id='block_1_78' title="bbox 198 4410 1850 4480">
    <p class='ocr_par' dir='ltr' id='par_1_78' title="bbox 198 4410 1850 4480">
     <span class='ocr_line' id='line_1_79' title="bbox 198 4410 1850 4480; baseline -0.001 -15"><span class='ocrx_word' id='word_1_611' title='bbox 198 4410 591 4471; x_wconf 80' lang='lat' dir='ltr'>cucurrerunt,</span> <span class='ocrx_word' id='word_1_612' title='bbox 615 4414 711 4464; x_wconf 83' lang='lat' dir='ltr'>sed</span> <span class='ocrx_word' id='word_1_613' title='bbox 735 4412 789 4463; x_wconf 92' lang='lat' dir='ltr'>in</span> <span class='ocrx_word' id='word_1_614' title='bbox 810 4412 921 4463; x_wconf 87' lang='lat' dir='ltr'>tide</span> <span class='ocrx_word' id='word_1_615' title='bbox 941 4410 1285 4480; x_wconf 88' lang='lat' dir='ltr'>acjustitia;</span> <span class='ocrx_word' id='word_1_616' title='bbox 1311 4414 1367 4463; x_wconf 92' lang='lat' dir='ltr'>et</span> <span class='ocrx_word' id='word_1_617' title='bbox 1392 4412 1544 4480; x_wconf 92' lang='lat' dir='ltr'>quod</span> <span class='ocrx_word' id='word_1_618' title='bbox 1567 4411 1623 4464; x_wconf 89' lang='lat' dir='ltr'>in</span> <span class='ocrx_word' id='word_1_619' title='bbox 1656 4410 1850 4466; x_wconf 89' lang='lat' dir='ltr'>debito</span> 
     </span>
    </p>
   </div>
   <div class='ocr_carea' id='block_1_79' title="bbox 1957 1852 3608 1927">
    <p class='ocr_par' dir='ltr' id='par_1_79' title="bbox 1957 1852 3608 1927">
     <span class='ocr_line' id='line_1_80' title="bbox 1957 1852 3608 1927; baseline 0.004 -21"><span class='ocrx_word' id='word_1_620' title='bbox 1957 1869 1992 1906; x_wconf 93' lang='lat' dir='ltr'>a</span> <span class='ocrx_word' id='word_1_621' title='bbox 2015 1852 2160 1907; x_wconf 85' lang='lat' dir='ltr'>felici</span> <span class='ocrx_word' id='word_1_622' title='bbox 2194 1852 2574 1927; x_wconf 82' lang='lat' dir='ltr'>illabeatitate</span> <span class='ocrx_word' id='word_1_623' title='bbox 2601 1852 2876 1918; x_wconf 80' lang='lat' dir='ltr'>diversus,</span> <span class='ocrx_word' id='word_1_624' title='bbox 2905 1858 3329 1927; x_wconf 67' lang='lat' dir='ltr'>quaejustorum</span> <span class='ocrx_word' id='word_1_625' title='bbox 3349 1852 3433 1913; x_wconf 80' lang='lat' dir='ltr'>est</span> <span class='ocrx_word' id='word_1_626' title='bbox 3456 1876 3608 1914; x_wconf 88' lang='lat' dir='ltr'>mer-</span> 
     </span>
    </p>
   </div>
   <div class='ocr_carea' id='block_1_80' title="bbox 1956 1925 3601 1999">
    <p class='ocr_par' dir='ltr' id='par_1_80' title="bbox 1956 1925 3601 1999">
     <span class='ocr_line' id='line_1_81' title="bbox 1956 1925 3601 1999; baseline 0.005 -23"><span class='ocrx_word' id='word_1_627' title='bbox 1956 1939 2046 1999; x_wconf 83' lang='lat' dir='ltr'>ces</span> <span class='ocrx_word' id='word_1_628' title='bbox 2067 1928 2124 1977; x_wconf 92' lang='lat' dir='ltr'>et</span> <span class='ocrx_word' id='word_1_629' title='bbox 2151 1940 2347 1999; x_wconf 69' lang='lat' dir='ltr'>corona</span> <span class='ocrx_word' id='word_1_630' title='bbox 2358 1925 2598 1999; x_wconf 72' lang='lat' dir='ltr'>justiliae</span> <span class='ocrx_word' id='word_1_631' title='bbox 2617 1942 2775 1999; x_wconf 75' lang='lat' dir='ltr'>quam</span> <span class='ocrx_word' id='word_1_632' title='bbox 2795 1925 2981 1982; x_wconf 83' lang='lat' dir='ltr'>reddet</span> <span class='ocrx_word' id='word_1_633' title='bbox 3002 1925 3061 1981; x_wconf 72' lang='lat' dir='ltr'>iri</span> <span class='ocrx_word' id='word_1_634' title='bbox 3088 1929 3183 1981; x_wconf 84' lang='lat' dir='ltr'>illa</span> <span class='ocrx_word' id='word_1_635' title='bbox 3205 1930 3295 1984; x_wconf 78' lang='lat' dir='ltr'>die</span> <span class='ocrx_word' id='word_1_636' title='bbox 3312 1931 3601 1999; x_wconf 81' lang='lat' dir='ltr'>justusju-</span> 
     </span>
    </p>
   </div>
   <div class='ocr_carea' id='block_1_81' title="bbox 1955 1994 3603 2067">
    <p class='ocr_par' dir='ltr' id='par_1_81' title="bbox 1955 1994 3603 2067">
     <span class='ocr_line' id='line_1_82' title="bbox 1955 1994 3603 2067; baseline 0.005 -19"><span class='ocrx_word' id='word_1_637' title='bbox 1955 1994 2061 2049; x_wconf 76' lang='lat' dir='ltr'>dea:</span> <span class='ocrx_word' id='word_1_638' title='bbox 2086 2012 2098 2060; x_wconf 81' lang='lat'>,</span> <span class='ocrx_word' id='word_1_639' title='bbox 2132 1996 2230 2067; x_wconf 84' lang='lat' dir='ltr'>sed</span> <span class='ocrx_word' id='word_1_640' title='bbox 2257 1998 2348 2067; x_wconf 85' lang='lat' dir='ltr'>est</span> <span class='ocrx_word' id='word_1_641' title='bbox 2364 1995 2605 2049; x_wconf 90' lang='lat' dir='ltr'>beatitas</span> <span class='ocrx_word' id='word_1_642' title='bbox 2627 1994 2788 2066; x_wconf 83' lang='lat' dir='ltr'>ipsa,</span> <span class='ocrx_word' id='word_1_643' title='bbox 2818 2014 3015 2067; x_wconf 89' lang='lat' dir='ltr'>quam,</span> <span class='ocrx_word' id='word_1_644' title='bbox 3044 1999 3239 2053; x_wconf 87' lang='lat' dir='ltr'>statim</span> <span class='ocrx_word' id='word_1_645' title='bbox 3272 1994 3341 2054; x_wconf 84' lang='lat' dir='ltr'>ab</span> <span class='ocrx_word' id='word_1_646' title='bbox 3372 1994 3603 2056; x_wconf 70' lang='lat' dir='ltr'>interitu</span> 
     </span>
    </p>
   </div>
   <div class='ocr_carea' id='block_1_82' title="bbox 1954 2065 3608 2139">
    <p class='ocr_par' dir='ltr' id='par_1_82' title="bbox 1954 2065 3608 2139">
     <span class='ocr_line' id='line_1_83' title="bbox 1954 2065 3608 2139; baseline 0.005 -21"><span class='ocrx_word' id='word_1_647' title='bbox 1954 2065 2225 2139; x_wconf 86' lang='lat' dir='ltr'>corporis,</span> <span class='ocrx_word' id='word_1_648' title='bbox 2258 2065 2775 2139; x_wconf 62' lang='lat' dir='ltr'>animiejustorum</span> <span class='ocrx_word' id='word_1_649' title='bbox 2809 2065 3010 2139; x_wconf 81' lang='lat' dir='ltr'>quibus</span> <span class='ocrx_word' id='word_1_650' title='bbox 3040 2070 3181 2124; x_wconf 86' lang='lat' dir='ltr'>nihil</span> <span class='ocrx_word' id='word_1_651' title='bbox 3212 2071 3486 2126; x_wconf 90' lang='lat' dir='ltr'>luendum</span> <span class='ocrx_word' id='word_1_652' title='bbox 3518 2090 3608 2128; x_wconf 91' lang='lat' dir='ltr'>su-</span> 
     </span>
    </p>
   </div>
   <div class='ocr_carea' id='block_1_83' title="bbox 1957 2137 3603 2211">
    <p class='ocr_par' dir='ltr' id='par_1_83' title="bbox 1957 2137 3603 2211">
     <span class='ocr_line' id='line_1_84' title="bbox 1957 2137 3603 2211; baseline 0.004 -21"><span class='ocrx_word' id='word_1_653' title='bbox 1957 2137 2131 2211; x_wconf 82' lang='lat' dir='ltr'>persit</span> <span class='ocrx_word' id='word_1_654' title='bbox 2160 2137 2614 2211; x_wconf 73' lang='lat' dir='ltr'>consequuntur,</span> <span class='ocrx_word' id='word_1_655' title='bbox 2640 2137 2884 2211; x_wconf 61' lang='lat' dir='ltr'>quasque</span> <span class='ocrx_word' id='word_1_656' title='bbox 2930 2140 2985 2194; x_wconf 92' lang='lat' dir='ltr'>in</span> <span class='ocrx_word' id='word_1_657' title='bbox 3019 2157 3085 2195; x_wconf 91' lang='lat' dir='ltr'>eo</span> <span class='ocrx_word' id='word_1_658' title='bbox 3131 2142 3239 2196; x_wconf 87' lang='lat' dir='ltr'>sita</span> <span class='ocrx_word' id='word_1_659' title='bbox 3271 2148 3375 2207; x_wconf 90' lang='lat' dir='ltr'>est,</span> <span class='ocrx_word' id='word_1_660' title='bbox 3414 2149 3474 2198; x_wconf 89' lang='lat' dir='ltr'>ut</span> <span class='ocrx_word' id='word_1_661' title='bbox 3505 2144 3603 2199; x_wconf 89' lang='lat' dir='ltr'>Dei</span> 
     </span>
    </p>
   </div>
   <div class='ocr_carea' id='block_1_84' title="bbox 1954 2207 3605 2282">
    <p class='ocr_par' dir='ltr' id='par_1_84' title="bbox 1954 2207 3605 2282">
     <span class='ocr_line' id='line_1_85' title="bbox 1954 2207 3605 2282; baseline 0.006 -22"><span class='ocrx_word' id='word_1_662' title='bbox 1954 2207 2170 2262; x_wconf 85' lang='lat' dir='ltr'>visione</span> <span class='ocrx_word' id='word_1_663' title='bbox 2202 2208 2486 2271; x_wconf 87' lang='lat' dir='ltr'>fruantur,</span> <span class='ocrx_word' id='word_1_664' title='bbox 2520 2215 2577 2263; x_wconf 88' lang='lat' dir='ltr'>et</span> <span class='ocrx_word' id='word_1_665' title='bbox 2603 2207 3027 2282; x_wconf 49' lang='lat' dir='ltr'>inDei&#39;lumine</span> <span class='ocrx_word' id='word_1_666' title='bbox 3052 2212 3237 2282; x_wconf 89' lang='lat' dir='ltr'>ipsum</span> <span class='ocrx_word' id='word_1_667' title='bbox 3273 2215 3490 2269; x_wconf 83' lang='lat' dir='ltr'>videant</span> <span class='ocrx_word' id='word_1_668' title='bbox 3530 2216 3605 2270; x_wconf 87' lang='lat' dir='ltr'>lu-</span> 
     </span>
    </p>
   </div>
   <div class='ocr_carea' id='block_1_85' title="bbox 1952 2281 2967 2351">
    <p class='ocr_par' dir='ltr' id='par_1_85' title="bbox 1952 2281 2967 2351">
     <span class='ocr_line' id='line_1_86' title="bbox 1952 2281 2967 2351; baseline 0.004 -19"><span class='ocrx_word' id='word_1_669' title='bbox 1952 2295 2092 2351; x_wconf 86' lang='lat' dir='ltr'>men,</span> <span class='ocrx_word' id='word_1_670' title='bbox 2129 2284 2488 2351; x_wconf 11' lang='lat' dir='ltr'>ut‘personat</span> <span class='ocrx_word' id='word_1_671' title='bbox 2514 2281 2702 2351; x_wconf 85' lang='lat' dir='ltr'>regius</span> <span class='ocrx_word' id='word_1_672' title='bbox 2732 2282 2967 2337; x_wconf 89' lang='lat' dir='ltr'>Psaltes.</span> 
     </span>
    </p>
   </div>
   <div class='ocr_carea' id='block_1_86' title="bbox 2023 2349 3609 2438">
    <p class='ocr_par' dir='ltr' id='par_1_86' title="bbox 2023 2349 3609 2438">
     <span class='ocr_line' id='line_1_87' title="bbox 2023 2349 3609 2438; baseline 0.004 -34"><span class='ocrx_word' id='word_1_673' title='bbox 2023 2349 2246 2430; x_wconf 80' lang='lat' dir='ltr'>Similia</span> <span class='ocrx_word' id='word_1_674' title='bbox 2274 2366 2341 2432; x_wconf 56' lang='lat' dir='ltr'>ei:</span> <span class='ocrx_word' id='word_1_675' title='bbox 2376 2349 2613 2438; x_wconf 54' lang='lat' dir='ltr'>adverso</span> <span class='ocrx_word' id='word_1_676' title='bbox 2644 2352 2897 2438; x_wconf 69' lang='lat' dir='ltr'>dicamus</span> <span class='ocrx_word' id='word_1_677' title='bbox 2919 2358 3142 2423; x_wconf 85' lang='lat' dir='ltr'>oportet</span> <span class='ocrx_word' id='word_1_678' title='bbox 3167 2356 3263 2436; x_wconf 39' lang='lat' dir='ltr'>de.</span> <span class='ocrx_word' id='word_1_679' title='bbox 3294 2355 3609 2438; x_wconf 59' lang='lat' dir='ltr'>locucaligi-</span> 
     </span>
    </p>
   </div>
   <div class='ocr_carea' id='block_1_87' title="bbox 1950 2421 3605 2498">
    <p class='ocr_par' dir='ltr' id='par_1_87' title="bbox 1950 2421 3605 2498">
     <span class='ocr_line' id='line_1_88' title="bbox 1950 2421 3605 2498; baseline 0.005 -25"><span class='ocrx_word' id='word_1_680' title='bbox 1950 2421 2055 2480; x_wconf 82' lang='lat' dir='ltr'>nis,</span> <span class='ocrx_word' id='word_1_681' title='bbox 2094 2421 2290 2498; x_wconf 77' lang='lat' dir='ltr'>in_quo</span> <span class='ocrx_word' id='word_1_682' title='bbox 2305 2422 2482 2498; x_wconf 76' lang='lat' dir='ltr'>juxta</span> <span class='ocrx_word' id='word_1_683' title='bbox 2506 2421 3147 2498; x_wconf 76' lang='lat' dir='ltr'>Nicetumreservantur</span> <span class='ocrx_word' id='word_1_684' title='bbox 3172 2425 3379 2480; x_wconf 68' lang='lat' dir='ltr'>anima:</span> <span class='ocrx_word' id='word_1_685' title='bbox 3402 2421 3605 2498; x_wconf 86' lang='lat' dir='ltr'>impio-</span> 
     </span>
    </p>
   </div>
   <div class='ocr_carea' id='block_1_88' title="bbox 1950 2492 3605 2568">
    <p class='ocr_par' dir='ltr' id='par_1_88' title="bbox 1950 2492 3605 2568">
     <span class='ocr_line' id='line_1_89' title="bbox 1950 2492 3605 2568; baseline 0.005 -24"><span class='ocrx_word' id='word_1_686' title='bbox 1950 2508 2100 2545; x_wconf 90' lang='lat' dir='ltr'>rum.</span> <span class='ocrx_word' id='word_1_687' title='bbox 2131 2492 2406 2568; x_wconf 68' lang='lat' dir='ltr'>Guligim&#39;s</span> <span class='ocrx_word' id='word_1_688' title='bbox 2433 2508 2653 2568; x_wconf 85' lang='lat' dir='ltr'>vocem,</span> <span class='ocrx_word' id='word_1_689' title='bbox 2682 2494 2787 2548; x_wconf 91' lang='lat' dir='ltr'>luci</span> <span class='ocrx_word' id='word_1_690' title='bbox 2813 2495 3157 2568; x_wconf 81' lang='lat' dir='ltr'>oppositam.</span> <span class='ocrx_word' id='word_1_691' title='bbox 3194 2492 3605 2568; x_wconf 46' lang='lat' dir='ltr'>usurpavit—Ni-</span> 
     </span>
    </p>
   </div>
   <div class='ocr_carea' id='block_1_89' title="bbox 1952 2563 3601 2637">
    <p class='ocr_par' dir='ltr' id='par_1_89' title="bbox 1952 2563 3601 2637">
     <span class='ocr_line' id='line_1_90' title="bbox 1952 2563 3601 2637; baseline 0.003 -20"><span class='ocrx_word' id='word_1_692' title='bbox 1952 2568 2106 2637; x_wconf 71' lang='lat' dir='ltr'>cetus</span> <span class='ocrx_word' id='word_1_693' title='bbox 2137 2563 2471 2637; x_wconf 78' lang='lat' dir='ltr'>adsensum</span> <span class='ocrx_word' id='word_1_694' title='bbox 2502 2564 2662 2637; x_wconf 67' lang='lat' dir='ltr'>Judse</span> <span class='ocrx_word' id='word_1_695' title='bbox 2694 2563 2935 2635; x_wconf 79' lang='lat' dir='ltr'>apostoli</span> <span class='ocrx_word' id='word_1_696' title='bbox 2969 2566 3025 2619; x_wconf 92' lang='lat' dir='ltr'>in</span> <span class='ocrx_word' id='word_1_697' title='bbox 3053 2566 3302 2637; x_wconf 87' lang='lat' dir='ltr'>Epistola</span> <span class='ocrx_word' id='word_1_698' title='bbox 3330 2563 3454 2631; x_wconf 77' lang='lat' dir='ltr'>sua,</span> <span class='ocrx_word' id='word_1_699' title='bbox 3481 2585 3601 2624; x_wconf 88' lang='lat' dir='ltr'>ver-</span> 
     </span>
    </p>
   </div>
   <div class='ocr_carea' id='block_1_90' title="bbox 1950 2633 3603 2708">
    <p class='ocr_par' dir='ltr' id='par_1_90' title="bbox 1950 2633 3603 2708">
     <span class='ocr_line' id='line_1_91' title="bbox 1950 2633 3603 2708; baseline 0.004 -21"><span class='ocrx_word' id='word_1_700' title='bbox 1950 2649 2015 2708; x_wconf 85' lang='lat' dir='ltr'>su</span> <span class='ocrx_word' id='word_1_701' title='bbox 2047 2634 2096 2708; x_wconf 76' lang='grc' dir='ltr'>β,</span> <span class='ocrx_word' id='word_1_702' title='bbox 2131 2633 2224 2708; x_wconf 86' lang='lat' dir='ltr'>ubi</span> <span class='ocrx_word' id='word_1_703' title='bbox 2265 2635 2333 2708; x_wconf 79' lang='lat' dir='ltr'>de</span> <span class='ocrx_word' id='word_1_704' title='bbox 2365 2634 2589 2708; x_wconf 83' lang='lat' dir='ltr'>angelis</span> <span class='ocrx_word' id='word_1_705' title='bbox 2629 2633 3155 2708; x_wconf 67' lang='lat' dir='ltr'>prtevaricatoribus</span> <span class='ocrx_word' id='word_1_706' title='bbox 3201 2639 3461 2708; x_wconf 89' lang='lat' dir='ltr'>loquens,</span> <span class='ocrx_word' id='word_1_707' title='bbox 3507 2656 3603 2694; x_wconf 91' lang='lat' dir='ltr'>eos</span> 
     </span>
    </p>
   </div>
   <div class='ocr_carea' id='block_1_91' title="bbox 1951 2702 3601 2775">
    <p class='ocr_par' dir='ltr' id='par_1_91' title="bbox 1951 2702 3601 2775">
     <span class='ocr_line' id='line_1_92' title="bbox 1951 2702 3601 2775; baseline 0.004 -19"><span class='ocrx_word' id='word_1_708' title='bbox 1951 2702 2091 2757; x_wconf 80' lang='lat' dir='ltr'>dixit</span> <span class='ocrx_word' id='word_1_709' title='bbox 2118 2705 2175 2757; x_wconf 84' lang='lat' dir='ltr'>in</span> <span class='ocrx_word' id='word_1_710' title='bbox 2194 2702 2474 2774; x_wconf 56' lang='lat' dir='ltr'>judicium&#39;</span> <span class='ocrx_word' id='word_1_711' title='bbox 2493 2702 2681 2775; x_wconf 70' lang='lat' dir='ltr'>magai</span> <span class='ocrx_word' id='word_1_712' title='bbox 2707 2708 2820 2761; x_wconf 78' lang='lat' dir='ltr'>diei</span> <span class='ocrx_word' id='word_1_713' title='bbox 2848 2710 3091 2762; x_wconf 77' lang='lat' dir='ltr'>vinculis</span> <span class='ocrx_word' id='word_1_714' title='bbox 3109 2702 3326 2763; x_wconf 72' lang='lat' dir='ltr'>(eternis</span> <span class='ocrx_word' id='word_1_715' title='bbox 3353 2711 3449 2763; x_wconf 88' lang='lat' dir='ltr'>sub</span> <span class='ocrx_word' id='word_1_716' title='bbox 3465 2711 3601 2763; x_wconf 72' lang='lat' dir='ltr'>cal:-</span> 
     </span>
    </p>
   </div>
   <div class='ocr_carea' id='block_1_92' title="bbox 1985 2776 3599 2849">
    <p class='ocr_par' dir='ltr' id='par_1_92' title="bbox 1985 2776 3599 2849">
     <span class='ocr_line' id='line_1_93' title="bbox 1985 2776 3599 2849; baseline 0.004 -21"><span class='ocrx_word' id='word_1_717' title='bbox 1985 2776 2069 2828; x_wconf 83' lang='lat' dir='ltr'>ine</span> <span class='ocrx_word' id='word_1_718' title='bbox 2102 2784 2404 2849; x_wconf 71' lang='lat' dir='ltr'>reseruatos</span> <span class='ocrx_word' id='word_1_719' title='bbox 2426 2793 2445 2849; x_wconf 59' lang='grc' dir='ltr'><em>ί</em></span> <span class='ocrx_word' id='word_1_720' title='bbox 2468 2777 2540 2849; x_wconf 85' lang='lat' dir='ltr'>ad</span> <span class='ocrx_word' id='word_1_721' title='bbox 2566 2792 2794 2849; x_wconf 83' lang='lat' dir='ltr'>sensum</span> <span class='ocrx_word' id='word_1_722' title='bbox 2826 2794 3048 2848; x_wconf 90' lang='lat' dir='ltr'>quoque</span> <span class='ocrx_word' id='word_1_723' title='bbox 3080 2779 3332 2849; x_wconf 84' lang='lat' dir='ltr'>Apostoli</span> <span class='ocrx_word' id='word_1_724' title='bbox 3357 2780 3523 2847; x_wconf 88' lang='lat' dir='ltr'>Petri,</span> <span class='ocrx_word' id='word_1_725' title='bbox 3556 2781 3599 2835; x_wconf 88' lang='lat' dir='ltr'>ll</span> 
     </span>
    </p>
   </div>
   <div class='ocr_carea' id='block_1_93' title="bbox 1997 2846 3598 2921">
    <p class='ocr_par' dir='ltr' id='par_1_93' title="bbox 1997 2846 3598 2921">
     <span class='ocr_line' id='line_1_94' title="bbox 1997 2846 3598 2921; baseline 0.004 -20"><span class='ocrx_word' id='word_1_726' title='bbox 1997 2851 2125 2909; x_wconf 88' lang='lat' dir='ltr'>etr.,</span> <span class='ocrx_word' id='word_1_727' title='bbox 2151 2862 2208 2910; x_wconf 86' lang='lat' dir='ltr'>ii,</span> <span class='ocrx_word' id='word_1_728' title='bbox 2234 2847 2322 2909; x_wconf 80' lang='grc'>1⁵7,</span> <span class='ocrx_word' id='word_1_729' title='bbox 2344 2846 2439 2921; x_wconf 82' lang='lat' dir='ltr'>qui</span> <span class='ocrx_word' id='word_1_730' title='bbox 2461 2847 2773 2921; x_wconf 69' lang='lat' dir='ltr'>haereticos</span> <span class='ocrx_word' id='word_1_731' title='bbox 2808 2846 3067 2918; x_wconf 79' lang='lat' dir='ltr'>carpens,</span> <span class='ocrx_word' id='word_1_732' title='bbox 3108 2846 3203 2904; x_wconf 76' lang='lat' dir='ltr'>eos</span> <span class='ocrx_word' id='word_1_733' title='bbox 3252 2850 3393 2905; x_wconf 79' lang='lat' dir='ltr'>dixit</span> <span class='ocrx_word' id='word_1_734' title='bbox 3420 2846 3598 2921; x_wconf 69' lang='lat' dir='ltr'>fontes</span> 
     </span>
    </p>
   </div>
   <div class='ocr_carea' id='block_1_94' title="bbox 1948 2918 3596 2993">
    <p class='ocr_par' dir='ltr' id='par_1_94' title="bbox 1948 2918 3596 2993">
     <span class='ocr_line' id='line_1_95' title="bbox 1948 2918 3596 2993; baseline 0.004 -23"><span class='ocrx_word' id='word_1_735' title='bbox 1948 2918 2063 2970; x_wconf 81' lang='lat' dir='ltr'>sine</span> <span class='ocrx_word' id='word_1_736' title='bbox 2074 2934 2234 2993; x_wconf 79' lang='lat' dir='ltr'>aqua,</span> <span class='ocrx_word' id='word_1_737' title='bbox 2250 2924 2297 2971; x_wconf 85' lang='lat' dir='ltr'>et</span> <span class='ocrx_word' id='word_1_738' title='bbox 2310 2918 2531 2971; x_wconf 85' lang='lat' dir='ltr'>nebulas</span> <span class='ocrx_word' id='word_1_739' title='bbox 2545 2918 3596 2993; x_wconf 58' lang='lat' dir='ltr'>turbinibusexagitatus,quibuscaligo</span> 
     </span>
    </p>
   </div>
   <div class='ocr_carea' id='block_1_95' title="bbox 1952 2988 3596 3064">
    <p class='ocr_par' dir='ltr' id='par_1_95' title="bbox 1952 2988 3596 3064">
     <span class='ocr_line' id='line_1_96' title="bbox 1952 2988 3596 3064; baseline 0.002 -21"><span class='ocrx_word' id='word_1_740' title='bbox 1952 2988 2308 3064; x_wconf 59' lang='lat' dir='ltr'>tenebrarum</span> <span class='ocrx_word' id='word_1_741' title='bbox 2337 2997 2667 3043; x_wconf 79' lang='lat' dir='ltr'>reservatur.</span> <span class='ocrx_word' id='word_1_742' title='bbox 2693 2990 2797 3064; x_wconf 86' lang='lat' dir='ltr'>Qui</span> <span class='ocrx_word' id='word_1_743' title='bbox 2826 2988 2995 3064; x_wconf 83' lang='lat' dir='ltr'>porro</span> <span class='ocrx_word' id='word_1_744' title='bbox 3019 2990 3167 3064; x_wconf 82' lang='lat' dir='ltr'>locus</span> <span class='ocrx_word' id='word_1_745' title='bbox 3202 2988 3296 3047; x_wconf 87' lang='lat' dir='ltr'>ille</span> <span class='ocrx_word' id='word_1_746' title='bbox 3323 2988 3596 3064; x_wconf 69' lang='lat' dir='ltr'>caliginis,</span> 
     </span>
    </p>
   </div>
   <div class='ocr_carea' id='block_1_96' title="bbox 1954 3059 3598 3131">
    <p class='ocr_par' dir='ltr' id='par_1_96' title="bbox 1954 3059 3598 3131">
     <span class='ocr_line' id='line_1_97' title="bbox 1954 3059 3598 3131; baseline 0.002 -18"><span class='ocrx_word' id='word_1_747' title='bbox 1954 3059 2047 3113; x_wconf 91' lang='lat' dir='ltr'>ubi</span> <span class='ocrx_word' id='word_1_748' title='bbox 2071 3060 2534 3131; x_wconf 66' lang='lat' dir='ltr'>praeraricatores</span> <span class='ocrx_word' id='word_1_749' title='bbox 2553 3059 2871 3131; x_wconf 82' lang='lat' dir='ltr'>angelijam</span> <span class='ocrx_word' id='word_1_750' title='bbox 2891 3062 3128 3117; x_wconf 86' lang='lat' dir='ltr'>vinculis</span> <span class='ocrx_word' id='word_1_751' title='bbox 3142 3065 3369 3118; x_wconf 65' lang='lat' dir='ltr'>aeternis</span> <span class='ocrx_word' id='word_1_752' title='bbox 3387 3059 3598 3119; x_wconf 79' lang='lat' dir='ltr'>addicti</span> 
     </span>
    </p>
   </div>
   <div class='ocr_carea' id='block_1_97' title="bbox 1877 3117 3603 3204">
    <p class='ocr_par' dir='ltr' id='par_1_97' title="bbox 1877 3117 3603 3204">
     <span class='ocr_line' id='line_1_98' title="bbox 1877 3117 3603 3204; baseline 0.003 -22"><span class='ocrx_word' id='word_1_753' title='bbox 1877 3117 1921 3177; x_wconf 84' lang='lat' dir='ltr'>C</span> <span class='ocrx_word' id='word_1_754' title='bbox 1954 3117 2103 3195; x_wconf 72' lang='lat' dir='ltr'>sunt,</span> <span class='ocrx_word' id='word_1_755' title='bbox 2128 3130 2316 3204; x_wconf 86' lang='lat' dir='ltr'>ibique</span> <span class='ocrx_word' id='word_1_756' title='bbox 2341 3130 2399 3204; x_wconf 82' lang='lat' dir='ltr'>in</span> <span class='ocrx_word' id='word_1_757' title='bbox 2419 3117 2698 3204; x_wconf 46' lang='lat' dir='ltr'>judiciu‘in</span> <span class='ocrx_word' id='word_1_758' title='bbox 2730 3117 2922 3204; x_wconf 78' lang='lat' dir='ltr'>magni</span> <span class='ocrx_word' id='word_1_759' title='bbox 2954 3133 3063 3188; x_wconf 90' lang='lat' dir='ltr'>diei</span> <span class='ocrx_word' id='word_1_760' title='bbox 3109 3117 3494 3198; x_wconf 82' lang='lat' dir='ltr'>reservantur,</span> <span class='ocrx_word' id='word_1_761' title='bbox 3509 3117 3603 3190; x_wconf 81' lang='lat' dir='ltr'>at-</span> 
     </span>
    </p>
   </div>
   <div class='ocr_carea' id='block_1_98' title="bbox 1954 3201 3604 3273">
    <p class='ocr_par' dir='ltr' id='par_1_98' title="bbox 1954 3201 3604 3273">
     <span class='ocr_line' id='line_1_99' title="bbox 1954 3201 3604 3273; baseline 0.004 -18"><span class='ocrx_word' id='word_1_762' title='bbox 1954 3201 2177 3273; x_wconf 88' lang='lat' dir='ltr'>queubi</span> <span class='ocrx_word' id='word_1_763' title='bbox 2208 3202 2364 3273; x_wconf 86' lang='lat' dir='ltr'>pravi</span> <span class='ocrx_word' id='word_1_764' title='bbox 2395 3201 2620 3273; x_wconf 87' lang='lat' dir='ltr'>quoque</span> <span class='ocrx_word' id='word_1_765' title='bbox 2643 3201 2903 3259; x_wconf 69' lang='lat' dir='ltr'>homines</span> <span class='ocrx_word' id='word_1_766' title='bbox 2934 3210 2990 3259; x_wconf 90' lang='lat' dir='ltr'>et</span> <span class='ocrx_word' id='word_1_767' title='bbox 3011 3222 3043 3259; x_wconf 91' lang='lat' dir='ltr'>a</span> <span class='ocrx_word' id='word_1_768' title='bbox 3066 3222 3195 3259; x_wconf 89' lang='lat' dir='ltr'>vera</span> <span class='ocrx_word' id='word_1_769' title='bbox 3218 3207 3328 3260; x_wconf 83' lang='lat' dir='ltr'>[ide</span> <span class='ocrx_word' id='word_1_770' title='bbox 3350 3212 3604 3261; x_wconf 88' lang='lat' dir='ltr'>extorres</span> 
     </span>
    </p>
   </div>
   <div class='ocr_carea' id='block_1_99' title="bbox 1956 3272 3606 3348">
    <p class='ocr_par' dir='ltr' id='par_1_99' title="bbox 1956 3272 3606 3348">
     <span class='ocr_line' id='line_1_100' title="bbox 1956 3272 3606 3348; baseline 0.004 -23"><span class='ocrx_word' id='word_1_771' title='bbox 1956 3272 2457 3348; x_wconf 73' lang='lat' dir='ltr'>conjiciendipost</span> <span class='ocrx_word' id='word_1_772' title='bbox 2477 3272 2746 3348; x_wconf 81' lang='lat' dir='ltr'>_mortem</span> <span class='ocrx_word' id='word_1_773' title='bbox 2774 3280 2907 3330; x_wconf 91' lang='lat' dir='ltr'>sunt</span> <span class='ocrx_word' id='word_1_774' title='bbox 2935 3292 2948 3341; x_wconf 90' lang='lat'><strong>;</strong></span> <span class='ocrx_word' id='word_1_775' title='bbox 2978 3276 3122 3346; x_wconf 85' lang='lat' dir='ltr'>quis.</span> <span class='ocrx_word' id='word_1_776' title='bbox 3160 3276 3416 3348; x_wconf 91' lang='lat' dir='ltr'>inquam,</span> <span class='ocrx_word' id='word_1_777' title='bbox 3461 3280 3606 3332; x_wconf 78' lang='lat' dir='ltr'>locus</span> 
     </span>
    </p>
   </div>
   <div class='ocr_carea' id='block_1_100' title="bbox 1956 3342 3607 3417">
    <p class='ocr_par' dir='ltr' id='par_1_100' title="bbox 1956 3342 3607 3417">
     <span class='ocr_line' id='line_1_101' title="bbox 1956 3342 3607 3417; baseline 0.003 -20"><span class='ocrx_word' id='word_1_778' title='bbox 1956 3342 2357 3417; x_wconf 24' lang='lat' dir='ltr'>ille’caligim&#39;s,</span> <span class='ocrx_word' id='word_1_779' title='bbox 2383 3345 2488 3399; x_wconf 91' lang='lat' dir='ltr'>nisi</span> <span class='ocrx_word' id='word_1_780' title='bbox 2522 3346 2666 3399; x_wconf 86' lang='lat' dir='ltr'>locus</span> <span class='ocrx_word' id='word_1_781' title='bbox 2692 3346 2749 3400; x_wconf 92' lang='lat' dir='ltr'>in</span> <span class='ocrx_word' id='word_1_782' title='bbox 2781 3364 2950 3417; x_wconf 91' lang='lat' dir='ltr'>quem</span> <span class='ocrx_word' id='word_1_783' title='bbox 2979 3342 3119 3402; x_wconf 77' lang='lat' dir='ltr'>abiit</span> <span class='ocrx_word' id='word_1_784' title='bbox 3139 3342 3313 3403; x_wconf 72' lang='lat' dir='ltr'>ludas</span> <span class='ocrx_word' id='word_1_785' title='bbox 3342 3349 3607 3417; x_wconf 79' lang='lat' dir='ltr'>praevari-</span> 
     </span>
    </p>
   </div>
   <div class='ocr_carea' id='block_1_101' title="bbox 1957 3417 3608 3489">
    <p class='ocr_par' dir='ltr' id='par_1_101' title="bbox 1957 3417 3608 3489">
     <span class='ocr_line' id='line_1_102' title="bbox 1957 3417 3608 3489; baseline 0.002 -21"><span class='ocrx_word' id='word_1_786' title='bbox 1957 3420 2118 3489; x_wconf 74' lang='lat' dir='ltr'>catqr</span> <span class='ocrx_word' id='word_1_787' title='bbox 2137 3417 2209 3489; x_wconf 72' lang='lat' dir='ltr'>ud</span> <span class='ocrx_word' id='word_1_788' title='bbox 2233 3431 2431 3489; x_wconf 53' lang='lat' dir='ltr'>pugnas</span> <span class='ocrx_word' id='word_1_789' title='bbox 2454 3417 2793 3486; x_wconf 91' lang='lat' dir='ltr'>proditionis</span> <span class='ocrx_word' id='word_1_790' title='bbox 2810 3435 2928 3472; x_wconf 64' lang='lat' dir='ltr'>sua:</span> <span class='ocrx_word' id='word_1_791' title='bbox 2950 3418 3185 3473; x_wconf 88' lang='lat' dir='ltr'>luendas</span> <span class='ocrx_word' id='word_1_792' title='bbox 3211 3437 3221 3473; x_wconf 92' lang='lat'>:</span> <span class='ocrx_word' id='word_1_793' title='bbox 3244 3420 3435 3489; x_wconf 89' lang='lat' dir='ltr'>etquis</span> <span class='ocrx_word' id='word_1_794' title='bbox 3459 3420 3608 3473; x_wconf 76' lang='lat' dir='ltr'>locus</span> 
     </span>
    </p>
   </div>
   <div class='ocr_carea' id='block_1_102' title="bbox 1957 3486 3611 3557">
    <p class='ocr_par' dir='ltr' id='par_1_102' title="bbox 1957 3486 3611 3557">
     <span class='ocr_line' id='line_1_103' title="bbox 1957 3486 3611 3557; baseline 0.001 -16"><span class='ocrx_word' id='word_1_795' title='bbox 1957 3486 2048 3541; x_wconf 86' lang='lat' dir='ltr'>hic</span> <span class='ocrx_word' id='word_1_796' title='bbox 2062 3486 2238 3551; x_wconf 60' lang='lat' dir='ltr'>ludas,</span> <span class='ocrx_word' id='word_1_797' title='bbox 2259 3487 2367 3541; x_wconf 90' lang='lat' dir='ltr'>nisi</span> <span class='ocrx_word' id='word_1_798' title='bbox 2387 3488 2530 3541; x_wconf 83' lang='lat' dir='ltr'>locus</span> <span class='ocrx_word' id='word_1_799' title='bbox 2551 3495 2963 3557; x_wconf 69' lang='lat' dir='ltr'>tormentorum,</span> <span class='ocrx_word' id='word_1_800' title='bbox 2983 3491 3259 3543; x_wconf 75' lang='lat' dir='ltr'>cruciatus</span> <span class='ocrx_word' id='word_1_801' title='bbox 3303 3486 3355 3544; x_wconf 82' lang='lat' dir='ltr'>et</span> <span class='ocrx_word' id='word_1_802' title='bbox 3382 3491 3611 3557; x_wconf 71' lang='lat' dir='ltr'>ﬂamma:</span> 
     </span>
    </p>
   </div>
   <div class='ocr_carea' id='block_1_103' title="bbox 1958 3558 3607 3629">
    <p class='ocr_par' dir='ltr' id='par_1_103' title="bbox 1958 3558 3607 3629">
     <span class='ocr_line' id='line_1_104' title="bbox 1958 3558 3607 3629; baseline 0.001 -17"><span class='ocrx_word' id='word_1_803' title='bbox 1958 3559 2109 3628; x_wconf 88' lang='lat' dir='ltr'>apud</span> <span class='ocrx_word' id='word_1_804' title='bbox 2132 3559 2362 3628; x_wconf 78' lang='lat' dir='ltr'>inferos,</span> <span class='ocrx_word' id='word_1_805' title='bbox 2388 3558 2446 3612; x_wconf 92' lang='lat' dir='ltr'>in</span> <span class='ocrx_word' id='word_1_806' title='bbox 2464 3575 2576 3629; x_wconf 90' lang='lat' dir='ltr'>quo</span> <span class='ocrx_word' id='word_1_807' title='bbox 2596 3560 2712 3614; x_wconf 85' lang='lat' dir='ltr'>loco</span> <span class='ocrx_word' id='word_1_808' title='bbox 2728 3560 2925 3613; x_wconf 88' lang='lat' dir='ltr'>statim</span> <span class='ocrx_word' id='word_1_809' title='bbox 2950 3564 3076 3628; x_wconf 90' lang='lat' dir='ltr'>post</span> <span class='ocrx_word' id='word_1_810' title='bbox 3098 3565 3341 3614; x_wconf 91' lang='lat' dir='ltr'>mortem</span> <span class='ocrx_word' id='word_1_811' title='bbox 3360 3562 3607 3629; x_wconf 82' lang='lat' dir='ltr'>sepultus</span> 
     </span>
    </p>
   </div>
   <div class='ocr_carea' id='block_1_104' title="bbox 1961 3629 3605 3751">
    <p class='ocr_par' dir='ltr' id='par_1_104' title="bbox 1961 3629 3605 3751">
     <span class='ocr_line' id='line_1_105' title="bbox 1961 3629 3605 3751; baseline 0.001 -69"><span class='ocrx_word' id='word_1_812' title='bbox 1961 3629 2068 3683; x_wconf 88' lang='lat' dir='ltr'>fuit</span> <span class='ocrx_word' id='word_1_813' title='bbox 2090 3629 2235 3682; x_wconf 85' lang='lat' dir='ltr'>dives</span> <span class='ocrx_word' id='word_1_814' title='bbox 2265 3629 2359 3683; x_wconf 91' lang='lat' dir='ltr'>ille</span> <span class='ocrx_word' id='word_1_815' title='bbox 2364 3632 2483 3751; x_wconf 63' lang='lat' dir='ltr'>dqui</span> <span class='ocrx_word' id='word_1_816' title='bbox 2508 3630 2849 3685; x_wconf 77' lang='lat' dir='ltr'>induebatur</span> <span class='ocrx_word' id='word_1_817' title='bbox 2869 3646 3125 3699; x_wconf 81' lang='lat' dir='ltr'>purpura</span> <span class='ocrx_word' id='word_1_818' title='bbox 3153 3631 3382 3698; x_wconf 81' lang='lat' dir='ltr'>etbysso,</span> <span class='ocrx_word' id='word_1_819' title='bbox 3404 3636 3461 3685; x_wconf 86' lang='lat' dir='ltr'>et</span> <span class='ocrx_word' id='word_1_820' title='bbox 3475 3647 3605 3702; x_wconf 80' lang='lat' dir='ltr'>epu-</span> 
     </span>
     <span class='ocr_line' id='line_1_106' title="bbox 1961 3699 3605 3751; baseline 0 0"><span class='ocrx_word' id='word_1_821' title='bbox 1961 3699 2175 3751; x_wconf 84' lang='lat' dir='ltr'>labatur</span> <span class='ocrx_word' id='word_1_822' title='bbox 2211 3700 2363 3751; x_wconf 85' lang='lat' dir='ltr'>aucti</span> <span class='ocrx_word' id='word_1_823' title='bbox 2403 3703 2449 3751; x_wconf 82' lang='lat' dir='ltr'>ie</span> <span class='ocrx_word' id='word_1_824' title='bbox 2476 3701 2769 3751; x_wconf 74' lang='lat' dir='ltr'>splendide.</span> <span class='ocrx_word' id='word_1_825' title='bbox 2809 3702 3071 3751; x_wconf 81' lang='lat' dir='ltr'>despecto</span> <span class='ocrx_word' id='word_1_826' title='bbox 3105 3702 3311 3751; x_wconf 86' lang='lat' dir='ltr'>Lazaro</span> <span class='ocrx_word' id='word_1_827' title='bbox 3344 3701 3605 3751; x_wconf 82' lang='lat' dir='ltr'>mendico</span> 
     </span>
    </p>
   </div>
   <div class='ocr_carea' id='block_1_105' title="bbox 1959 3699 3607 3770">
    <p class='ocr_par' dir='ltr' id='par_1_105' title="bbox 1959 3699 3607 3770">
     <span class='ocr_line' id='line_1_107' title="bbox 1959 3699 3607 3770; baseline 0.002 -17"><span class='ocrx_word' id='word_1_828' title='bbox 1959 3699 2175 3753; x_wconf 87' lang='lat' dir='ltr'>labatur</span> <span class='ocrx_word' id='word_1_829' title='bbox 2211 3699 2449 3769; x_wconf 82' lang='lat' dir='ltr'>quotidie</span> <span class='ocrx_word' id='word_1_830' title='bbox 2476 3701 2769 3768; x_wconf 75' lang='lat' dir='ltr'>splendide,</span> <span class='ocrx_word' id='word_1_831' title='bbox 2809 3702 3071 3770; x_wconf 90' lang='lat' dir='ltr'>despecto</span> <span class='ocrx_word' id='word_1_832' title='bbox 3105 3702 3311 3755; x_wconf 88' lang='lat' dir='ltr'>Lazaro</span> <span class='ocrx_word' id='word_1_833' title='bbox 3344 3699 3607 3756; x_wconf 85' lang='lat' dir='ltr'>mendico</span> 
     </span>
    </p>
   </div>
   <div class='ocr_carea' id='block_1_106' title="bbox 1955 3770 3609 3850">
    <p class='ocr_par' dir='ltr' id='par_1_106' title="bbox 1955 3770 3609 3850">
     <span class='ocr_line' id='line_1_108' title="bbox 1955 3770 3609 3850; baseline 0.004 -28"><span class='ocrx_word' id='word_1_834' title='bbox 1955 3770 2283 3850; x_wconf 59' lang='lat' dir='ltr'>quijcicebat</span> <span class='ocrx_word' id='word_1_835' title='bbox 2308 3770 2626 3850; x_wconf 66' lang='lat' dir='ltr'>adjauuam</span> <span class='ocrx_word' id='word_1_836' title='bbox 2651 3772 2785 3841; x_wconf 85' lang='lat' dir='ltr'>ejus,</span> <span class='ocrx_word' id='word_1_837' title='bbox 2807 3775 2867 3850; x_wconf 89' lang='lat' dir='ltr'>ut</span> <span class='ocrx_word' id='word_1_838' title='bbox 2894 3772 3056 3826; x_wconf 71' lang='lat' dir='ltr'>Luca:</span> <span class='ocrx_word' id='word_1_839' title='bbox 3079 3788 3178 3850; x_wconf 67' lang='lat' dir='ltr'>xvi</span> <span class='ocrx_word' id='word_1_840' title='bbox 3202 3773 3230 3827; x_wconf 74' lang='lat'><strong><em>7</em></strong></span> <span class='ocrx_word' id='word_1_841' title='bbox 3248 3772 3420 3850; x_wconf 58' lang='lat' dir='ltr'>Locus</span> <span class='ocrx_word' id='word_1_842' title='bbox 3436 3773 3609 3850; x_wconf 77' lang='lat' dir='ltr'>igitur</span> 
     </span>
    </p>
   </div>
   <div class='ocr_carea' id='block_1_107' title="bbox 1956 3839 3609 3914">
    <p class='ocr_par' dir='ltr' id='par_1_107' title="bbox 1956 3839 3609 3914">
     <span class='ocr_line' id='line_1_109' title="bbox 1956 3839 3609 3914; baseline 0.002 -18"><span class='ocrx_word' id='word_1_843' title='bbox 1956 3839 2233 3908; x_wconf 79' lang='lat' dir='ltr'>ealiginis,</span> <span class='ocrx_word' id='word_1_844' title='bbox 2265 3857 2298 3893; x_wconf 92' lang='lat' dir='ltr'>a</span> <span class='ocrx_word' id='word_1_845' title='bbox 2335 3839 2532 3894; x_wconf 90' lang='lat' dir='ltr'>Niceta</span> <span class='ocrx_word' id='word_1_846' title='bbox 2571 3839 2925 3896; x_wconf 84' lang='lat' dir='ltr'>memoratus</span> <span class='ocrx_word' id='word_1_847' title='bbox 2952 3859 3048 3912; x_wconf 90' lang='lat' dir='ltr'>pro</span> <span class='ocrx_word' id='word_1_848' title='bbox 3076 3842 3377 3899; x_wconf 89' lang='lat' dir='ltr'>animabus</span> <span class='ocrx_word' id='word_1_849' title='bbox 3407 3839 3609 3914; x_wconf 75' lang='lat' dir='ltr'>impio-</span> 
     </span>
    </p>
   </div>
   <div class='ocr_carea' id='block_1_108' title="bbox 1955 3913 3605 3981">
    <p class='ocr_par' dir='ltr' id='par_1_108' title="bbox 1955 3913 3605 3981">
     <span class='ocr_line' id='line_1_110' title="bbox 1955 3913 3605 3981; baseline 0.003 -17"><span class='ocrx_word' id='word_1_850' title='bbox 1955 3927 2083 3965; x_wconf 89' lang='lat' dir='ltr'>rum</span> <span class='ocrx_word' id='word_1_851' title='bbox 2109 3926 2138 3964; x_wconf 91' lang='lat' dir='ltr'>e</span> <span class='ocrx_word' id='word_1_852' title='bbox 2168 3927 2404 3980; x_wconf 90' lang='lat' dir='ltr'>corpore</span> <span class='ocrx_word' id='word_1_853' title='bbox 2434 3915 2694 3981; x_wconf 88' lang='lat' dir='ltr'>egressis,</span> <span class='ocrx_word' id='word_1_854' title='bbox 2722 3929 2835 3966; x_wconf 90' lang='lat' dir='ltr'>non</span> <span class='ocrx_word' id='word_1_855' title='bbox 2868 3913 3060 3968; x_wconf 79' lang='lat' dir='ltr'>differt</span> <span class='ocrx_word' id='word_1_856' title='bbox 3090 3916 3159 3968; x_wconf 90' lang='lat' dir='ltr'>ab</span> <span class='ocrx_word' id='word_1_857' title='bbox 3200 3915 3446 3979; x_wconf 85' lang='lat' dir='ltr'>inferno,</span> <span class='ocrx_word' id='word_1_858' title='bbox 3490 3913 3605 3969; x_wconf 85' lang='lat' dir='ltr'>non</span> 
     </span>
    </p>
   </div>
   <div class='ocr_carea' id='block_1_109' title="bbox 1958 3982 3600 4054">
    <p class='ocr_par' dir='ltr' id='par_1_109' title="bbox 1958 3982 3600 4054">
     <span class='ocr_line' id='line_1_111' title="bbox 1958 3982 3600 4054; baseline 0.002 -19"><span class='ocrx_word' id='word_1_859' title='bbox 1958 3982 2145 4036; x_wconf 85' lang='lat' dir='ltr'>differt</span> <span class='ocrx_word' id='word_1_860' title='bbox 2175 3998 2207 4035; x_wconf 92' lang='lat' dir='ltr'>a</span> <span class='ocrx_word' id='word_1_861' title='bbox 2228 3982 2491 4052; x_wconf 89' lang='lat' dir='ltr'>gehenna</span> <span class='ocrx_word' id='word_1_862' title='bbox 2511 3984 2676 4054; x_wconf 87' lang='lat' dir='ltr'>ignis,</span> <span class='ocrx_word' id='word_1_863' title='bbox 2704 3983 2793 4037; x_wconf 90' lang='lat' dir='ltr'>ubi</span> <span class='ocrx_word' id='word_1_864' title='bbox 2823 3985 3033 4038; x_wconf 67' lang='lat' dir='ltr'>animae</span> <span class='ocrx_word' id='word_1_865' title='bbox 3055 3985 3380 4039; x_wconf 86' lang='lat' dir='ltr'>cruciantur</span> <span class='ocrx_word' id='word_1_866' title='bbox 3405 3986 3600 4039; x_wconf 86' lang='lat' dir='ltr'>statim</span> 
     </span>
    </p>
   </div>
   <div class='ocr_carea' id='block_1_110' title="bbox 1959 4054 3607 4126">
    <p class='ocr_par' dir='ltr' id='par_1_110' title="bbox 1959 4054 3607 4126">
     <span class='ocr_line' id='line_1_112' title="bbox 1959 4054 3607 4126; baseline 0.002 -20"><span class='ocrx_word' id='word_1_867' title='bbox 1959 4058 2086 4126; x_wconf 84' lang='lat' dir='ltr'>post</span> <span class='ocrx_word' id='word_1_868' title='bbox 2105 4054 2650 4126; x_wconf 84' lang='lat' dir='ltr'>corporismortem,</span> <span class='ocrx_word' id='word_1_869' title='bbox 2677 4060 2732 4109; x_wconf 90' lang='lat' dir='ltr'>et</span> <span class='ocrx_word' id='word_1_870' title='bbox 2756 4054 2997 4110; x_wconf 89' lang='lat' dir='ltr'>minime</span> <span class='ocrx_word' id='word_1_871' title='bbox 3027 4060 3352 4126; x_wconf 84' lang='lat' dir='ltr'>exspectata</span> <span class='ocrx_word' id='word_1_872' title='bbox 3383 4056 3607 4112; x_wconf 88' lang='lat' dir='ltr'>univer-</span> 
     </span>
    </p>
   </div>
   <div class='ocr_carea' id='block_1_111' title="bbox 1958 4124 2455 4179">
    <p class='ocr_par' dir='ltr' id='par_1_111' title="bbox 1958 4124 2455 4179">
     <span class='ocr_line' id='line_1_113' title="bbox 1958 4124 2455 4179; baseline 0 0"><span class='ocrx_word' id='word_1_873' title='bbox 1958 4125 2094 4179; x_wconf 91' lang='lat' dir='ltr'>salis</span> <span class='ocrx_word' id='word_1_874' title='bbox 2126 4124 2317 4179; x_wconf 90' lang='lat' dir='ltr'>iudicii</span> <span class='ocrx_word' id='word_1_875' title='bbox 2345 4124 2455 4179; x_wconf 91' lang='lat' dir='ltr'>die.</span> 
     </span>
    </p>
   </div>
   <div class='ocr_carea' id='block_1_112' title="bbox 2030 4196 3607 4267">
    <p class='ocr_par' dir='ltr' id='par_1_112' title="bbox 2030 4196 3607 4267">
     <span class='ocr_line' id='line_1_114' title="bbox 2030 4196 3607 4267; baseline 0.003 -18"><span class='ocrx_word' id='word_1_876' title='bbox 2030 4196 2140 4250; x_wconf 87' lang='lat' dir='ltr'>Sed</span> <span class='ocrx_word' id='word_1_877' title='bbox 2181 4196 2367 4249; x_wconf 90' lang='lat' dir='ltr'>adhuc</span> <span class='ocrx_word' id='word_1_878' title='bbox 2398 4211 2625 4249; x_wconf 87' lang='lat' dir='ltr'>movere</span> <span class='ocrx_word' id='word_1_879' title='bbox 2659 4200 2895 4266; x_wconf 90' lang='lat' dir='ltr'>possent</span> <span class='ocrx_word' id='word_1_880' title='bbox 2922 4211 3051 4267; x_wconf 64' lang='lat' dir='ltr'>quae</span> <span class='ocrx_word' id='word_1_881' title='bbox 3080 4196 3239 4251; x_wconf 89' lang='lat' dir='ltr'>addit</span> <span class='ocrx_word' id='word_1_882' title='bbox 3272 4196 3517 4264; x_wconf 86' lang='lat' dir='ltr'>Nieetas,</span> <span class='ocrx_word' id='word_1_883' title='bbox 3548 4199 3607 4253; x_wconf 85' lang='lat' dir='ltr'>in</span> 
     </span>
    </p>
   </div>
   <div class='ocr_carea' id='block_1_113' title="bbox 1959 4266 3610 4339">
    <p class='ocr_par' dir='ltr' id='par_1_113' title="bbox 1959 4266 3610 4339">
     <span class='ocr_line' id='line_1_115' title="bbox 1959 4266 3610 4339; baseline 0.002 -19"><span class='ocrx_word' id='word_1_884' title='bbox 1959 4266 2046 4339; x_wconf 85' lang='lat' dir='ltr'>die</span> <span class='ocrx_word' id='word_1_885' title='bbox 2075 4282 2281 4337; x_wconf 92' lang='lat' dir='ltr'>nempe</span> <span class='ocrx_word' id='word_1_886' title='bbox 2311 4268 2579 4339; x_wconf 79' lang='lat' dir='ltr'>adventus</span> <span class='ocrx_word' id='word_1_887' title='bbox 2604 4267 2832 4339; x_wconf 85' lang='lat' dir='ltr'>Domini</span> <span class='ocrx_word' id='word_1_888' title='bbox 2844 4268 2911 4321; x_wconf 85' lang='lat' dir='ltr'>de</span> <span class='ocrx_word' id='word_1_889' title='bbox 2925 4266 3059 4323; x_wconf 76' lang='lat' dir='ltr'>cwlo</span> <span class='ocrx_word' id='word_1_890' title='bbox 3087 4285 3208 4322; x_wconf 87' lang='lat' dir='ltr'>cum</span> <span class='ocrx_word' id='word_1_891' title='bbox 3233 4272 3432 4323; x_wconf 82' lang='lat' dir='ltr'>sanctis</span> <span class='ocrx_word' id='word_1_892' title='bbox 3448 4286 3610 4339; x_wconf 85' lang='lat' dir='ltr'>ange-</span> 
     </span>
    </p>
   </div>
   <div class='ocr_carea' id='block_1_114' title="bbox 1964 4338 3611 4400">
    <p class='ocr_par' dir='ltr' id='par_1_114' title="bbox 1964 4338 3611 4400">
     <span class='ocr_line' id='line_1_116' title="bbox 1964 4338 3611 4400; baseline 0.001 -8"><span class='ocrx_word' id='word_1_893' title='bbox 1964 4338 2035 4392; x_wconf 86' lang='lat' dir='ltr'>lis</span> <span class='ocrx_word' id='word_1_894' title='bbox 2062 4339 2197 4400; x_wconf 81' lang='lat' dir='ltr'>suis,</span> <span class='ocrx_word' id='word_1_895' title='bbox 2226 4338 2566 4392; x_wconf 81' lang='lat' dir='ltr'>resuscitatis</span> <span class='ocrx_word' id='word_1_896' title='bbox 2582 4338 2853 4397; x_wconf 83' lang='lat' dir='ltr'>omnibus.</span> <span class='ocrx_word' id='word_1_897' title='bbox 2872 4342 2920 4392; x_wconf 85' lang='lat' dir='ltr'>et</span> <span class='ocrx_word' id='word_1_898' title='bbox 2937 4341 3209 4394; x_wconf 79' lang='lat' dir='ltr'>revocatis</span> <span class='ocrx_word' id='word_1_899' title='bbox 3228 4340 3531 4394; x_wconf 85' lang='lat' dir='ltr'>animabus</span> <span class='ocrx_word' id='word_1_900' title='bbox 3550 4343 3611 4395; x_wconf 86' lang='lat' dir='ltr'>in</span> 
     </span>
    </p>
   </div>
   <div class='ocr_carea' id='block_1_115' title="bbox 1960 4409 3613 4480">
    <p class='ocr_par' dir='ltr' id='par_1_115' title="bbox 1960 4409 3613 4480">
     <span class='ocr_line' id='line_1_117' title="bbox 1960 4409 3613 4480; baseline 0.003 -19"><span class='ocrx_word' id='word_1_901' title='bbox 1960 4424 2214 4477; x_wconf 84' lang='lat' dir='ltr'>corpora,</span> <span class='ocrx_word' id='word_1_902' title='bbox 2239 4409 2441 4478; x_wconf 85' lang='lat' dir='ltr'>justam</span> <span class='ocrx_word' id='word_1_903' title='bbox 2470 4409 2589 4463; x_wconf 88' lang='lat' dir='ltr'>fore</span> <span class='ocrx_word' id='word_1_904' title='bbox 2620 4409 2886 4463; x_wconf 81' lang='lat' dir='ltr'>bonorum</span> <span class='ocrx_word' id='word_1_905' title='bbox 2910 4410 3277 4480; x_wconf 84' lang='lat' dir='ltr'>malorumque</span> <span class='ocrx_word' id='word_1_906' title='bbox 3304 4410 3613 4466; x_wconf 75' lang='lat' dir='ltr'>distinctio-</span> 
     </span>
    </p>
   </div>
   <div class='ocr_carea' id='block_1_116' title="bbox 200 4478 3615 4562">
    <p class='ocr_par' dir='ltr' id='par_1_116' title="bbox 200 4478 3615 4562">
     <span class='ocr_line' id='line_1_118' title="bbox 200 4478 3615 4562; baseline 0 -25"><span class='ocrx_word' id='word_1_907' title='bbox 200 4482 309 4562; x_wconf 77' lang='lat' dir='ltr'>sibi</span> <span class='ocrx_word' id='word_1_908' title='bbox 328 4482 451 4535; x_wconf 88' lang='lat' dir='ltr'>loco</span> <span class='ocrx_word' id='word_1_909' title='bbox 473 4483 759 4552; x_wconf 83' lang='lat' dir='ltr'>smtapud</span> <span class='ocrx_word' id='word_1_910' title='bbox 784 4478 1258 4562; x_wconf 40' lang='lat' dir='ltr'>Uouninu&#39;in,.cum</span> <span class='ocrx_word' id='word_1_911' title='bbox 1273 4478 1461 4562; x_wconf 64' lang='lat' dir='ltr'>quoet</span> <span class='ocrx_word' id='word_1_912' title='bbox 1483 4482 1633 4552; x_wconf 91' lang='lat' dir='ltr'>passi</span> <span class='ocrx_word' id='word_1_913' title='bbox 1650 4490 1849 4562; x_wconf 51' lang='lat' dir='ltr'>sunt.)</span> <span class='ocrx_word' id='word_1_914' title='bbox 1883 4478 1928 4535; x_wconf 91' lang='lat' dir='ltr'>D</span> <span class='ocrx_word' id='word_1_915' title='bbox 1965 4495 2079 4562; x_wconf 47' lang='lat' dir='ltr'>riam</span> <span class='ocrx_word' id='word_1_916' title='bbox 2100 4493 2123 4560; x_wconf 38' lang='grc' dir='ltr'>ς,</span> <span class='ocrx_word' id='word_1_917' title='bbox 2164 4484 2333 4548; x_wconf 85' lang='lat' dir='ltr'>atque</span> <span class='ocrx_word' id='word_1_918' title='bbox 2365 4484 2490 4559; x_wconf 77' lang='lat' dir='ltr'>tunc</span> <span class='ocrx_word' id='word_1_919' title='bbox 2507 4486 2699 4562; x_wconf 69' lang='lat' dir='ltr'>justas</span> <span class='ocrx_word' id='word_1_920' title='bbox 2731 4479 3042 4562; x_wconf 80' lang='lat' dir='ltr'>refulsuros</span> <span class='ocrx_word' id='word_1_921' title='bbox 3071 4478 3210 4562; x_wconf 70' lang='lat' dir='ltr'>sicut</span> <span class='ocrx_word' id='word_1_922' title='bbox 3253 4485 3333 4562; x_wconf 78' lang='lat' dir='ltr'>sol</span> <span class='ocrx_word' id='word_1_923' title='bbox 3364 4486 3421 4536; x_wconf 83' lang='lat' dir='ltr'>in</span> <span class='ocrx_word' id='word_1_924' title='bbox 3448 4500 3615 4562; x_wconf 71' lang='lat' dir='ltr'>regno</span> 
     </span>
    </p>
   </div>
   <div class='ocr_carea' id='block_1_117' title="bbox 200 4551 1849 4624">
    <p class='ocr_par' dir='ltr' id='par_1_117' title="bbox 200 4551 1849 4624">
     <span class='ocr_line' id='line_1_119' title="bbox 200 4551 1849 4624; baseline -0.001 -16"><span class='ocrx_word' id='word_1_925' title='bbox 200 4554 288 4608; x_wconf 88' lang='lat' dir='ltr'>lta</span> <span class='ocrx_word' id='word_1_926' title='bbox 310 4560 544 4607; x_wconf 88' lang='lat' dir='ltr'>sanctus</span> <span class='ocrx_word' id='word_1_927' title='bbox 562 4551 906 4623; x_wconf 73' lang='lat' dir='ltr'>Poiycarpus</span> <span class='ocrx_word' id='word_1_928' title='bbox 929 4552 1166 4622; x_wconf 89' lang='lat' dir='ltr'>epistola</span> <span class='ocrx_word' id='word_1_929' title='bbox 1188 4552 1261 4605; x_wconf 91' lang='lat' dir='ltr'>ad</span> <span class='ocrx_word' id='word_1_930' title='bbox 1290 4551 1557 4623; x_wconf 83' lang='lat' dir='ltr'>Philipp.,</span> <span class='ocrx_word' id='word_1_931' title='bbox 1584 4553 1767 4624; x_wconf 90' lang='lat' dir='ltr'>capite</span> <span class='ocrx_word' id='word_1_932' title='bbox 1797 4554 1849 4619; x_wconf 85' lang='lat'>9,</span> 
     </span>
    </p>
   </div>
   <div class='ocr_carea' id='block_1_118' title="bbox 202 4624 1857 4695">
    <p class='ocr_par' dir='ltr' id='par_1_118' title="bbox 202 4624 1857 4695">
     <span class='ocr_line' id='line_1_120' title="bbox 202 4624 1857 4695; baseline -0.001 -16"><span class='ocrx_word' id='word_1_933' title='bbox 202 4625 441 4687; x_wconf 84' lang='lat' dir='ltr'>ibidem,</span> <span class='ocrx_word' id='word_1_934' title='bbox 476 4640 604 4695; x_wconf 89' lang='lat' dir='ltr'>pag.</span> <span class='ocrx_word' id='word_1_935' title='bbox 629 4625 753 4687; x_wconf 71' lang='lat'>189,</span> <span class='ocrx_word' id='word_1_936' title='bbox 784 4625 1024 4695; x_wconf 88' lang='lat' dir='ltr'>loquens</span> <span class='ocrx_word' id='word_1_937' title='bbox 1049 4624 1118 4677; x_wconf 91' lang='lat' dir='ltr'>de</span> <span class='ocrx_word' id='word_1_938' title='bbox 1156 4627 1355 4678; x_wconf 90' lang='lat' dir='ltr'>sancto</span> <span class='ocrx_word' id='word_1_939' title='bbox 1393 4624 1572 4678; x_wconf 79' lang='lat' dir='ltr'>Paulo</span> <span class='ocrx_word' id='word_1_940' title='bbox 1602 4625 1857 4679; x_wconf 66' lang='lat' dir='ltr'>caeteris-</span> 
     </span>
    </p>
   </div>
   <div class='ocr_carea' id='block_1_119' title="bbox 204 4694 1855 4767">
    <p class='ocr_par' dir='ltr' id='par_1_119' title="bbox 204 4694 1855 4767">
     <span class='ocr_line' id='line_1_121' title="bbox 204 4694 1855 4767; baseline -0.001 -17"><span class='ocrx_word' id='word_1_941' title='bbox 204 4713 316 4767; x_wconf 83' lang='lat' dir='ltr'>que</span> <span class='ocrx_word' id='word_1_942' title='bbox 346 4695 618 4766; x_wconf 85' lang='lat' dir='ltr'>apostolis</span> <span class='ocrx_word' id='word_1_943' title='bbox 650 4696 765 4749; x_wconf 86' lang='lat' dir='ltr'>vita</span> <span class='ocrx_word' id='word_1_944' title='bbox 788 4694 1016 4749; x_wconf 88' lang='lat' dir='ltr'>functis.</span> <span class='ocrx_word' id='word_1_945' title='bbox 1051 4715 1073 4744; x_wconf 80' lang='grc' dir='ltr'>α</span> <span class='ocrx_word' id='word_1_946' title='bbox 1106 4695 1332 4767; x_wconf 88' lang='lat' dir='ltr'>Colloca</span> <span class='ocrx_word' id='word_1_947' title='bbox 1362 4712 1491 4750; x_wconf 91' lang='lat' dir='ltr'>eum</span> <span class='ocrx_word' id='word_1_948' title='bbox 1512 4696 1569 4749; x_wconf 91' lang='lat' dir='ltr'>in</span> <span class='ocrx_word' id='word_1_949' title='bbox 1594 4695 1722 4750; x_wconf 91' lang='lat' dir='ltr'>sinu</span> <span class='ocrx_word' id='word_1_950' title='bbox 1757 4699 1855 4749; x_wconf 82' lang='lat' dir='ltr'>Pa—</span> 
     </span>
    </p>
   </div>
   <div class='ocr_carea' id='block_1_120' title="bbox 203 4766 1856 4838">
    <p class='ocr_par' dir='ltr' id='par_1_120' title="bbox 203 4766 1856 4838">
     <span class='ocr_line' id='line_1_122' title="bbox 203 4766 1856 4838; baseline -0.001 -16"><span class='ocrx_word' id='word_1_951' title='bbox 203 4766 1466 4838; x_wconf 77' lang='lat' dir='ltr'>triarcharum,prophetarum,apostolorum,</span> <span class='ocrx_word' id='word_1_952' title='bbox 1482 4767 1856 4836; x_wconf 89' lang='lat' dir='ltr'>omniumque</span> 
     </span>
    </p>
   </div>
   <div class='ocr_carea' id='block_1_121' title="bbox 203 4836 1850 4910">
    <p class='ocr_par' dir='ltr' id='par_1_121' title="bbox 203 4836 1850 4910">
     <span class='ocr_line' id='line_1_123' title="bbox 203 4836 1850 4910; baseline -0.001 -17"><span class='ocrx_word' id='word_1_953' title='bbox 203 4840 302 4910; x_wconf 90' lang='lat' dir='ltr'>qui</span> <span class='ocrx_word' id='word_1_954' title='bbox 331 4838 433 4892; x_wconf 90' lang='lat' dir='ltr'>tibi</span> <span class='ocrx_word' id='word_1_955' title='bbox 472 4855 505 4893; x_wconf 94' lang='lat' dir='ltr'>a</span> <span class='ocrx_word' id='word_1_956' title='bbox 532 4836 741 4893; x_wconf 65' lang='lat' dir='ltr'>saeculo</span> <span class='ocrx_word' id='word_1_957' title='bbox 780 4840 1149 4908; x_wconf 88' lang='lat' dir='ltr'>placuerunt;</span> <span class='ocrx_word' id='word_1_958' title='bbox 1186 4836 1284 4893; x_wconf 86' lang='lat' dir='ltr'>ubi</span> <span class='ocrx_word' id='word_1_959' title='bbox 1314 4853 1431 4910; x_wconf 90' lang='lat' dir='ltr'>non</span> <span class='ocrx_word' id='word_1_960' title='bbox 1477 4842 1563 4892; x_wconf 89' lang='lat' dir='ltr'>est</span> <span class='ocrx_word' id='word_1_961' title='bbox 1602 4838 1850 4910; x_wconf 81' lang='lat' dir='ltr'>tristitia,</span> 
     </span>
    </p>
   </div>
   <div class='ocr_carea' id='block_1_122' title="bbox 201 4909 1853 4981">
    <p class='ocr_par' dir='ltr' id='par_1_122' title="bbox 201 4909 1853 4981">
     <span class='ocr_line' id='line_1_124' title="bbox 201 4909 1853 4981; baseline -0.002 -15"><span class='ocrx_word' id='word_1_962' title='bbox 201 4913 392 4973; x_wconf 91' lang='lat' dir='ltr'>dolor,</span> <span class='ocrx_word' id='word_1_963' title='bbox 424 4910 689 4981; x_wconf 89' lang='lat' dir='ltr'>gemitus,</span> <span class='ocrx_word' id='word_1_964' title='bbox 716 4911 895 4964; x_wconf 87' lang='lat' dir='ltr'>immo</span> <span class='ocrx_word' id='word_1_965' title='bbox 916 4910 1074 4964; x_wconf 89' lang='lat' dir='ltr'>locus</span> <span class='ocrx_word' id='word_1_966' title='bbox 1101 4924 1324 4979; x_wconf 87' lang='lat' dir='ltr'>piorum</span> <span class='ocrx_word' id='word_1_967' title='bbox 1342 4909 1593 4981; x_wconf 83' lang='lat' dir='ltr'>sedatus,</span> <span class='ocrx_word' id='word_1_968' title='bbox 1625 4914 1682 4964; x_wconf 90' lang='lat' dir='ltr'>et</span> <span class='ocrx_word' id='word_1_969' title='bbox 1704 4909 1853 4980; x_wconf 89' lang='lat' dir='ltr'>pari-</span> 
     </span>
    </p>
   </div>
   <div class='ocr_carea' id='block_1_123' title="bbox 199 4979 1854 5052">
    <p class='ocr_par' dir='ltr' id='par_1_123' title="bbox 199 4979 1854 5052">
     <span class='ocr_line' id='line_1_125' title="bbox 199 4979 1854 5052; baseline -0.002 -14"><span class='ocrx_word' id='word_1_970' title='bbox 199 4987 292 5038; x_wconf 83' lang='lat' dir='ltr'>ter</span> <span class='ocrx_word' id='word_1_971' title='bbox 312 4979 509 5052; x_wconf 80' lang='lat' dir='ltr'>quieta</span> <span class='ocrx_word' id='word_1_972' title='bbox 524 4986 679 5036; x_wconf 88' lang='lat' dir='ltr'>terra</span> <span class='ocrx_word' id='word_1_973' title='bbox 700 4987 1008 5047; x_wconf 89' lang='lat' dir='ltr'>rectorum,</span> <span class='ocrx_word' id='word_1_974' title='bbox 1036 4995 1348 5052; x_wconf 89' lang='lat' dir='ltr'>eorumque</span> <span class='ocrx_word' id='word_1_975' title='bbox 1378 4979 1472 5049; x_wconf 91' lang='lat' dir='ltr'>qui</span> <span class='ocrx_word' id='word_1_976' title='bbox 1501 4981 1558 5034; x_wconf 93' lang='lat' dir='ltr'>in</span> <span class='ocrx_word' id='word_1_977' title='bbox 1575 4995 1643 5034; x_wconf 90' lang='lat' dir='ltr'>ea</span> <span class='ocrx_word' id='word_1_978' title='bbox 1658 4979 1854 5052; x_wconf 84' lang='lat' dir='ltr'>vident</span> 
     </span>
    </p>
   </div>
   <div class='ocr_carea' id='block_1_124' title="bbox 198 5051 1854 5124">
    <p class='ocr_par' dir='ltr' id='par_1_124' title="bbox 198 5051 1854 5124">
     <span class='ocr_line' id='line_1_126' title="bbox 198 5051 1854 5124; baseline -0.002 -17"><span class='ocrx_word' id='word_1_979' title='bbox 198 5051 452 5124; x_wconf 88' lang='lat' dir='ltr'>gloriam</span> <span class='ocrx_word' id='word_1_980' title='bbox 484 5052 690 5109; x_wconf 86' lang='lat' dir='ltr'>Christi</span> <span class='ocrx_word' id='word_1_981' title='bbox 719 5052 821 5107; x_wconf 88' lang='lat' dir='ltr'>tui.</span> <span class='ocrx_word' id='word_1_982' title='bbox 876 5074 899 5103; x_wconf 76' lang='grc' dir='ltr'><strong>ι)</strong></span> <span class='ocrx_word' id='word_1_983' title='bbox 944 5054 1028 5106; x_wconf 90' lang='lat' dir='ltr'>lta</span> <span class='ocrx_word' id='word_1_984' title='bbox 1069 5052 1138 5124; x_wconf 87' lang='lat' dir='ltr'>in</span> <span class='ocrx_word' id='word_1_985' title='bbox 1168 5051 1423 5106; x_wconf 89' lang='lat' dir='ltr'>oratione</span> <span class='ocrx_word' id='word_1_986' title='bbox 1461 5066 1562 5124; x_wconf 70' lang='lat' dir='ltr'>pro</span> <span class='ocrx_word' id='word_1_987' title='bbox 1584 5051 1854 5124; x_wconf 80' lang='lat' dir='ltr'>fratribus</span> 
     </span>
    </p>
   </div>
   <div class='ocr_carea' id='block_1_125' title="bbox 198 5121 1853 5196">
    <p class='ocr_par' dir='ltr' id='par_1_125' title="bbox 198 5121 1853 5196">
     <span class='ocr_line' id='line_1_127' title="bbox 198 5121 1853 5196; baseline -0.002 -17"><span class='ocrx_word' id='word_1_988' title='bbox 198 5121 298 5196; x_wconf 72' lang='grc' dir='ltr'>ᾇαι</span> <span class='ocrx_word' id='word_1_989' title='bbox 320 5130 385 5179; x_wconf 83' lang='lat' dir='ltr'>in</span> <span class='ocrx_word' id='word_1_990' title='bbox 418 5124 634 5180; x_wconf 80' lang='lat' dir='ltr'>Christo</span> <span class='ocrx_word' id='word_1_991' title='bbox 662 5127 1062 5196; x_wconf 74' lang='lat' dir='ltr'>requieverunt,</span> <span class='ocrx_word' id='word_1_992' title='bbox 1088 5123 1238 5196; x_wconf 84' lang='lat' dir='ltr'>libro</span> <span class='ocrx_word' id='word_1_993' title='bbox 1256 5138 1368 5187; x_wconf 81' lang='lat' dir='ltr'>vui,</span> <span class='ocrx_word' id='word_1_994' title='bbox 1396 5121 1580 5196; x_wconf 80' lang='lat' dir='ltr'>capite</span> <span class='ocrx_word' id='word_1_995' title='bbox 1610 5122 1672 5175; x_wconf 83' lang='grc'><strong>41</strong></span> <span class='ocrx_word' id='word_1_996' title='bbox 1709 5124 1853 5196; x_wconf 61' lang='lat' dir='ltr'>Con:</span> 
     </span>
    </p>
   </div>
   <div class='ocr_carea' id='block_1_126' title="bbox 200 5192 1853 5265">
    <p class='ocr_par' dir='ltr' id='par_1_126' title="bbox 200 5192 1853 5265">
     <span class='ocr_line' id='line_1_128' title="bbox 200 5192 1853 5265; baseline -0.003 -14"><span class='ocrx_word' id='word_1_997' title='bbox 200 5192 563 5251; x_wconf 74' lang='lat' dir='ltr'>stitutionem</span> <span class='ocrx_word' id='word_1_998' title='bbox 606 5192 1085 5265; x_wconf 78' lang='lat' dir='ltr'>Apostolicarum,</span> <span class='ocrx_word' id='word_1_999' title='bbox 1130 5194 1363 5265; x_wconf 79' lang='lat' dir='ltr'>ibidem,</span> <span class='ocrx_word' id='word_1_1000' title='bbox 1403 5193 1618 5265; x_wconf 86' lang='lat' dir='ltr'>pariter</span> <span class='ocrx_word' id='word_1_1001' title='bbox 1648 5192 1853 5265; x_wconf 86' lang='lat' dir='ltr'>tomoI</span> 
     </span>
    </p>
   </div>
   <div class='ocr_carea' id='block_1_127' title="bbox 200 5264 1853 5339">
    <p class='ocr_par' dir='ltr' id='par_1_127' title="bbox 200 5264 1853 5339">
     <span class='ocr_line' id='line_1_129' title="bbox 200 5264 1853 5339; baseline -0.002 -19"><span class='ocrx_word' id='word_1_1002' title='bbox 200 5284 335 5339; x_wconf 87' lang='lat' dir='ltr'>pag.</span> <span class='ocrx_word' id='word_1_1003' title='bbox 387 5268 525 5321; x_wconf 68' lang='lat'>423:</span> <span class='ocrx_word' id='word_1_1004' title='bbox 563 5264 693 5336; x_wconf 55' lang='lat' dir='ltr'>quia</span> <span class='ocrx_word' id='word_1_1005' title='bbox 736 5266 1203 5330; x_wconf 89' lang='lat' dir='ltr'>Constitutiones,</span> <span class='ocrx_word' id='word_1_1006' title='bbox 1250 5264 1355 5339; x_wconf 82' lang='lat' dir='ltr'>etsi</span> <span class='ocrx_word' id='word_1_1007' title='bbox 1400 5264 1707 5318; x_wconf 88' lang='lat' dir='ltr'>Clementis</span> <span class='ocrx_word' id='word_1_1008' title='bbox 1739 5279 1853 5339; x_wconf 83' lang='lat' dir='ltr'>non</span> 
     </span>
    </p>
   </div>
   <div class='ocr_carea' id='block_1_128' title="bbox 198 5335 1855 5410">
    <p class='ocr_par' dir='ltr' id='par_1_128' title="bbox 198 5335 1855 5410">
     <span class='ocr_line' id='line_1_130' title="bbox 198 5335 1855 5410; baseline -0.004 -16"><span class='ocrx_word' id='word_1_1009' title='bbox 198 5335 319 5394; x_wconf 70' lang='lat' dir='ltr'>sint</span> <span class='ocrx_word' id='word_1_1010' title='bbox 345 5339 508 5410; x_wconf 86' lang='lat' dir='ltr'>cujus</span> <span class='ocrx_word' id='word_1_1011' title='bbox 540 5335 752 5392; x_wconf 83' lang='lat' dir='ltr'>nomen</span> <span class='ocrx_word' id='word_1_1012' title='bbox 784 5339 1105 5410; x_wconf 67' lang='lat' dir='ltr'>przet&#39;erunt,</span> <span class='ocrx_word' id='word_1_1013' title='bbox 1133 5335 1491 5410; x_wconf 77' lang='lat' dir='ltr'>eruditorum</span> <span class='ocrx_word' id='word_1_1014' title='bbox 1524 5341 1719 5410; x_wconf 72' lang='lat' dir='ltr'>tamen</span> <span class='ocrx_word' id='word_1_1015' title='bbox 1745 5335 1855 5389; x_wconf 82' lang='lat' dir='ltr'>cal-</span> 
     </span>
    </p>
   </div>
   <div class='ocr_carea' id='block_1_129' title="bbox 199 5407 1853 5479">
    <p class='ocr_par' dir='ltr' id='par_1_129' title="bbox 199 5407 1853 5479">
     <span class='ocr_line' id='line_1_131' title="bbox 199 5407 1853 5479; baseline -0.003 -14"><span class='ocrx_word' id='word_1_1016' title='bbox 199 5412 332 5466; x_wconf 89' lang='lat' dir='ltr'>culo</span> <span class='ocrx_word' id='word_1_1017' title='bbox 359 5407 697 5479; x_wconf 65' lang='lat' dir='ltr'>conscriptaa</span> <span class='ocrx_word' id='word_1_1018' title='bbox 728 5410 990 5463; x_wconf 84' lang='lat' dir='ltr'>videntur</span> <span class='ocrx_word' id='word_1_1019' title='bbox 1011 5408 1209 5477; x_wconf 89' lang='lat' dir='ltr'>primis</span> <span class='ocrx_word' id='word_1_1020' title='bbox 1236 5408 1498 5479; x_wconf 66' lang='lat' dir='ltr'>Ecclesiae</span> <span class='ocrx_word' id='word_1_1021' title='bbox 1529 5407 1775 5479; x_wconf 69' lang='lat' dir='ltr'>saeculis,</span> <span class='ocrx_word' id='word_1_1022' title='bbox 1788 5410 1853 5479; x_wconf 84' lang='lat' dir='ltr'>et</span> 
     </span>
    </p>
   </div>
   <div class='ocr_carea' id='block_1_130' title="bbox 201 5477 1853 5549">
    <p class='ocr_par' dir='ltr' id='par_1_130' title="bbox 201 5477 1853 5549">
     <span class='ocr_line' id='line_1_132' title="bbox 201 5477 1853 5549; baseline -0.003 -13"><span class='ocrx_word' id='word_1_1023' title='bbox 201 5477 605 5537; x_wconf 79' lang='lat' dir='ltr'>memorantur</span> <span class='ocrx_word' id='word_1_1024' title='bbox 630 5483 696 5535; x_wconf 87' lang='lat' dir='ltr'>ab</span> <span class='ocrx_word' id='word_1_1025' title='bbox 726 5479 1060 5541; x_wconf 85' lang='lat' dir='ltr'>Athanasio,</span> <span class='ocrx_word' id='word_1_1026' title='bbox 1087 5478 1346 5549; x_wconf 78' lang='lat' dir='ltr'>Eusebio,</span> <span class='ocrx_word' id='word_1_1027' title='bbox 1369 5477 1679 5547; x_wconf 89' lang='lat' dir='ltr'>Epiphanio</span> <span class='ocrx_word' id='word_1_1028' title='bbox 1705 5477 1853 5532; x_wconf 86' lang='lat' dir='ltr'>aliis-</span> 
     </span>
    </p>
   </div>
   <div class='ocr_carea' id='block_1_131' title="bbox 200 5549 1857 5625">
    <p class='ocr_par' dir='ltr' id='par_1_131' title="bbox 200 5549 1857 5625">
     <span class='ocr_line' id='line_1_133' title="bbox 200 5549 1857 5625; baseline -0.005 -16"><span class='ocrx_word' id='word_1_1029' title='bbox 200 5569 340 5625; x_wconf 88' lang='lat' dir='ltr'>que.</span> <span class='ocrx_word' id='word_1_1030' title='bbox 374 5554 453 5608; x_wconf 83' lang='lat' dir='ltr'>En</span> <span class='ocrx_word' id='word_1_1031' title='bbox 480 5555 671 5616; x_wconf 87' lang='lat' dir='ltr'>locum,</span> <span class='ocrx_word' id='word_1_1032' title='bbox 713 5569 781 5606; x_wconf 93' lang='lat' dir='ltr'>en</span> <span class='ocrx_word' id='word_1_1033' title='bbox 815 5554 1029 5625; x_wconf 67' lang='lat' dir='ltr'>lumen,</span> <span class='ocrx_word' id='word_1_1034' title='bbox 1058 5567 1159 5625; x_wconf 90' lang='lat' dir='ltr'>pro</span> <span class='ocrx_word' id='word_1_1035' title='bbox 1186 5549 1798 5625; x_wconf 84' lang='lat' dir='ltr'>animabus__ju_storum</span> <span class='ocrx_word' id='word_1_1036' title='bbox 1827 5562 1857 5601; x_wconf 82' lang='grc' dir='ltr'>θ</span> 
     </span>
    </p>
   </div>
   <div class='ocr_carea' id='block_1_132' title="bbox 202 5620 1858 5696">
    <p class='ocr_par' dir='ltr' id='par_1_132' title="bbox 202 5620 1858 5696">
     <span class='ocr_line' id='line_1_134' title="bbox 202 5620 1858 5696; baseline -0.005 -15"><span class='ocrx_word' id='word_1_1037' title='bbox 202 5620 445 5696; x_wconf 74' lang='lat' dir='ltr'>corpore</span> <span class='ocrx_word' id='word_1_1038' title='bbox 464 5625 702 5696; x_wconf 87' lang='lat' dir='ltr'>egressis</span> <span class='ocrx_word' id='word_1_1039' title='bbox 729 5641 747 5695; x_wconf 63' lang='lat'><strong><em>5</em></strong></span> <span class='ocrx_word' id='word_1_1040' title='bbox 777 5624 947 5678; x_wconf 86' lang='lat' dir='ltr'>verba</span> <span class='ocrx_word' id='word_1_1041' title='bbox 979 5622 1273 5696; x_wconf 78' lang='lat' dir='ltr'>nimirum,</span> <span class='ocrx_word' id='word_1_1042' title='bbox 1307 5626 1369 5675; x_wconf 90' lang='lat' dir='ltr'>ut</span> <span class='ocrx_word' id='word_1_1043' title='bbox 1400 5636 1466 5696; x_wconf 83' lang='lat' dir='ltr'>ex</span> <span class='ocrx_word' id='word_1_1044' title='bbox 1491 5620 1695 5675; x_wconf 89' lang='lat' dir='ltr'>iisdem</span> <span class='ocrx_word' id='word_1_1045' title='bbox 1725 5634 1858 5674; x_wconf 91' lang='lat' dir='ltr'>con-</span> 
     </span>
    </p>
   </div>
   <div class='ocr_carea' id='block_1_133' title="bbox 203 5693 1873 5765">
    <p class='ocr_par' dir='ltr' id='par_1_133' title="bbox 203 5693 1873 5765">
     <span class='ocr_line' id='line_1_135' title="bbox 203 5693 1873 5765; baseline -0.005 -12"><span class='ocrx_word' id='word_1_1046' title='bbox 203 5693 325 5753; x_wconf 76' lang='lat' dir='ltr'>stat</span> <span class='ocrx_word' id='word_1_1047' title='bbox 345 5693 706 5761; x_wconf 85' lang='lat' dir='ltr'>testimoniis,</span> <span class='ocrx_word' id='word_1_1048' title='bbox 729 5693 1053 5750; x_wconf 82' lang='lat' dir='ltr'>indicantia</span> <span class='ocrx_word' id='word_1_1049' title='bbox 1076 5694 1309 5765; x_wconf 80' lang='lat' dir='ltr'>gloriam</span> <span class='ocrx_word' id='word_1_1050' title='bbox 1354 5694 1666 5765; x_wconf 71' lang='lat' dir='ltr'>cmlestem,</span> <span class='ocrx_word' id='word_1_1051' title='bbox 1695 5707 1873 5765; x_wconf 40' lang='lat' dir='ltr'>man}</span> 
     </span>
    </p>
   </div>
   <div class='ocr_carea' id='block_1_134' title="bbox 204 5762 1877 5839">
    <p class='ocr_par' dir='ltr' id='par_1_134' title="bbox 204 5762 1877 5839">
     <span class='ocr_line' id='line_1_136' title="bbox 204 5762 1877 5839; baseline -0.004 -14"><span class='ocrx_word' id='word_1_1052' title='bbox 204 5768 433 5825; x_wconf 77' lang='lat' dir='ltr'>sionem</span> <span class='ocrx_word' id='word_1_1053' title='bbox 441 5766 601 5839; x_wconf 78' lang='lat' dir='ltr'>apud</span> <span class='ocrx_word' id='word_1_1054' title='bbox 612 5768 913 5839; x_wconf 62' lang='lat' dir='ltr'>Damnum,</span> <span class='ocrx_word' id='word_1_1055' title='bbox 931 5762 1190 5839; x_wconf 65' lang='lat' dir='ltr'>visioiwm</span> <span class='ocrx_word' id='word_1_1056' title='bbox 1202 5764 1403 5837; x_wconf 70' lang='lat' dir='ltr'>glorias</span> <span class='ocrx_word' id='word_1_1057' title='bbox 1420 5762 1647 5839; x_wconf 67' lang='lat' dir='ltr'>Christi,</span> <span class='ocrx_word' id='word_1_1058' title='bbox 1666 5768 1723 5818; x_wconf 83' lang='lat' dir='ltr'>et</span> <span class='ocrx_word' id='word_1_1059' title='bbox 1739 5780 1809 5839; x_wconf 87' lang='lat' dir='ltr'>qu</span> <span class='ocrx_word' id='word_1_1060' title='bbox 1820 5762 1877 5833; x_wconf 53' lang='lat' dir='ltr'>i-_&#39;</span> 
     </span>
    </p>
   </div>
   <div class='ocr_carea' id='block_1_135' title="bbox 207 5833 1875 5921">
    <p class='ocr_par' dir='ltr' id='par_1_135' title="bbox 207 5833 1875 5921">
     <span class='ocr_line' id='line_1_137' title="bbox 207 5833 1875 5921; baseline -0.005 -20"><span class='ocrx_word' id='word_1_1061' title='bbox 207 5842 345 5901; x_wconf 84' lang='lat' dir='ltr'>dem</span> <span class='ocrx_word' id='word_1_1062' title='bbox 370 5833 497 5921; x_wconf 73' lang='lat' dir='ltr'>post</span> <span class='ocrx_word' id='word_1_1063' title='bbox 517 5843 765 5898; x_wconf 85' lang='lat' dir='ltr'>mortem</span> <span class='ocrx_word' id='word_1_1064' title='bbox 790 5838 941 5899; x_wconf 81' lang='lat' dir='ltr'>illico</span> <span class='ocrx_word' id='word_1_1065' title='bbox 973 5833 1369 5908; x_wconf 74' lang='lat' dir='ltr'>obtinendam,</span> <span class='ocrx_word' id='word_1_1066' title='bbox 1402 5833 1875 5913; x_wconf 45' lang='lat' dir='ltr'>sinthilexpi‘aub</span> 
     </span>
    </p>
   </div>
   <div class='ocr_carea' id='block_1_136' title="bbox 1964 4550 3617 4625">
    <p class='ocr_par' dir='ltr' id='par_1_136' title="bbox 1964 4550 3617 4625">
     <span class='ocr_line' id='line_1_138' title="bbox 1964 4550 3617 4625; baseline 0.003 -20"><span class='ocrx_word' id='word_1_1067' title='bbox 1964 4550 2386 4625; x_wconf 68' lang='lat' dir='ltr'>Patriseorum,</span> <span class='ocrx_word' id='word_1_1068' title='bbox 2414 4551 2754 4625; x_wconf 23' lang='lat' dir='ltr'>irrepios‘ve&#39;ro</span> <span class='ocrx_word' id='word_1_1069' title='bbox 2778 4558 2823 4605; x_wconf 87' lang='lat' dir='ltr'>et</span> <span class='ocrx_word' id='word_1_1070' title='bbox 2856 4553 3080 4625; x_wconf 82' lang='lat' dir='ltr'>iniquos</span> <span class='ocrx_word' id='word_1_1071' title='bbox 3113 4558 3169 4607; x_wconf 80' lang='lat' dir='ltr'>iu</span> <span class='ocrx_word' id='word_1_1072' title='bbox 3189 4554 3430 4608; x_wconf 84' lang='lat' dir='ltr'>tenebras</span> <span class='ocrx_word' id='word_1_1073' title='bbox 3448 4550 3617 4625; x_wconf 64' lang='lat' dir='ltr'>inferi</span> 
     </span>
    </p>
   </div>
   <div class='ocr_carea' id='block_1_137' title="bbox 1961 4620 3608 4693">
    <p class='ocr_par' dir='ltr' id='par_1_137' title="bbox 1961 4620 3608 4693">
     <span class='ocr_line' id='line_1_139' title="bbox 1961 4620 3608 4693; baseline 0.004 -19"><span class='ocrx_word' id='word_1_1074' title='bbox 1961 4622 2086 4693; x_wconf 90' lang='lat' dir='ltr'>conj</span> <span class='ocrx_word' id='word_1_1075' title='bbox 2097 4620 2466 4693; x_wconf 82' lang='lat' dir='ltr'>iciendos,ubi</span> <span class='ocrx_word' id='word_1_1076' title='bbox 2477 4628 2582 4675; x_wconf 75' lang='lat' dir='ltr'>erit</span> <span class='ocrx_word' id='word_1_1077' title='bbox 2594 4623 2749 4691; x_wconf 83' lang='lat' dir='ltr'>ﬂetus</span> <span class='ocrx_word' id='word_1_1078' title='bbox 2758 4620 3045 4679; x_wconf 80' lang='lat' dir='ltr'>oculorum</span> <span class='ocrx_word' id='word_1_1079' title='bbox 3056 4631 3105 4678; x_wconf 80' lang='lat' dir='ltr'>et</span> <span class='ocrx_word' id='word_1_1080' title='bbox 3116 4620 3608 4692; x_wconf 71' lang='lat' dir='ltr'>stridordentium,</span> 
     </span>
    </p>
   </div>
   <div class='ocr_carea' id='block_1_138' title="bbox 1962 4692 3613 4753">
    <p class='ocr_par' dir='ltr' id='par_1_138' title="bbox 1962 4692 3613 4753">
     <span class='ocr_line' id='line_1_140' title="bbox 1962 4692 3613 4753; baseline 0.004 -7"><span class='ocrx_word' id='word_1_1081' title='bbox 1962 4692 2170 4748; x_wconf 86' lang='lat' dir='ltr'>Verum</span> <span class='ocrx_word' id='word_1_1082' title='bbox 2200 4692 2341 4746; x_wconf 87' lang='lat' dir='ltr'>nihil</span> <span class='ocrx_word' id='word_1_1083' title='bbox 2368 4693 2723 4748; x_wconf 81' lang='lat' dir='ltr'>difficultatis</span> <span class='ocrx_word' id='word_1_1084' title='bbox 2748 4693 2866 4749; x_wconf 64' lang='lat' dir='ltr'>haec</span> <span class='ocrx_word' id='word_1_1085' title='bbox 2908 4696 3177 4750; x_wconf 79' lang='lat' dir='ltr'>exhibent</span> <span class='ocrx_word' id='word_1_1086' title='bbox 3207 4698 3419 4752; x_wconf 72' lang='lat' dir='ltr'>Nicette</span> <span class='ocrx_word' id='word_1_1087' title='bbox 3440 4700 3613 4753; x_wconf 88' lang='lat' dir='ltr'>verba</span> 
     </span>
    </p>
   </div>
   <div class='ocr_carea' id='block_1_139' title="bbox 1962 4765 3608 4839">
    <p class='ocr_par' dir='ltr' id='par_1_139' title="bbox 1962 4765 3608 4839">
     <span class='ocr_line' id='line_1_141' title="bbox 1962 4765 3608 4839; baseline 0.002 -21"><span class='ocrx_word' id='word_1_1088' title='bbox 1962 4769 2162 4819; x_wconf 88' lang='lat' dir='ltr'>contra</span> <span class='ocrx_word' id='word_1_1089' title='bbox 2179 4767 2513 4839; x_wconf 68' lang='lat' dir='ltr'>praesentem</span> <span class='ocrx_word' id='word_1_1090' title='bbox 2534 4765 2945 4839; x_wconf 82' lang='lat' dir='ltr'>beatitudinem</span> <span class='ocrx_word' id='word_1_1091' title='bbox 2968 4767 3608 4839; x_wconf 87' lang='lat' dir='ltr'>animarumjustarum,</span> 
     </span>
    </p>
   </div>
   <div class='ocr_carea' id='block_1_140' title="bbox 1963 4835 3606 4907">
    <p class='ocr_par' dir='ltr' id='par_1_140' title="bbox 1963 4835 3606 4907">
     <span class='ocr_line' id='line_1_142' title="bbox 1963 4835 3606 4907; baseline 0.002 -18"><span class='ocrx_word' id='word_1_1092' title='bbox 1963 4840 2020 4907; x_wconf 84' lang='lat' dir='ltr'>et</span> <span class='ocrx_word' id='word_1_1093' title='bbox 2047 4852 2296 4906; x_wconf 69' lang='lat' dir='ltr'>praesens</span> <span class='ocrx_word' id='word_1_1094' title='bbox 2318 4835 2653 4905; x_wconf 91' lang='lat' dir='ltr'>supplicium</span> <span class='ocrx_word' id='word_1_1095' title='bbox 2675 4837 2998 4891; x_wconf 90' lang='lat' dir='ltr'>animarum</span> <span class='ocrx_word' id='word_1_1096' title='bbox 3022 4835 3353 4907; x_wconf 84' lang='lat' dir='ltr'>impiarum.</span> <span class='ocrx_word' id='word_1_1097' title='bbox 3386 4841 3431 4892; x_wconf 92' lang='lat' dir='ltr'>si</span> <span class='ocrx_word' id='word_1_1098' title='bbox 3454 4855 3606 4893; x_wconf 88' lang='lat' dir='ltr'>reco-</span> 
     </span>
    </p>
   </div>
   <div class='ocr_carea' id='block_1_141' title="bbox 1963 4904 3611 4979">
    <p class='ocr_par' dir='ltr' id='par_1_141' title="bbox 1963 4904 3611 4979">
     <span class='ocr_line' id='line_1_143' title="bbox 1963 4904 3611 4979; baseline 0.002 -19"><span class='ocrx_word' id='word_1_1099' title='bbox 1963 4904 2147 4979; x_wconf 81' lang='lat' dir='ltr'>lamus</span> <span class='ocrx_word' id='word_1_1100' title='bbox 2177 4923 2245 4962; x_wconf 89' lang='lat' dir='ltr'>ea</span> <span class='ocrx_word' id='word_1_1101' title='bbox 2270 4904 2441 4962; x_wconf 85' lang='lat' dir='ltr'>verba</span> <span class='ocrx_word' id='word_1_1102' title='bbox 2468 4912 2691 4979; x_wconf 90' lang='lat' dir='ltr'>tantum</span> <span class='ocrx_word' id='word_1_1103' title='bbox 2746 4908 3019 4979; x_wconf 77' lang='lat' dir='ltr'>respicere</span> <span class='ocrx_word' id='word_1_1104' title='bbox 3067 4904 3373 4978; x_wconf 82' lang='lat' dir='ltr'>corporum</span> <span class='ocrx_word' id='word_1_1105' title='bbox 3426 4925 3611 4963; x_wconf 82' lang='lat' dir='ltr'>resur-</span> 
     </span>
    </p>
   </div>
   <div class='ocr_carea' id='block_1_142' title="bbox 1963 4978 3604 5049">
    <p class='ocr_par' dir='ltr' id='par_1_142' title="bbox 1963 4978 3604 5049">
     <span class='ocr_line' id='line_1_144' title="bbox 1963 4978 3604 5049; baseline 0.003 -17"><span class='ocrx_word' id='word_1_1106' title='bbox 1963 4978 2275 5049; x_wconf 85' lang='lat' dir='ltr'>rectionem</span> <span class='ocrx_word' id='word_1_1107' title='bbox 2308 4983 2363 5032; x_wconf 91' lang='lat' dir='ltr'>et</span> <span class='ocrx_word' id='word_1_1108' title='bbox 2402 4978 2821 5049; x_wconf 83' lang='lat' dir='ltr'>revocationem</span> <span class='ocrx_word' id='word_1_1109' title='bbox 2855 4978 3181 5033; x_wconf 89' lang='lat' dir='ltr'>animarum</span> <span class='ocrx_word' id='word_1_1110' title='bbox 3227 4979 3284 5033; x_wconf 92' lang='lat' dir='ltr'>in</span> <span class='ocrx_word' id='word_1_1111' title='bbox 3327 4995 3604 5049; x_wconf 88' lang='lat' dir='ltr'>corpora:</span> 
     </span>
    </p>
   </div>
   <div class='ocr_carea' id='block_1_143' title="bbox 1962 5048 3611 5119">
    <p class='ocr_par' dir='ltr' id='par_1_143' title="bbox 1962 5048 3611 5119">
     <span class='ocr_line' id='line_1_145' title="bbox 1962 5048 3611 5119; baseline 0 -16"><span class='ocrx_word' id='word_1_1112' title='bbox 1962 5048 2097 5119; x_wconf 90' lang='lat' dir='ltr'>quia</span> <span class='ocrx_word' id='word_1_1113' title='bbox 2121 5054 2257 5103; x_wconf 90' lang='lat' dir='ltr'>tunc</span> <span class='ocrx_word' id='word_1_1114' title='bbox 2270 5054 2493 5118; x_wconf 90' lang='lat' dir='ltr'>sane,et</span> <span class='ocrx_word' id='word_1_1115' title='bbox 2519 5055 2649 5103; x_wconf 88' lang='lat' dir='ltr'>tunc</span> <span class='ocrx_word' id='word_1_1116' title='bbox 2673 5048 3038 5103; x_wconf 90' lang='lat' dir='ltr'>solummodo</span> <span class='ocrx_word' id='word_1_1117' title='bbox 3049 5050 3319 5119; x_wconf 86' lang='lat' dir='ltr'>eritjusta</span> <span class='ocrx_word' id='word_1_1118' title='bbox 3332 5048 3611 5105; x_wconf 69' lang='lat' dir='ltr'>distinctio</span> 
     </span>
    </p>
   </div>
   <div class='ocr_carea' id='block_1_144' title="bbox 1963 5119 3610 5191">
    <p class='ocr_par' dir='ltr' id='par_1_144' title="bbox 1963 5119 3610 5191">
     <span class='ocr_line' id='line_1_146' title="bbox 1963 5119 3610 5191; baseline 0.001 -17"><span class='ocrx_word' id='word_1_1119' title='bbox 1963 5119 2112 5175; x_wconf 90' lang='lat' dir='ltr'>inter</span> <span class='ocrx_word' id='word_1_1120' title='bbox 2142 5122 2320 5173; x_wconf 90' lang='lat' dir='ltr'>bonos</span> <span class='ocrx_word' id='word_1_1121' title='bbox 2350 5124 2406 5174; x_wconf 91' lang='lat' dir='ltr'>et</span> <span class='ocrx_word' id='word_1_1122' title='bbox 2434 5120 2637 5183; x_wconf 89' lang='lat' dir='ltr'>malos,</span> <span class='ocrx_word' id='word_1_1123' title='bbox 2669 5136 2798 5173; x_wconf 91' lang='lat' dir='ltr'>cum</span> <span class='ocrx_word' id='word_1_1124' title='bbox 2826 5120 2946 5191; x_wconf 65' lang='lat' dir='ltr'>haec</span> <span class='ocrx_word' id='word_1_1125' title='bbox 2980 5120 3267 5174; x_wconf 90' lang='lat' dir='ltr'>distinctio</span> <span class='ocrx_word' id='word_1_1126' title='bbox 3294 5122 3397 5175; x_wconf 89' lang='lat' dir='ltr'>sub</span> <span class='ocrx_word' id='word_1_1127' title='bbox 3422 5120 3610 5191; x_wconf 89' lang='lat' dir='ltr'>ipsum</span> 
     </span>
    </p>
   </div>
   <div class='ocr_carea' id='block_1_145' title="bbox 1964 5190 3611 5270">
    <p class='ocr_par' dir='ltr' id='par_1_145' title="bbox 1964 5190 3611 5270">
     <span class='ocr_line' id='line_1_147' title="bbox 1964 5190 3611 5270; baseline 0.002 -25"><span class='ocrx_word' id='word_1_1128' title='bbox 1964 5206 2166 5270; x_wconf 70' lang='lat' dir='ltr'>reapse</span> <span class='ocrx_word' id='word_1_1129' title='bbox 2195 5191 2405 5270; x_wconf 74' lang='lat' dir='ltr'>cadens</span> <span class='ocrx_word' id='word_1_1130' title='bbox 2434 5195 2725 5270; x_wconf 69' lang='lat' dir='ltr'>aspectum</span> <span class='ocrx_word' id='word_1_1131' title='bbox 2769 5190 3035 5270; x_wconf 77' lang='lat' dir='ltr'>omnibus</span> <span class='ocrx_word' id='word_1_1132' title='bbox 3078 5192 3405 5270; x_wconf 49' lang='lat' dir='ltr'>appar_ugrit</span> <span class='ocrx_word' id='word_1_1133' title='bbox 3434 5190 3457 5256; x_wconf 26' lang='lat'>;’</span> <span class='ocrx_word' id='word_1_1134' title='bbox 3481 5208 3611 5248; x_wconf 91' lang='lat' dir='ltr'>cum</span> 
     </span>
    </p>
   </div>
   <div class='ocr_carea' id='block_1_146' title="bbox 1963 5260 3616 5334">
    <p class='ocr_par' dir='ltr' id='par_1_146' title="bbox 1963 5260 3616 5334">
     <span class='ocr_line' id='line_1_148' title="bbox 1963 5260 3616 5334; baseline 0.002 -19"><span class='ocrx_word' id='word_1_1135' title='bbox 1963 5260 2177 5334; x_wconf 85' lang='lat' dir='ltr'>scilicet</span> <span class='ocrx_word' id='word_1_1136' title='bbox 2195 5260 2324 5314; x_wconf 88' lang='lat' dir='ltr'>boni</span> <span class='ocrx_word' id='word_1_1137' title='bbox 2348 5264 2405 5315; x_wconf 90' lang='lat' dir='ltr'>et</span> <span class='ocrx_word' id='word_1_1138' title='bbox 2428 5261 2563 5334; x_wconf 85' lang='lat' dir='ltr'>mali</span> <span class='ocrx_word' id='word_1_1139' title='bbox 2585 5262 2786 5334; x_wconf 88' lang='lat' dir='ltr'>iterum</span> <span class='ocrx_word' id='word_1_1140' title='bbox 2813 5262 3073 5317; x_wconf 90' lang='lat' dir='ltr'>homines</span> <span class='ocrx_word' id='word_1_1141' title='bbox 3091 5260 3211 5317; x_wconf 80' lang='lat' dir='ltr'>esse</span> <span class='ocrx_word' id='word_1_1142' title='bbox 3232 5262 3409 5333; x_wconf 78' lang='lat'>278</span> <span class='ocrx_word' id='word_1_1143' title='bbox 3432 5280 3616 5334; x_wconf 52' lang='lat' dir='ltr'>carpe.</span> 
     </span>
    </p>
   </div>
   <div class='ocr_carea' id='block_1_147' title="bbox 1964 5332 3618 5406">
    <p class='ocr_par' dir='ltr' id='par_1_147' title="bbox 1964 5332 3618 5406">
     <span class='ocr_line' id='line_1_149' title="bbox 1964 5332 3618 5406; baseline 0.002 -19"><span class='ocrx_word' id='word_1_1144' title='bbox 1964 5332 2080 5406; x_wconf 87' lang='lat' dir='ltr'>rint</span> <span class='ocrx_word' id='word_1_1145' title='bbox 2100 5348 2199 5402; x_wconf 92' lang='lat' dir='ltr'>per</span> <span class='ocrx_word' id='word_1_1146' title='bbox 2216 5332 2904 5406; x_wconf 10' lang='lat' dir='ltr'>novamgconjunctionem</span> <span class='ocrx_word' id='word_1_1147' title='bbox 2927 5334 3254 5406; x_wconf 89' lang='lat' dir='ltr'>animarum</span> <span class='ocrx_word' id='word_1_1148' title='bbox 3267 5332 3397 5388; x_wconf 81' lang='lat' dir='ltr'>cum</span> <span class='ocrx_word' id='word_1_1149' title='bbox 3421 5332 3618 5406; x_wconf 82' lang='lat' dir='ltr'>corpo-</span> 
     </span>
    </p>
   </div>
   <div class='ocr_carea' id='block_1_148' title="bbox 1964 5402 3618 5475">
    <p class='ocr_par' dir='ltr' id='par_1_148' title="bbox 1964 5402 3618 5475">
     <span class='ocr_line' id='line_1_150' title="bbox 1964 5402 3618 5475; baseline 0.004 -18"><span class='ocrx_word' id='word_1_1150' title='bbox 1964 5404 2120 5458; x_wconf 89' lang='lat' dir='ltr'>ribus</span> <span class='ocrx_word' id='word_1_1151' title='bbox 2151 5402 2282 5471; x_wconf 88' lang='lat' dir='ltr'>suis,</span> <span class='ocrx_word' id='word_1_1152' title='bbox 2320 5402 2469 5457; x_wconf 90' lang='lat' dir='ltr'>unde</span> <span class='ocrx_word' id='word_1_1153' title='bbox 2490 5402 2712 5475; x_wconf 80' lang='lat' dir='ltr'>ratione</span> <span class='ocrx_word' id='word_1_1154' title='bbox 2738 5405 3026 5473; x_wconf 66' lang='lat' dir='ltr'>primaevae</span> <span class='ocrx_word' id='word_1_1155' title='bbox 3057 5405 3289 5475; x_wconf 90' lang='lat' dir='ltr'>originis</span> <span class='ocrx_word' id='word_1_1156' title='bbox 3312 5402 3618 5463; x_wconf 79' lang='lat' dir='ltr'>hominum</span> 
     </span>
    </p>
   </div>
   <div class='ocr_carea' id='block_1_149' title="bbox 1965 5473 3618 5545">
    <p class='ocr_par' dir='ltr' id='par_1_149' title="bbox 1965 5473 3618 5545">
     <span class='ocr_line' id='line_1_151' title="bbox 1965 5473 3618 5545; baseline 0.003 -16"><span class='ocrx_word' id='word_1_1157' title='bbox 1965 5489 2245 5543; x_wconf 88' lang='lat' dir='ltr'>compago</span> <span class='ocrx_word' id='word_1_1158' title='bbox 2270 5473 2548 5529; x_wconf 89' lang='lat' dir='ltr'>consistit.</span> <span class='ocrx_word' id='word_1_1159' title='bbox 2579 5475 2737 5529; x_wconf 87' lang='lat' dir='ltr'>Justa</span> <span class='ocrx_word' id='word_1_1160' title='bbox 2765 5491 2987 5545; x_wconf 87' lang='lat' dir='ltr'>quoque</span> <span class='ocrx_word' id='word_1_1161' title='bbox 3012 5473 3277 5531; x_wconf 36' lang='lat' dir='ltr'>tunc-erit</span> <span class='ocrx_word' id='word_1_1162' title='bbox 3307 5477 3618 5543; x_wconf 83' lang='lat' dir='ltr'>distinctio,</span> 
     </span>
    </p>
   </div>
   <div class='ocr_carea' id='block_1_150' title="bbox 1966 5545 3617 5620">
    <p class='ocr_par' dir='ltr' id='par_1_150' title="bbox 1966 5545 3617 5620">
     <span class='ocr_line' id='line_1_152' title="bbox 1966 5545 3617 5620; baseline 0.004 -20"><span class='ocrx_word' id='word_1_1163' title='bbox 1966 5546 2115 5620; x_wconf 85' lang='lat' dir='ltr'>inter</span> <span class='ocrx_word' id='word_1_1164' title='bbox 2151 5547 2326 5599; x_wconf 90' lang='lat' dir='ltr'>bonos</span> <span class='ocrx_word' id='word_1_1165' title='bbox 2344 5550 2399 5600; x_wconf 89' lang='lat' dir='ltr'>et</span> <span class='ocrx_word' id='word_1_1166' title='bbox 2424 5545 2708 5620; x_wconf 89' lang='lat' dir='ltr'>malos,_id</span> <span class='ocrx_word' id='word_1_1167' title='bbox 2730 5551 2816 5599; x_wconf 88' lang='lat' dir='ltr'>est</span> <span class='ocrx_word' id='word_1_1168' title='bbox 2835 5546 3083 5620; x_wconf 82' lang='lat' dir='ltr'>perfecta</span> <span class='ocrx_word' id='word_1_1169' title='bbox 3113 5550 3278 5620; x_wconf 83' lang='lat' dir='ltr'>atque</span> <span class='ocrx_word' id='word_1_1170' title='bbox 3307 5552 3617 5620; x_wconf 89' lang='lat' dir='ltr'>completa,</span> 
     </span>
    </p>
   </div>
   <div class='ocr_carea' id='block_1_151' title="bbox 1968 5618 3623 5693">
    <p class='ocr_par' dir='ltr' id='par_1_151' title="bbox 1968 5618 3623 5693">
     <span class='ocr_line' id='line_1_153' title="bbox 1968 5618 3623 5693; baseline 0.003 -20"><span class='ocrx_word' id='word_1_1171' title='bbox 1968 5618 2039 5673; x_wconf 92' lang='lat' dir='ltr'>ob</span> <span class='ocrx_word' id='word_1_1172' title='bbox 2070 5631 2369 5693; x_wconf 63' lang='lat' dir='ltr'>corporum</span> <span class='ocrx_word' id='word_1_1173' title='bbox 2399 5618 2751 5693; x_wconf 79' lang='lat' dir='ltr'>consortium</span> <span class='ocrx_word' id='word_1_1174' title='bbox 2784 5633 2881 5693; x_wconf 83' lang='lat' dir='ltr'>seu</span> <span class='ocrx_word' id='word_1_1175' title='bbox 2921 5618 2993 5671; x_wconf 90' lang='lat' dir='ltr'>ad</span> <span class='ocrx_word' id='word_1_1176' title='bbox 3016 5618 3259 5693; x_wconf 67' lang='lat' dir='ltr'>gloriam</span> <span class='ocrx_word' id='word_1_1177' title='bbox 3291 5638 3388 5676; x_wconf 89' lang='lat' dir='ltr'>seu</span> <span class='ocrx_word' id='word_1_1178' title='bbox 3413 5618 3485 5675; x_wconf 74' lang='lat' dir='ltr'>ad</span> <span class='ocrx_word' id='word_1_1179' title='bbox 3508 5640 3623 5693; x_wconf 74' lang='lat' dir='ltr'>pce-</span> 
     </span>
    </p>
   </div>
   <div class='ocr_carea' id='block_1_152' title="bbox 1968 5686 3619 5759">
    <p class='ocr_par' dir='ltr' id='par_1_152' title="bbox 1968 5686 3619 5759">
     <span class='ocr_line' id='line_1_154' title="bbox 1968 5686 3619 5759; baseline 0.003 -15"><span class='ocrx_word' id='word_1_1180' title='bbox 1968 5703 2126 5755; x_wconf 90' lang='lat' dir='ltr'>nam,</span> <span class='ocrx_word' id='word_1_1181' title='bbox 2158 5686 2359 5759; x_wconf 90' lang='lat' dir='ltr'>quibus</span> <span class='ocrx_word' id='word_1_1182' title='bbox 2384 5692 2556 5743; x_wconf 89' lang='lat' dir='ltr'>antea</span> <span class='ocrx_word' id='word_1_1183' title='bbox 2589 5688 2722 5744; x_wconf 61' lang='lat' dir='ltr'>solae</span> <span class='ocrx_word' id='word_1_1184' title='bbox 2748 5687 2963 5744; x_wconf 65' lang='lat' dir='ltr'>animm</span> <span class='ocrx_word' id='word_1_1185' title='bbox 2992 5686 3415 5747; x_wconf 62' lang='lat' dir='ltr'>efficiebantur.</span> <span class='ocrx_word' id='word_1_1186' title='bbox 3457 5686 3619 5759; x_wconf 80' lang='lat' dir='ltr'>Quod</span> 
     </span>
    </p>
   </div>
   <div class='ocr_carea' id='block_1_153' title="bbox 1970 5760 3614 5845">
    <p class='ocr_par' dir='ltr' id='par_1_153' title="bbox 1970 5760 3614 5845">
     <span class='ocr_line' id='line_1_155' title="bbox 1970 5760 3614 5845; baseline 0.005 -31"><span class='ocrx_word' id='word_1_1187' title='bbox 1970 5765 2163 5845; x_wconf 67' lang='lat' dir='ltr'>autem</span> <span class='ocrx_word' id='word_1_1188' title='bbox 2184 5760 2345 5845; x_wconf 64' lang='lat' dir='ltr'>addit</span> <span class='ocrx_word' id='word_1_1189' title='bbox 2372 5760 2596 5843; x_wconf 55' lang='lat' dir='ltr'>Niceta:</span> <span class='ocrx_word' id='word_1_1190' title='bbox 2622 5775 2633 5815; x_wconf 72' lang='grc' dir='ltr'>ς</span> <span class='ocrx_word' id='word_1_1191' title='bbox 2654 5761 2866 5845; x_wconf 38' lang='lat' dir='ltr'>«.Tun&#39;c</span> <span class='ocrx_word' id='word_1_1192' title='bbox 2885 5760 3029 5833; x_wconf 87' lang='lat' dir='ltr'>justi</span> <span class='ocrx_word' id='word_1_1193' title='bbox 3050 5760 3515 5845; x_wconf 68' lang='lat' dir='ltr'>fulgebuntsicut</span> <span class='ocrx_word' id='word_1_1194' title='bbox 3528 5766 3614 5823; x_wconf 88' lang='lat' dir='ltr'>sol</span> 
     </span>
    </p>
   </div>
   <div class='ocr_carea' id='block_1_154' title="bbox 1966 5826 3626 5915">
    <p class='ocr_par' dir='ltr' id='par_1_154' title="bbox 1966 5826 3626 5915">
     <span class='ocr_line' id='line_1_156' title="bbox 1966 5826 3626 5915; baseline -0.001 -22"><span class='ocrx_word' id='word_1_1195' title='bbox 1966 5833 2237 5909; x_wconf 31' lang='lat' dir='ltr'>iniregno-</span> <span class='ocrx_word' id='word_1_1196' title='bbox 2246 5826 2431 5891; x_wconf 81' lang='lat' dir='ltr'>Patris</span> <span class='ocrx_word' id='word_1_1197' title='bbox 2441 5848 2640 5893; x_wconf 80' lang='lat' dir='ltr'>eorum</span> <span class='ocrx_word' id='word_1_1198' title='bbox 2652 5847 2675 5905; x_wconf 68' lang='grc' dir='ltr'><strong>ς</strong></span> <span class='ocrx_word' id='word_1_1199' title='bbox 2688 5828 2851 5911; x_wconf 81' lang='lat' dir='ltr'>impii</span> <span class='ocrx_word' id='word_1_1200' title='bbox 2864 5826 3254 5913; x_wconf 59' lang='lat' dir='ltr'>v&#39;eroetiuiqui</span> <span class='ocrx_word' id='word_1_1201' title='bbox 3274 5834 3626 5915; x_wconf 48' lang='lat' dir='ltr'>intenebris;</span> 
     </span>
    </p>
   </div>
  </div>
