4056 6188
187 258 334 320 1129

902 254 960 318 P.
1010 261 1302 322 BRAIDAE
1345 262 1817 324 DISSERTATIO
1859 263 1931 321 IN
1976 266 2034 338 S,
2082 267 2429 330 NICETAM.
2480 306 2541 314 -—
2581 273 2743 332 CAP.
2792 273 2863 334 Χ.

3436 283 3586 342 1130

181 408 296 478 non
329 388 622 478 autempab
662 388 1609 478 ullo,homipe,.e‘amﬂconvenieth
1651 411 1829 478 exspe:
1862 400 1906 457 Α
1939 413 2073 450 nam
2102 399 2403 478 dumtaxat
2425 401 2676 478 respicit,
2701 419 2812 457 non
2843 406 3164 461 doctrinam
3196 426 3207 462 :
3236 410 3399 478 quasi
3423 411 3589 466 nimi.

180 471 334 519 ctare
354 460 730 535 remediumjn
762 460 851 515 die
870 463 1123 531 judiciz’?
1162 464 1363 535 Aliqua
1394 481 1465 519 ne
1497 465 1668 535 igitur
1698 460 1830 521 sunt

181 537 432 616 peccata,
452 532 622 616 juxta
646 530 921 616 Nicetam,
969 534 1244 616 Ecclesia}.
1268 530 1544 616 'clavibus'
1560 552 1674 616 non
1703 538 1831 591 sub-

170 603 345 678 jecta,
376 603 922 678 p_r0ut_ltlontanistze
949 621 1014 659 ac
1043 606 1346 660 Novatiani
1370 608 1678 671 docebant;
1701 625 1827 678 quae

176 673 305 731 ideo
337 673 513 729 solius
538 673 633 727 Dei
655 674 871 748 judicio
904 678 1357 748 reservabantur,
1389 679 1562 732 etiam
1585 673 1828 748 post'da-

176 752 295 801 tam
331 750 635 815 actamque
667 745 738 798 ad
760 762 945 819 usque
980 747 1107 802 vitae
1136 749 1347 803 exitum
1381 745 1779 819 paenitentiam
1801 750 1828 802 *Ρ

247 821 407 872 Hanc
432 821 733 871 senserunt
756 816 812 869 in
836 818 1045 873 Nicetm
1074 820 1255 873 verbis
1286 816 1683 875 difﬁcultatem
1706 826 1827 874 tum

176 888 448 958 theologi,
482 892 602 959 tum
635 887 841 941 eruditi
876 905 888 952 ;
945 906 1009 942 ex
1058 889 1281 959 quibus,
1337 891 1381 945 si
1426 892 1599 954 lubet,
1634 892 1827 946 videas

174 960 439 1015 Natalem
473 958 855 1013 Alexandrum
894 958 1161 1015 Historia:
1203 962 1594 1017 Ecclesz'asticae
1620 963 1826 1017 saeculo

178 1048 250 1095 Ill,
282 1030 683 1086 dissertatione
713 1030 801 1094 22,
837 1047 1008 1100 prope
1040 1031 1234 1097 ﬁnem,
1264 1050 1485 1087 necnon
1518 1033 1826 1089 Benedicti-

176 1119 279 1156 nos
296 1101 815 1158 Ambrosianorum
837 1103 1083 1171 Operum
1106 1103 1351 1158 editores
1370 1105 1825 1159 admonitionein

174 1173 385 1227 librum
403 1172 551 1226 hunc
578 1172 647 1224 ad
674 1172 951 1241 Virginem
969 1175 1198 1242 lapsam.
1217 1174 1548 1239 Quinimmo
1572 1176 1827 1229 difﬁcul-

175 1250 354 1297 tatem
379 1243 527 1316 hanc
546 1243 689 1316 tanti
716 1242 1401 1316 fecerunt,t_Bellarminus
1426 1247 1738 1316 praesertim
1762 1264 1825 1300 ac

176 1314 533 1377 Possevinus,
582 1317 641 1367 ut
671 1312 727 1366 in
759 1315 941 1368 verbis
998 1314 1106 1369 illis
1159 1312 1502 1371 sententiam
1547 1317 1827 1371 vioderint

176 1402 406 1456 prorsus
429 1383 829 1444 Novatianam,
847 1402 1019 1454 quam
1043 1387 1260 1441 duobus
1291 1388 1445 1441 libris
1464 1390 1531 1442 de
1550 1388 1825 1443 Paeniten-

175 1458 252 1511 tia
280 1456 944 1529 impugnatAmbrosius,
970 1456 1207 1529 ideoque
1233 1475 1296 1512 ex
1313 1458 1419 1513 hoc
1440 1459 1614 1514 etiam
1640 1460 1825 1529 capite

176 1528 433 1583 libellum
462 1527 609 1580 hunc
658 1527 954 1581 Ambrosio
1002 1528 1466 1598 abjudicaverint.
1500 1527 1730 1594 Verum»,
1766 1534 1826 1585 ut

174 1600 386 1654 Nicetaa
419 1602 668 1652 mentem
686 1598 793 1651 hoc
818 1599 920 1652 loci
950 1598 1579 1670 intimiusexploremus
1601 1606 1657 1656 et
1673 1619 1825 1656 secu-

175 1671 289 1724 rius
322 1685 716 1742 assequamur,
748 1674 808 1742 ut
837 1671 1104 1742 eumdem
1132 1670 1301 1725 etiam
1322 1673 1392 1726 ab
1425 1673 1824 1742 omniprorsus

1940 470 2379 549 rumdiitissent,
2412 470 2643 549 amouit,
2663 472 2717 526 id
2741 481 2825 528 est
2844 475 3024 530 visum
3050 478 3159 532 fuit
3184 470 3469 549 expedire,
3499 500 3589 537 ne-

1938 541 2124 623 que‘in
2160 541 2270 621 line
2300 544 2552 623 dandam
2570 544 2943 623 imposterum
2962 541 3383 623 communionem
3398 541 3491 623 huj
3502 570 3588 607 us-

1938 611 2094 664 modi
2111 612 2246 691 reis,
2276 631 2397 684 quae
2423 611 2762 691 cteteroq‘uin
2790 633 2856 671 ex
2886 618 3147 691 Ecclesiae
3164 626 3445 691 potestate
3463 611 3588 678 dari

1938 686 2146 755 posset,
2179 700 2412 755 quzaque
2443 686 2579 740 data
2611 686 2883 741 hactenus
2926 688 3050 742 fuit.

2008 753 2502 832 Multam-quidem
2522 757 2850 832 disputandi
2881 759 3183 832 materiam
3215 765 3271 815 et
3297 761 3389 815 hic
3410 766 3466 815 et
3488 763 3585 816 alii

1938 822 2268 902 llliberitani
2287 822 2536 902 canones
2559 822 2838 902 theologis
2864 834 2921 902 et
2940 831 3175 885 eruditis
3202 834 3581 902 prmbuerunt,

1937 894 2029 980 ubi
2057 896 2575 980 severiorquaedam
2597 894 2969 980 disciplinain
2998 918 3058 956 re
3081 894 3584 980 paenitentialista;

1936 968 2060 1041 tuta
2082 966 2216 1041 _fui_t,
2251 974 2309 1041 et
2333 966 2423 1023 ubi
2452 987 2563 1023 non
2600 987 2710 1025 uno
2740 966 2798 1024 in
2832 972 2955 1026 loco
2986 966 3228 1041 negatur
3261 975 3582 1038 communio,

1936 1037 2219 1117 absolutio
2237 1039 2465 1117 scilicet,
2484 1042 2867 1117 quorumdam
2886 1037 3194 1117 criminum
3207 1045 3317 1098 reis
3336 1037 3582 1117 etiamin

1936 1108 2087 1160 exitu
2109 1108 2255 1162 vitae.
2293 1108 2643 1165 Verum'non
2672 1112 2784 1166 alia
2808 1115 2876 1167 de
2896 1131 3065 1167 causa
3088 1114 3142 1167 id
3172 1115 3383 1170 factum
3411 1116 3583 1171 fuisse

1935 1180 2257 1233 communis
2286 1182 2571 1236 sententia
2592 1189 2695 1246 est,
2718 1185 2825 1237 nisi
2849 1190 2909 1238 ut
2935 1184 3155 1239 facilius
3182 1186 3443 1241 homines
3461 1189 3585 1240 abs-

1936 1253 2287 1326 terrerentur
2333 1270 2365 1305 a
2394 1253 2750 1323 gravioribus
2782 1256 2931 1309 hisce
2966 1257 3226 1326 peccatis.
3283 1259 3353 1311 de
3381 1258 3585 1326 quibus

1936 1319 2153 1397 nullam
2171 1319 2657 1397 sperare'possent
2686 1319 3024 1397 abAEccles'ia
3046 1319 3463 1397 indulgentiam
3492 1343 3505 1390 ;
3530 1332 3588 1397 et

1936 1393 2661 1470 utreapsenullaautpene
2690 1395 2860 1470 nulla
2883 1393 3343 1470 adessetoccasio
3383 1396 3585 1470 severi-

1933 1464 2068 1542 tatis
2093 1464 2418 1542 huiusmodi
2446 1464 2796 1519 adhibendae.
2821 1466 2995 1542 Hodie
3011 1467 3243 1542 quidem
3270 1466 3588 1542 severitatis

1935 1531 2425 1613 hujusvc‘stigium
2461 1552 2574 1613 non
2602 1542 2787 1613 exstat
2812 1550 2822 1589 :
2858 1539 2955 1592 sed
2982 1531 3184 1613 eiliac
3208 1538 3385 1613 etiam
3413 1537 3587 1592 veteri

1935 1605 2237 1678 severitate
2270 1605 2464 1674 vigens
2496 1608 2795 1678 disciplina
2826 1609 3166 1677 processisse
3200 1609 3438 1673 videtur,
3474 1626 3587 1678 qua

1935 1677 2319 1744 quorumdam
2336 1677 2698 1745 peccatorum
2722 1679 3025 1743 absolutio,
3047 1684 3207 1735 extra
3226 1680 3429 1734 mortis
3451 1677 3587 1734 arti-

176 1739 653 1819 lttontanistarum
683 1741 1208 1819 acNovatianorum
1237 1759 1425 1819 errore
1450 1739 1820 1819 yindicemus,
1860 1761 1901 1818 Β
1935 1739 2147 1819 culum,
2188 1746 2284 1800 uni
2316 1739 2543 1801 summo
2571 1749 2822 1817 pontiﬁci
2867 1739 3153 1804 reservata
3193 1755 3295 1810 est.
3346 1756 3401 1803 et
3448 1767 3582 1819 quo-

175 1812 597 1883 distinguamus
638 1815 865 1881 oportet
894 1812 948 1865 in
978 1829 1038 1865 re
1072 1813 1398 1883 huiusmodi
1432 1814 1750 1868 doctrinam
1793 1832 1826 1868 a

173 1884 493 1953 disciplina.
514 1881 681 1936 Aliud
705 1898 952 1952 namque
971 1887 1056 1936 est
1083 1881 1291 1953 negare
1316 1885 1572 1939 Ecclesia:
1593 1885 1827 1940 faculta-

174 1960 292 2010 tem
321 1952 802 2025 peccataaliquot
825 1953 1092 2025 graviora
1117 1952 1684 2025 remittendi,utputa
1700 1973 1825 2010 mte-

175 2023 391 2091 chiam,
416 2023 812 2097 homicidium,
836 2024 1133 2093 etlapsum
1169 2024 1222 2078 in
1256 2023 1826 2097 idololatriam;quod

177 2096 655 2151 Montanistarum
687 2099 742 2149 et
771 2095 1219 2166 Novatianorum
1251 2097 1493 2166 capitale
1515 2102 1657 2163 erat,
1691 2095 1743 2153 et
1769 2098 1825 2151 in

176 2184 288 2238 quo
318 2166 599 2237 praecipue
627 2182 657 2219 a
689 2165 973 2238 catholica
1001 2167 1263 2238 doctrina
1294 2165 1705 2223 dissentiebant
1732 2181 1742 2219 :
1773 2173 1829 2222 et

176 2236 336 2293 aliud
362 2238 746 2309 quorumdam
772 2236 1675 2309 si‘militercriminumreis,etiam
1702 2243 1829 2309 post

177 2313 374 2364 actam
407 2324 471 2362 ex
514 2307 775 2380 Ecclesiae
815 2307 1076 2380 instituto
1126 2309 1525 2378 pmnitentiam
1556 2307 1728 2380 usque
1755 2311 1828 2364 ad

178 2383 502 2435 extremum
516 2378 665 2443 vitae,
686 2395 881 2447 pacem
898 2378 1272 2433 nihilominus
1285 2397 1349 2434 ac
1361 2378 1826 2435 communionem

180 2453 468 2521 denegare
500 2466 663 2519 ;qua3
695 2449 943 2503 severior
964 2450 1192 2519 quidem
1226 2452 1631 2506 nonnullarum
1650 2452 1830 2505 Eccle-

179 2521 400 2575 siarum
428 2537 492 2574 ac
516 2521 895 2592 quorumdam
929 2522 1553 2592 episcoporum,priscis
1574 2522 1827 2576 Ecclesiae

178 2592 426 2655 saeculis,
447 2596 503 2645 et
522 2591 719 2663 quinto
733 2591 924 2663 etiam
944 2592 1145 2647 Nicetaa
1164 2591 1368 2653 nostri,
1386 2593 1684 2663 disciplina
1701 2593 1825 2648 fuit.

180 2662 320 2734 Quis
348 2660 551 2717 autem
568 2660 773 2716 dixerit
796 2663 1005 2734 Nicetae
1032 2665 1220 2729 verba,
1251 2665 1319 2718 de
1358 2660 1559 2734 quibus
1584 2665 1827 2734 agimus,

180 2733 371 2805 potius
402 2733 1096 2805 sapereiMontanistarum
1112 2752 1176 2788 ac
1202 2733 1654 2789 Novatianorum
1671 2736 1830 2789 dam-

180 2804 391 2877 natam!
439 2804 779 2877 doctrinam,
823 2821 994 2875 quam
1026 2805 1439 2877 catholicorum
1470 2806 1829 2877 disciplinam

180 2875 415 2940 alicubi,
448 2875 649 2946 Nicetae
674 2875 845 2929 etiam
873 2879 1056 2940 aetate,
1092 2876 1378 2946 vigentem
1401 2875 1429 2929 ?

253 2947 592 3001 Communis
612 2945 843 2999 interim
865 2948 1019 3015 apud
1038 2945 1532 3002 Patresinvenitur
1544 2945 1830 3000 distinctio

180 3022 566 3089 peccatorum,
587 3018 665 3089 ad
692 3033 923 3071 sensum
968 3017 1411 3088 Scripturarum,
1445 3018 1595 3089 inter
1614 3024 1834 3085 peccata

180 3087 449 3143 videlicet
473 3088 532 3140 in
578 3087 765 3150 Deum,
791 3092 847 3141 et
868 3087 1108 3155 peccata
1139 3089 1198 3141 in
1217 3089 1425 3157 fratres
1447 3105 1543 3141 seu
1577 3088 1639 3141 in
1664 3089 1830 3141 homi-

178 3176 297 3223 nes,
329 3162 393 3212 ut
423 3158 613 3211 videre
670 3162 755 3211 est
780 3159 930 3228 apud
983 3158 1287 3223 Morinum,
1340 3161 1409 3213 de
1460 3160 1833 3213 Sacramento

182 3229 563 3292 Pmnitentiae,
604 3228 856 3298 pluribus
885 3228 941 3282 in
970 3229 1106 3283 locis
1142 3246 1154 3294 ;
1191 3230 1281 3284 ubi
1315 3230 1488 3283 etiam
1549 3229 1836 3297 intelligas

181 3317 362 3372 quam
392 3300 593 3372 acriter
612 3299 782 3372 locuti
809 3299 920 3372 sint
942 3302 1214 3372 adversus
1235 3305 1534 3371 peccantes
1555 3303 1616 3354 in
1640 3300 1833 3365 Deum,

179 3369 435 3442 quamve
458 3369 847 3442 difﬁciliorem
862 3370 949 3423 his
968 3371 1203 3442 veniam
1226 3369 1451 3441 semper
1463 3372 1835 3435 ostenderint,

182 3448 250 3496 ut.
279 3443 356 3496 ad
391 3442 673 3513 majorem
696 3441 1070 3513 paenitudinis
1096 3459 1327 3497 sensum
1359 3459 1455 3512 pro
1485 3442 1837 3513 peccatishu-

173 3511 444 3585 jusmodi
471 3511 568 3566 eos
590 3511 923 3585 excitarent,
955 3511 1841 3585 majoresquepmnitentitelabo-

180 3582 277 3638 res
308 3582 618 3654 exigerent,
648 3583 798 3636 inter
845 3582 1079 3652 peccata
1129 3582 1298 3654 porro
1330 3582 1390 3637 in
1436 3585 1603 3638 Deum
1636 3583 1840 3638 merito

182 3655 523 3709 recensebat
554 3652 780 3725 Nicetes
814 3670 943 3725 sum
984 3652 1219 3723 virginis
1251 3656 1493 3725 lapsum,
1524 3672 1691 3725 quem
1721 3660 1840 3707 tam

184 3741 347 3795 saepe
374 3726 429 3777 in
463 3724 665 3778 eodem
697 3723 887 3778 libello
918 3729 975 3779 ct
994 3723 1327 3781 adulterium
1360 3728 1421 3779 in
1448 3723 1759 3795 Dominum,
1788 3728 1844 3778 et

182 3796 349 3868 ﬁdem
373 3795 713 3868 Dominenon
741 3802 1013 3868 servatam
1042 3796 1449 3868 appellaverat.
1478 3794 1837 3868 Quinetiam,

186 3865 260 3922 ex
292 3866 536 3937 peccatis
566 3865 894 3937 hujusmodi
923 3866 983 3919 in
1011 3865 1205 3926 Deum,
1246 3867 1479 3921 dubium
1514 3866 1845 3937 nullumest

188 3936 368 4008 lapsae
398 3936 569 4008 hujus
600 3936 894 4006 peccatum
927 3937 1074 3991 inter
1097 3938 1563 4008 gravioralocum
1585 3936 1845 3991 habuisse

190 4007 405 4080 penes
436 4007 737 4080 Nicetam:
780 4024 878 4080 seu
930 4008 1036 4080 qui
1084 4007 1270 4080 pravae
1308 4008 1616 4063 voluntatis
1658 4008 1847 4080 potius

189 4077 371 4151 quam
392 4078 659 4151 humana:
683 4077 1005 4151 fragilitatis
1028 4077 1237 4134 indicia
1250 4077 1847 4151 manifestapréefere-

188 4148 316 4215 bat,
352 4166 451 4203 seu
482 4148 613 4219 quia
645 4149 888 4221 aliorum
929 4149 1103 4221 etiam
1154 4157 1514 4221 peccatorum
1570 4148 1850 4221 habuerat

192 4222 574 4283 consectaria,
610 4236 707 4273 seu
737 4220 887 4291 quia
917 4222 989 4274 ad
1022 4220 1174 4275 idem
1207 4223 1439 4275 demum
1477 4220 1847 4291 aperiendum

193 4292 381 4373 invita
407 4307 604 4373 prorsu
630 4292 835 4373 adacta
869 4290 1072 4373 fuerat,
1109 4297 1276 4373 prout
1300 4293 1482 4373 capite
1503 4289 1850 4373 praecedenti

191 4379 301 4418 suo
326 4364 449 4433 loco
481 4361 847 4433 dictumfuit.
882 4362 1017 4424 Quis
1048 4361 1223 4433 igitur
1244 4363 1484 4417 miretur
1503 4363 1853 4424 Nicetam,ex

194 4432 487 4489 sententia
506 4432 743 4487 canonis
775 4433 842 4485 t3
861 4432 1089 4487 concilii
1106 4433 1457 4498 llliberitani,
1486 4450 1657 4503 quem
1681 4433 1851 4486 citato

194 4504 389 4575 capite
418 4504 707 4575 superiore
734 4503 1033 4575 retulimus
1063 4505 1155 4558 ubi
1199 4504 1556 4575 disciplinam
1584 4504 1855 4572 poeniten-

193 4574 401 4655 tialem
430 4574 1208 4655 attigimusiquis,inquam,
1232 4574 1461 4630 miretur
1482 4574 1857 4655 Nicetam‘no-

199 4651 393 4701 strum
424 4644 704 4714 virginem
736 4645 893 4699 illam
923 4644 1143 4715 lapsam
1173 4648 1229 4700 in
1261 4662 1460 4701 earum
1493 4662 1731 4700 numero
1750 4644 1854 4699 ha-

197 4717 413 4785 buisse,
449 4716 519 4770 de
549 4716 751 4786 quibus
784 4717 980 4770 Patres
1031 4717 1112 4771 illi
1151 4721 1464 4772 sanxerunt
1492 4717 1579 4771 bis
1623 4716 1807 4771 verbis
1842 4731 1855 4767 :

200 4810 231 4838 ‹‹
246 4786 469 4841 Placuit
489 4803 593 4842 nec
614 4787 671 4840 in
684 4786 796 4841 ﬁne
817 4787 1072 4842 dandam
1092 4791 1304 4843 eisesse
1320 4787 1810 4843 communionem.
1833 4808 1853 4835 ι

200 4860 264 4913 id
282 4863 371 4913 est
397 4861 759 4927 peccatorum
778 4858 1221 4923 absolutionem,
1242 4865 1303 4913 ut
1320 4858 1424 4913 viri
1446 4859 1597 4913 docti
1625 4860 1860 4913 verbum

368 4929 759 5009 communt'onis
779 4928 993 4984 ibidem
1025 4930 1381 5009 intelligunt;
1411 4929 1652 5009 ideoque
1674 4929 1862 5009 eidem

203 5000 439 5063 dixisse,
473 5015 557 5070 ne,
591 4999 696 5053 sibi
737 5009 1086 5070 prcesumeret
1124 5003 1195 5056 ab
1219 4999 1479 5054 'humana
1522 4999 1606 5053 die
1635 4999 1861 5053 veniam

205 5072 359 5131 dari,
388 5069 663 5140 quoniam
712 5086 832 5140 qua:
858 5072 1079 5141 proprie
1108 5072 1159 5125 in
1208 5072 1496 5125 Dominum
1522 5076 1859 5139 peccaverat.

206 5144 279 5198 ab
314 5144 432 5212 ipso
460 5142 572 5196 solo
601 5158 728 5196 eam
760 5143 1109 5197 conveniebat
1140 5150 1444 5212 exspectare
1481 5141 1657 5212 286
1697 5154 1866 5194 reme-

206 5213 368 5268 dium
397 5212 735 5282 ?Numquid
767 5213 1244 5268 Montanistarum
1278 5218 1375 5267 aut
1413 5212 1866 5282 Novatianorum

206 5284 420 5339 tinctos
451 5281 641 5338 errore
670 5282 1047 5339 Illiberitanos
1078 5286 1267 5339 Patres
1315 5283 1645 5347 dixerimus,
1674 5282 1766 5353 qui
1791 5281 1869 5335 la-

207 5372 344 5426 psas
376 5371 442 5409 ex
470 5371 644 5424 prava
669 5354 854 5424 potius
885 5356 1178 5410 voluntate
1210 5372 1383 5424 quam
1416 5371 1480 5409 ex
1531 5353 1869 5426 infirmitate

208 5423 483 5498 virgines.
520 5426 690 5498 etiam
721 5426 776 5480 in
807 5426 955 5480 exitu
992 5428 1115 5498 vita;
1137 5423 1643 5487 conimunione,boc
1669 5429 1755 5498 est
1777 5423 1872 5477 ab-

210 5495 521 5560 solutione,
558 5496 901 5566 privarunt?
932 5499 1053 5552 Non
1103 5497 1159 5552 id
1192 5502 1342 5553 certe
1386 5514 1481 5552 eos
1532 5495 1866 5559 decrevisse,

209 5568 347 5649 quia
382 5567 1019 5649 nulla‘m‘agnoscerent
1048 5569 1104 5622 in
1146 5567 1390 5649 peccatis
1430 5567 1760 5649 huiusmodi
1787 5583 1869 5649 re-

210 5638 479 5695 laxandis
505 5638 760 5694 Ecclesia
794 5638 1162 5706 facultatem,
1175 5640 1261 5695 vel
1288 5640 1476 5710 ipsum
1499 5638 1736 5693 verbum
1756 5639 1872 5708 pla-

210 5712 347 5792 cuit,
372 5711 525 5792 quod
554 5716 853 5781 usurpant,
886 5710 1024 5792 satis
1049 5711 1302 5792 ostendit
1326 5728 1340 5778 ;
1371 5710 1523 5792 unde
1552 5725 1764 5792 eorum.
1782 5724 1875 5792 pe-

212 5779 449 5838 culiaris
476 5781 587 5837 hac
615 5779 786 5852 super
806 5798 869 5838 re
893 5782 1161 5839 voluntas
1191 5782 1455 5854 emergit,
1479 5796 1607 5853 quas
1627 5779 1879 5852 discipli-

518 5868 760 5928 ΡΑτιιοι..
801 5869 919 5927 LII.

1936 1817 2201 1890 rumdam
2234 1834 2458 1890 quoque
2484 1819 2721 1889 singulis
2741 1820 3018 1889 episcopis
3038 1820 3093 1874 in
3118 1820 3359 1890 propriis
3381 1817 3583 1873 didace-

1935 1886 2125 1951 sibus;
2161 1892 2221 1941 ut
2247 1886 2438 1958 aliqua
2468 1886 2695 1955 saltem,
2727 1886 2826 1943 aut
2866 1886 3055 1959 major
3082 1886 3180 1944 aut
3208 1886 3415 1952 minor,
3441 1890 3582 1943 obti-

1936 1959 2137 2031 nendae
2189 1959 2260 2012 ab
2298 1960 2560 2031 Ecclesia
2612 1961 2787 2015 veniae
2833 1961 3142 2015 difﬁcultas
3204 1961 3583 2031 promptiores

1936 2027 2199 2102 homines
2214 2030 2484 2102 reddatiu
2501 2030 2584 2084 his
2604 2031 2883 2102 fugiendis
2896 2027 3313 2086 criminibuset
3326 2027 3402 2085 ita
3418 2048 3584 2102 gone-

1937 2099 2109 2152 ratim
2126 2099 2431 2153 Christiani
2456 2099 2704 2155 nominis
2726 2102 3012 2156 sanctitati
3037 2102 3340 2156 salubriter
3363 2099 3584 2155 co'nsul-

1936 2170 2185 2242 tumdsit.
2227 2170 2351 2242 Alia
2390 2172 2653 2226 similiter
2678 2172 2874 2242 priscis
2905 2174 3121 2226 saculis
3153 2173 3585 2227 obtinebantdi-

1937 2240 2186 2313 sciplina:
2216 2241 2404 2313 capita
2432 2240 2830 2312 duriora,'qua3
2861 2247 3056 2313 postea
3086 2248 3185 2297 aut
3209 2259 3275 2297 ex
3306 2249 3466 2312 parte
3487 2247 3586 2296 aut

1938 2326 2004 2366 ex
2035 2311 2256 2381 integro
2288 2312 2343 2365 in
2377 2311 2811 2367 desuetudinem
2841 2311 3103 2367 abierunt
3137 2330 3150 2378 ;
3184 2311 3353 2383 atque
3386 2315 3454 2366 de
3498 2313 3586 2365 his

1937 2383 2256 2451 generatim
2314 2383 2600 2438 rationem
2651 2385 2892 2437 reddens
2923 2390 3153 2438 sanctus
3206 2383 3583 2452 Augustinus,

1938 2452 2178 2523 epistola
2203 2454 2323 2517 185,
2352 2454 2423 2507 ad
2457 2454 2831 2519 Bonifacium,
2868 2471 3026 2508 num.
3067 2457 3154 2516 4-5,
3190 2454 3395 2511 aiebat.
3432 2454 3585 2522 quod

1940 2524 2151 2577 multas
2181 2528 2392 2593 cogunt
2416 2524 2670 2578 invenire
2695 2525 3005 2579 medicinas
3028 2525 3341 2578 multorum
3373 2523 3588 2592 experi-

1939 2598 2137 2647 menta
2177 2592 2509 2649 mOrborum
2542 2612 2553 2647 :
2582 2617 2600 2642 ι
2638 2595 2731 2649 ubi
2755 2596 2930 2649 etiam
2946 2597 3014 2649 de
3044 2596 3291 2663 quodam
3317 2610 3490 2663 agens
3506 2592 3588 2663 dio

1939 2664 2186 2734 sciplinaa
2217 2664 2402 2735 rigore
2418 2681 2553 2735 erga
2568 2665 2800 2720 clericos
2818 2667 2888 2720 ob
2914 2662 3129 2720 crimen
3160 2662 3390 2735 aliquod
3415 2662 3590 2735 poeni-

1940 2733 2119 2790 tentia
2149 2733 2395 2801 functos,
2435 2733 2515 2789 ita
2541 2736 2822 2790 scribebat
2859 2757 2871 2791 :
2903 2758 2930 2788 «
2960 2737 3031 2792 Ut
3059 2733 3500 2790 constitueretur
3529 2733 3587 2788 in

1940 2805 2207 2877 Ecclesia,
2232 2822 2302 2877 ne
2322 2806 2624 2877 quisquam
2640 2811 2767 2876 post
2782 2806 2948 2875 alicuj
2963 2824 3024 2860 us
3041 2805 3295 2860 criminis
3312 2804 3589 2877 paeniten-

1941 2878 2079 2930 tiam
2110 2876 2438 2931 clericatum
2470 2877 2727 2946 accipiat,
2770 2878 2856 2931 vel
2889 2878 2963 2931 ad
3007 2877 3334 2931 clericatum
3369 2876 3586 2944 redeat,

1940 2947 2025 3002 vel
2057 2947 2115 3000 in
2142 2947 2409 3002 clericatu
2439 2953 2690 3010 maneat,
2723 2964 2835 3001 non
2868 2947 3264 3017 desperatione
3295 2946 3591 3015 indulgen-

1944 3018 2159 3086 tiae,sed
2184 3019 2372 3087 rigore
2399 3018 2612 3072 factum
2636 3022 2721 3072 est
2742 3018 3084 3088 disciplinae:
3114 3017 3366 3087 alioquin
3390 3021 3592 3070 contra

1942 3089 2127 3143 claves
2153 3089 2316 3142 datas
2342 3089 2597 3143 Ecclesiae
2624 3089 3020 3159 disputabitur,
3056 3090 3124 3143 de
3146 3089 3349 3159 quibus
3376 3087 3591 3159 dictum

1946 3164 2049 3223 est,
2075 3160 2206 3224 Quae
2234 3160 2513 3214 solvertlis
2540 3161 2595 3212 in
2632 3158 2799 3222 terra,
2826 3161 3004 3214 soluta
3035 3158 3196 3214 erunt
3223 3165 3274 3214 et
3307 3160 3363 3212 in
3389 3158 3537 3212 coelo.
3566 3177 3588 3206 ι)

1945 3229 2267 3300 Disciplina;
2290 3231 2480 3300 itaque
2500 3230 2671 3301 rigor,
2695 3231 2809 3301 qui,
2831 3233 2902 3285 ob
2925 3247 3232 3285 commune
3259 3232 3475 3301 bonum
3500 3231 3595 3282 Ec—

1946 3301 2147 3360 clesiae,
2170 3303 2365 3355 Patres
2397 3300 2774 3355 llliberitanos
2800 3301 3024 3356 induxit
3050 3304 3119 3355 ad
3146 3300 3591 3362 communionem,

1948 3372 2000 3425 id
2035 3376 2122 3426 est
2146 3372 2585 3438 absolutionem,
2620 3373 2790 3442 lapsis
2821 3390 2887 3426 ex
2914 3390 3087 3442 prava
3120 3372 3410 3425 voluntate
3429 3369 3595 3442 virgi-

1950 3442 2133 3505 nibus,
2168 3442 2422 3496 etiamin
2456 3444 2580 3497 vitae
2598 3440 2769 3505 exitu,
2799 3440 3220 3511 denegandam.
3254 3442 3383 3511 licet
3409 3440 3477 3511 de
3501 3440 3597 3511 Etc-

1949 3513 2151 3590 clesiae,
2182 3513 2428 3567 clavium
2462 3514 2667 3590 virtute
2708 3529 2821 3590 non
2850 3508 3208 3590 dubitarent,
3238 3510 3389 3590 rigor
3410 3508 3595 3590 hicdi-

1950 3584 2223 3654 sciplinze,
2252 3599 2363 3637 non
2388 3588 2582 3654 autem
2605 3584 2904 3636 Novatiani
2931 3587 3027 3637 aut
3054 3578 3598 3654 Montanistici_do_g-

1952 3648 2123 3709 matis
2174 3654 2481 3722 persuasio,
2516 3653 2773 3706 Nicetam
2811 3669 3033 3722 quoque
3078 3658 3335 3706 nostrum
3386 3648 3597 3722 adegit,

1953 3731 2014 3780 ut
2033 3719 2203 3793 lapsa;
2223 3739 2335 3777 suta
2359 3723 2743 3777 communionis
2756 3719 2980 3788 itidem,
2998 3724 3184 3777 omnis
3200 3722 3413 3777 scilicet
3427 3719 3600 3793 venite

1952 3798 2024 3850 ab
2052 3792 2304 3866 Ecclesia
2326 3794 2649 3848 obtinendae
2676 3811 2835 3865 spem
2866 3794 3166 3859 adimeret,
3214 3799 3270 3848 et
3303 3792 3401 3848 Dei
3434 3792 3602 3866 unius

1955 3864 2358 3920 misericordiae
2389 3882 2517 3919 eam
2546 3871 2881 3920 reservaret.

2024 3935 2284 3991 Severior
2300 3935 2530 4005 quidem
2552 3936 2880 4008 hujusmodi
2898 3936 3217 4006 disciplina,
3243 3935 3346 3989 etsi
3374 3930 3603 4008 llliberi-

1955 4013 2225 4063 tanorum
2257 4008 2490 4061 Patrum
2515 4006 2857 4063 auctoritate
2890 4009 3143 4077 probata,
3171 4020 3486 4077 numquam
3523 4006 3606 4077 taf

1956 4095 2090 4133 men
2120 4078 2444 4132 communis
2489 4077 2743 4132 Ecclesiae
2777 4075 3077 4147 disciplina
3127 4076 3251 4147 fuit,
3302 4080 3363 4128 ut
3403 4075 3608 4147 notant

1958 4148 2188 4229 eruditi,
2211 4164 2395 4229 neque
2424 4148 2719 4229 diulocum
2752 4144 3014 4229 obtinuit.
3042 4146 3371 4229 Quinimmo
3400 4144 3609 4199 abusus

1962 4221 2204 4291 fortasse
2228 4218 2397 4291 hujus
2424 4218 2861 4291 severit_ati_s,qui
2882 4220 2940 4273 in
2968 4220 3246 4291 damnum
3271 4218 3614 4291 demumce-

1960 4294 2121 4365 deret
2138 4286 2464 4365 disciplinas,
2484 4288 2539 4342 id
2561 4286 2903 4365 effecit,ut_in
2928 4287 3358 4365 desuetudinem
3375 4286 3611 4365 tandem

1963 4362 2160 4425 abiret,
2186 4356 2320 4415 etut
2338 4356 2576 4414 Romani
2597 4361 2907 4431 praesertim
2926 4360 3237 4431 pontiﬁces,
3272 4356 3614 4431 benignitati

1891 4459 1934 4516 ι)
1964 4432 2149 4516 potius
2181 4448 2354 4512 quam
2391 4429 2689 4516 severitati
2712 4429 2939 4516 semper
2967 4429 3474 4516 studentes,‘illam
3500 4441 3614 4516 non

1965 4500 2143 4558 semel
2198 4500 2597 4572 improbarint.
2649 4500 2858 4567 Quinto
2899 4508 3093 4557 tamen
3139 4500 3341 4555 saeculo
3412 4501 3614 4554 eadem

1967 4575 2153 4629 adhuc
2165 4573 2498 4637 obtinuisse,
2521 4573 2599 4628 ita
2622 4578 2792 4638 utea,
2818 4574 3023 4629 alicubi
3050 4572 3222 4643 287
3242 4577 3377 4626 tunc
3397 4584 3617 4641 quoque

1967 4646 2157 4700 locum
2198 4646 2466 4707 habente,
2498 4644 2578 4699 uti
2629 4646 2872 4715 potuerit
2905 4662 3035 4700 cum
3078 4646 3236 4713 lapsa
3268 4659 3371 4697 sua
3395 4643 3619 4715 Nicetas

1970 4718 2182 4786 absque
2196 4733 2432 4772 censura
2444 4732 2527 4779 ,ex
2543 4711 2875 4772 eorumdem
2888 4711 3620 4786 Romanorumpontiﬁcutn

1971 4781 2224 4858 epistolis
2256 4787 2596 4857 colligimus,
2632 4788 2727 4857 qui
2759 4790 2864 4842 hac
2896 4803 3065 4856 super
3096 4801 3153 4839 re
3184 4781 3386 4858 eodem
3420 4781 3621 4835 saeculo

1972 4854 2045 4913 ad
2071 4854 2464 4928 episcoporum
2493 4854 2752 4912 consulta
2781 4854 3220 4928 respondebant.
3267 4854 3349 4928 Ita
3376 4866 3624 4928 namque

1973 4924 2344 5004 initiosacculi
2370 4928 2571 5004 quinti,
2602 4930 2810 5004 annovi
2829 4924 3033 5004 delicet
3057 4926 3178 5004 403,
3200 4924 3479 5004 scribebat
3496 4938 3623 4975 san-

1974 5005 2097 5073 ctus
2131 4996 2492 5073 Innocentius
2524 5001 2754 5073 papa_l,
2793 4996 3266 5073 ad_Exsuperiu_m
3298 4996 3625 5073 episcopum

1974 5071 2340 5133 Tolosanum,
2387 5062 2627 5144 epistola
2674 5069 2707 5122 6
2744 5062 2897 5144 apud
2920 5062 3630 5144 goustantiumalﬂpistolte

1978 5144 2372 5196 Romanorum
2406 5136 2758 5209 pontificum,
2785 5136 2892 5195 col.
2928 5142 3033 5194 792
3062 5136 3329 5193 editionis
3353 5136 3629 5209 Parisien-

1978 5212 2052 5287 sis
2083 5227 2112 5287 ;_
2130 5211 2223 5279 qui
2268 5205 2605 5287 Exsuperius
2628 5213 2895 5287 eumdem
2927 5212 3383 5287 interrogaverat
3413 5205 3547 5287 quid
3572 5205 3631 5258 in

1980 5283 2045 5337 iis
2064 5282 2351 5353 observari
2372 5283 2783 5353 oporteret,qui
2809 5288 2932 5353 post
2948 5281 3297 5353 baptismum
3320 5281 3631 5332 omnitem-

1979 5369 2115 5424 pore
2148 5352 2569 5424 incontinentiae
2619 5350 3251 5423 voluptatibus-dediti,
3286 5350 3633 5424 inextremo

1982 5420 2092 5479 ﬁne
2123 5423 2247 5477 vita:
2279 5442 2395 5479 suae
2423 5420 2815 5494 paenitentiam
2839 5425 3005 5479 simul
3031 5429 3087 5478 et
3108 5420 3633 5494 reconciliationem

1983 5496 2406 5552 communionis
2424 5490 2831 5565 exposcebant,
2851 5501 2906 5551 et
2926 5499 3123 5550 contra
3139 5510 3280 5565 quos
3302 5490 3635 5546 llliberitani

2024 5567 2295 5621 raasertim
2326 5564 2576 5621 canones
2593 5572 2744 5623 stare
2774 5567 3131 5633 videbantur,
3158 5564 3222 5620 ut
3251 5564 3370 5635 ipse
3398 5566 3641 5619 annotat

2028 5654 2094 5711 oc
2115 5638 2221 5693 loci
2238 5637 2492 5711 eruditus
2513 5638 2716 5711 editor.
2753 5662 2782 5690 ι(
2804 5641 2883 5695 De
2903 5639 2991 5695 his
3012 5638 3219 5711 (inquit
3250 5640 3483 5711 sanctus
3504 5650 3639 5706 pon-

1987 5709 2150 5782 tifex)
2181 5708 2500 5782 observatio
2544 5709 2721 5782 prior,
2769 5708 3027 5782 durior,
3053 5708 3355 5781 posterior,
3402 5708 3642 5782 interveo

1988 5776 2184 5837 niente
2237 5776 2655 5847 misericordia,
2707 5776 3071 5839 inclinatior:
3117 5782 3266 5839 Nam
3293 5776 3644 5836 consuetudo

3292 5864 3362 5921 36
