4056 6188
372 301 517 362 1211

369 435 426 484 Ei
445 435 530 484 lex
542 437 638 487 est.
659 431 918 496 quidquid
951 433 1094 496 circa
1115 431 1265 496 illum
1285 431 1474 496 fecerit
1495 431 1766 496 Dominus.
1790 432 1857 482 Ut
1873 446 2067 495 cogno-

369 501 482 546 seat
514 493 784 560 quomodo
811 493 926 560 'Deo
960 494 1175 560 serviat.
1207 493 1325 543 Suis
1355 495 1656 560 sumptibus
1689 496 1873 560 vivens
1915 493 2066 560 accu-

369 563 452 609 sat
480 557 786 611 Dominum,
821 559 925 606 163.
958 558 1208 620 lnquirat,
1244 571 1349 606 non
1371 570 1536 620 quare
1564 557 1705 612 velit,
1734 557 1822 606 sed
1853 559 1981 620 quid
2011 560 2068 607 ti-

370 623 444 670 eri
474 622 598 670 velit
625 621 899 673 Dominus,
936 618 1046 667 166.
1081 618 1273 668 Servus
1301 618 1407 668 Deo
1433 620 1698 668 famulans
1727 618 1883 668 vacet
1906 634 1937 669 a
1971 625 2067 670 ter-

370 684 530 738 renis,
563 684 669 730 170.
715 683 882 740 Quam
929 695 1130 743 peram,
1176 695 1368 744 panem
1399 686 1450 729 et
1479 696 1550 730 res
1582 687 1790 744 portare
1821 682 2066 732 debeant.

372 746 515 793 Servi
541 744 806 806 peculium
836 744 1060 806 pertinet
1093 744 1158 792 ad
1187 743 1484 798 dominum,
1519 743 1600 792 15.
1646 746 2008 794 Manumissus
2039 759 2070 794 a

371 808 596 856 Domino
632 807 821 854 induto
848 807 1118 854 servitutis
1150 806 1353 861 habitu,
1385 807 1468 859 96.

434 869 540 916 Sibi
557 869 827 916 attendere
854 869 973 930 quis
990 868 1212 924 dicatur,
1232 873 1282 916 et
1306 869 1594 931 quomodo.
1624 868 1740 922 Vill.
1763 869 2062 918 Attendere.

435 932 597 993 Signa
627 931 864 978 indicant
888 945 994 979 rem
1015 931 1409 986 inveniendam,
1445 932 1548 978 159.
1580 931 1759 989 Signa,
1793 946 1886 980 seu
1911 932 2066 980 mira-

371 993 494 1043 Cula
521 994 606 1056 cui
636 993 954 1056 priestanda,
991 997 1043 1042 et
1072 993 1137 1042 ad
1179 993 1325 1055 quid,
1356 995 1429 1042 11.
1471 993 1582 1041 νεά.
1616 994 1953 1049 Miraculum,
1993 995 2064 1042 Si-

373 1069 480 1118 gna
505 1054 720 1104 diabolo
749 1055 964 1111 obsunt,
986 1057 1070 1118 11.

435 1118 718 1190 Silentium
737 1131 831 1179 per
854 1117 997 1226 (Luod
1027 1119 1525 1226 peccatorpervenit
1646 1120 2062 1190 veniatuquale,

438 1215 448 1226 .
477 1181 579 1226 Cur
635 1180 785 1226 sileat
826 1180 862 1226 C
903 1194 1025 1226 rvso
1051 1194 1184 1226 unus
1205 1185 1442 1226 tempore
1478 1193 1740 1226 nassnoms
1762 1182 1967 1226 Christi.
1986 1183 2062 1226 77.

371 1180 448 1243 34.
477 1181 579 1228 Cur
635 1180 785 1228 sileat
826 1180 1184 1242 Cbrysologus
1205 1185 1442 1243 tempore
1478 1181 1740 1243 passionis
1762 1180 1967 1236 Christi,
1986 1183 2064 1232 77.

371 1195 448 1228 ss.
477 1195 579 1228 ωλι·
635 1195 785 1228 sileat
826 1195 1184 1242 unrysowgus
1205 1195 1442 1289 tempore
1478 1195 1740 1243 passionis
1762 1195 2064 1236 unrisu,'u.

371 1242 630 1291 Dominus
647 1245 808 1299 auget
838 1246 888 1289 et
915 1247 1160 1304 repensat
1182 1244 1253 1305 pii
1275 1244 1317 1290 si
1342 1244 1468 1290 entii
1488 1257 1725 1292 usuram.
1743 1243 2066 1305 Chrysologi

369 1305 660 1360 silentium,
693 1306 768 1352 86.
803 1305 1078 1352 Silentium
1101 1309 1151 1352 et
1183 1305 1451 1354 verbuma
1476 1305 1600 1353 Deo.
1630 1306 1702 1353 Ne
1734 1307 1900 1353 simus
1921 1307 1986 1354 de
2003 1319 2065 1354 eo

370 1367 564 1428 ingrati
592 1368 716 1414 Deo.
749 1366 915 1427 Culpa
943 1368 1167 1415 tacentis
1197 1381 1303 1415 non
1331 1371 1425 1421 est,
1460 1370 1501 1415 si
1527 1367 1749 1429 jubetur
1773 1367 2064 1422 silentium,

371 1430 446 1476 16.
469 1429 541 1491 Ex
559 1429 767 1476 silentio
799 1429 1036 1476 nascitur
1065 1444 1180 1486 vox,
1215 1430 1505 1491 quomodo,
1533 1431 1610 1476 92.
1629 1430 1816 1491 Arguit
1837 1434 2064 1485 reatum,

370 1491 446 1537 97.
468 1490 536 1538 Ex
562 1491 834 1538 sterilitate
859 1491 1006 1537 fundi
1028 1487 1298 1539 inducitur
1327 1491 1618 1545 silentium,
1640 1487 1748 1539 107.
1777 1492 1937 1541 Silere
1966 1493 2068 1541 vir-

371 1555 509 1616 tutes
536 1556 617 1600 est
645 1565 780 1614 opus
805 1551 1066 1616 dexteris;
1100 1553 1396 1616 propalare,
1421 1555 1668 1602 sinistrm.
1706 1556 1757 1605 9.

431 1613 646 1678 Simeon
661 1613 1180 1678 sfanctusiDominum
1196 1613 1339 1678 videt
1351 1620 1642 1678 antequam
1661 1617 1935 1670 moriatur,
1953 1616 2064 1665 106.

431 1676 833 1725 Similitudines.
869 1677 971 1724 Cur
992 1677 1289 1726 vernaculis
1321 1676 1615 1732 tradantur,
1647 1680 1724 1728 39.
1757 1678 1859 1726 Cur
1887 1678 2070 1726 datma

369 1737 594 1802 gini-isto,
621 1737 800 1802 17.7Ad
831 1739 1133 1788 docendum
1164 1741 1397 1802 ignaros,
1423 1740 1536 1790 106.
1579 1739 1694 1788 νεά.
1733 1740 2066 1802 Exemplum,

370 1800 596 1862 Figurm,
621 1801 889 1862 Vulgaria.

471 1863 754 1926 implicitas
808 1862 967 1911 habet
997 1864 1224 1924 gratiam
1275 1864 1609 1919 innocentiae,
1659 1864 1888 1912 fructum
1924 1864 2066 1912 ﬁdei.

370 1938 478 1988 non
509 1926 758 1981 scientim,
781 1930 834 1974 et
867 1926 1120 1988 virtutum
1154 1927 1448 1988 praemium,
1479 1928 1582 1974 166.
1639 1928 1816 1976 Civem
1867 1927 2067 1975 bonum

370 1987 512 2040 facit,
542 2002 647 2036 non
679 1988 804 2036 facit
829 1988 1049 2036 militem
1071 1987 1280 2037 fortem.
1311 1989 1642 2050 Hypocrisim
1674 2001 1891 2050 prorsus
1923 1991 2068 2050 igno-

372 2053 470 2103 rat.
504 2051 617 2103 172.
660 2051 790 2098 Cum
820 2064 883 2100 ea
912 2055 963 2100 ct
988 2065 1110 2100 cum
1140 2053 1359 2100 veritate
1411 2052 1624 2114 Agnum
1676 2051 1767 2100 Dei
1826 2051 2066 2100 immola-

373 2125 511 2169 mus,
532 2116 582 2160 et
616 2126 728 2160 cur.

433 2174 729 2239 Simulaera
761 2175 1026 2224 idolorum
1087 2177 1402 2238 semetipsos
1454 2176 1709 2224 facientes
1740 2177 1827 2223 Dei
1882 2177 2066 2239 imagi-

369 2247 492 2284 nem
524 2237 792 2292 amittunt,
827 2239 933 2286 155.
967 2239 1069 2286 Nec
1095 2242 1220 2286 sunt
1248 2239 1358 2287 haec
1388 2239 1610 2295 ludicra,
1638 2239 1728 2287 sed
1760 2239 1999 2287 crimina.

433 2298 649 2362 Sinapisr
673 2313 899 2358 granum
927 2301 1097 2349 simile
1129 2315 1294 2361 regno
1324 2302 1598 2355 cmlorum,
1635 2301 1752 2354 (ius,
1783 2303 1859 2356 98,
1881 2305 1931 2349 et
1950 2315 2062 2350 cur.

370 2359 755 2425 Seminandum
806 2362 860 2409 in
890 2364 1102 2425 nostris
1140 2359 1430 2414 mentibus.
1489 2364 1545 2411 In
1592 2364 1894 2424 integritate.
1949 2363 2065 2425 ejus

407 2425 520 2470 rani
553 2423 720 2488 virtus
754 2424 962 2488 occulta
1009 2429 1248 2488 apparet.
1299 2426 1343 2472 si
1395 2428 1610 2473 teratur.
1643 2423 1854 2488 Sinapis
1889 2423 2063 2483 arbor,

407 2497 498 2549 uni
524 2484 725 2549 claudit
748 2485 948 2549 oculos,
981 2484 1169 2549 aperit,
1193 2489 1273 2539 99.

431 2545 728 2607 Singulare.
762 2548 873 2596 Non
909 2545 1138 2612 refertur
1167 2549 1428 2612 exemplo,
1461 2551 1539 2598 61.
1571 2549 1924 2610 Singularitas
1960 2550 2067 2599 Deo

369 2620 476 2672 non
509 2612 588 2657 est
609 2614 842 2672 accepta.
868 2611 956 2657 sed
987 2612 1183 2664 unitas,
1217 2611 1333 2663 132.
1362 2612 1456 2659 Illa
1485 2626 1592 2660 non
1635 2613 1870 2660 admittit
1893 2626 2067 2661 exem-

370 2670 537 2733 plum,
557 2672 662 2720 153.
683 2670 772 2720 Est
797 2673 938 2720 mala
963 2674 1325 2731 singularitas.
1359 2675 1466 2724 170.
1491 2676 1534 2722 Α
1559 2674 1820 2729 dmmone,
1851 2689 1963 2729 cur,
1991 2676 2062 2722 16.

431 2733 773 2799 Sinistra._ln
817 2748 878 2782 ea
923 2735 1078 2784 nobis
1110 2749 1232 2799 pars
1265 2737 1535 2790 vitiorum,
1567 2740 1620 2784 et
1645 2750 1782 2798 qum,
1835 2739 1879 2784 9.
1927 2737 2067 2785 Mala

369 2796 617 2862 sinistrm.
648 2797 932 2862 Sinistrum
967 2811 1072 2862 non
1103 2796 1290 2862 recipit
1327 2799 1596 2847 divinitas.
1644 2796 1701 2846 ln
1752 2799 1960 2862 angelis
1991 2799 2064 2847 nil

368 2858 662 2915 sinistrum,
697 2859 774 2906 87.
809 2859 877 2907 Ut
900 2861 1013 2907 ovis
1044 2858 1322 2910 Dominica
1371 2862 1615 2910 ceciderit
1674 2861 1739 2909 de
1769 2858 1985 2910 dextera
2010 2863 2064 2910 in

371 2921 660 2976 sinistram,
692 2923 798 2970 168.
843 2920 949 2970 νηι.
971 2923 1210 2973 Dextera.

431 2982 570 3049 Silis.
619 2983 686 3049 Ut
717 2991 933 3049 curetur
965 2985 1158 3048 frigido
1211 2985 1375 3043 fonte,
1412 2987 1488 3034 46.
1519 2985 2065 3049 79.Ροςυ1υωνᾶίιιιω

366 3045 570 3110 frigidae
595 3046 1027 3110 viatoripcnitus
1049 3045 1191 3096 Sitim
1215 3061 1322 3096 non
1354 3048 1664 3110 exstinguit,
1687 3049 1794 3096 112.
1835 3048 1914 3098 Ad
1936 3045 2066 3097 tole-

366 3109 594 3156 rantiam
625 3109 886 3170 provehit,
911 3110 1016 3157 124.
1045 3111 1194 3159 Unda
1213 3111 1417 3159 ardenti
1441 3109 1552 3159 non
1575 3111 1948 3170 exstinguitur.
1972 3110 2063 3160 sed

364 3173 610 3278 fugetur,
641 3171 753 3221 172.
787 3171 1040 3219 Draconis
1069 3185 1198 3234 erga
1237 3173 1540 3228 Dominum,
1586 3173 1692 3221 174.

387 3245 494 3276 um.

387 3245 417 3276 ll
427 3245 475 3276 m
485 3267 494 3276 .

427 3291 694 3359 Sobrietas
733 3293 1049 3359 cautissime
1074 3297 1336 3359 servanda
1365 3297 1417 3344 in
1450 3296 1695 3359 sensibus
1723 3298 2061 3359 evangelicis,

366 3357 418 3401 et
442 3367 554 3408 cur,
587 3354 694 3401 125.
728 3354 996 3403 Sobrietas
1029 3357 1080 3404 in
1108 3357 1224 3405 cibo
1248 3358 1408 3414 utilis,
1443 3359 1518 3404 41.
1623 3356 1625 3359 ’

425 3416 659 3464 Societas
687 3416 844 3472 bona,
887 3421 938 3464 et
967 3432 1077 3474 cur,
1108 3421 1214 3467 170.
1249 3421 1287 3466 A
1318 3420 1499 3467 divina
1533 3420 1784 3468 societate
1815 3420 2062 3469 subducti

361 3479 704 3542 possidentur
731 3493 763 3528 a
792 3481 1051 3535 daemone,
1087 3483 1161 3529 16.
1194 3481 1471 3530 Societatis
1501 3494 1652 3529 amor
1679 3483 1925 3530 timorem
1962 3497 2065 3531 ser-

362 3542 548 3604 vitutis
575 3542 763 3598 aufert,
791 3544 1080 3604 quomodo,
1111 3545 1218 3591 166.
1261 3543 1372 3592 νεά.
1407 3545 1561 3593 Unio.

428 3603 620 3670 Socrus
641 3603 896 3653 dividitur
923 3619 1175 3670 agsponso
1202 3610 1250 3655 et
1283 3619 1496 3670 sponsa,
1520 3605 1809 3669 quomodo,
1834 3607 1942 3654 164.
1976 3605 2064 3656 So-

365 3677 485 3714 crus
514 3666 803 3729 Synsgoga
828 3666 1019 3716 occidit
1051 3669 1237 3725 illium,
1266 3666 1332 3718 ne
1374 3666 1578 3717 videret
1606 3670 1936 3717 consortium
1970 3683 2064 3718 nu-

363 3740 473 3776 rus.
505 3728 698 3777 Socrus
725 3731 862 3778 Petri
894 3730 1121 3780 infirma.

429 3789 536 3856 Sol.
563 3790 728 3856 Jubar
761 3792 888 3839 solis
918 3793 1195 3841 clariorem
1245 3794 1451 3856 perﬁcit
1496 3793 1657 3848 diem,
1706 3794 1750 3840 8.
1786 3793 1910 3856 Ejus
1930 3794 2064 3842 radii

366 3851 625 3918 occultan
649 3865 754 3901 non
777 3859 1017 3918 possunt,
1047 3857 1090 3903 9.
1115 3851 1306 3918 Tangit
1335 3859 1585 3909 stercora,
1610 3869 1706 3918 nec
1733 3851 2060 3918 inquinatur,

365 3913 443 3968 94,
480 3915 557 3962 35.
582 3913 1000 3964 Hiemorrhoissa
1029 3930 1135 3965 non
1167 3913 1341 3966 minor
1356 3917 1483 3972 sole,
1512 3919 1589 3964 36.
1613 3913 1963 3966 Fraudatores
1979 3931 2062 3967 ac-

365 3980 534 4031 cusat,
567 3978 662 4042 54.
683 3977 860 4026 Oculis
894 3979 1238 4042 lippientibus
1263 3980 1352 4028 dat
1394 3979 1657 4035 tenebras,
1681 3982 1764 4032 60.
1804 3981 2062 4042 Importu-

366 4051 494 4103 num
526 4040 769 4088 tenebrat
795 4040 1088 4103 aspectum.
1121 4043 1196 4090 61.
1233 4043 1304 4090 Eo
1331 4042 1583 4103 fugiente.
1619 4042 1684 4089 ad
1711 4040 1898 4091 noctis‘
1929 4043 2062 4091 sola-

364 4100 529 4167 tium,
555 4103 769 4167 quidgde
802 4100 1086 4166 splendore
1112 4105 1251 4153 lunm
1299 4109 1352 4152 et
1387 4100 1660 4152 stellarum
1692 4107 1864 4167 potest
1895 4118 2062 4153 rema-

363 4163 532 4210 nere?
571 4163 648 4212 78.
679 4165 734 4213 ln
769 4163 1128 4215 resurectione
1161 4167 1368 4215 Domini
1400 4171 1523 4214 ante
1576 4163 1787 4224 tempus
1813 4168 2058 4224 occurrit,

363 4225 444 4291 82.
479 4225 1010 4291 Totiushannirmetas
1039 4233 1338 4291 temporum
1371 4229 1649 4290 percurrit,
1682 4225 1738 4278 87
1762 4231 1788 4278 ?
1835 4230 2064 4278 Revocat

361 4287 498 4353 festa
532 4288 789 4338 natalitia.
823 4290 958 4348 Quid
997 4287 1328 4353 splendidius
1353 4287 1504 4339 sole?
1545 4292 1652 4353 101.
1695 4291 1864 4340 Habet
1889 4291 2061 4340 limem

361 4351 707 4411 geminatam,
742 4353 848 4400 103.
879 4354 990 4401 Νοη
1024 4351 1230 4414 indiget
1255 4354 1389 4409 luce,
1414 4354 1520 4402 110.
1553 4352 1797 4412 Quotidie
1829 4356 2066 4402 nascitur

364 4416 416 4459 et
462 4414 702 4462 moritur.
743 4415 846 4462 118.
879 4415 998 4463 Sole
1035 4418 1202 4463 sancti
1257 4417 1526 4472 clariores,
1590 4417 1693 4464 120.
1733 4415 1870 4464 Solis
1901 4417 2063 4464 radiis

364 4477 764 4543 erumpentibus
791 4478 935 4543 visus
963 4477 1258 4543 hebetatur.
1279 4479 1565 4534 humanus,
1605 4480 1708 4526 146.
1744 4479 1873 4540 Ejus
1892 4479 2064 4543 splen-

367 4535 466 4583 dor
493 4535 760 4584 illuminat
785 4539 998 4591 cmlum,
1032 4540 1139 4588 149.

428 4595 688 4664 Solstium
714 4602 794 4646 est
808 4599 874 4664 _i_n
888 4601 1090 4664 poenis,
1119 4615 1241 4664 cum
1274 4605 1400 4650 sunt
1429 4601 1724 4664 generales,
1750 4603 1858 4650 101.

429 4658 766 4708 Solemnitas.
807 4658 918 4708 νεάξ
957 4661 1253 4710 Festivitas.

425 4719 875 4798 Solitarius-patet
923 4723 1174 4798 omnibus
1207 4737 1432 4787 semper,
1463 4725 1569 4774 164.
1607 4723 1762 4773 Solus
1805 4729 1866 4774 ut
1896 4727 2066 4789 possit

368 4797 483 4832 esse
518 4785 571 4831 in
592 4785 952 4841 multitudine,
983 4788 1059 4834 36.

430 4846 657 4921 solvar-2.
687 4847 936 4921 Jnussione
966 4849 1190 4921 solvitur
1218 4861 1428 4921 manus,
1464 4863 1584 4921 qum
1609 4848 1851 4921 j'ussione
1897 4849 2068 4900 fuerat

367 4907 566 4975 ligata;
581 4910 664 4975 32.
685 4911 974 4975 Quomodo
1007 4911 1227 4975 tarditas
1254 4907 1535 4961 solutionis
1557 4924 1588 4960 a
1611 4907 1730 4958 Deo
1751 4925 2064 4975 compense-

367 4971 472 5028 tu’r,
507 4971 583 5019 77.
614 4972 824 5022 Solvere
883 4973 1116 5022 indebita
1153 4979 1388 5029 coactus,
1450 4975 1680 5022 maxime
1731 4971 2062 5034 deprimitur,

367 5034 490 5144 3137.!
517 5034 719 5145 Scilg‘tio
740 5037 1040 5084 cautionem
1073 5038 1233 5100 rupit,
1260 5039 1343 5092 62.
1382 5037 1628 5087 Solvetur
1657 5034 1911 5093 mundus,
1937 5053 2066 5102 quo-

425 5110 474 5145 ο(
497 5110 545 5145 o.
666 5135 676 5145 .

366 5100 545 5152 modo,
571 5100 676 5145 101.

427 5157 643 5226 Somnia
674 5161 964 5226 revelataa
991 5160 1190 5226 Joseph
1217 5162 1287 5210 illi
1311 5163 1475 5226 vitam
1504 5167 1805 5219 servarunt,
1829 5164 1935 5212 174.

425 5221 876 5286 Βοῳηυεναὴνὶειὶ
908 5223 960 5271 in
997 5221 1135 5286 navi~
1164 5224 1507 5286 periclitante,
1558 5239 1668 5278 cur,
1701 5228 1777 5273 21.
1834 5226 2064 5274 Somnus

364 5283 650 5348 sseculiest
667 5285 942 5340 insomnis,
965 5286 1040 5333 22.
1065 5283 1796 5348 Cur-somnoindulgendum,
1821 5289 1896 5335 24.
1923 5287 2062 5336 Mors

363 5345 503 5405 apud
533 5346 699 5396 Deum
726 5362 947 5397 somnus
979 5353 1073 5403 est,
1109 5350 1186 5396 34.
1207 5349 1465 5396 Dominus
1491 5343 1706 5398 adhibet
1731 5364 1980 5397 somnum
2009 5351 2060 5398 in

363 5409 674 5456 muneribus
698 5410 909 5474 dandis,
943 5415 1002 5459 ut
1023 5412 1276 5474 pietatem
1308 5411 1464 5466 velet,
1498 5413 1580 5461 39.
1610 5412 1700 5459 Est
1730 5414 1888 5461 etiam
1926 5426 2063 5460 som-

362 5478 464 5528 nus
495 5473 755 5528 mreroris,
784 5474 858 5521 81.

426 5527 796 5590 Spectaculum
829 5538 910 5581 est
934 5535 987 5582 in
1018 5534 1171 5589 coelo,
1205 5535 1294 5582 ubi
1323 5535 1374 5583 in
1402 5538 1541 5583 terra
1571 5538 1646 5584 est
1680 5536 1960 5584 conﬂictus
1987 5535 2062 5584 rli-

361 5588 828 5700 xgi‘tiiseépgrilzperis,
848 5598 955 5644 124.
981 5595 1119 5644 Mala
1151 5588 1455 5658 Spectacula
1473 5597 1641 5645 bonos
1665 5598 1928 5660 polluunt,
1951 5600 2058 5646 155.

417 5664 484 5697 ιη.
522 5664 709 5701 δορηα.

425 5711 650 5776 Specula
663 5714 901 5776 cretestis
936 5719 1169 5766 ostendit
1198 5732 1561 5768 mammonam
1617 5721 1880 5769 dominari
1910 5736 2060 5770 mun-

367 5772 615 5841 90,1126.
663 5773 997 5841 Dedspecula
1044 5780 1398 5829 confessionis
1432 5781 1682 5832 Zacbmus
1725 5783 1861 5832 vidit
1893 5784 2062 5836 venite

365 5830 692 5895 largitorem,
726 5833 806 5886 54.

1799 3173 1867 3222 id.
1905 3174 2065 3222 Pocu-

845 298 1065 360 INDEX
1107 298 1355 359 BERUM
1401 299 1958 361 MEMORABILIUM
2003 301 2061 358 ιδ

2192 297 2500 358 ἰΒΜΟΝΕΞ
2545 296 2603 358 S.
2651 295 2862 357 PETRI
2909 295 3378 358 CHRYSOLOGI.

3689 302 3795 363 1212

2237 429 2516 492 Spelunca.
2540 429 2642 478 Cur
2668 434 2962 480 memorata
2987 430 3040 478 in
3059 429 3332 492 sepultura
3357 429 3551 492 Lauri,
3583 431 3649 479 65.

2240 491 2386 555 Spes.
2419 491 2707 554 Speramus
2735 492 2878 554 quod
2920 505 3028 541 non
3061 491 3317 548 vldemus,
3369 493 3444 540 62.
3490 491 3808 555 Exspectemus

2178 553 2323 618 quod
2353 553 2629 618 speramus
2653 569 2664 602 :
2692 553 2813 603 cum
2830 555 3048 603 advenit
3078 568 3200 617 spes
3215 557 3399 618 cessat,
3435 555 3512 604 10.
3538 553 3643 617 spe.
3668 570 3807 608 nonre

2177 615 2352 681 homo
2371 615 2700 681 designatus,
2733 631 2842 666 non
2865 615 3152 681 promotus
3180 617 3247 664 ad
3277 615 3482 673 coelum,
3507 615 3584 681 62,
3600 618 3672 668 71.
3709 620 3809 681 Spes

2177 693 2284 743 non
2309 679 2534 743 videtur,
2569 682 2619 727 et
2647 693 2739 743 per
2769 679 3080 743 patiendum
3110 682 3460 743 exspectatur.
3501 679 3652 743 Omne
3676 679 3809 743 genus

2178 741 2459 792 hominum
2491 756 2584 814 spe
2611 741 2868 814 subsistit.
2891 742 3003 814 “in
3029 755 3120 814 spe
3161 742 3465 814 gloriamur,
3479 743 3594 814 Δ110.
3627 741 3735 814 Spes
3758 745 3809 814 ad

2178 817 2486 853 mensuram
2516 803 2862 866 plenitudinis
2887 803 3079 853 Christi
3102 803 3358 866 perducit.
3379 803 3612 866 Perfecta:
3640 803 3808 856 virtutis

2178 871 2274 930 est,
2300 866 2437 930 quod
2469 865 2527 915 in
2549 880 2729 930 renon
2752 870 2932 930 teneas
2943 867 3056 930 spei
3087 865 3274 915 robore
3297 865 3575 928 possidere.
3603 866 3713 930 Spes
3726 873 3811 918 tota

2178 881 2274 922 est,
2300 881 2437 929 quou
2469 881 2523 915 in
2549 881 2729 930 renon
2752 881 2932 916 teneas
2943 881 3056 930 spei
3087 881 3274 915 ronore
3297 881 3575 928 pOSSlael'e.
3603 881 3811 976 apesiois

2177 929 2298 978 fidei
2329 929 2638 978 Christianae
2671 932 2750 978 cst
2769 929 2821 978 in
2844 930 3229 978 resurrectione
3259 932 3596 984 mortuorum,
3655 930 3716 976 18.
3744 931 3812 979 Est

2178 992 2380 1040 donum
2418 992 2525 1046 Dei,
2557 992 2667 1041 135.
2702 991 2828 1055 Spes
2858 995 3197 1054 peccatorum
3236 995 3478 1053 promota
3501 989 3563 1040 ad
3590 993 3765 1040 veniam
3788 1005 3812 1042 a

2181 1054 2426 1102 Domino.
2457 1054 2563 1102 168.

2227 1068 2426 1109 omine,
2457 1068 2563 1102 ius.

2243 1116 2416 1178 Spinte
2454 1130 2546 1178 per
2570 1115 2760 1166 falcem
2787 1116 2916 1165 dum
2951 1115 3314 1170 succiduntur,
3348 1115 3516 1175 magis
3537 1119 3810 1176 accrescunt,

2180 1179 2292 1241 115.
2316 1178 2490 1240 Spinte
2521 1191 2834 1241 camporum
2863 1181 3108 1241 uruntur,
3138 1179 3244 1227 164.

2241 1239 2466 1302 Spiritus
2496 1239 2727 1290 sanctus.
2757 1240 3034 1299 Quomodo
3056 1240 3212 1288 faciat
3234 1239 3499 1288 interdum
3516 1243 3675 1302 partus
3701 1253 3813 1288 acer-

2180 1301 2292 1360 bos,
2321 1305 2395 1366 5_6.
2432 1302 2525 1352 Ubi
2552 1306 2788 1365 generat,
2808 1303 2986 1365 Virgo,
3005 1306 3246 1366 parturit,
3272 1304 3350 1352 57.
3379 1301 3541 1366 Unius
3556 1301 3810 1366 substantia

2177 1378 2298 1413 cum
2336 1363 2503 1420 Patre,
2532 1363 2586 1413 et
2613 1366 2763 1420 Filio,
2787 1366 2865 1413 58.
2899 1363 3034 1414 Deus
3059 1369 3139 1413 est
3162 1369 3478 1420 cooperator
3508 1364 3731 1417 t’atris,et
3755 1364 3814 1412 Fi-

2177 1427 2252 1481 lii,
2282 1428 2358 1473 60.
2392 1427 2625 1489 Negatus
2653 1428 2718 1476 ab
2745 1427 2978 1481 homine,
3008 1432 3234 1489 negatur
3271 1426 3438 1481 Pater,
3489 1430 3536 1474 et
3577 1426 3731 1482 Filius,
3753 1428 3813 1475 62.

2175 1489 2293 1538 Non
2316 1493 2367 1537 et
2393 1489 2444 1537 in
2476 1489 2639 1544 ebrio.
2669 1491 2744 1538 88.
2783 1490 3042 1539 Vitiorum
3076 1492 3243 1538 victor
3287 1490 3599 1537 intrinsecus
3621 1493 3812 1550 receptus

2214 1552 2451 1600 assiones
2468 1552 2764 1602 forinsecus
2779 1553 3086 1609 concidens,
3106 1553 3212 1600 115.
3243 1551 3458 1600 Mariam
3477 1551 3716 1602 fecundat.
3735 1551 3814 1599 tl'l.

2226 1614 2350 1662 nilis
2381 1613 2618 1663 illabitur
2645 1615 2920 1677 apostolis,
2953 1615 3062 1663 132.
3113 1614 3170 1662 ln
3208 1615 3514 1677 Penteceste
3541 1614 3815 1677 signiﬁcatus

2177 1689 2272 1738 per
2300 1689 2584 1725 numerum
2616 1675 2995 1739 septenarium,
3028 1676 3318 1739 quomodo,
3337 1677 3446 1724 139.
3476 1675 3545 1724 De
3575 1676 3732 1739 spiritu
3748 1687 3817 1722 ns-

2177 1744 2263 1801 tus
2288 1739 2506 1801 spiritus
2535 1742 2632 1793 est,
2662 1739 2768 1787 142.
2797 1739 2903 1788 Cur
2928 1739 3159 1788 adfuerit
3187 1752 3309 1787 cum
3341 1739 3488 1787 Patre
3517 1739 3567 1801 in
3601 1739 3816 1801 baptismo

2178 1799 2386 1864 gliristi,
2413 1801 2518 1850 137.
2547 1801 2651 1850 Cur
2671 1802 2824 1864 aquis
2850 1806 3157 1864 supernatat
3181 1802 3438 1864 inispecie
3467 1799 3817 1864 colunibie,_160.

2178 1862 2282 1926 Cur
2312 1865 2363 1926 in
2393 1864 2517 1926 igne
2549 1862 3030 1926 super—apostolos,
3081 1865 3188 1912 164.
3227 1862 3353 1926 Ejus
3398 1863 3536 1926 ignis
3566 1862 3819 1926 mortalium

2177 1923 2368 1994 frigida
2397 1913 2559 1994 corda
2615 1913 2907 1994 succendit,
2958 1913 3067 1975 169.
3116 1926 3230 1994 Una
3262 1913 3696 1994 'cumvlfatre_et
3718 1923 3820 1994 l_?_i_li_e

2177 1985 2371 2052 cuncta
2401 1988 2594 2052 secula
2622 1989 2857 2052 disponit
2881 2003 2976 2052 per
2999 1990 3182 2038 omnia
3214 1988 3317 2052 mvi
3371 1989 3557 2052 spatia,
3594 1987 3690 2036 174.
3724 1985 3816 2040 για,

2177 2003 2371 2036 cuneta
2401 2003 2594 2036 secula
2622 2003 2857 2099 αιεΒοηιι
2881 2003 2976 2052 per
2999 2003 3182 2038 omnia
3214 2003 3313 2036 cavi
3371 2003 3434 2098 ag)

2176 2051 2386 2105 Anima,
2421 2051 2668 2106 Trinitas,
2750 2065 2860 2099 eus.
2916 2051 3026 2099 νεά.
3075 2064 3232 2098 serm.
3269 2051 3381 2098 56-6
3425 2092 3435 2102 .

2239 2112 2500 2174 Splendor
2523 2112 2589 2160 ad
2615 2115 2905 2162 cmcitatem
2950 2114 3113 2169 ducit,
3169 2113 3276 2161 124.
3310 2111 3568 2175 Splendor
3604 2123 3820 2174 supernus

2178 2179 2259 2224 est
2285 2175 2662 2232 velamentum,
2696 2177 2803 2224 142.

2239 2236 2444 2299 Sponsa
2467 2237 2655 2304 C_li_risti
2677 2242 2757 2286 est
2777 2238 3026 2293 Ecclesia,
3047 2237 3338 2304 quomodo,
3358 2237 3435 2285 22.
3454 2237 3575 2304 Non
3594 2238 3822 2304 separatur

2175 2313 2207 2347 a
2245 2296 2460 2362 sponso,
2493 2301 2574 2353 57.
2614 2302 2876 2363 Sponsam
2919 2296 3079 2350 suam
3102 2301 3167 2347 M.
3199 2300 3463 2361 virginem
3479 2297 3654 2362 recipit
3689 2296 3822 2345 Chris-

2179 2365 2281 2434 tus,
2304 2377 2410 2434 non
2437 2362 2947 2434 prmripit_alienam,
2982 2364 3088 2411 140.
3115 2362 3320 2434 Conjux
3339 2373 3541 2434 sponsa
3564 2364 3756 2434 vecatur
3771 2372 3822 2434 ex

2176 2419 2510 2532 d'ivir‘igslege,
2544 2419 2650 2475 145.
2679 2425 2846 2475 Mater
2879 2419 2944 2474 et
2959 2437 3159 2488 sponsa
3187 2419 3422 2488 pastoris
3451 2427 3530 2472 est
3563 2423 3668 2484 ejus
3689 2419 3821 2469 Eccle-

2177 2500 2272 2532 sia.
2395 2523 2405 2532 .

2177 2486 2272 2541 sia,
2299 2487 2405 2534 175.

2238 2548 2533 2612 Sponsalia.
2560 2550 2598 2597 Α
2630 2563 2738 2612 quo
2764 2549 2900 2598 bene
2925 2552 3236 2612 tractentur.
3277 2552 3333 2597 et
3361 2547 3642 2612 quomodo,
3667 2546 3754 2594 140.

2237 2609 2749 2674 Βροηευεγᾳυεθιιδιις
2799 2625 3072 2674 sponsam,
3124 2611 3333 2674 jejunia
3371 2609 3606 2674 deponit,
3645 2613 3690 2656 et
3690 2609 3822 2674 _totns

2175 2669 2333 2740 datur
2357 2669 2563 2734 gaudia.
2589 2675 2666 2722 31.
2688 2669 2842 2740 Facit
2865 2674 3025 2740 quod_
3040 2669 3408 2740 vul't_'sponsa.
3441 2669 3668 2740 Christus
3690 2669 3825 2740 Eccle-

2175 2735 2308 2798 siam
2340 2749 2594 2798 sponsam
2625 2737 2836 2791 salutat,
2856 2734 2967 2790 cur,
2999 2737 3076 2784 76.
3103 2736 3182 2784 Ad
3209 2734 3395 2796 sponsi
3427 2734 3705 2784 thalamum
3733 2734 3826 2794 quis

2174 2797 2506 2855 admittatur,
2525 2799 2645 2861 141.
2677 2799 2916 2861 Sponsus
2946 2799 3162 2861 Joseph,
3191 2812 3302 2848 cur.
3331 2800 3440 2846 146.

2238 2861 2488 2926 Sputum.
2516 2860 2682 2922 Sputo
2715 2860 2923 2926 Domini
2955 2860 3176 2926 sanatur
3190 2875 3398 2926 caseus,
3431 2861 3538 2908 176.
3706 2917 3716 2926 _
3795 2914 3803 2926 ι

2237 2917 2401 2995 Stare.
2436 2917 2587 2995 Stant
2611 2924 2801 2995 omnia
2826 2923 2914 2971 Dei
2934 2927 3099 2995 _nu_tu,
3297 2923 3534 2995 "stamus
3559 2933 3671 2969 cum
3706 2917 3827 2966 bonis

2175 2984 2424 3046 operibus
2451 2986 2706 3046 erigimur
2738 2986 2802 3034 ad
2831 2985 3146 3048 profectum,
3179 2987 3255 3033 54.
3297 2985 3410 3031 νίά.
3447 2983 3648 3032 Servus.

2238 3046 2416 3095 Stella.
2439 3046 2572 3104 Quid
2602 3048 2769 3096 stellis
2797 3049 3035 3097 ornatius
3055 3048 3081 3095 ?
3115 3048 3221 3096 101.
3251 3047 3360 3096 Illa:
3388 3047 3598 3108 signant
3619 3047 3826 3108 tempore

2175 3109 2443 3176 noctibus,
2459 3102 2513 3158 et
2523 3110 2791 3176 viantibus
2807 3110 3226 3176 dantducatum,
3247 3110 3357 3176 103.
3387 3102 3526 3176 Quot
3541 3102 3828 3176 cmlumistel-

2175 3171 2257 3226 lis,
2291 3175 2368 3220 tot
2400 3172 2682 3221 virtutibus
2717 3173 2884 3220 sancti
2911 3173 3235 3227 elucescunt,
3265 3173 3375 3220 120.
3404 3173 3568 3220 Unam
3598 3168 3738 3230 cmpit
3759 3166 3827 3213 hs-

2174 3233 2296 3297 bere
2322 3233 2580 3297 Christus,
2617 3237 2721 3282 156.
2754 3234 2924 3283 Servit
2949 3235 3136 3297 magis.
3162 3234 3329 3297 Magis
3346 3233 3593 3296 apparuit
3610 3243 3706 3278 non
3722 3231 3824 3297 arte.

2175 3296 2266 3344 sed
2301 3309 2333 3345 a
2363 3295 2486 3350 Deo,
2533 3297 2850 3357 descriptius,
2909 3299 3015 3344 156.
3043 3293 3233 3345 'Stella
3254 3293 3490 3344 'duCehs
3543 3307 3715 3355 magos
3739 3293 3827 3357 erat

2174 3357 2383 3424 Qbristi,
2414 3372 2521 3407 non
2547 3353 2785 3424 Christus
2817 3359 3000 3413 stellis,
3029 3363 3082 3407 et
3109 3358 3402 3424 quomodo,
3433 3357 3590 3424 euris,
3621 3353 3825 3424 156,157.

2176 3421 2236 3468 Et
2264 3434 2358 3468 cur
2383 3434 2479 3482 per
2507 3421 2715 3470 stellam
2750 3421 2978 3470 ducatur
3033 3415 3240 3483 magus.
3275 3421 3376 3483 Cui
3421 3419 3647 3468 militant
3674 3415 3828 3483 _sidsrs

2174 3478 2634 3591 pggreno'imperio
2665 3497 2771 3530 non
2825 3488 3050 3538 tenetur,
3080 3478 3186 3531 15'8.
3227 3483 3312 3531 Est
3365 3482 3554 3545 lingua
3597 3478 3826 3529 clx-lorum.

2235 3605 2672 3678 Stephanus.“8ic
2693 3607 2863 3656 dirtus
2898 3621 2930 3656 a
2963 3620 3182 3663 corona,
3207 3612 3259 3656 et
3288 3620 3404 3664 cur,
3433 3606 3548 3655 154.
3580 3603 3825 3663 Martyrum

2175 3669 2396 3731 primus.
2425 3671 2489 3720 Et
2516 3669 2621 3718 alia
2639 3669 2705 3718 de
2735 3683 2815 3719 eo.
3800 3724 3806 3732 ,

2236 3730 2493 3780 Sterilitas
2518 3735 2739 3786 naturai,
2767 3745 2877 3787 cur,
2916 3731 2992 3780 87.
3028 3732 3212 3780 Partus
3242 3730 3489 3779 mulioris
3531 3727 3709 3777 sterilis
3729 3725 3825 3772 dici-

2173 3795 2261 3858 t_ur
2289 3793 2714 3858 intempestivus,
2742 3795 2825 3842 88.
2857 3794 3107 3858 Abrahae.
3132 3794 3288 3846 Sane.
3325 3793 3594 3858 Rebeccae,
3624 3793 3671 3839 et
3695 3790 3826 3858 Atina

2173 3854 2582 3921 fecundata,_90_.
2613 3856 2746 3921 cum
2772 3857 2925 3919 parit,
2965 3857 3056 3904 dat
3079 3857 3468 3921 documentum
3499 3854 3828 3921 vita3_mqrtu0-

2174 3931 2311 3973 rum,
2346 3922 2399 3980 et
2418 3918 2603 3967 salutis
2633 3915 3057 3980 desperatorum.
3088 3919 3178 3967 Est
3198 3918 3567 3980 opprobrium,
3585 3917 3656 3964 92.
3679 3915 3830 3980 gliscat

2173 3971 2313 4042 apud
2342 3979 2584 4042 homines
2617 3996 2628 4032 ;
2656 3971 2764 4029 non
2795 3981 2936 4042 apud
2974 3980 3159 4036 Deum,
3219 3971 3299 4033 92.
3359 3981 3520 4033 Sarm,
3555 3971 3827 4042 99._Ml§9d_i

2173 4033 2474 4152 semper.
2508 4043 2764 4092 Sterilitas
2814 4033 2961 4091 fandi
3023 4033 3293 4092 silentium
3323 4042 3528 4095 indicit,
3588 4040 3686 4088 107.
3743 4033 3828 4083 vel.

2236 4119 2310 4152 lSD
2354 4118 2380 4152 Θ
2448 4141 2458 4152 .

2199 4105 2458 4152 llisabeth.

2234 4166 2511 4230 Stillicidia
2535 4169 2730 4228 rigant,
2756 4181 2866 4215 non
2899 4171 3093 4216 necant
3123 4167 3380 4230 germina,
3420 4167 3530 4230 143.

2236 4228 2516 4338 εξίὶὲυιυε.
2569 4230 2806 4278 Stimulis
2835 4231 3038 4293 peccati
3070 4228 3340 4287 inservire,
3372 4232 3453 4277 est
3485 4228 3654 4275 vivere
3682 4231 3827 4286 pecca-

2171 4293 2245 4348 to,
2275 4293 2381 4340 113.

2234 4353 2455 4462 Stipiialsp.
2519 4354 2646 4403 Cain
2677 4356 2731 4403 in
2762 4355 3022 4403 sacrificio
3082 4354 3182 4402 fuit
3226 4353 3341 4416 ejus
3396 4351 3623 4400 incendii
3668 4348 3830 4395 fomen-

2237 4429 2306 4462 m.
2429 4453 2440 4462 .

2173 4418 2306 4472 tum,
2333 4418 2440 4466 109.

2235 4468 2454 4526 Stultus.
2490 4478 2564 4542 Ex
2594 4480 2784 4528 creatis
2806 4478 2971 4542 rebus
3010 4491 3228 4530 causam
3284 4478 3490 4526 invenit
3530 4468 3825 4542 error-13.289.

2173 4539 2450 4604 creaturas
2476 4541 2745 4590 existimat
2785 4541 2932 4590 deos.
2962 4541 3116 4590 Dives
3137 4552 3494 4604 congregans,
3523 4538 3625 4585 104.
3644 4535 3731 4592 Qui
3749 4537 3832 4578 tur-

2174 4602 2405 4665 pitudini
2433 4604 2681 4665 vitiisque
2699 4604 2882 4651 servit.
2921 4605 3030 4651 114.

2236 4663 2544 4713 Sublimitas
2580 4663 2722 4714 ducit
2753 4666 2817 4714 ad
2845 4667 3075 4720 ruinam,
3109 4666 3216 4712 124.

2236 4726 2481 4775 Subsidia
2504 4729 2624 4776 vita;
2656 4741 2763 4777 non
2793 4728 2986 4777 desunt
3011 4718 3468 4776 commorantibus
3498 4735 3672 4772 coram
3691 4718 3780 4766 Deo
3792 4718 3830 4761 et

2175 4802 2298 4836 cum
2329 4790 2455 4844 Deo,
2487 4791 2593 4837 166.
3663 4845 3691 4850 __
3731 4843 3739 4850 ,

2238 4851 2547 4900 Substantia
2575 4851 2701 4900 data
2724 4852 2834 4901 filio
2876 4852 2998 4901 facit
3030 4865 3152 4900 eum
3187 4864 3362 4914 egere,
3404 4851 3626 4914 negata
3646 4845 3828 4914 divite-ll}

2175 4915 2446 4980 servat.__1.
2468 4914 2634 4980 Patris
2651 4918 2880 4980 esttota
2897 4915 3126 4980 inFilio,
3142 4915 3187 4962 4.
3203 4906 3444 4980 Hominis
3471 4906 3829 4980 suntbeneticis

2177 4976 2454 5040 naturalia,
2482 4979 2532 5024 5.
2575 4979 2646 5023 Ac
2699 4977 2849 5040 libri?
2870 4977 3016 5040 legis.
3068 4976 3286 5040 Servata
3318 4976 3536 5040 generat
3577 4975 3826 5040 tineatugj-

2175 5025 2464 5100 Diseptioni
2491 5040 2791 5100 exponitur.
2816 5025 3060 5087 Ecclesia!
3091 5025 3394 5086 substantia
3445 5048 3576 5100 qua:
3594 5025 3825 5100 fuerit.

2175 5093 2411 5148 Caelestis
2442 5093 2607 5148 nescit
2637 5102 2834 5149 includi
2866 5102 3089 5149 terrenis
3114 5100 3413 5162 ergastulis,
3449 5093 3826 5162 81.8ubstsn‘titf-

2173 5175 2342 5228 versa;
2368 5176 2731 5228 caveamusne
2753 5164 2893 5228 fama
2909 5164 2972 5211 ad
2992 5149 3429 5228 patremfamilias
3458 5149 3824 5228 noqprﬂfegf}

2176 5224 2282 5289 εἶξα
2307 5224 2476 5282 Quam
2508 5211 3143 5289 substantiamaccéperit
3159 5225 3338 5278 homo,
3364 5227 3416 5289 et
3437 5211 3725 5289 perdiderit,
3742 5211 3825 5260 162.

2175 5284 2486 5352 substantia
2509 5301 2640 5352 escis
2665 5292 2716 5336 et
2741 5292 2900 5350 potus
2921 5284 3139 5352 quando
3163 5285 3518 5352 portendens.

2237 5332 3144 5412 segnissisessent“gssit
3165 5332 3367 5397 “sanas
3422 5332 3616 5397 divina,
3648 5332 3824 5404 quando

2174 5408 2366 5459 desunt
2404 5412 2657 5467 humana,
2698 5415 2802 5460 156.
3005 5408 3028 5412 ⁷
3659 5463 3697 5469 _.
3745 5462 3751 5469 .
3783 5457 3805 5469 ..

2236 5472 2452 5535 Sudare.
2482 5475 2578 5532 Qui
2607 5462 2763 5522 sudat
2789 5476 2840 5522 in
2873 5474 3311 5535 interpretatione
3337 5470 3616 5520 verborum
3652 5462 3822 5513 Chrisli.

2173 5532 2334 5584 habet
2365 5537 2612 5590 fructum,
2646 5539 2722 5584 96.
2765 5536 2874 5583 νεά.
2913 5532 3100 5585 Labor.

2236 5598 2493 5663 Superbia
2521 5586 2854 5663 perditiquod
2873 5598 3022 5663 labor
3036 5598 3369 5663 acquisierat,
3401 5597 3508 5663 161.
3546 5593 3610 5663 Ut
3629 5589 3687 5663 de
3715 5586 3822 5663 βοξο

2174 5655 2372 5724 quaerat
2409 5655 2577 5709 facere
2609 5655 2828 5716 malum,
2863 5662 2968 5732 168.
3006 5655 3184 5708 Mundi
3213 5673 3245 5707 a
3274 5661 3550 5729 mansueto
3565 5655 3744 5701 victore
3769 5658 3822 5691 In-

2174 5723 2420 5778 clinatur,
2451 5724 2557 5772 170.
2607 5722 3056 5772 Murmurantium
3085 5735 3117 5770 a
3147 5725 3369 5771 Domino
3407 5725 3715 5780 compressa.
3739 5707 3819 5780 153;

2173 5736 2420 5778 cunatur,
2451 5736 2557 5772 ιἸυ.
2607 5736 3056 5772 murmurantium
3085 5736 3117 5770 8
3147 5736 3369 5771 uomino
3407 5736 3715 5778 COIDPPB§§M
3741 5736 3819 5755 ιντο

2172 5775 2606 5846 Ουοάβιὶρθιυὺὶα
2633 5786 2829 5843 amisit,
2858 5785 3141 5846 acquisivit
3178 5783 3465 5834 humilitas.
3485 5775 3582 5846 2'3.
3624 5775 3821 5827 Fiunm

2172 5842 2437 5908 superbiai
2459 5845 2588 5910 quid
2607 5842 2903 5908 causam“.
2928 5842 3004 5898 Ex
3026 5857 3238 5910 pompa,
3262 5855 3440 5909 quare,
3477 5842 3550 5889 16.
