4056 6188
210 246 360 318 1221

1063 241 1283 310 INDEX
1325 245 1573 308 aenum
1617 245 1688 306 IN
1735 240 2078 307 HOMILIAS
2119 246 2178 305 s.
2227 239 2643 316 VALERIANI,
2693 221 2851 302 me.

3571 241 3720 305 1222

219 382 3695 408 W

1291 488 1568 563 INDEX
1593 485 1903 563 RERUM
1929 486 2034 559 ET
2058 481 2647 560 MATERIARUM

784 668 851 719 IN
889 668 1197 720 HOMILIAS
1233 667 1464 717 SANCTI
1501 664 1861 715 VALERIANI
1899 664 1979 714 ET
2012 661 2362 712 THEOPHILI
2397 660 2732 711 RAYNAUDI
2770 659 3164 711 APOLOGIAM.

443 786 681 844 Numeri
715 785 778 842 in
816 784 915 842 hoc
941 784 1128 842 indice
1161 783 1579 856 paginationem
1612 781 1920 838 indicantes
1958 780 2274 852 respondent
2313 777 2560 834 numeris
2597 779 2656 832 in
2695 783 2848 834 textu
2873 776 3144 833 crassiori
3175 775 3510 834 charactere.

274 1106 542 1156 Abraham
574 1106 742 1154 ﬁlium
779 1121 936 1156 suum
967 1105 1138 1162 oll'ert,
1175 1106 1258 1160 25,

273 1171 449 1282 Ali‘gica
485 1169 696 1217 videtur
738 1184 853 1218 esse
898 1170 1069 1233 patria
1114 1169 1526 1220 Massiliensium
1572 1170 1782 1228 erroris,
1826 1170 1912 1219 50.

214 1249 267 1282 η.
304 1249 385 1286 16,

272 1295 322 1344 S.
360 1294 622 1343 Ambrosii
652 1295 916 1358 sententia
941 1294 1004 1343 de
1029 1294 1370 1358 martyribus.
1395 1298 1477 1349 40.
1516 1294 1685 1358 Sentit
1725 1294 1776 1342 in
1811 1306 1918 1358 ma-

207 1358 633 1470 gesria‘dqggratia
671 1361 722 1406 et
755 1357 920 1405 libero
945 1355 1310 1409 arbitrio'cum
1343 1360 1620 1409 Valeriano
1655 1357 1733 1412 70,
1769 1370 1821 1402 η.
1855 1355 1916 1411 8;

247 1423 292 1471 6.
325 1436 384 1473 η.
419 1423 498 1468 19.

271 1484 577 1532 Amicitiam
607 1480 778 1544 colere
809 1479 935 1544 quid
961 1483 1068 1531 sit?
1095 1484 1173 1536 15,

278 1546 510 1594 Ananias
551 1547 600 1591 et
631 1543 855 1606 Saphira
886 1544 1256 1596 fraudulenter
1301 1547 1522 1609 agentes
1557 1544 1791 1610 graviter
1826 1557 1918 1606 pu-

213 1609 458 1666 niuntur,
487 1610 538 1659 6.

275 1671 540 1735 Animalia
560 1670 714 1735 docet
738 1684 846 1735 nos;
863 1685 1081 1735 servare
1101 1671 1342 1735 ordinem
1361 1670 1666 1735 disciplinas,
1697 1669 1751 1735 2.
1789 1667 1850 1735 Β.

274 1733 769 1796 Annianumt‘uisse
797 1732 964 1790 illum,
995 1734 1088 1796 qui
1113 1733 1423 1783 Valerianus
1447 1731 1648 1796 noster,
1676 1731 1920 1781 crimina-

208 1799 300 1846 tur
331 1796 524 1844 Parcus
551 1795 840 1850 charitatis,
865 1799 940 1844 36.

277 1859 328 1908 S.
361 1857 596 1906 Anselmi
627 1857 690 1905 de
717 1858 888 1918 gratia
905 1865 957 1908 et
986 1860 1152 1908 libero
1180 1861 1398 1908 arbitrio
1434 1859 1713 1908 sententia.
1747 1857 1853 1903 154.

275 1921 663 1970 Arausicanum
681 1920 966 1970 concilium
985 1922 1226 1972 habitum
1243 1937 1385 1972 anno
1398 1925 1506 1981 529,
1521 1923 1598 1980 41,
1615 1937 1672 1973 η.
1698 1920 1742 1967 1.
1766 1918 1921 1968 Dam-

214 1988 312 2034 nat
341 1998 572 2034 errorem
602 1982 854 2039 Cassiani,
883 1986 959 2041 49,
988 2000 1041 2032 η.
1070 1986 1146 2033 15.

276 2045 569 2109 Arbitrium
599 2043 830 2109 liberum
855 2047 1126 2096 molestias
1146 2046 1304 2103 levat,
1333 2060 1467 2109 quas
1490 2045 1694 2109 coactio
1712 2045 1918 2109 gravat,

213 2111 258 2157 5.
293 2107 392 2166 Qui
425 2107 722 2157 voluntario
753 2109 931 2165 servit,
966 2124 1070 2158 non
1108 2113 1187 2157 est
1228 2105 1463 2158 famulus
1494 2108 1602 2164 Dei,
1635 2105 1738 2155 sed
1759 2105 1917 2161 ﬁlius,

213 2172 258 2242 5.
291 2170 637 2244 Voluntarius
671 2167 968 2244 [ampliatus
1010 2187 1117 2243 non
1153 2171 1218 2220 ad
1265 2170 1678 2244 ser_vitium,_sed
1711 2166 1918 2244 adoni-

214 2235 358 2282 cium
385 2235 647 2305 pertinetn
669 2232 721 2303 5.
758 2232 1079 2305 Voluntaria:
1118 2238 1170 2283 et
1211 2237 1407 2283 coacta:
1439 2233 1707 2282 servitutis
1741 2232 1920 2280 discri-

216 2310 358 2348 men.
378 2297 500 2343 ibid.
517 2294 818 2360 Arbitrium
833 2296 1058 2345 liberum
1071 2294 1342 2360 quomodo
1360 2294 1612 2345 defendat
1627 2293 1676 2344 S.
1697 2293 1922 2357 Chryso-

217 2361 443 2414 stomus,
477 2358 553 2406 61.
589 2357 650 2405 Et
675 2355 725 2404 S.
753 2357 1064 2415 Bernardus,
1087 2355 1223 2407 'ibid.

278 2421 515 2491 Avaritia
543 2417 712 2492 multa
742 2421 868 2492 agit,
906 2437 971 2471 ne
1001 2422 1374 2492 audiat-voces
1397 2433 1712 2492 pauperum,
1737 2418 1813 2480 43,
1842 2418 1918 2467 14.

219 2485 470 2534 Omnium
502 2483 764 2547 malorum
785 2483 910 2533 fons
937 2489 1034 2540 est,
1059 2484 1142 2537 27.
1190 2483 1299 2547 Via.
1339 2483 1635 2547 Cupiditas.

285 2548 339 2595 S.
367 2544 652 2611 Augustini
677 2547 942 2611 sententia
971 2547 1035 2595 de
1066 2546 1282 2611 auxilio
1311 2544 1494 2611 gratim
1516 2550 1576 2611 et
1607 2545 1806 2611 viribus
1835 2557 1924 2593 na-

220 2612 374 2666 tura.
406 2605 483 2665 39'.
513 2625 564 2657 η.
590 2611 635 2656 6.
669 2605 945 2661 Consentit
974 2613 1160 2660 nostro
1187 2605 1473 2660 Valeriano
1513 2609 1567 2658 in
1598 2608 1786 2658 eadem
1816 2621 1922 2654 ma-

220 2673 374 2729 teria,
403 2672 480 2727 75,
516 2687 564 2721 n.
595 2672 680 2723 14.
1056 2731 1093 2779 Β

285 2795 606 2861 βθρῖἰεῐῃυδ.
629 2798 726 2848 Per
754 2796 1082 2861 baptismum
1108 2795 1492 2861 acquisivimus
1519 2795 1839 2860 libertatem,
1865 2798 1916 2852 5,

284 2857 500 2923 baronii
522 2857 840 2923 conjectura
859 2860 924 2908 de
951 2857 1228 2923 Valeriano
1250 2862 1451 2923 nostro,
1473 2860 1557 2923 36,

285 2919 334 2968 S.
371 2921 590 2971 Basilius
615 2919 776 2972 sentit
805 2923 855 2969 in
890 2920 1112 2969 materia
1131 2920 1195 2969 de
1217 2922 1390 2984 gratia
1422 2925 1475 2972 et
1503 2919 1668 2972 libero
1699 2921 1920 2972 arbitrio

222 2997 345 3032 cum
377 2984 656 3035 Valeriano
685 2989 887 3041 nostro,
920 3000 970 3032 η.
1000 2986 1045 3030 6.

285 3045 336 3094 S.
367 3044 560 3094 Bassus
597 3048 658 3094 Μ.
695 3046 1000 3103 Nicaeensis,
1027 3045 1105 3094 35.

284 3105 431 3174 Beda
460 3109 646 3158 eadem
672 3109 827 3174 docet
852 3110 907 3174 in
935 3109 1161 3174 materia
1193 3107 1257 3158 de
1287 3111 1476 3172 gratia,
1510 3113 1644 3170 εἰς..
1668 3125 1789 3174 quae
1829 3111 1928 3162 Va-

221 3169 457 3220 lerianus
485 3176 684 3228 noster,
711 3171 785 3228 75,
814 3188 866 3220 π.
893 3172 966 3219 16,

285 3231 334 3281 S.
371 3232 623 3282 Bernardi
650 3234 916 3284 sententia
941 3233 1005 3282 de
1031 3233 1230 3283 auxilio
1251 3235 1436 3296 gratia:
1462 3237 1513 3284 et
1547 3235 1748 3284 viribus
1779 3240 1930 3286 natu-

224 3297 433 3405 rae.2€9,
479 3311 532 3344 η.
587 3299 632 3344 6.
670 3297 785 3346 Non
822 3301 902 3346 est
939 3297 1238 3344 contrarius
1278 3301 1460 3346 nostro
1512 3297 1812 3356 Valeriano,
1847 3300 1931 3355 76,

227 3372 279 3405 η.
385 3400 394 3405 .

227 3372 279 3406 π.
314 3372 394 3410 Ζυ,

291 3418 438 3469 Bona
459 3421 791 3483 temporalia,
823 3422 965 3472 mala
993 3425 1179 3472 nostra
1207 3426 1354 3480 sunt,
1385 3424 1431 3472 3.
1459 3423 1576 3474 Non
1608 3428 1735 3474 sunt
1755 3425 1809 3474 in
1828 3438 1936 3473 ma-

230 3495 305 3531 nu
335 3486 540 3538 nostra,
570 3486 651 3536 16,
1067 3548 1105 3598 C

296 3605 478 3716 Caqnis
518 3605 782 3716 d2e3sideria
829 3611 921 3674 qui
971 3610 1148 3666 vincit,
1194 3608 1419 3660 faciliter
1465 3610 1626 3660 vincit
1669 3613 1940 3661 tormenta

299 3683 378 3716 rm
403 3683 514 3716 ιρις.
604 3705 614 3716 .

234 3681 514 3725 οᾶτῐιιηριε,
537 3681 614 3717 Z3.

299 3731 582 3799 Cassianus
611 3736 671 3780 ut
700 3736 759 3781 ut
789 3747 911 3799 cum
951 3733 1505 3799 Serui-Pelagianistis
1524 3735 1937 3799 senseril,sem-

234 3806 332 3905 ger
357 3797 530 3864 tamen
561 3808 757 3867 magno
781 3796 841 3866 in
874 3795 1075 3845 honore
1112 3795 1326 3846 habitus
1351 3801 1448 3853 est,
1486 3797 1562 3855 41,
1593 3813 1644 3846 η.
1672 3799 1702 3846 2
1727 3811 1740 3854 ;
1769 3797 1846 3852 42,
1879 3812 1933 3844 η.

277 3869 340 3904 ur
357 3854 821 3905 Sami-Pelagianis
848 3864 1195 3905 accenseatur
1219 3860 1244 3905 2
1268 3862 1344 3905 49.
1378 3875 1432 3905 η.
1454 3861 1529 3905 16.

277 3869 340 3919 ur
357 3854 821 3919 Sami-Pelagianis
848 3864 1195 3908 accenseatur
1219 3860 1244 3907 7
1268 3862 1344 3916 49,
1378 3875 1432 3908 η.
1454 3861 1529 3908 16.

297 3917 594 3966 Celedensis
618 3917 849 3969 Ecclesia
870 3921 920 3968 in
941 3921 1091 3977 Syria
1112 3922 1227 3977 fuit,
1247 3922 1329 3974 3’7.

295 3980 452 4034 Cella,
487 3981 817 4038 Cemelinum,
852 3983 932 4030 vel
959 3972 1231 4032 Cemeliuni
1249 3972 1378 4034 urbs
1400 3983 1556 4034 hodie
1570 3984 1764 4041 diruta,
1783 3983 1936 4034 sedes

234 4042 284 4112 ξ.
313 4042 595 4112 Valeriani,
743 4046 1086 4112 Ccmeliensis
1119 4048 1402 4112 episcopus
1446 4052 1567 4111 post
1597 4051 1837 4110 tempora
1871 4046 1927 4098 S.

233 4104 425 4154 Leonis
449 4105 590 4153 idem
615 4106 717 4155 fuit
746 4121 806 4155 ac
836 4104 1245 4164 Nicwensisfu.

296 4165 534 4234 Christus
568 4168 637 4234 sit
665 4168 1061 4234 hieresnoster,
1094 4173 1140 4221 7.
1177 4172 1292 4221 Non
1331 4171 1491 4234 longe
1533 4185 1566 4221 a
1592 4171 1748 4221 nobis
1795 4185 1938 4234 quie-

231 4228 444 4298 rendus
463 4234 559 4284 est,
591 4232 672 4298 it).
697 4231 804 4298 Sibi
831 4231 1031 4298 factum
1061 4238 1291 4298 reputat,
1314 4228 1575 4298 quidquid
1602 4235 1656 4298 in
1676 4228 1938 4298 pauperes

233 4292 590 4402 erogavitmgf,
620 4293 697 4341 14.
728 4294 932 4343 Christo
963 4292 1168 4357 placere
1200 4297 1290 4360 qui
1318 4292 1448 4353 vult,
1467 4292 1834 4360 saeculo'prids
1862 4296 1940 4345 di-

235 4368 296 4402 sn
322 4368 432 4402 icea
462 4392 473 4402 .
573 4391 583 4401 .

235 4368 473 4416 spuceat,
507 4368 583 4402 24.

273 4415 353 4487 ε
389 4416 549 4487 ,ΙοιιηῘ
578 4416 979 4487 ΟΙινῃΑερειονῃπιί
992 4419 1118 4483 quid
1149 4421 1342 4487 sentiat
1368 4420 1434 4469 de
1451 4421 1649 4487 auxilio
1689 4422 1870 4487 gratiae
1887 4425 1939 4470 et

233 4478 440 4527 viribus
463 4478 781 4536 naturae,39,
801 4497 852 4527 η.
872 4483 922 4534 6.
944 4478 1244 4532 Co'ncordat
1273 4496 1432 4536 super
1451 4483 1548 4532 hac
1575 4478 1795 4534 materia
1814 4499 1937 4532 cum

234 4498 440 4527 vmuus
463 4498 685 4535 naturae,
705 4498 781 4536 ον,
801 4498 852 4527 n.
872 4498 922 4534 ο.
944 4498 1244 4532 υοηεοταειι
1273 4498 1332 4530 su
1376 4498 1432 4530 er
1451 4498 1548 4532 nae
1575 4498 1795 4534 materia
1814 4499 1936 4532 cum

233 4540 518 4612 V‘aleriano
560 4547 760 4612 nostro,
784 4545 874 4612 li,
910 4559 959 4591 η.
992 4546 1037 4592 9.
1068 4545 1222 4593 illum
1264 4498 1529 4608 Peiagiani
1574 4561 1670 4610 pro
1706 4562 1803 4596 sua
1828 4547 1936 4610 opi-

233 4603 396 4652 nione
421 4603 538 4653 fuse
572 4605 755 4662 citant,
784 4605 867 4654 72.

299 4666 512 4730 Coactio
534 4667 741 4730 labores
761 4673 1036 4730 aggravet,
1065 4671 1110 4716 5.

301 4727 569 4795 inestini
603 4729 757 4782 Rom.
797 4727 1061 4795 pontiﬁcis
1091 4731 1379 4780 auctoritas
1406 4732 1942 4795 interponiturSemi-

236 4789 715 4853 Pelagianistarum
737 4789 1020 4849 erroribus,
1042 4795 1118 4851 50,
1148 4809 1199 4840 π.
1224 4795 1304 4846 18,

301 4851 652 4918 Conscientia
672 4854 809 4918 bona
834 4860 1042 4904 tantum
1075 4857 1171 4905 soli
1195 4856 1428 4918 prodest,
1451 4871 1559 4906 non
1581 4857 1708 4906 item
1729 4857 1865 4914 aliis,
1889 4859 1936 4906 3.

237 4913 358 4981 Vid.
394 4913 570 4963 Fama.
605 4916 738 4964 Male
769 4918 1001 4981 creditur
1025 4913 1250 4981 cupidis,
1281 4920 1360 4966 29.

302 4976 649 5041 Contemptus
677 4976 1202 5030 mundinecessai'ius
1233 4985 1312 5030 est
1329 4978 1397 5031 ad
1427 4995 1607 5030 veram
1637 4983 1938 5032 conversio-

237 5051 381 5109 Περὶ,
405 5040 483 5087 25.
513 5040 640 5109 item
664 5041 771 5109 illi,_
791 5043 874 5090 cui
900 5043 1222 5109 animusest
1251 5043 1486 5109 cmlestia
1509 5045 1802 5109 possidere,
1827 5047 1874 5095 4.

301 5101 588 5169 ροηνβτβὶο
613 5118 733 5169 vera
761 5105 813 5154 in
850 5120 956 5169 quo
987 5107 1262 5169 consistat,
1287 5108 1341 5169 2.

302 5162 680 5230 Conviviorum
707 5162 1251 5230 luxus'castigandus,
1278 5168 1354 5216 27.

237 5287 263 5337 f
300 5225 509 5336 .(tlriénen
558 5243 666 5278 non
719 5231 905 5289 evasit,
947 5225 1052 5295 qui
1079 5232 1132 5281 in
1184 5231 1388 5293 judicio
1434 5231 1614 5281 saeculi
1657 5231 1940 5282 absolutus

261 5301 312 5335 ni
346 5329 356 5337 .

261 5301 356 5344 nu,

303 5351 641 5419 Crudelitatis
671 5353 1183 5419 nomenimponitur
1211 5354 1518 5418 disciplinae,
1552 5355 1596 5403 1.
1630 5353 1853 5419 Impedit
1873 5354 1942 5405 ab

241 5412 428 5464 itinere
454 5414 519 5462 ad
539 5415 752 5471 coelum,
791 5416 836 5464 4.

305 5473 487 5540 Cultus
515 5477 751 5540 corporis
786 5478 977 5526 animm
1005 5480 1177 5534 nocet,
1209 5479 1286 5526 29.

276 5536 768 5608 __Cupiditas_nimis
790 5540 1007 5608 impedit
1031 5543 1135 5608 iter
1163 5541 1228 5608 ad
1262 5541 1469 5608 cglum,
1502 5542 1549 5591 4.
1581 5542 1942 5608 Principatum

244 5597 606 5664 sibijindicat
631 5603 768 5650 inter
788 5597 974 5652 czetera
995 5603 1140 5661 vitia,
1182 5605 1232 5657 9.
1284 5597 1476 5654 Oculos
1517 5603 1668 5655 valde
1710 5597 1941 5664 iriiestat,

241 5662 320 5710 25.
352 5660 496 5710 Illius
522 5663 740 5712 effectus
770 5660 1131 5722 recensentur,
1167 5667 1244 5723 22,
1271 5667 1350 5724 27,
1373 5667 1452 5724 28,
1491 5667 1568 5716 29.
1619 5667 1693 5719 Ea
1733 5660 1950 5719 sublata

244 5724 496 5774 omnibus
523 5726 664 5775 vitiis
693 5728 1006 5783 occurritur,
1045 5729 1129 5778 27.

307 5783 360 5836 8.
392 5785 637 5854 Cypriani
668 5789 932 5841 sententia
951 5789 1017 5842 de
1039 5790 1385 5856 martyribus,
1409 5792 1489 5854 40,
1519 5806 1574 5845 η.
1594 5793 1642 5846 8.

2087 1040 2138 1089 S.
2171 1038 2396 1097 Cyrillus
2431 1037 2948 1102 Ilicrosolymitanus
2979 1037 3140 1102 sentit
3182 1038 3234 1085 in
3262 1036 3487 1102 materia
3510 1037 3575 1088 de
3608 1049 3724 1102 gra-

2023 1103 2099 1153 tia
2122 1105 2174 1151 et
2197 1101 2362 1151 libero
2392 1114 2515 1150 cum
2537 1100 2818 1149 Valeriano
2845 1104 3050 1161 nostro,
3083 1101 3160 1156 90,
3186 1113 3236 1148 η.
3274 1100 3317 1148 5.

2856 1187 2896 1238 1)

2088 1278 2315 1344 S_.__Joan.
2351 1278 2696 1344 Damasi-erigis
2717 1292 2822 1344 non
2849 1278 3093 1344 dissentit
3124 1277 3427 1344 inmateria
3459 1279 3524 1328 de
3559 1279 3730 1344 gratia

2028 1344 2079 1390 et
2108 1340 2273 1388 libero
2299 1341 2516 1388 arbitrio
2543 1353 2574 1388 a
2603 1341 2885 1389 Valeriano
2908 1343 3108 1395 nostro,
3141 1341 3218 1397 75,
3251 1356 3302 1388 η.
3333 1341 3413 1394 17,

2092 1402 2362 1450 Deliciosis
2400 1417 2506 1450 non
2539 1406 2683 1463 patet
2709 1402 2920 1450 virtutis
2945 1403 3128 1463 janua,
3158 1404 3202 1450 4.

2092 1418 2362 1450 uenenosis
2400 1418 2506 1450 non
2577 1418 2683 1450 ater
2709 1418 2920 1450 Virtutis
2945 1418 3128 1463 janua,
3158 1418 3202 1450 4i.

2091 1465 2399 1527 Desperatio
2426 1418 2806 1512 niliirarduum
2837 1465 2895 1527 in
2922 1478 2977 1512 se
3014 1465 3253 1527 suscipit,
3288 1465 3334 1520 1,
3370 1466 3415 1512 5.

2090 1525 2229 1575 Deus
2254 1525 2596 1589 curiamenta
2624 1530 2810 1574 nostra
2834 1526 3124 1589 aliquando
3150 1525 3258 1574 non
3276 1526 3608 1589 exaudiat,_6.
3633 1526 3732 1575 Ubi

2029 1590 2138 1658 sit?
2174 1590 2246 1636 16.
2287 1588 2546 1637 Mirabilia
2583 1592 2840 1658 operatur
2861 1587 3224 1658 peLSanctos,
3261 1589 3339 1636 23.
3374 1589 3430 1640 B.
3471 1587 3560 1658 Dei
3587 1589 3734 1658 auxi-

2027 1653 2164 1700 lium
2195 1665 2352 1714 quam
2381 1651 2741 1714 necessarium
2768 1651 2793 1697 ‘P
2825 1651 2899 1714 16.
2931 1651 3054 1712 Ejus
3083 1651 3218 1699 servi
3251 1665 3456 1707 sumus,
3490 1652 3564 1700 16.
3600 1652 3732 1700 Eum

2030 1715 2190 1767 videt,
2214 1711 2313 1775 'qui
2345 1727 2507 1775 opera
2533 1711 2904 1760 misericordiae
2932 1711 3156 1768 exercet,
3184 1714 3229 1760 2.

2094 1775 2344 1824 Diabolus
2373 1775 2456 1823 l'ur
2480 1777 2577 1830 est,
2597 1775 2671 1824 11.

2091 1837 2395 1885 Dilectionis
2427 1837 2625 1898 gradus
2647 1838 3051 1899 enumerantur,
3087 1833 3166 1888 17.
3205 1834 3433 1899 Diligere
3461 1841 3730 1886 amantem

2030 1901 2250 1949 minoris
2281 1901 2484 1948 fructus
2503 1903 2600 1954 est,
2631 1899 2707 1949 17.
2736 1898 2954 1946 Dilectio
2985 1898 3324 1947 inimicorum
3356 1899 3627 1954 suadetur,
3654 1899 3728 1947 17.

2030 1963 2210 2026 Diligit
2236 1961 2935 2026 seipsunyrquiiinimicum
2959 1959 3146 2026 diligit,
3178 1961 3257 2026 i9.
3296 1961 3430 2026 Quid
3461 1963 3527 2026 sit
3561 1962 3732 2010 inimi-

2031 2023 2159 2074 cuni
2175 2023 2411 2087 diligere,
2449 2023 2572 2070 ibid.
2608 2023 2775 2085 Hujus
2800 2023 3098 2087 dilectionis
3127 2023 3344 2085 gradus,
3373 2025 3498 2074 ibid.

2094 2085 2377 2159 Diligentia
2408 2091 2655 2159 naturam
2684 2085 2861 2159 vincit,
2895 2086 2978 2159 24.

2093 2146 2381 2212 Disciplina
2400 2148 2534 2212 quid
2558 2151 2896 2212 etquantum
2933 2147 3130 2212 bonum
3152 2146 3234 2202 sit,
3261 2147 3734 2212 1.7Hanciomniurn

2072 2214 2204 2261 rimo
2239 2209 2365 2260 l'ecit
2399 2209 2556 2265 Deus,
2590 2209 2710 2258 ibid.
2743 2212 2945 2258 Cuncta
2986 2209 3114 2259 vitia
3147 2224 3173 2257 e
3211 2211 3386 2259 medio
3419 2209 3570 2266 tollit,
3606 2210 3731 2258 ibid.

2080 2289 2149 2324 on
2175 2286 2472 2337 numquam
2504 2272 2789 2337 crudelitas
2811 2274 3048 2337 vocatur,
3077 2271 3126 2319 1.
3152 2270 3294 2329 Quos
3313 2273 3376 2337 ad
3396 2273 3735 2337 disciplinain

2031 2337 2230 2386 hortari
2257 2335 2512 2384 debemus
2539 2335 2637 2382 sub
2668 2335 2784 2397 lege
2815 2349 2920 2382 non
2960 2335 3220 2398 vixerunt,
3255 2337 3299 2382 2.
3320 2336 3448 2398 Eam
3480 2335 3737 2398 spernens

2030 2399 2200 2449 hostis
2233 2401 2312 2446 est
2354 2399 2543 2446 aninue
2587 2412 2709 2452 sua},
2755 2399 2802 2444 2.
2842 2397 3102 2444 l’erversis
3133 2397 3284 2451 dura,
3327 2397 3565 2445 honestis
3615 2412 3738 2446 vero

2033 2463 2203 2510 dulcis
2231 2465 2328 2516 est,
2357 2462 2400 2508 2.
2435 2460 2744 2509 Necessaria
2773 2462 2854 2507 est
2883 2459 3105 2517 vitiosis,
3153 2463 3212 2507 ut
3238 2463 3418 2522 pateat
3437 2459 3609 2523 janua
3637 2473 3737 2508 coeo

2033 2525 2198 2580 lestis,
2233 2525 2280 2570 3.

2099 2586 2301 2634 Divitis:
2327 2584 2551 2633 incitant
2572 2583 2636 2632 ad
2663 2582 2988 2646 superbiam,
3024 2583 3106 2636 28.

2097 2647 2383 2698 Domestici
2410 2647 2576 2694 nostri
2599 2647 2688 2708 qui
2721 2646 2843 2701 sint,
2879 2646 2954 2692 11.

2097 2712 2146 2760 S.
2182 2708 2477 2759 Dorothcus
2505 2706 2643 2757 idem
2676 2707 2836 2757 sentit
2873 2709 2927 2755 in
2962 2710 3162 2770 puncto
3192 2707 3376 2770 gratiae
3408 2708 3460 2756 et
3481 2706 3630 2756 liberi
3652 2719 3731 2756 ar-

2036 2773 2176 2822 bitrii
2203 2786 2263 2821 ac
2290 2771 2622 2823 Valerianus.
2657 2771 2735 2828 74,
2763 2784 2814 2817 η.
2850 2771 2924 2817 16.

2868 2857 2908 2908 E

2099 2951 2337 3000 Ebrietas
2361 2950 2658 2998 humanum
2683 2962 2877 3013 corpus
2900 2961 3128 3013 gravaris
3165 2949 3387 3012 impedit
3417 2950 3516 2999 iter
3545 2947 3608 3013 ad
3638 2964 3738 2999 cu.h

2035 3014 2166 3070 lum,
2201 3016 2246 3063 4.
2282 3013 2641 3076 Principatum
2681 3012 2780 3060 sibi
2818 3012 3051 3060 vindicat
3087 3012 3225 3060 inter
3270 3015 3460 3062 cratera
3499 3012 3644 3068 vitia,
3675 3016 3728 3066 9.

2038 3077 2296 3131 Carpitur,
2328 3077 2405 3124 27.

2102 3093 2135 3125 ,Γ
2153 3093 2296 3131 111111⁵,
2328 3093 2381 3124 ΖΙ
2395 3113 2405 3122 .

2102 3093 2464 3200 Eleemosynm
2497 3135 2802 3200 necessitas,
2829 3136 2903 3185 12.

2103 3199 2378 3251 Elementa
2407 3201 2589 3249 omnia
2618 3199 2913 3262 disciplinas
2946 3199 3204 3254 serviunt,
3229 3201 3274 3246 1.

2108 3265 2261 3312 Error
2283 3263 2587 3311 communis
2619 3266 2671 3309 et
2700 3261 2953 3324 vulgatus
2979 3273 3155 3324 quam
3174 3261 3349 3324 gravis
3375 3263 3459 3319 sit,
3493 3261 3572 3320 42,
3603 3277 3655 3310 τι.
3685 3263 3736 3324 8.

2105 3325 2347 3375 Eucherii
2375 3325 2773 3373 lucubrationes
2800 3322 3094 3372 laudantur
3113 3322 3398 3373 tib—Hilario
3429 3323 3743 3380 Arelatensi,

2044 3390 2121 3439 33.
2149 3387 2545 3451 Cognatusfuit
2566 3386 2621 3451 _S.
2650 3385 2934 3451 Valeriani,
2961 3387 3037 3432 35.

2109 3447 2400 3520 Euclierius
2430 3447 3127 3520 biigdumensis‘concordat
3167 3459 3288 3497 cum
3314 3447 3596 3498 Valeriano
3627 3461 3749 3497 nos-

2047 3517 2129 3562 tro
2164 3513 2322 3562 variis
2346 3514 2397 3560 in
2430 3511 2576 3564 locis,
2606 3511 2684 3566 74,
2721 3525 2774 3557 n.
2806 3511 2882 3556 15.

2110 3576 2388 3625 Exsultare
2419 3575 2471 3622 in
2504 3573 2730 3622 Domino
2756 3571 2884 3634 quid
2917 3572 2984 3620 sit
3015 3571 3143 3619 215.

2879 3660 2920 3709 F

2108 3751 2290 3802 Fama.
2316 3750 2515 3799 Bonam
2545 3748 2744 3798 famam
2771 3749 3041 3811 negligere
3073 3762 3181 3798 non
3209 3748 3483 3805 debemus,
3517 3751 3560 3798 3.

2109 3814 2336 3862 Faustus
2389 3812 2662 3874 Regiensis
2706 3812 3054 3876 quantumvis
3096 3812 3636 3876 Seiiiijpelagiasnimi
3669 3825 3748 3863 οτο

2046 3877 2255 3926 roribus
2282 3876 2526 3931 infectus,
2549 3888 2746 3936 magno
2776 3877 2956 3922 tamen
2978 3874 3029 3921 in
3050 3874 3218 3936 pretio
3242 3874 3474 3931 habitus,
3503 3877 3580 3933 41,
3606 3890 3659 3926 π.
3679 3877 3708 3924 2
3732 3890 3744 3933 ;

2046 3941 2278 4051 “kinds;
2311 4001 2370 4049 In
2399 3999 2503 4048 ﬁde
2531 3999 2777 4047 consistit
2806 4012 2926 4062 spes
2959 3998 3206 4047 vincendi
3247 4012 3434 4048 omnes
3473 3998 3747 4050 ditﬁculta-

2047 4065 2448 4188 tesgeli'aulgentii
2480 4123 2744 4172 sententia
2779 4123 2845 4172 de
2875 4123 3073 4173 auxilio
3109 4123 3304 4188 gratiae,
3345 4126 3475 4180 etc.,
3502 4123 3580 4180 39,
3613 4139 3668 4172 η.
3700 4125 3747 4172 6.

2881 4212 2921 4262 G

2114 4303 2357 4354 Garatius
2385 4301 2618 4352 Joannes
2645 4301 2773 4365 quid
2803 4301 2857 4351 in
2892 4301 2940 4350 S.
2972 4299 3240 4352 Valeriani
3274 4301 3513 4352 homilils
3538 4315 3748 4368 carpse-

2049 4369 2134 4425 rit,
2167 4369 2243 4415 40.

2111 4424 2296 4479 Genua
2335 4426 2463 4477 urbs
2497 4425 3066 4489 Sami-Pelagianorum
3109 4424 3384 4477 erroribus
3415 4427 3636 4490 imbuta,
3670 4429 3748 4492 50,

2049 4509 2104 4544 η.
2133 4493 2214 4544 18.

2113 4553 2330 4628 Gloriari
2360 4553 2414 4628 in
2445 4565 2554 4615 quo
2579 4551 2878 4628 possimus,
2902 4552 2978 4628 to,
3008 4552 3090 4623 17.
3127 4550 3352 4628 Quando
3381 4557 3640 4628 oporteat,
3660 4556 3741 4628 16,

2113 4613 2479 4667 Gottescalcus
2510 4613 2804 4663 monachus
2851 4613 3249 4664 Suessionensis
3290 4613 3526 4666 creditur
3568 4621 3756 4669 auctor

2050 4694 2166 4732 esse
2199 4679 2710 4731 Prmdestinatorum,
2747 4677 2823 4731 44,
2857 4691 2908 4724 η.
2941 4678 2987 4724 4.

2114 4741 2318 4791 Gradus
2351 4740 2417 4789 ad
2448 4739 2757 4803 paradisum
2787 4740 2888 4803 qui
2915 4744 3039 4788 sunt
3067 4741 3092 4787 9
3117 4740 3192 4787 25.

2113 4805 2291 4855 Gratia
2313 4800 2551 4852 volentes
2580 4805 2791 4850 tantum
2805 4800 3004 4857 salvat,
3030 4803 3107 4855 56,
3139 4816 3192 4848 η.
3219 4800 3266 4848 3.
3313 4801 3462 4850 Illam
3501 4802 3555 4850 in
3596 4803 3750 4852 nobis

2050 4868 2164 4917 ﬁeri
2191 4882 2284 4929 per
2312 4866 2635 4929 creationem
2665 4863 3056 4929 contendeba'}t
3087 4863 3291 4929 δηίνί-(ἶυί
3321 4863 3640 4929 59-h0l68tic-i‘
3675 4868 3750 4914 52'

2116 4932 2165 4979 S.
2191 4925 2482 4992 'Grcgorius
2513 4927 2632 4992 Naz.
2668 4927 2719 4974 in
2743 4925 3243 4992 materiadegratia
3268 4929 3322 4974 et
3349 4925 3514 4992 libero
3536 4927 3754 4992 arbitrio

2052 4986 2599 5056 ejusdem‘sentcntie:
2629 4992 2712 5036 est
2735 5001 2858 5056 cum
2894 4986 3174 5056 valeriano
3204 4991 3515 5056 nostro,‘70,
3541 5005 3590 5037 π.
3610 4990 3656 5038 7.

2117 5057 2172 5108 S.
2210 5053 2490 5114 Gregorius
2525 5052 2750 5114 Nyssen,
2782 5049 2835 5096 in
2858 5049 3045 5098 eadem
3073 5051 3294 5100 materia
3315 5051 3475 5100 sentit
3501 5065 3623 5102 cum
3661 5052 3756 5102 Vae

2054 5116 2256 5168 leriano
2288 5119 2486 5169 nostro.
2515 5115 2592 5170 70,
2626 5127 2676 5162 η.
2711 5114 2757 5162 6.

2118 5180 2169 5228 S.
2201 5176 2486 5238 Gregorius
2519 5176 2586 5238 Μ.
2621 5176 2822 5234 itidem,
2849 5176 2931 5232 75,
2959 5189 3012 5224 η.
3045 5175 3122 5222 16.

2119 5236 2384 5304 Guilielini
2425 5237 2735 5304 Parisiensis
2763 5240 3082 5302 perelegans
3112 5237 3359 5288 doctrina
3378 5236 3446 5287 de
3475 5238 3760 5304 spirituali-

2054 5301 2156 5352 bus
2183 5300 2401 5363 nuptiis,
2428 5300 2515 5363 ‘53,
2545 5313 2597 5345 η.
2622 5299 2667 5344 3.

2119 5360 2276 5430 Galae:
2294 5361 2555 5430 desideria
2579 5360 2818 5430 castiget,
2875 5362 2968 5430 qui
2997 5362 3204 5412 Christo
3256 5363 3467 5430 placere
3507 5363 3760 5430 disponit,

2054 5427 2135 5478 27.
2175 5425 2284 5476 Vid.
2314 5424 2569 5474 Ebrietas.
2603 5422 2832 5472 EtIectus
2862 5422 3000 5486 g'ule:
3019 5422 3378 5484 recensentur,
3401 5426 3480 5476 27.

2892 5511 2936 5562 Η

2123 5603 2360 5668 Ηωιιθίὶςιί
2383 5603 2600 5668 quinam
2625 5603 2760 5668 sint,
2777 5604 2856 5661 41,
2885 5605 3017 5668 nni.
3039 5604 3124 5654 Eis
3149 5618 3256 5655 non
3279 5606 3333 5654 in
3367 5608 3619 5658 omnibus
3643 5622 3766 5657 con-

2060 5665 2449 5734 tradicendum,
2469 5668 2626 5734 55_,_n.
2660 5668 2704 5717 1.
2726 5666 2847 5734 _Per_
2853 5665 3100 5734 umbram
3117 5669 3412 5734 sanctitatis
3434 5672 3766 5734 simplicibus

2060 5729 2500 5846 iugitm‘gajiunt.
2525 5731 2603 5783 78.
2639 5744 2692 5780 η.
2719 5731 2767 5779 2.
2817 5729 3100 5783 Probitatis
3136 5736 3194 5784 et
3220 5729 3590 5786 sanctimoniae
3626 5731 3765 5782 simil

2195 5832 2208 5846 .
2298 5809 2314 5842 ι
2355 5831 2366 5843 .

2194 5832 2208 5852 ,
2241 5809 2366 5844 ima.
