4104 6512
665 427 769 481 381)
1358 432 1415 486 S.
1450 430 1737 489 JOANNIS
1772 432 2263 490 CHRYSOSTOMI
2319 432 2636 491 ARCIIIEP.
2676 430 3199 494 CONSTANTINOP
3820 429 3923 482 590

694 628 1023 639 ..Ψ-ο...-

693 643 1029 655 κη’-...ιη-
1054 646 1381 655 my“..-
1404 652 1409 653 γ

1290 633 1633 643 ———.._.

1659 635 2009 649 _._.._._...__

1508 634 1633 643 -—-—
1659 635 2853 649 —.———-———._-—.—————_.~
2869 638 3004 646 -»——
3026 634 3129 646 ———

1508 650 1787 659 -..νῇ-ης...-
1810 650 1907 659 ,ηκσκ
2055 652 2072 657 ..
2166 652 2173 655 -
2202 652 2210 657 α
2249 652 2273 659 ς..
2322 652 2325 653 ν
2358 651 2543 660 -σ-τσοοοι
2568 652 2700 660 --τω-
2714 651 3129 663 o—~-...-——x—o-u

2322 652 2325 653 ν
2358 637 2543 660 -σ-ττζοσλ
2568 652 2700 660 --τω-
2714 639 3765 663 --κιαι-τοτ-ι-οαυυ-ο-Ψ-Μω
3780 647 3809 657 ι.
3824 647 3916 658 ιω

2091 960 2267 1004 CIRCA
2314 961 2475 1004 lJUAS

1527 1180 1965 1255 SEQUENTES
2024 1180 2101 1239 IN
2163 1180 2605 1240 EUTROPIUM
2666 1180 3026 1241 IIOMILIAS

1987 1434 2611 1532 MONITUM.

730 1741 1019 1814 Eutropius
1047 1744 1331 1800 eunuchus
1356 1745 1526 1814 gratia
1563 1746 1703 1816 apud
1739 1744 2132 1817 Imperatorem
2158 1746 2453 1803 Arcadium
2487 1748 2783 1818 plurimum
2814 1748 3044 1813 valebat,
3078 1748 3306 1819 ejusque
3337 1747 3564 1803 ’consilio
3585 1757 3638 1802 et
3665 1749 3919 1805 auctori-

655 1868 763 1911 tate
790 1874 1019 1929 qumque
1050 1861 1284 1915 maxima
1320 1857 1534 1930 Imperii
1568 1861 1783 1934 negotia
1807 1863 2159 1934 gerebantur.
2190 1863 2239 1921 ls
2272 1880 2396 1920 cum
2437 1864 2666 1922 Joannis
2690 1866 3070 1938 Chrysustomi
3114 1866 3167 1919 in
3219 1864 3402 1921 sedem
3437 1864 3907 1936 Constantinopo-

654 1970 876 2025 litanam
908 1972 1259 2041 promovendi
1288 1983 1481 2029 auctor
1512 1972 1727 2038 fuisset,
1769 1974 1929 2031 initio
1962 1975 2081 2047 ejus
2110 1976 2336 2033 monitis
2374 1977 2703 2048 placittsque
2738 1977 2881 2033 haud
2921 1994 3063 2051 :cgre
3101 1994 3308 2035 morem
3350 1977 3591 2050 gerebat.
3634 1977 3739 2034 Sed
3780 1994 3911 2033 cum

656 2102 778 2143 eum
825 2086 884 2142 S.
914 2087 1106 2143 doctor
1138 2088 1208 2144 ob
1235 2088 1521 2145 avaritiam
1561 2088 2048 2161 ambitionetnque,
2085 2092 2265 2148 amico
2305 2094 2427 2149 licet
2466 2082 2649 2148 animo
2712 2093 3024 2165 Frequenter
3058 2094 3395 2165 objurgaret,
3438 2093 3492 2149 in
3532 2093 3652 2164 ejus
3689 2092 3913 2148 tandem

655 2203 1009 2259 oﬂ'ensioncm
1048 2203 1292 2259 incurrit.
1322 2203 1463 2261 Inter
1492 2205 1598 2260 alia
1630 2220 1782 2274 vero,
1810 2222 1933 2277 qua:
1968 2218 2161 2278 praeter
2192 2210 2569 2282 Chrysostomi
2603 2213 2891 2268 consilium
2925 2224 2978 2267 et
3013 2213 3345 2268 voluntatem
3375 2212 3679 2286 designavit
3715 2212 3918 2267 Eutro-

654 2332 799 2400 pius,
832 2331 998 2401 legem
1029 2333 1152 2387 ferri
1183 2331 1413 2397 curavit,
1443 2342 1500 2387 ut
1531 2332 1666 2404 asyli
1694 2342 1747 2388 et
1769 2334 2134 2389 immunitatis
2164 2334 2257 2404 jus
2280 2333 2524 2389 ecclesiis
2559 2334 2858 2390 tolleretur.
2892 2333 3043 2406 [380]
3068 2333 3267 2390 Verum
3302 2335 3353 2389 id
3386 2334 3473 2389 ille
3507 2332 3561 2386 in
3596 2331 3791 2401 capitis
3824 2332 3915 2386 sui

656 2448 944 2517 perniciem
975 2450 1196 2506 molitus
1222 2460 1305 2506 est
1334 2468 1347 2505 :
1377 2466 1498 2505 cum
1523 2450 1669 2505 enim
1698 2449 2052 2506 Consulatum
2085 2448 2214 2505 anni
2241 2449 2925 2521 undequadringentesimi,
2945 2449 3159 2505 Arcadii
3190 2460 3350 2516 nutu,
3385 2457 3710 2504 consecutus
3738 2430 3914 2509 esset,

655 2588 1029 2629 universorum
1080 2574 1131 2626 in
1162 2588 1220 2627 se
1250 2572 1432 2626 uilium
1464 2570 1781 2629 concitavit.
1819 2570 1957 2627 Tum
2006 2571 2340 2644 'I'ribigildtts
2387 2573 2686 2642 Tribunus,
2734 2575 2872 2630 clam
2921 2574 3134 2630 favente
3178 2572 3374 2635 Gaiua,
3430 2580 3618 2627 coacta
3670 2570 3914 2625 militum

658 2702 843 2749 manu,
875 2702 903 2741 a
938 2686 1288 2743 formiduloso
1329 2687 1569 2756 principe
1608 2686 1937 2758 impetravit,
1971 2699 2030 2742 ut
2069 2687 2239 2759 gradu
2279 2687 2601 2758 dejiceretur
2640 2688 2935 2759 EutrOpius
2973 2707 2985 2742 :
3027 2688 3145 2758 qui,
3182 2688 3331 2757 quod
3370 2701 3539 2741 unum
3582 2685 3684 2757 ipsi
3712 2682 3912 2755 perfu-

564 2796 573 2805 '
655 2798 802 2868 gium
834 2798 1110 2852 residuum
1140 2808 1277 2861 erat,
1314 2799 1365 2851 in
1401 2796 1685 2852 ecclesiam
1719 2812 1777 2852 se
1814 2798 2034 2867 recepit,
2062 2807 2117 2852 et
2142 2798 2372 2869 asylum,
2406 2800 2550 2869 quod
2589 2802 2703 2871 ipse
2733 2801 3106 2873 abrogaudum
3148 2807 3452 2860 curaverat,
3501 2796 3724 2868 supplex
3758 2794 3920 2849 adire

654 2925 876 2968 coactus
905 2920 1005 2967 est.
1044 2910 1194 2968 Unus
1229 2921 1343 2967 tum
1376 2922 1430 2967 et
1457 2912 1593 2983 asyli
1618 2925 1673 2968 et
1703 2912 1945 2980 l-Zutrupii
1984 2912 2238 2968 defensor
2266 2913 2441 2969 adfuit
2470 2913 2918 2985 Chrysostomus,
2952 2915 3044 2984 qui
3085 2913 3298 2968 fortiter
3324 2922 3379 2967 et
3414 2912 3647 2966 militum
3682 2909 3918 2978 impetui

653 3042 708 3088 et
737 3035 1082 3103 imperatoris
1123 3036 1343 3090 decreto
1382 3035 1613 3099 obstitit,
1651 3044 1797 3090 etne
1838 3033 1930 3103 jus
1970 3034 2216 3090 ecclesia:
2238 3036 2533 3091 violaretur
2568 3037 2765 3093 effecit.
2809 3035 3001 3092 Verum
3044 3036 3161 3091 haec
3208 3035 3454 3105 pluribus
3499 3035 3553 3089 in
3592 3030 3709 3088 Vita
3735 3033 3921 3104 Chry-

656 3150 904 3202 sostouii.
948 3148 1267 3217 lusequente
1314 3159 1439 3220 post
1480 3148 1724 3219 Eutropii
1772 3149 1824 3203 in
1867 3147 2156 3204 ecclesiam
2204 3158 2479 3220 receptum
2533 3150 2650 3217 die,
2678 3152 2819 3207 hanc
2867 3152 3328 3223 elegantissimam
3371 3152 3691 3207 concionem
3723 3151 3925 3206 habuit

656 3263 1082 3336 Chry.<ostomus
1113 3285 1125 3320 :
1161 3267 1249 3319 ubi
1287 3266 1353 3321 de
1382 3265 1525 3320 fluxa
1564 3280 1746 3321 rerum
1783 3266 2145 3320 humanarum
2174 3267 2484 3324 conditione
2516 3268 2749 3324 mirifice
2774 3269 3017 3331 disserit,
3044 3266 3367 3339 Eutmpium
3404 3265 3717 3335 compellat,
3749 3281 3925 3336 expo-

658 3376 735 3430 nit
773 3393 935 3447 quam
967 3379 1275 3435 inconsulto
1311 3379 1707 3435 immunitatem
1740 3380 1982 3437 ecclesia:
2014 3381 2217 3438 violare
2250 3385 2558 3451 teutaverit,
2590 3401 2752 3455 quam
2780 3384 2894 3455 ipse
2934 3384 3081 3455 prior
3119 3384 3269 3438 adire
3308 3392 3362 3438 et
3386 3394 3638 3454 expetere
3665 3381 3923 3452 compul-

658 3517 751 3557 sus
785 3497 899 3558 sit:
928 3501 993 3556 ad
1026 3501 1144 3568 ejus
1171 3511 1350 3556 tamen
1381 3502 1813 3557 misericordiam
1856 3501 2037 3571 populi
2067 3512 2268 3559 emtum
2300 3503 2372 3559 ita
2401 3504 2721 3576 παθητικῶς
2768 3503 3031 3576 perpulit,
3062 3512 3122 3558 ut
3152 3502 3399 3559 omnium
3433 3503 3709 3575 lacrymas
3746 3516 3920 3557 excu-

662 3625 818 3672 teret.
3607 3606 3624 3676 δ

729 3750 938 3821 Elapsis
979 3761 1099 3821 post
1130 3751 1275 3805 illam
1299 3750 1538 3806 habitam
1571 3752 1847 3808 homiliam
1878 3754 2085 3825 aliquot
2114 3754 2326 3820 diebus,
2354 3754 2647 3826 Eutropius
2676 3764 2734 3811 ut
2758 3756 3106 3813 inimicorum
3132 3756 3391 3811 excubias
3422 3755 3653 3819 falleret,
3686 3769 3926 3824 seseque

659 3869 978 3939 proriperet,
1011 3868 1077 3922 ab
1113 3869 1349 3923 ecclesia
1377 3868 1607 3939 aufugit.
1644 3868 1843 3924 Verum
1874 3879 2085 3940 captus,
2119 3884 2353 3942 moxque
2393 3871 2445 3926 in
2489 3871 2728 3943 Cyprum
2769 3874 3062 3943 relegatus,
3102 3871 3406 3940 deindeque
3444 3868 3589 3925 haud
3630 3872 3704 3924 ita
3745 3870 3928 3925 multo

659 3991 851 4056 elapso
881 3998 1122 4059 tempore
1143 3987 1542 4042 Chalcedonem
1582 3988 1879 4055 adductus,
1912 3990 2202 4046 damnatus
2236 3992 2521 4061 capiteque
2554 3992 2747 4061 plexus
2793 3999 2895 4046 est.
2943 3990 3094 4046 Hauc
3143 4005 3305 4061 porro
3347 3989 3664 4060 tragmdiam
3708 3990 3761 4044 in
3800 3988 3926 4045 Vita

661 4110 1035 4183 Chrysostomi
1061 4109 1126 4163 ad
1161 4124 1362 4162 annum
1395 4106 1499 4165 399
1532 4108 1780 4178 pluribus
1812 4109 2081 4168 recensita
2110 4108 2310 4164 habes:
2339 4124 2401 4164 ac
2436 4108 2603 4165 multa
2625 4124 2747 4180 qu:e
2766 4108 2831 4162 ad
2866 4107 3010 4163 hanc
3041 4106 3321 4163 historiam
3352 4105 3708 4175 spectant,vel
3733 4106 3927 4160 hacte-

663 4245 765 4284 nus
797 4229 1018 4294 intacta,
1048 4228 1129 4282 vel
1162 4227 1413 4281 intricata
1439 4226 1754 4292 admodum,
1792 4227 1859 4281 ad
1895 4241 2078 4283 veram
2118 4242 2538 4299 germanamque
2567 4242 2749 4281 rerum
2800 4227 2995 4281 seriem
3045 4238 3147 4280 nos
3188 4224 3473 4280 reduxisse
3507 4237 3815 4293 speramus.

738 4343 837 4399 Vix
864 4344 1064 4414 elapsis
1086 4318 1301 4399 duobus
1330 4352 1454 4415 post
1476 4341 1719 4412 Eutropii
1752 4340 1935 4411 fugam
1977 4340 2170 4396 diebus
2209 4341 2528 4396 concionem
2565 4349 2883 4412 sequentem
2923 4340 3107 4395 habuit
3146 4338 3575 4411 Chrysostomus
3604 4355 3617 4390 :
3656 4340 3750 4395 ubi
3781 4343 3914 4411 qui-

660 4460 891 4516 busdam
928 4460 1224 4529 praemissis
1256 4460 1323 4515 de
1354 4460 1584 4515 utilitate
1605 4457 1854 4513 lectionis
1900 4455 2208 4511 divinarum
2252 4454 2685 4526 Scripturarum,
2722 4456 3005 4510 obsessam
3040 4454 3228 4524 paucis
3260 4465 3385 4509 ante
3415 4454 3606 4509 diebus
3630 4455 3923 4512 ecclesiam

665 4581 833 4637 fuisse
856 4591 1060 4645 narrat,
1094 4597 1271 4653 neque
1304 4591 1481 4638 tamen
1509 4583 1766 4638 traditum
1802 4581 2039 4635 inimicis
2065 4580 2411 4649 EuIrOpium,
2443 4579 2537 4651 qui
2569 4578 2615 4634 si
2643 4578 2930 4633 ecclesiam
2978 4592 3086 4632 non
3130 4576 3503 4641 deseruisset,
3551 4585 3744 4646 captus
3780 4593 3933 4633 nun-

665 4709 829 4763 quam
870 4694 1080 4750 fuisset.
1110 4695 1335 4749 Fluxam
1368 4696 1563 4751 iterum
1598 4695 1963 4750 humanarum
1994 4694 2315 4749 facultatum
2345 4692 2769 4764 divitiarumque
2802 4693 3169 4748 conditionem
3202 4692 3273 4747 ob
3296 4693 3484 4747 oculos
3508 4693 3656 4760 ponit
3689 4712 3701 4746 :
3736 4693 3928 4748 deser-

668 4822 893 4883 tumque
918 4814 1049 4869 dicit
1076 4816 1144 4868 ab
1174 4815 1383 4877 amicis,
1415 4830 1446 4869 a
1473 4814 1809 4878 domesticis,
1840 4829 1870 4868 a
1905 4812 2141 4869 fortunis
2175 4814 2430 4869 omnibus
2462 4811 2803 4883 Eutropium.
2836 4811 3127 4883 Multisque
3156 4812 3353 4867 additis
3389 4812 3456 4867 dc
3490 4827 3619 4867 vero
3646 4812 3930 4883 legitimo-

666 4945 773 4999 que
800 4930 1113 4984 divitiarum
1154 4946 1278 4997 usu,
1318 4932 1496 5002 deque
1523 4931 1630 4985 vita
1676 4931 1949 5001 praesenti,
1996 4946 2159 5003 quam
2203 4928 2696 5000 peregrinationem
2737 4941 2859 4981 esse
2906 4924 3419 4989 commonstrat,‘ad
3449 4922 3703 4980 Ecclesia:
3731 4925 3931 4981 laudes

670 5051 885 5114 transit,
928 5051 1156 5121 ejusque
1205 5053 1423 5120 nuptias
1474 5066 1598 5107 cum
1647 5050 1867 5106 Christo
1917 5050 2163 5119 pluribus
2213 5048 2583 5119 prosequitur,
2621 5048 2724 5101 hoc
2761 5044 3075 5113 frequenter
3105 5056 3239 5096 usus
3275 5039 3474 5096 Psalmi
3517 5041 3931 5110 quadragesimi

668 5166 847 5235 quarti
891 5168 1180 5232 versiculo,
1218 5168 1403 5220 Astitit
1436 5168 1617 5237 regina
1643 5184 1674 5220 a
1704 5168 1907 5221 dextris
1939 5168 2043 5221 tuis
2071 5166 2122 5219 in
2153 5132 2675 5225 vcstitu‘deaurato,
2710 5170 2816 5215 etc.
2869 5158 3044 5228 llujus
3097 5164 3277 5211 autem
3324 5155 3607 5273 versiculi/
3629 5155 3933 5211 occasione

674 5281 909 5340 Sat-ilius
938 5292 993 5339 et
1023 5283 1222 5340 Fronto
1251 5285 1477 5341 Ducaaus
1508 5286 1651 5341 hanc
1682 5288 1998 5341 concionem
2030 5286 2171 5340 inter
2203 5283 2468 5339 Homilias
2493 5282 2675 5336 varias
2707 5279 2760 5331 in
2798 5276 3049 5331 Psalmos
3076 5275 3412 5337 locaverunt,
3444 5271 3773 5326 reclamante
3798 5271 3935 5325 licet

672 5406 723 5449 ct
748 5397 904 5454 titulo
928 5408 983 5455 et
1009 5401 1177 5471 priori
1209 5402 1446 5457 homilize
1480 5409 1654 5471 parte,
1685 5396 1777 5451 ubi
1803 5396 1869 5451 de
1890 5408 2048 5465 capto
2078 5410 2109 5449 a
2135 5393 2401 5448 militibus
2432 5388 2693 5458 Eutropio
2724 5386 2973 5457 pluribus
3009 5385 3203 5456 agitur.
3234 5381 3526 5437 Enimvero
3556 5380 3672 5435 haec
3698 5380 3935 5437 humilia

674 5511 892 5567 ubinam
919 5515 1261 5569 commodius
1283 5514 1505 5578 locetur,
1537 5527 1699 5582 quam
1738 5519 1864 5581 post
1898 5508 2045 5563 illam
2082 5508 2204 5578 ipso
2234 5516 2498 5577 praesente
2525 5502 2787 5573 Eutropio
2820 5499 3098 5554 habitam?
3127 5496 3185 5552 In
3212 5497 3302 5552 illa
3326 5498 3529 5568 quippe
3550 5496 3617 5551 de
3646 5494 3923 5565 Eutropio

675 5625 917 5680 ecclesiae
944 5625 1153 5696 asylum
1181 5634 1232 5678 et
1258 5620 1567 5693 praesidium
1609 5621 1933 5691 implorante
1966 5619 2171 5690 agitur;
2198 5617 2251 5670 in
2285 5617 2388 5671 hac
2418 5630 2548 5670 vero
2592 5614 2659 5669 de
2685 5613 2875 5669 eodem
2910 5612 3165 5667 eunucho
3192 5618 3317 5680 post
3349 5610 3638 5665 dimissum
3668 5607 3925 5664 ecclesiae

678 5738 887 5810 asylum
921 5747 1078 5807 capto
1103 5752 1281 5792 sermo
1310 5737 1559 5792 habetur.
1594 5734 1917 5805 llujusmodi
1947 5742 2129 5786 autem
2168 5730 2419 5786 homilias
2448 5727 2779 5799 scparandas
2815 5741 2923 5780 non
2953 5739 3074 5780 esse
3099 5739 3223 5777 cum
3258 5724 3375 5793 ipsa
3403 5723 3561 5790 ratio,
3588 5732 3702 5778 tum
3735 5722 3935 5779 erudi-

681 5866 881 5919 torum,
905 5871 1039 5929 quos
1055 5856 1444 5917 consumimus,
1477 5853 1742 5924 judicium
1775 5850 2059 5906 suadebat.
