  <div class='ocr_page' id='page_1' title='image "/cluster/home/n/w/nwhite01/storage/ocr_20150623/52/uva.x030486926/016.png"; bbox 0 0 4104 6506; ppageno 0'>
   <div class='ocr_carea' id='block_1_1' title="bbox 137 438 3418 513">
    <p class='ocr_par' dir='ltr' id='par_1_1' title="bbox 137 438 3418 513">
     <span class='ocr_line' id='line_1_1' title="bbox 137 438 3418 513; baseline -0.006 0"><span class='ocrx_word' id='word_1_1' title='bbox 137 456 226 513; x_wconf 70' lang='lat'><strong>389</strong></span> <span class='ocrx_word' id='word_1_2' title='bbox 1250 453 1316 509; x_wconf 85' lang='lat' dir='ltr'><strong>IN</strong></span> <span class='ocrx_word' id='word_1_3' title='bbox 1360 450 1792 509; x_wconf 74' lang='lat' dir='ltr'><strong>EUTROPIUM.</strong></span> <span class='ocrx_word' id='word_1_4' title='bbox 1827 480 1894 491; x_wconf 93' lang='lat'>—</span> <span class='ocrx_word' id='word_1_5' title='bbox 1936 446 2281 506; x_wconf 77' lang='lat' dir='ltr'><strong>MONlTUM.</strong></span> <span class='ocrx_word' id='word_1_6' title='bbox 3311 438 3418 494; x_wconf 69' lang='lat'><strong>599</strong></span> 
     </span>
    </p>
   </div>
   <div class='ocr_carea' id='block_1_2' title="bbox 195 557 3414 646">
    <p class='ocr_par' dir='ltr' id='par_1_2' title="bbox 195 557 3414 646">
     <span class='ocr_line' id='line_1_2' title="bbox 195 557 3414 646; baseline -0.007 -13"><span class='ocrx_word' id='word_1_7' title='bbox 195 577 454 633; x_wconf 54' lang='lat' dir='ltr'><strong>Caeterum</strong></span> <span class='ocrx_word' id='word_1_8' title='bbox 492 575 548 628; x_wconf 92' lang='lat' dir='ltr'><strong>in</strong></span> <span class='ocrx_word' id='word_1_9' title='bbox 586 573 690 629; x_wconf 88' lang='lat' dir='ltr'><strong>hac</strong></span> <span class='ocrx_word' id='word_1_10' title='bbox 719 573 1008 646; x_wconf 81' lang='lat' dir='ltr'><strong>posteriori</strong></span> <span class='ocrx_word' id='word_1_11' title='bbox 1047 572 1270 627; x_wconf 87' lang='lat' dir='ltr'><strong>homilia</strong></span> <span class='ocrx_word' id='word_1_12' title='bbox 1297 573 1726 644; x_wconf 85' lang='lat' dir='ltr'><strong>Chrysostomus</strong></span> <span class='ocrx_word' id='word_1_13' title='bbox 1757 587 1787 625; x_wconf 87' lang='lat' dir='ltr'><strong>a</strong></span> <span class='ocrx_word' id='word_1_14' title='bbox 1815 571 1976 626; x_wconf 87' lang='lat' dir='ltr'><strong>solito</strong></span> <span class='ocrx_word' id='word_1_15' title='bbox 2007 569 2222 626; x_wconf 74' lang='lat' dir='ltr'><strong>dicendi</strong></span> <span class='ocrx_word' id='word_1_16' title='bbox 2257 582 2455 641; x_wconf 82' lang='lat' dir='ltr'><strong>genere</strong></span> <span class='ocrx_word' id='word_1_17' title='bbox 2487 581 2595 621; x_wconf 92' lang='lat' dir='ltr'><strong>non</strong></span> <span class='ocrx_word' id='word_1_18' title='bbox 2628 577 2821 634; x_wconf 86' lang='lat' dir='ltr'><strong>parum</strong></span> <span class='ocrx_word' id='word_1_19' title='bbox 2849 559 3107 618; x_wconf 82' lang='lat' dir='ltr'><strong>deﬂectit.</strong></span> <span class='ocrx_word' id='word_1_20' title='bbox 3142 558 3244 614; x_wconf 87' lang='lat' dir='ltr'><strong>llic</strong></span> <span class='ocrx_word' id='word_1_21' title='bbox 3268 557 3414 614; x_wconf 91' lang='lat' dir='ltr'><strong>enim</strong></span> 
     </span>
    </p>
   </div>
   <div class='ocr_carea' id='block_1_3' title="bbox 138 677 3418 762">
    <p class='ocr_par' dir='ltr' id='par_1_3' title="bbox 138 677 3418 762">
     <span class='ocr_line' id='line_1_3' title="bbox 138 677 3418 762; baseline -0.006 -14"><span class='ocrx_word' id='word_1_22' title='bbox 138 696 284 757; x_wconf 68' lang='lat' dir='ltr'><strong>illam,</strong></span> <span class='ocrx_word' id='word_1_23' title='bbox 313 707 410 746; x_wconf 89' lang='lat' dir='ltr'><strong>ceu</strong></span> <span class='ocrx_word' id='word_1_24' title='bbox 447 702 656 762; x_wconf 82' lang='lat' dir='ltr'><strong>sponte</strong></span> <span class='ocrx_word' id='word_1_25' title='bbox 692 691 949 746; x_wconf 82' lang='lat' dir='ltr'><strong>ﬂuentem</strong></span> <span class='ocrx_word' id='word_1_26' title='bbox 995 699 1188 745; x_wconf 83' lang='lat' dir='ltr'><strong>sancto</strong></span> <span class='ocrx_word' id='word_1_27' title='bbox 1232 690 1442 744; x_wconf 82' lang='lat' dir='ltr'><strong>doctori</strong></span> <span class='ocrx_word' id='word_1_28' title='bbox 1497 687 1820 743; x_wconf 79' lang='lat' dir='ltr'><strong>familiarem</strong></span> <span class='ocrx_word' id='word_1_29' title='bbox 1867 686 2220 757; x_wconf 78' lang='lat' dir='ltr'><strong>elegantiam</strong></span> <span class='ocrx_word' id='word_1_30' title='bbox 2247 700 2356 740; x_wconf 91' lang='lat' dir='ltr'><strong>non</strong></span> <span class='ocrx_word' id='word_1_31' title='bbox 2393 680 2879 754; x_wconf 87' lang='lat' dir='ltr'><strong>deprehendimus.</strong></span> <span class='ocrx_word' id='word_1_32' title='bbox 2927 677 3209 734; x_wconf 77' lang='lat' dir='ltr'><strong>Orationis</strong></span> <span class='ocrx_word' id='word_1_33' title='bbox 3245 691 3418 748; x_wconf 78' lang='lat' dir='ltr'><strong>genus</strong></span> 
     </span>
    </p>
   </div>
   <div class='ocr_carea' id='block_1_4' title="bbox 136 796 3417 880">
    <p class='ocr_par' dir='ltr' id='par_1_4' title="bbox 136 796 3417 880">
     <span class='ocr_line' id='line_1_4' title="bbox 136 796 3417 880; baseline -0.005 -15"><span class='ocrx_word' id='word_1_34' title='bbox 136 829 226 867; x_wconf 87' lang='lat' dir='ltr'><strong>non</strong></span> <span class='ocrx_word' id='word_1_35' title='bbox 250 812 557 880; x_wconf 78' lang='lat' dir='ltr'><strong>evpolitum</strong></span> <span class='ocrx_word' id='word_1_36' title='bbox 587 819 692 875; x_wconf 87' lang='lat' dir='ltr'><strong>est,</strong></span> <span class='ocrx_word' id='word_1_37' title='bbox 727 811 821 866; x_wconf 88' lang='lat' dir='ltr'><strong>sed</strong></span> <span class='ocrx_word' id='word_1_38' title='bbox 852 810 1142 880; x_wconf 74' lang='lat' dir='ltr'><strong>strigosum</strong></span> <span class='ocrx_word' id='word_1_39' title='bbox 1179 818 1234 863; x_wconf 88' lang='lat' dir='ltr'><strong>et</strong></span> <span class='ocrx_word' id='word_1_40' title='bbox 1261 809 1573 863; x_wconf 83' lang='lat' dir='ltr'><strong>intricatum</strong></span> <span class='ocrx_word' id='word_1_41' title='bbox 1603 825 1616 863; x_wconf 91' lang='lat'><strong>:</strong></span> <span class='ocrx_word' id='word_1_42' title='bbox 1663 807 1802 863; x_wconf 83' lang='lat' dir='ltr'><strong>ordo</strong></span> <span class='ocrx_word' id='word_1_43' title='bbox 1825 807 2221 862; x_wconf 87' lang='lat' dir='ltr'><strong>sententiarum</strong></span> <span class='ocrx_word' id='word_1_44' title='bbox 2252 805 2593 874; x_wconf 88' lang='lat' dir='ltr'><strong>interceptus</strong></span> <span class='ocrx_word' id='word_1_45' title='bbox 2635 801 2964 872; x_wconf 88' lang='lat' dir='ltr'><strong>plerumque</strong></span> <span class='ocrx_word' id='word_1_46' title='bbox 2992 815 3006 854; x_wconf 73' lang='grc' dir='ltr'><strong><em>τ</em></strong></span> <span class='ocrx_word' id='word_1_47' title='bbox 3047 796 3417 853; x_wconf 87' lang='lat' dir='ltr'><strong>interturbata</strong></span> 
     </span>
    </p>
   </div>
   <div class='ocr_carea' id='block_1_5' title="bbox 133 917 3415 998">
    <p class='ocr_par' dir='ltr' id='par_1_5' title="bbox 133 917 3415 998">
     <span class='ocr_line' id='line_1_5' title="bbox 133 917 3415 998; baseline -0.005 -12"><span class='ocrx_word' id='word_1_48' title='bbox 133 931 302 993; x_wconf 81' lang='lat' dir='ltr'><strong>series,</strong></span> <span class='ocrx_word' id='word_1_49' title='bbox 329 939 390 983; x_wconf 86' lang='lat' dir='ltr'><strong>ut</strong></span> <span class='ocrx_word' id='word_1_50' title='bbox 421 928 513 982; x_wconf 74' lang='lat' dir='ltr'><strong>vix</strong></span> <span class='ocrx_word' id='word_1_51' title='bbox 558 928 754 998; x_wconf 88' lang='lat' dir='ltr'><strong>capias</strong></span> <span class='ocrx_word' id='word_1_52' title='bbox 779 943 886 998; x_wconf 88' lang='lat' dir='ltr'><strong>qua</strong></span> <span class='ocrx_word' id='word_1_53' title='bbox 916 929 982 982; x_wconf 88' lang='lat' dir='ltr'><strong>de</strong></span> <span class='ocrx_word' id='word_1_54' title='bbox 1011 943 1176 982; x_wconf 87' lang='lat' dir='ltr'><strong>causa</strong></span> <span class='ocrx_word' id='word_1_55' title='bbox 1207 925 1276 980; x_wconf 88' lang='lat' dir='ltr'><strong>ab</strong></span> <span class='ocrx_word' id='word_1_56' title='bbox 1301 926 1404 980; x_wconf 86' lang='lat' dir='ltr'><strong>hoc</strong></span> <span class='ocrx_word' id='word_1_57' title='bbox 1439 935 1765 994; x_wconf 84' lang='lat' dir='ltr'><strong>argumento</strong></span> <span class='ocrx_word' id='word_1_58' title='bbox 1794 924 1848 979; x_wconf 90' lang='lat' dir='ltr'><strong>in</strong></span> <span class='ocrx_word' id='word_1_59' title='bbox 1884 921 2015 978; x_wconf 91' lang='lat' dir='ltr'><strong>illud</strong></span> <span class='ocrx_word' id='word_1_60' title='bbox 2047 932 2314 978; x_wconf 81' lang='lat' dir='ltr'><strong>transeat.</strong></span> <span class='ocrx_word' id='word_1_61' title='bbox 2347 921 2594 990; x_wconf 84' lang='lat' dir='ltr'><strong>Denique</strong></span> <span class='ocrx_word' id='word_1_62' title='bbox 2617 934 2712 989; x_wconf 89' lang='lat' dir='ltr'><strong>per</strong></span> <span class='ocrx_word' id='word_1_63' title='bbox 2741 927 2908 973; x_wconf 88' lang='lat' dir='ltr'><strong>totam</strong></span> <span class='ocrx_word' id='word_1_64' title='bbox 2935 917 3221 974; x_wconf 75' lang='lat' dir='ltr'><strong>homiliam</strong></span> <span class='ocrx_word' id='word_1_65' title='bbox 3246 917 3415 972; x_wconf 78' lang='lat' dir='ltr'><strong>multa</strong></span> 
     </span>
    </p>
   </div>
   <div class='ocr_carea' id='block_1_6' title="bbox 134 1033 3416 1116">
    <p class='ocr_par' dir='ltr' id='par_1_6' title="bbox 134 1033 3416 1116">
     <span class='ocr_line' id='line_1_6' title="bbox 134 1033 3416 1116; baseline -0.003 -17"><span class='ocrx_word' id='word_1_66' title='bbox 134 1047 325 1102; x_wconf 79' lang='lat' dir='ltr'><strong>videtur</strong></span> <span class='ocrx_word' id='word_1_67' title='bbox 359 1043 551 1100; x_wconf 79' lang='lat' dir='ltr'><strong>infusa</strong></span> <span class='ocrx_word' id='word_1_68' title='bbox 587 1046 975 1116; x_wconf 72' lang='lat' dir='ltr'><strong>peregrinitas.</strong></span> <span class='ocrx_word' id='word_1_69' title='bbox 1003 1043 1100 1098; x_wconf 73' lang='lat' dir='ltr'><strong>liis</strong></span> <span class='ocrx_word' id='word_1_70' title='bbox 1125 1044 1267 1099; x_wconf 83' lang='lat' dir='ltr'><strong>haud</strong></span> <span class='ocrx_word' id='word_1_71' title='bbox 1300 1045 1464 1099; x_wconf 85' lang='lat' dir='ltr'><strong>dubie</strong></span> <span class='ocrx_word' id='word_1_72' title='bbox 1497 1051 1778 1114; x_wconf 88' lang='lat' dir='ltr'><strong>permotus</strong></span> <span class='ocrx_word' id='word_1_73' title='bbox 1805 1041 2190 1097; x_wconf 86' lang='lat' dir='ltr'><strong>Tillemontius</strong></span> <span class='ocrx_word' id='word_1_74' title='bbox 2213 1039 2426 1112; x_wconf 79' lang='lat' dir='ltr'><strong>putavit</strong></span> <span class='ocrx_word' id='word_1_75' title='bbox 2452 1037 2749 1094; x_wconf 89' lang='lat' dir='ltr'><strong>secundam</strong></span> <span class='ocrx_word' id='word_1_76' title='bbox 2780 1044 2988 1107; x_wconf 89' lang='lat' dir='ltr'><strong>partem</strong></span> <span class='ocrx_word' id='word_1_77' title='bbox 3012 1033 3106 1090; x_wconf 92' lang='lat' dir='ltr'><strong>ubi</strong></span> <span class='ocrx_word' id='word_1_78' title='bbox 3129 1035 3198 1091; x_wconf 88' lang='lat' dir='ltr'><strong>de</strong></span> <span class='ocrx_word' id='word_1_79' title='bbox 3223 1037 3416 1091; x_wconf 86' lang='lat' dir='ltr'><strong>Eccle-</strong></span> 
     </span>
    </p>
   </div>
   <div class='ocr_carea' id='block_1_7' title="bbox 130 1158 3419 1238">
    <p class='ocr_par' dir='ltr' id='par_1_7' title="bbox 130 1158 3419 1238">
     <span class='ocr_line' id='line_1_7' title="bbox 130 1158 3419 1238; baseline -0 -23"><span class='ocrx_word' id='word_1_80' title='bbox 130 1164 210 1216; x_wconf 67' lang='lat' dir='ltr'><strong>sie</strong></span> <span class='ocrx_word' id='word_1_81' title='bbox 237 1165 439 1232; x_wconf 87' lang='lat' dir='ltr'><strong>nuptiis</strong></span> <span class='ocrx_word' id='word_1_82' title='bbox 474 1167 695 1238; x_wconf 83' lang='lat' dir='ltr'><strong>agitur,</strong></span> <span class='ocrx_word' id='word_1_83' title='bbox 727 1167 978 1221; x_wconf 89' lang='lat' dir='ltr'><strong>alicunde</strong></span> <span class='ocrx_word' id='word_1_84' title='bbox 1009 1176 1323 1235; x_wconf 78' lang='lat' dir='ltr'><strong>excerptam</strong></span> <span class='ocrx_word' id='word_1_85' title='bbox 1353 1166 1523 1236; x_wconf 90' lang='lat' dir='ltr'><strong>priori</strong></span> <span class='ocrx_word' id='word_1_86' title='bbox 1558 1166 1626 1220; x_wconf 87' lang='lat' dir='ltr'><strong>de</strong></span> <span class='ocrx_word' id='word_1_87' title='bbox 1651 1165 1913 1235; x_wconf 85' lang='lat' dir='ltr'><strong>Eutropio</strong></span> <span class='ocrx_word' id='word_1_88' title='bbox 1943 1173 2186 1218; x_wconf 85' lang='lat' dir='ltr'><strong>assulam</strong></span> <span class='ocrx_word' id='word_1_89' title='bbox 2224 1162 2432 1229; x_wconf 83' lang='lat' dir='ltr'><strong>fuisse;</strong></span> <span class='ocrx_word' id='word_1_90' title='bbox 2466 1176 2567 1216; x_wconf 90' lang='lat' dir='ltr'><strong>nec</strong></span> <span class='ocrx_word' id='word_1_91' title='bbox 2596 1160 2832 1215; x_wconf 91' lang='lat' dir='ltr'><strong>obscure</strong></span> <span class='ocrx_word' id='word_1_92' title='bbox 2867 1160 3048 1214; x_wconf 91' lang='lat' dir='ltr'><strong>innuit</strong></span> <span class='ocrx_word' id='word_1_93' title='bbox 3074 1158 3328 1215; x_wconf 86' lang='lat' dir='ltr'><strong>dubitare</strong></span> <span class='ocrx_word' id='word_1_94' title='bbox 3361 1174 3419 1214; x_wconf 89' lang='lat' dir='ltr'><strong>se</strong></span> 
     </span>
    </p>
   </div>
   <div class='ocr_carea' id='block_1_8' title="bbox 129 1271 3416 1354">
    <p class='ocr_par' dir='ltr' id='par_1_8' title="bbox 129 1271 3416 1354">
     <span class='ocr_line' id='line_1_8' title="bbox 129 1271 3416 1354; baseline 0.001 -26"><span class='ocrx_word' id='word_1_95' title='bbox 129 1292 184 1329; x_wconf 86' lang='lat' dir='ltr'><strong>an</strong></span> <span class='ocrx_word' id='word_1_96' title='bbox 211 1275 291 1330; x_wconf 88' lang='lat' dir='ltr'><strong>illa</strong></span> <span class='ocrx_word' id='word_1_97' title='bbox 317 1293 449 1346; x_wconf 89' lang='lat' dir='ltr'><strong>pars</strong></span> <span class='ocrx_word' id='word_1_98' title='bbox 488 1281 777 1349; x_wconf 89' lang='lat' dir='ltr'><strong>posterior</strong></span> <span class='ocrx_word' id='word_1_99' title='bbox 798 1283 867 1336; x_wconf 88' lang='lat' dir='ltr'><strong>sit</strong></span> <span class='ocrx_word' id='word_1_100' title='bbox 891 1271 1294 1354; x_wconf 47' lang='lat' dir='ltr'><strong>Chrysostomi&#39;,</strong></span> <span class='ocrx_word' id='word_1_101' title='bbox 1323 1292 1534 1336; x_wconf 88' lang='lat' dir='ltr'><strong>tantum</strong></span> <span class='ocrx_word' id='word_1_102' title='bbox 1567 1283 1776 1339; x_wconf 86' lang='lat' dir='ltr'><strong>scilicet</strong></span> <span class='ocrx_word' id='word_1_103' title='bbox 1819 1283 2114 1338; x_wconf 86' lang='lat' dir='ltr'><strong>abhorrere</strong></span> <span class='ocrx_word' id='word_1_104' title='bbox 2156 1280 2373 1335; x_wconf 84' lang='lat' dir='ltr'><strong>videtur</strong></span> <span class='ocrx_word' id='word_1_105' title='bbox 2414 1279 2482 1334; x_wconf 76' lang='lat' dir='ltr'><strong>ab</strong></span> <span class='ocrx_word' id='word_1_106' title='bbox 2529 1279 2678 1334; x_wconf 88' lang='lat' dir='ltr'><strong>illius</strong></span> <span class='ocrx_word' id='word_1_107' title='bbox 2707 1277 2922 1334; x_wconf 89' lang='lat' dir='ltr'><strong>dicendi</strong></span> <span class='ocrx_word' id='word_1_108' title='bbox 2961 1293 3179 1350; x_wconf 88' lang='lat' dir='ltr'><strong>genere.</strong></span> <span class='ocrx_word' id='word_1_109' title='bbox 3217 1278 3416 1332; x_wconf 77' lang='lat' dir='ltr'><strong>Verum</strong></span> 
     </span>
    </p>
   </div>
   <div class='ocr_carea' id='block_1_9' title="bbox 128 1394 3421 1470">
    <p class='ocr_par' dir='ltr' id='par_1_9' title="bbox 128 1394 3421 1470">
     <span class='ocr_line' id='line_1_9' title="bbox 128 1394 3421 1470; baseline 0.001 -22"><span class='ocrx_word' id='word_1_110' title='bbox 128 1394 164 1445; x_wconf 85' lang='lat' dir='ltr'><strong>si</strong></span> <span class='ocrx_word' id='word_1_111' title='bbox 190 1395 304 1463; x_wconf 86' lang='lat' dir='ltr'><strong>quis</strong></span> <span class='ocrx_word' id='word_1_112' title='bbox 331 1395 596 1465; x_wconf 86' lang='lat' dir='ltr'><strong>priorem</strong></span> <span class='ocrx_word' id='word_1_113' title='bbox 626 1413 749 1454; x_wconf 89' lang='lat' dir='ltr'><strong>cum</strong></span> <span class='ocrx_word' id='word_1_114' title='bbox 785 1401 1087 1470; x_wconf 88' lang='lat' dir='ltr'><strong>posteriore</strong></span> <span class='ocrx_word' id='word_1_115' title='bbox 1113 1414 1268 1470; x_wconf 89' lang='lat' dir='ltr'><strong>parte</strong></span> <span class='ocrx_word' id='word_1_116' title='bbox 1307 1401 1502 1456; x_wconf 88' lang='lat' dir='ltr'><strong>sedulo</strong></span> <span class='ocrx_word' id='word_1_117' title='bbox 1537 1398 1806 1466; x_wconf 79' lang='lat' dir='ltr'><strong>conferat,</strong></span> <span class='ocrx_word' id='word_1_118' title='bbox 1845 1401 2134 1470; x_wconf 80' lang='lat' dir='ltr'><strong>utriusque</strong></span> <span class='ocrx_word' id='word_1_119' title='bbox 2169 1399 2371 1470; x_wconf 83' lang='lat' dir='ltr'><strong>stylum</strong></span> <span class='ocrx_word' id='word_1_120' title='bbox 2409 1413 2439 1453; x_wconf 89' lang='lat' dir='ltr'><strong>a</strong></span> <span class='ocrx_word' id='word_1_121' title='bbox 2481 1407 2749 1453; x_wconf 79' lang='lat' dir='ltr'><strong>consueto</strong></span> <span class='ocrx_word' id='word_1_122' title='bbox 2788 1396 3168 1470; x_wconf 82' lang='lat' dir='ltr'><strong>Chrysostomi</strong></span> <span class='ocrx_word' id='word_1_123' title='bbox 3202 1397 3421 1453; x_wconf 86' lang='lat' dir='ltr'><strong>dicendi</strong></span> 
     </span>
    </p>
   </div>
   <div class='ocr_carea' id='block_1_10' title="bbox 127 1513 3419 1589">
    <p class='ocr_par' dir='ltr' id='par_1_10' title="bbox 127 1513 3419 1589">
     <span class='ocr_line' id='line_1_10' title="bbox 127 1513 3419 1589; baseline 0.003 -25"><span class='ocrx_word' id='word_1_124' title='bbox 127 1527 300 1580; x_wconf 78' lang='lat' dir='ltr'><strong>genere</strong></span> <span class='ocrx_word' id='word_1_125' title='bbox 325 1513 499 1584; x_wconf 88' lang='lat' dir='ltr'><strong>longe</strong></span> <span class='ocrx_word' id='word_1_126' title='bbox 531 1515 826 1571; x_wconf 86' lang='lat' dir='ltr'><strong>diversum</strong></span> <span class='ocrx_word' id='word_1_127' title='bbox 859 1517 1002 1573; x_wconf 85' lang='lat' dir='ltr'><strong>haud</strong></span> <span class='ocrx_word' id='word_1_128' title='bbox 1031 1517 1195 1574; x_wconf 85' lang='lat' dir='ltr'><strong>dubie</strong></span> <span class='ocrx_word' id='word_1_129' title='bbox 1226 1518 1634 1588; x_wconf 86' lang='lat' dir='ltr'><strong>deprehendet:</strong></span> <span class='ocrx_word' id='word_1_130' title='bbox 1668 1519 1760 1573; x_wconf 79' lang='lat' dir='ltr'><strong>sed</strong></span> <span class='ocrx_word' id='word_1_131' title='bbox 1797 1519 2031 1588; x_wconf 87' lang='lat' dir='ltr'><strong>primam</strong></span> <span class='ocrx_word' id='word_1_132' title='bbox 2068 1529 2278 1589; x_wconf 82' lang='lat' dir='ltr'><strong>partem</strong></span> <span class='ocrx_word' id='word_1_133' title='bbox 2312 1520 2570 1576; x_wconf 66' lang='lat' dir='ltr'><strong>secunda)</strong></span> <span class='ocrx_word' id='word_1_134' title='bbox 2599 1520 2702 1574; x_wconf 89' lang='lat' dir='ltr'><strong>hac</strong></span> <span class='ocrx_word' id='word_1_135' title='bbox 2732 1520 2785 1575; x_wconf 90' lang='lat' dir='ltr'><strong>in</strong></span> <span class='ocrx_word' id='word_1_136' title='bbox 2816 1535 2875 1574; x_wconf 88' lang='lat' dir='ltr'><strong>re</strong></span> <span class='ocrx_word' id='word_1_137' title='bbox 2906 1520 3133 1574; x_wconf 90' lang='lat' dir='ltr'><strong>omnino</strong></span> <span class='ocrx_word' id='word_1_138' title='bbox 3157 1519 3419 1587; x_wconf 84' lang='lat' dir='ltr'><strong>similem,</strong></span> 
     </span>
    </p>
   </div>
   <div class='ocr_carea' id='block_1_11' title="bbox 125 1632 3416 1708">
    <p class='ocr_par' dir='ltr' id='par_1_11' title="bbox 125 1632 3416 1708">
     <span class='ocr_line' id='line_1_11' title="bbox 125 1632 3416 1708; baseline 0.002 -23"><span class='ocrx_word' id='word_1_139' title='bbox 125 1632 168 1685; x_wconf 91' lang='lat' dir='ltr'><strong>ni</strong></span> <span class='ocrx_word' id='word_1_140' title='bbox 195 1647 306 1687; x_wconf 88' lang='lat' dir='ltr'><strong>mea</strong></span> <span class='ocrx_word' id='word_1_141' title='bbox 339 1649 428 1688; x_wconf 90' lang='lat' dir='ltr'><strong>me</strong></span> <span class='ocrx_word' id='word_1_142' title='bbox 457 1633 847 1708; x_wconf 80' lang='lat' dir='ltr'><strong>fallitopinio,</strong></span> <span class='ocrx_word' id='word_1_143' title='bbox 873 1635 1161 1706; x_wconf 71' lang='lat' dir='ltr'><strong>iudicabit.</strong></span> <span class='ocrx_word' id='word_1_144' title='bbox 1196 1634 1354 1703; x_wconf 86' lang='lat' dir='ltr'><strong>Quod</strong></span> <span class='ocrx_word' id='word_1_145' title='bbox 1389 1653 1496 1691; x_wconf 89' lang='lat' dir='ltr'><strong>non</strong></span> <span class='ocrx_word' id='word_1_146' title='bbox 1533 1653 1598 1692; x_wconf 88' lang='lat' dir='ltr'><strong>eo</strong></span> <span class='ocrx_word' id='word_1_147' title='bbox 1632 1653 1660 1691; x_wconf 85' lang='lat' dir='ltr'><strong>a</strong></span> <span class='ocrx_word' id='word_1_148' title='bbox 1697 1652 1783 1692; x_wconf 90' lang='lat' dir='ltr'><strong>me</strong></span> <span class='ocrx_word' id='word_1_149' title='bbox 1806 1637 2014 1693; x_wconf 82' lang='lat' dir='ltr'><strong>dictum</strong></span> <span class='ocrx_word' id='word_1_150' title='bbox 2046 1637 2234 1692; x_wconf 90' lang='lat' dir='ltr'><strong>animo</strong></span> <span class='ocrx_word' id='word_1_151' title='bbox 2263 1637 2570 1703; x_wconf 80' lang='lat' dir='ltr'><strong>existimes,</strong></span> <span class='ocrx_word' id='word_1_152' title='bbox 2602 1649 2664 1692; x_wconf 91' lang='lat' dir='ltr'><strong>ut</strong></span> <span class='ocrx_word' id='word_1_153' title='bbox 2705 1647 2872 1694; x_wconf 88' lang='lat' dir='ltr'><strong>totam</strong></span> <span class='ocrx_word' id='word_1_154' title='bbox 2918 1637 3200 1694; x_wconf 89' lang='lat' dir='ltr'><strong>homiliam</strong></span> <span class='ocrx_word' id='word_1_155' title='bbox 3241 1638 3416 1708; x_wconf 78' lang='lat' dir='ltr'><strong>Chry-</strong></span> 
     </span>
    </p>
   </div>
   <div class='ocr_carea' id='block_1_12' title="bbox 125 1752 3418 1825">
    <p class='ocr_par' dir='ltr' id='par_1_12' title="bbox 125 1752 3418 1825">
     <span class='ocr_line' id='line_1_12' title="bbox 125 1752 3418 1825; baseline 0.002 -21"><span class='ocrx_word' id='word_1_156' title='bbox 125 1762 346 1808; x_wconf 83' lang='lat' dir='ltr'><strong>sostomo</strong></span> <span class='ocrx_word' id='word_1_157' title='bbox 369 1753 703 1824; x_wconf 84' lang='lat' dir='ltr'><strong>abjudicari</strong></span> <span class='ocrx_word' id='word_1_158' title='bbox 738 1755 920 1811; x_wconf 83' lang='lat' dir='ltr'><strong>velim.</strong></span> <span class='ocrx_word' id='word_1_159' title='bbox 952 1752 1072 1810; x_wconf 82' lang='lat' dir='ltr'><strong>Non</strong></span> <span class='ocrx_word' id='word_1_160' title='bbox 1101 1753 1246 1809; x_wconf 85' lang='lat' dir='ltr'><strong>enim</strong></span> <span class='ocrx_word' id='word_1_161' title='bbox 1294 1754 1496 1824; x_wconf 88' lang='lat' dir='ltr'><strong>ubique</strong></span> <span class='ocrx_word' id='word_1_162' title='bbox 1545 1756 1629 1809; x_wconf 89' lang='lat' dir='ltr'><strong>sui</strong></span> <span class='ocrx_word' id='word_1_163' title='bbox 1674 1754 1869 1810; x_wconf 86' lang='lat' dir='ltr'><strong>similis</strong></span> <span class='ocrx_word' id='word_1_164' title='bbox 1909 1755 1999 1810; x_wconf 89' lang='lat' dir='ltr'><strong>ille</strong></span> <span class='ocrx_word' id='word_1_165' title='bbox 2042 1767 2147 1819; x_wconf 88' lang='lat' dir='ltr'><strong>est,</strong></span> <span class='ocrx_word' id='word_1_166' title='bbox 2195 1755 2338 1825; x_wconf 84' lang='lat' dir='ltr'><strong>quod</strong></span> <span class='ocrx_word' id='word_1_167' title='bbox 2390 1755 2442 1809; x_wconf 93' lang='lat' dir='ltr'><strong>in</strong></span> <span class='ocrx_word' id='word_1_168' title='bbox 2489 1755 2612 1811; x_wconf 89' lang='lat' dir='ltr'><strong>aliis</strong></span> <span class='ocrx_word' id='word_1_169' title='bbox 2645 1757 2878 1811; x_wconf 91' lang='lat' dir='ltr'><strong>summis</strong></span> <span class='ocrx_word' id='word_1_170' title='bbox 2909 1754 3068 1820; x_wconf 84' lang='lat' dir='ltr'><strong>viris,</strong></span> <span class='ocrx_word' id='word_1_171' title='bbox 3099 1755 3418 1812; x_wconf 82' lang='lat' dir='ltr'><strong>oratoribus</strong></span> 
     </span>
    </p>
   </div>
   <div class='ocr_carea' id='block_1_13' title="bbox 123 1868 3417 1943">
    <p class='ocr_par' dir='ltr' id='par_1_13' title="bbox 123 1868 3417 1943">
     <span class='ocr_line' id='line_1_13' title="bbox 123 1868 3417 1943; baseline 0 -20"><span class='ocrx_word' id='word_1_172' title='bbox 123 1868 358 1930; x_wconf 77' lang='lat' dir='ltr'><strong>maxime.</strong></span> <span class='ocrx_word' id='word_1_173' title='bbox 389 1869 626 1939; x_wconf 74' lang='lat' dir='ltr'><strong>passim</strong></span> <span class='ocrx_word' id='word_1_174' title='bbox 655 1869 999 1925; x_wconf 82' lang='lat' dir='ltr'><strong>observatur.</strong></span> <span class='ocrx_word' id='word_1_175' title='bbox 1039 1868 1199 1925; x_wconf 88' lang='lat' dir='ltr'><strong>Certe</strong></span> <span class='ocrx_word' id='word_1_176' title='bbox 1233 1871 1528 1925; x_wconf 87' lang='lat' dir='ltr'><strong>nonnullas</strong></span> <span class='ocrx_word' id='word_1_177' title='bbox 1561 1869 1672 1938; x_wconf 86' lang='lat' dir='ltr'><strong>jam</strong></span> <span class='ocrx_word' id='word_1_178' title='bbox 1712 1869 1950 1926; x_wconf 77' lang='lat' dir='ltr'><strong>vidimus</strong></span> <span class='ocrx_word' id='word_1_179' title='bbox 1980 1870 2258 1936; x_wconf 89' lang='lat' dir='ltr'><strong>homilias,</strong></span> <span class='ocrx_word' id='word_1_180' title='bbox 2294 1886 2432 1941; x_wconf 87' lang='lat' dir='ltr'><strong>quas</strong></span> <span class='ocrx_word' id='word_1_181' title='bbox 2472 1870 2851 1943; x_wconf 78' lang='lat' dir='ltr'><strong>Chrysostomi</strong></span> <span class='ocrx_word' id='word_1_182' title='bbox 2885 1885 3008 1926; x_wconf 89' lang='lat' dir='ltr'><strong>esse</strong></span> <span class='ocrx_word' id='word_1_183' title='bbox 3034 1870 3123 1925; x_wconf 81' lang='lat' dir='ltr'><strong>vix</strong></span> <span class='ocrx_word' id='word_1_184' title='bbox 3159 1870 3417 1926; x_wconf 89' lang='lat' dir='ltr'><strong>dubitare</strong></span> 
     </span>
    </p>
   </div>
   <div class='ocr_carea' id='block_1_14' title="bbox 123 1983 3418 2055">
    <p class='ocr_par' dir='ltr' id='par_1_14' title="bbox 123 1983 3418 2055">
     <span class='ocr_line' id='line_1_14' title="bbox 123 1983 3418 2055; baseline 0.002 -21"><span class='ocrx_word' id='word_1_185' title='bbox 123 1983 248 2045; x_wconf 81' lang='lat' dir='ltr'><strong>licet.</strong></span> <span class='ocrx_word' id='word_1_186' title='bbox 279 1983 371 2038; x_wconf 88' lang='lat' dir='ltr'><strong>ubi</strong></span> <span class='ocrx_word' id='word_1_187' title='bbox 409 1983 638 2038; x_wconf 89' lang='lat' dir='ltr'><strong>mirum</strong></span> <span class='ocrx_word' id='word_1_188' title='bbox 665 1991 931 2053; x_wconf 89' lang='lat' dir='ltr'><strong>quantum</strong></span> <span class='ocrx_word' id='word_1_189' title='bbox 965 2000 992 2036; x_wconf 72' lang='grc' dir='ltr'><strong>ει</strong></span> <span class='ocrx_word' id='word_1_190' title='bbox 1021 1992 1286 2040; x_wconf 87' lang='lat' dir='ltr'><strong>consueto</strong></span> <span class='ocrx_word' id='word_1_191' title='bbox 1313 1983 1432 2055; x_wconf 82' lang='lat' dir='ltr'><strong>styli</strong></span> <span class='ocrx_word' id='word_1_192' title='bbox 1467 1998 1663 2055; x_wconf 78' lang='lat' dir='ltr'><strong>genere</strong></span> <span class='ocrx_word' id='word_1_193' title='bbox 1687 1983 1937 2040; x_wconf 81' lang='lat' dir='ltr'><strong>deﬂectat</strong></span> <span class='ocrx_word' id='word_1_194' title='bbox 1964 1983 2022 2040; x_wconf 88' lang='lat' dir='ltr'><strong>S.</strong></span> <span class='ocrx_word' id='word_1_195' title='bbox 2050 1985 2263 2041; x_wconf 89' lang='lat' dir='ltr'><strong>doctor.</strong></span> <span class='ocrx_word' id='word_1_196' title='bbox 2301 1983 2356 2038; x_wconf 88' lang='lat' dir='ltr'><strong>In</strong></span> <span class='ocrx_word' id='word_1_197' title='bbox 2386 1985 2487 2039; x_wconf 88' lang='lat' dir='ltr'><strong>hac</strong></span> <span class='ocrx_word' id='word_1_198' title='bbox 2514 1992 2695 2039; x_wconf 84' lang='lat' dir='ltr'><strong>autem</strong></span> <span class='ocrx_word' id='word_1_199' title='bbox 2729 1983 2995 2038; x_wconf 88' lang='lat' dir='ltr'><strong>concione</strong></span> <span class='ocrx_word' id='word_1_200' title='bbox 3025 1985 3199 2039; x_wconf 89' lang='lat' dir='ltr'><strong>multo</strong></span> <span class='ocrx_word' id='word_1_201' title='bbox 3232 1986 3418 2040; x_wconf 83' lang='lat' dir='ltr'><strong>minus</strong></span> 
     </span>
    </p>
   </div>
   <div class='ocr_carea' id='block_1_15' title="bbox 123 2101 3412 2175">
    <p class='ocr_par' dir='ltr' id='par_1_15' title="bbox 123 2101 3412 2175">
     <span class='ocr_line' id='line_1_15' title="bbox 123 2101 3412 2175; baseline 0.003 -23"><span class='ocrx_word' id='word_1_202' title='bbox 123 2101 261 2157; x_wconf 83' lang='lat' dir='ltr'><strong>liceat</strong></span> <span class='ocrx_word' id='word_1_203' title='bbox 290 2103 518 2168; x_wconf 77' lang='grc' dir='ltr'><strong>νοθείας</strong></span> <span class='ocrx_word' id='word_1_204' title='bbox 560 2104 938 2174; x_wconf 86' lang='lat' dir='ltr'><strong>suspicionem</strong></span> <span class='ocrx_word' id='word_1_205' title='bbox 968 2104 1276 2160; x_wconf 81' lang='lat' dir='ltr'><strong>admittere.</strong></span> <span class='ocrx_word' id='word_1_206' title='bbox 1307 2103 1443 2160; x_wconf 85' lang='lat' dir='ltr'><strong>Nam</strong></span> <span class='ocrx_word' id='word_1_207' title='bbox 1481 2105 1570 2159; x_wconf 90' lang='lat' dir='ltr'><strong>illa</strong></span> <span class='ocrx_word' id='word_1_208' title='bbox 1609 2120 1733 2174; x_wconf 64' lang='lat' dir='ltr'><strong>quae</strong></span> <span class='ocrx_word' id='word_1_209' title='bbox 1763 2103 1832 2160; x_wconf 88' lang='lat' dir='ltr'><strong>de</strong></span> <span class='ocrx_word' id='word_1_210' title='bbox 1859 2103 2123 2175; x_wconf 90' lang='lat' dir='ltr'><strong>Eutropio</strong></span> <span class='ocrx_word' id='word_1_211' title='bbox 2158 2105 2419 2160; x_wconf 89' lang='lat' dir='ltr'><strong>eunucho</strong></span> <span class='ocrx_word' id='word_1_212' title='bbox 2446 2103 2765 2175; x_wconf 85' lang='lat' dir='ltr'><strong>frequenter</strong></span> <span class='ocrx_word' id='word_1_213' title='bbox 2793 2103 3078 2171; x_wconf 87' lang='lat' dir='ltr'><strong>dicuntur,</strong></span> <span class='ocrx_word' id='word_1_214' title='bbox 3102 2121 3209 2161; x_wconf 89' lang='lat' dir='ltr'><strong>non</strong></span> <span class='ocrx_word' id='word_1_215' title='bbox 3242 2106 3412 2162; x_wconf 87' lang='lat' dir='ltr'><strong>alium</strong></span> 
     </span>
    </p>
   </div>
   <div class='ocr_carea' id='block_1_16' title="bbox 121 2217 3422 2297">
    <p class='ocr_par' dir='ltr' id='par_1_16' title="bbox 121 2217 3422 2297">
     <span class='ocr_line' id='line_1_16' title="bbox 121 2217 3422 2297; baseline 0.003 -28"><span class='ocrx_word' id='word_1_216' title='bbox 121 2233 264 2286; x_wconf 81' lang='lat' dir='ltr'><strong>quam</strong></span> <span class='ocrx_word' id='word_1_217' title='bbox 316 2217 802 2290; x_wconf 79' lang='lat' dir='ltr'><strong>Chrysostomum</strong></span> <span class='ocrx_word' id='word_1_218' title='bbox 839 2231 1120 2277; x_wconf 87' lang='lat' dir='ltr'><strong>auctorem</strong></span> <span class='ocrx_word' id='word_1_219' title='bbox 1180 2223 1380 2277; x_wconf 89' lang='lat' dir='ltr'><strong>habere</strong></span> <span class='ocrx_word' id='word_1_220' title='bbox 1414 2238 1577 2293; x_wconf 90' lang='lat' dir='ltr'><strong>posse</strong></span> <span class='ocrx_word' id='word_1_221' title='bbox 1605 2223 1879 2279; x_wconf 89' lang='lat' dir='ltr'><strong>videntur.</strong></span> <span class='ocrx_word' id='word_1_222' title='bbox 1929 2222 1996 2277; x_wconf 84' lang='lat' dir='ltr'><strong>Et</strong></span> <span class='ocrx_word' id='word_1_223' title='bbox 2045 2223 2290 2294; x_wconf 87' lang='lat' dir='ltr'><strong>alioquin</strong></span> <span class='ocrx_word' id='word_1_224' title='bbox 2344 2224 2398 2278; x_wconf 92' lang='lat' dir='ltr'><strong>in</strong></span> <span class='ocrx_word' id='word_1_225' title='bbox 2449 2224 2676 2279; x_wconf 85' lang='lat' dir='ltr'><strong>homilia</strong></span> <span class='ocrx_word' id='word_1_226' title='bbox 2727 2225 2990 2293; x_wconf 85' lang='lat' dir='ltr'><strong>secunda,</strong></span> <span class='ocrx_word' id='word_1_227' title='bbox 3025 2226 3246 2283; x_wconf 91' lang='lat' dir='ltr'><strong>modico</strong></span> <span class='ocrx_word' id='word_1_228' title='bbox 3297 2233 3422 2297; x_wconf 83' lang='lat' dir='ltr'><strong>post</strong></span> 
     </span>
    </p>
   </div>
   <div class='ocr_carea' id='block_1_17' title="bbox 121 2336 3420 2411">
    <p class='ocr_par' dir='ltr' id='par_1_17' title="bbox 121 2336 3420 2411">
     <span class='ocr_line' id='line_1_17' title="bbox 121 2336 3420 2411; baseline 0.003 -23"><span class='ocrx_word' id='word_1_229' title='bbox 121 2338 336 2406; x_wconf 86' lang='lat' dir='ltr'><strong>priorem</strong></span> <span class='ocrx_word' id='word_1_230' title='bbox 380 2346 656 2409; x_wconf 82' lang='lat' dir='ltr'><strong>tempore</strong></span> <span class='ocrx_word' id='word_1_231' title='bbox 687 2336 896 2406; x_wconf 87' lang='lat' dir='ltr'><strong>habita,</strong></span> <span class='ocrx_word' id='word_1_232' title='bbox 934 2347 1118 2408; x_wconf 86' lang='lat' dir='ltr'><strong>aperte</strong></span> <span class='ocrx_word' id='word_1_233' title='bbox 1145 2338 1387 2396; x_wconf 87' lang='lat' dir='ltr'><strong>declarat</strong></span> <span class='ocrx_word' id='word_1_234' title='bbox 1420 2355 1480 2396; x_wconf 89' lang='lat' dir='ltr'><strong>se</strong></span> <span class='ocrx_word' id='word_1_235' title='bbox 1502 2355 1676 2409; x_wconf 88' lang='lat' dir='ltr'><strong>nuper</strong></span> <span class='ocrx_word' id='word_1_236' title='bbox 1708 2338 1882 2394; x_wconf 87' lang='lat' dir='ltr'><strong>multa</strong></span> <span class='ocrx_word' id='word_1_237' title='bbox 1909 2347 2101 2395; x_wconf 89' lang='lat' dir='ltr'><strong>contra</strong></span> <span class='ocrx_word' id='word_1_238' title='bbox 2136 2340 2332 2396; x_wconf 80' lang='lat' dir='ltr'><strong>divites</strong></span> <span class='ocrx_word' id='word_1_239' title='bbox 2370 2340 2703 2411; x_wconf 82' lang='lat' dir='ltr'><strong>divitiasque</strong></span> <span class='ocrx_word' id='word_1_240' title='bbox 2736 2342 2942 2398; x_wconf 81' lang='lat' dir='ltr'><strong>dixisse</strong></span> <span class='ocrx_word' id='word_1_241' title='bbox 2963 2383 2978 2410; x_wconf 90' lang='lat'><strong>,</strong></span> <span class='ocrx_word' id='word_1_242' title='bbox 3009 2342 3082 2398; x_wconf 88' lang='lat' dir='ltr'><strong>ita</strong></span> <span class='ocrx_word' id='word_1_243' title='bbox 3115 2352 3172 2398; x_wconf 92' lang='lat' dir='ltr'><strong>ut</strong></span> <span class='ocrx_word' id='word_1_244' title='bbox 3219 2343 3324 2399; x_wconf 88' lang='lat' dir='ltr'><strong>hac</strong></span> <span class='ocrx_word' id='word_1_245' title='bbox 3351 2343 3420 2398; x_wconf 84' lang='lat' dir='ltr'><strong>de.</strong></span> 
     </span>
    </p>
   </div>
   <div class='ocr_carea' id='block_1_18' title="bbox 120 2451 3419 2528">
    <p class='ocr_par' dir='ltr' id='par_1_18' title="bbox 120 2451 3419 2528">
     <span class='ocr_line' id='line_1_18' title="bbox 120 2451 3419 2528; baseline 0.002 -19"><span class='ocrx_word' id='word_1_246' title='bbox 120 2470 263 2509; x_wconf 83' lang='lat' dir='ltr'><strong>causa</strong></span> <span class='ocrx_word' id='word_1_247' title='bbox 295 2453 347 2507; x_wconf 91' lang='lat' dir='ltr'><strong>in</strong></span> <span class='ocrx_word' id='word_1_248' title='bbox 377 2455 703 2508; x_wconf 86' lang='lat' dir='ltr'><strong>multorum</strong></span> <span class='ocrx_word' id='word_1_249' title='bbox 735 2451 1094 2511; x_wconf 74' lang='lat' dir='ltr'><strong>oﬂensionem</strong></span> <span class='ocrx_word' id='word_1_250' title='bbox 1141 2455 1475 2520; x_wconf 87' lang='lat' dir='ltr'><strong>incurreret,</strong></span> <span class='ocrx_word' id='word_1_251' title='bbox 1513 2457 1657 2527; x_wconf 84' lang='lat' dir='ltr'><strong>quod</strong></span> <span class='ocrx_word' id='word_1_252' title='bbox 1702 2473 1827 2511; x_wconf 92' lang='lat' dir='ltr'><strong>cum</strong></span> <span class='ocrx_word' id='word_1_253' title='bbox 1881 2457 1971 2512; x_wconf 90' lang='lat' dir='ltr'><strong>illa</strong></span> <span class='ocrx_word' id='word_1_254' title='bbox 2020 2457 2191 2528; x_wconf 87' lang='lat' dir='ltr'><strong>priori</strong></span> <span class='ocrx_word' id='word_1_255' title='bbox 2233 2457 2458 2512; x_wconf 83' lang='lat' dir='ltr'><strong>humilia</strong></span> <span class='ocrx_word' id='word_1_256' title='bbox 2506 2456 2578 2511; x_wconf 92' lang='lat' dir='ltr'><strong>ita</strong></span> <span class='ocrx_word' id='word_1_257' title='bbox 2613 2458 2890 2524; x_wconf 83' lang='lat' dir='ltr'><strong>convenit,</strong></span> <span class='ocrx_word' id='word_1_258' title='bbox 2931 2468 2989 2514; x_wconf 91' lang='lat' dir='ltr'><strong>ut</strong></span> <span class='ocrx_word' id='word_1_259' title='bbox 3025 2458 3277 2514; x_wconf 87' lang='lat' dir='ltr'><strong>dubitare</strong></span> <span class='ocrx_word' id='word_1_260' title='bbox 3311 2476 3419 2514; x_wconf 90' lang='lat' dir='ltr'><strong>non</strong></span> 
     </span>
    </p>
   </div>
   <div class='ocr_carea' id='block_1_19' title="bbox 121 2569 2704 2644">
    <p class='ocr_par' dir='ltr' id='par_1_19' title="bbox 121 2569 2704 2644">
     <span class='ocr_line' id='line_1_19' title="bbox 121 2569 2704 2644; baseline 0.003 -25"><span class='ocrx_word' id='word_1_261' title='bbox 121 2569 279 2634; x_wconf 81' lang='lat' dir='ltr'><strong>liceat,</strong></span> <span class='ocrx_word' id='word_1_262' title='bbox 311 2570 448 2639; x_wconf 88' lang='lat' dir='ltr'><strong>quin</strong></span> <span class='ocrx_word' id='word_1_263' title='bbox 483 2569 617 2624; x_wconf 68' lang='lat' dir='ltr'><strong>haec</strong></span> <span class='ocrx_word' id='word_1_264' title='bbox 644 2569 766 2640; x_wconf 86' lang='lat' dir='ltr'><strong>ipsa</strong></span> <span class='ocrx_word' id='word_1_265' title='bbox 799 2569 873 2624; x_wconf 90' lang='lat' dir='ltr'><strong>ibi</strong></span> <span class='ocrx_word' id='word_1_266' title='bbox 896 2570 1046 2640; x_wconf 91' lang='lat' dir='ltr'><strong>prior</strong></span> <span class='ocrx_word' id='word_1_267' title='bbox 1076 2580 1559 2628; x_wconf 86' lang='lat' dir='ltr'><strong>commemoretur.</strong></span> <span class='ocrx_word' id='word_1_268' title='bbox 1601 2571 1733 2628; x_wconf 85' lang='lat' dir='ltr'><strong>Vide</strong></span> <span class='ocrx_word' id='word_1_269' title='bbox 1764 2574 1817 2628; x_wconf 90' lang='lat' dir='ltr'><strong>in</strong></span> <span class='ocrx_word' id='word_1_270' title='bbox 1851 2575 2074 2629; x_wconf 86' lang='lat' dir='ltr'><strong>homilia</strong></span> <span class='ocrx_word' id='word_1_271' title='bbox 2106 2574 2292 2644; x_wconf 90' lang='lat' dir='ltr'><strong>priore</strong></span> <span class='ocrx_word' id='word_1_272' title='bbox 2323 2588 2615 2629; x_wconf 91' lang='lat' dir='ltr'><strong>numerum</strong></span> <span class='ocrx_word' id='word_1_273' title='bbox 2649 2573 2704 2628; x_wconf 77' lang='lat'><strong>2.</strong></span> 
     </span>
    </p>
   </div>
   <div class='ocr_carea' id='block_1_20' title="bbox 181 2686 3426 2765">
    <p class='ocr_par' dir='ltr' id='par_1_20' title="bbox 181 2686 3426 2765">
     <span class='ocr_line' id='line_1_20' title="bbox 181 2686 3426 2765; baseline 0.002 -24"><span class='ocrx_word' id='word_1_274' title='bbox 181 2687 375 2742; x_wconf 85' lang='lat' dir='ltr'><strong>Prioris</strong></span> <span class='ocrx_word' id='word_1_275' title='bbox 410 2686 674 2742; x_wconf 66' lang='lat' dir='ltr'><strong>homiliae</strong></span> <span class='ocrx_word' id='word_1_276' title='bbox 707 2687 1219 2759; x_wconf 79' lang='lat' dir='ltr'><strong>interpretationem</strong></span> <span class='ocrx_word' id='word_1_277' title='bbox 1254 2688 1506 2747; x_wconf 83' lang='lat' dir='ltr'><strong>Latinam</strong></span> <span class='ocrx_word' id='word_1_278' title='bbox 1543 2708 1573 2747; x_wconf 87' lang='lat' dir='ltr'><strong>a</strong></span> <span class='ocrx_word' id='word_1_279' title='bbox 1600 2691 1954 2764; x_wconf 87' lang='lat' dir='ltr'><strong>Sigismundo</strong></span> <span class='ocrx_word' id='word_1_280' title='bbox 1984 2693 2212 2750; x_wconf 81' lang='lat' dir='ltr'><strong>Gelenio</strong></span> <span class='ocrx_word' id='word_1_281' title='bbox 2250 2693 2478 2759; x_wconf 85' lang='lat' dir='ltr'><strong>editam,</strong></span> <span class='ocrx_word' id='word_1_282' title='bbox 2508 2693 2603 2750; x_wconf 88' lang='lat' dir='ltr'><strong>sed</strong></span> <span class='ocrx_word' id='word_1_283' title='bbox 2634 2693 2846 2765; x_wconf 88' lang='lat' dir='ltr'><strong>aliquot</strong></span> <span class='ocrx_word' id='word_1_284' title='bbox 2879 2691 2934 2747; x_wconf 94' lang='lat' dir='ltr'><strong>in</strong></span> <span class='ocrx_word' id='word_1_285' title='bbox 2986 2693 3123 2749; x_wconf 89' lang='lat' dir='ltr'><strong>locis</strong></span> <span class='ocrx_word' id='word_1_286' title='bbox 3162 2694 3426 2749; x_wconf 82' lang='lat' dir='ltr'><strong>emenda-</strong></span> 
     </span>
    </p>
   </div>
   <div class='ocr_carea' id='block_1_21' title="bbox 121 2799 3420 2883">
    <p class='ocr_par' dir='ltr' id='par_1_21' title="bbox 121 2799 3420 2883">
     <span class='ocr_line' id='line_1_21' title="bbox 121 2799 3420 2883; baseline 0.004 -32"><span class='ocrx_word' id='word_1_287' title='bbox 121 2807 211 2852; x_wconf 85' lang='lat' dir='ltr'><strong>tam</strong></span> <span class='ocrx_word' id='word_1_288' title='bbox 238 2813 269 2854; x_wconf 88' lang='lat' dir='ltr'><strong>e</strong></span> <span class='ocrx_word' id='word_1_289' title='bbox 294 2801 529 2872; x_wconf 87' lang='lat' dir='ltr'><strong>regione</strong></span> <span class='ocrx_word' id='word_1_290' title='bbox 556 2799 744 2858; x_wconf 68' lang='lat' dir='ltr'><strong>Graeci</strong></span> <span class='ocrx_word' id='word_1_291' title='bbox 775 2811 958 2859; x_wconf 79' lang='lat' dir='ltr'><strong>textus</strong></span> <span class='ocrx_word' id='word_1_292' title='bbox 984 2803 1276 2861; x_wconf 88' lang='lat' dir='ltr'><strong>edidimus.</strong></span> <span class='ocrx_word' id='word_1_293' title='bbox 1310 2804 1640 2863; x_wconf 85' lang='lat' dir='ltr'><strong>Posterioris</strong></span> <span class='ocrx_word' id='word_1_294' title='bbox 1677 2818 1861 2866; x_wconf 86' lang='lat' dir='ltr'><strong>autem</strong></span> <span class='ocrx_word' id='word_1_295' title='bbox 1907 2825 2104 2866; x_wconf 86' lang='lat' dir='ltr'><strong>novam</strong></span> <span class='ocrx_word' id='word_1_296' title='bbox 2152 2812 2501 2883; x_wconf 80' lang='lat' dir='ltr'><strong>paravimus,</strong></span> <span class='ocrx_word' id='word_1_297' title='bbox 2538 2810 2668 2882; x_wconf 88' lang='lat' dir='ltr'><strong>quia</strong></span> <span class='ocrx_word' id='word_1_298' title='bbox 2720 2811 2833 2878; x_wconf 86' lang='lat' dir='ltr'><strong>illa,</strong></span> <span class='ocrx_word' id='word_1_299' title='bbox 2873 2825 3042 2883; x_wconf 85' lang='lat' dir='ltr'><strong>quam</strong></span> <span class='ocrx_word' id='word_1_300' title='bbox 3086 2809 3420 2868; x_wconf 81' lang='lat' dir='ltr'><strong>Godefridus</strong></span> 
     </span>
    </p>
   </div>
   <div class='ocr_carea' id='block_1_22' title="bbox 122 2913 1706 2999">
    <p class='ocr_par' dir='ltr' id='par_1_22' title="bbox 122 2913 1706 2999">
     <span class='ocr_line' id='line_1_22' title="bbox 122 2913 1706 2999; baseline 0.011 -32"><span class='ocrx_word' id='word_1_301' title='bbox 122 2913 427 2978; x_wconf 86' lang='lat' dir='ltr'><strong>Tilmannus</strong></span> <span class='ocrx_word' id='word_1_302' title='bbox 460 2921 752 2988; x_wconf 88' lang='lat' dir='ltr'><strong>ediderat,</strong></span> <span class='ocrx_word' id='word_1_303' title='bbox 784 2923 1152 2995; x_wconf 83' lang='lat' dir='ltr'><strong>paraphrasin</strong></span> <span class='ocrx_word' id='word_1_304' title='bbox 1180 2925 1409 2984; x_wconf 91' lang='lat' dir='ltr'><strong>omnino</strong></span> <span class='ocrx_word' id='word_1_305' title='bbox 1439 2928 1706 2999; x_wconf 85' lang='lat' dir='ltr'><strong>sapiebat.</strong></span> 
     </span>
    </p>
   </div>
  </div>
