4104 6526
685 439 782 497 391

1372 439 1428 494 S.
1467 436 1754 495 JOANNIS
1790 437 2280 496 CHRYSOSTOII
2320 435 2641 495 ARCIﬂEP.
2681 433 3227 494 CONSTANTINOP.

3836 440 3943 496 $92

2005 1017 2615 1132 HOMILIA

2276 1384 2341 1430 IN

1196 1681 1918 1777 EUTROPIUM
1994 1681 2674 1774 EUNUCHUM
2751 1679 3418 1780 PATRIQIUM

1986 2008 2076 2066 AC
2112 2007 2484 2066 CONSULEM
2517 2009 2616 2081 (a).

751 2757 800 2805 t.
828 2749 991 2816 Quam
1016 2750 1172 2819 [im
1208 2764 1286 2802 res
1327 2748 1480 2820 hujus
1507 2747 1640 2802 vita.
1669 2776 1736 2786 —
1755 2744 1979 2815 Semper
2007 2739 2222 2813 quidem
2250 2779 2266 2802 ,

678 2853 820 2895 nunc
849 2855 977 2896 vero
1006 2839 1237 2894 maxime
1289 2846 1650 2908 Opportunum
1676 2845 1758 2892 est
1800 2835 2014 2890 dicere:
2049 2829 2259 2886 Vanitar

677 2932 976 2998 cauitatnm,
999 2941 1047 2987 et
1087 2931 1256 2986 omnia
1284 2931 1480 2986 vanitas
1501 2928 1721 2998 (Ecclus.
1753 2928 1805 2982 l.
1851 2927 1931 2999 2).
1966 2923 2066 2982 Ubi
2116 2934 2259 2975 nunc

676 3025 906 3096 inclytus
949 3023 1040 3078 ille
1080 3022 1386 3078 consulatus
1434 3021 1689 3090 splendor
1712 3018 1741 3073 ?.
1765 3018 1854 3072 ubi
1882 3017 2117 3071 illustres
2160 3011 2265 3066 illa:

673 3116 860 3172 faces?
913 3115 1002 3170 ubi
1055 3117 1344 3184 applausus
1386 3114 1460 3168 illi
1486 3156 1500 3177 ,
1549 3127 1612 3168 ac
1653 3111 1864 3167 eborea:
1893 3109 2168 3179 epulmque
2210 3115 2266 3161 et

673 3206 804 3262 testi.
821 3205 1160 3261 conventus?
1209 3205 1296 3259 ubi
1323 3219 1536 3260 curonze
1567 3213 1620 3259 et
1647 3203 1811 3257 aulaea
1832 3202 1858 3256 ἲ
1886 3201 1972 3253 ubi
2006 3197 2264 3268 strepitus

671 3299 822 3356 urbis
845 3341 860 3364 ,
892 3311 946 3355 et
970 3300 1072 3353 illa:
1099 3299 1422 3354 circensium
1452 3296 1636 3352 fausta:
1680 3295 2110 3354 acclamationes.
2141 3306 2264 3361 spe-

670 3401 1039 3460 ctatorumque
1065 3389 1440 3445 adulationes?
1467 3386 1658 3444 Omnia
1685 3387 1773 3441 illa
1800 3386 2108 3455 perierunt:
2135 3397 2259 3451 pro-

671 3483 806 3539 cella
835 3482 1128 3537 vehemens
1154 3481 1276 3535 folia
1309 3478 1523 3549 dejecit,
1548 3477 1794 3532 arborem
1821 3473 2106 3543 spoliatam
2132 3471 2256 3526 red-

671 3572 826 3637 didit,
851 3572 960 3641 jam
1013 3571 1270 3626 radicitus
1301 3567 1646 3624 vacillantem
1673 3584 1686 3619 :
1721 3575 1970 3634 tantaque
1995 3563 2080 3617 vis
2117 3561 2259 3616 venti

671 3665 901 3736 impacta
926 3669 1030 3725 est,
1055 3669 1111 3715 ut
1137 3675 1257 3715 cum
1281 3671 1476 3714 nervos
1521 3657 1638 3728 ejus
1666 3657 1948 3711 universos
1975 3667 2262 3710 concusse-

672 3755 778 3822 rit,
807 3763 922 3811 tum
950 3752 1119 3824 ipsam
1167 3749 1407 3806 funditus
1456 3761 1802 3820 prosternere
1860 3745 2109 3800 minetur.
2161 3743 2259 3799 Ubi

673 3859 813 3904 nunc
839 3843 1002 3900 fucati
1031 3843 1107 3898 illi
1159 3842 1352 3897 amici?
1380 3841 1469 3896 ubi
1496 3838 1918 3910 compotationes
1947 3845 2000 3892 et
2043 3851 2210 3892 etena:
2235 3835 2261 3890 ?

672 3939 760 3994 ubi
787 3934 1140 4007 parasitorum
1170 3948 1394 3989 examen
1420 3975 1435 4000 ,
1484 3940 1540 3988 et
1566 3947 1770 3987 merum
1801 3942 1898 4001 per
1924 3938 2089 3984 totam
2116 3928 2258 3982 diem

671 4030 1011 4092 exhaustum,
1039 4026 1305 4095 variaeque
1334 4039 1628 4095 coquorum
1659 4032 1824 4086 artes,
1874 4031 1928 4076 et
1953 4028 2260 4090 potentatus

672 4123 910 4178 cultores
935 4120 1037 4184 illi,
1091 4118 1159 4173 ad
1201 4119 1426 4190 gratiam
1455 4117 1632 4171 omnia
1661 4115 1840 4170 dicere
1877 4128 1940 4167 ac
1969 4112 2141 4167 facere
2171 4127 2259 4164 as-

673 4211 850 4270 sueti?
876 4209 1066 4268 Omnia
1090 4210 1180 4265 illa
1217 4208 1352 4264 nihil
1378 4208 1480 4263 nisi
1511 4223 1616 4262 nox
1645 4216 1699 4262 et
1729 4206 1993 4262 somnium
2027 4205 2257 4266 fuerunt,

673 4317 726 4363 et
751 4314 1033 4377 appetente
1059 4303 1150 4358 die
1188 4310 1558 4358 evanuerunt:
1586 4299 1745 4356 liores
1770 4300 1984 4354 fuerunt
2008 4298 2177 4363 verni,
2209 4306 2263 4352 et

678 4415 804 4455 vere
830 4407 1019 4455 exacto
1072 4403 1450 4452 emarcueruut
1495 4392 1672 4448 omnia
1709 4409 1720 4444 :
1752 4391 1939 4446 umbra
1983 4397 2156 4452 erant,
2206 4397 2261 4442 et

675 4485 1287 4560 praterieruntdumus
1341 4493 1530 4549 erant,
1565 4490 1619 4537 et
1671 4481 1844 4536 soluta
1898 4489 2062 4534 sunt.-
2102 4479 2258 4533 bulla:

677 4591 849 4648 erant,
880 4592 936 4636 et
981 4581 1190 4647 dirupta
1245 4588 1368 4633 sunt
1398 4591 1645 4631 :arauea:
1692 4585 1878 4639 erant,
1936 4584 1988 4627 et
2030 4571 2258 4625 lacerata

677 4685 822 4730 sunt.
868 4672 1204 4742 QuaprOpter
1229 4669 1503 4740 spirituale
1535 4668 1636 4721 hoc
1679 4666 1876 4722 dictum
1920 4663 2212 4718 occinimus
2241 4704 2255 4728 ,

678 4769 986 4839 frequenter
1008 4765 1248 4820 dicentes
1273 4781 1286 4816 :
1326 4761 1535 4816 Vanilas
1564 4756 1861 4824 vanitatum,
1888 4767 1933 4812 et
1963 4757 2132 4811 omnia
2173 4771 2259 4808 va-

678 4861 828 4916 tim.
860 4857 1129 4913 Hoccnim
1155 4855 1355 4910 dctum
1396 4854 1448 4908 in
1477 4851 1768 4924 parietibus
1789 4892 1806 4917 ,
1841 4851 1896 4904 in
1915 4850 2170 4914 vestibus,
2204 4848 2257 4902 in

679 4950 818 5018 loro,
843 4951 897 5004 in
927 4947 1154 5014 aedibus,
1179 4949 1231 5002 in
1254 4946 1372 5012 viis,
1392 4945 1442 5001 in
1461 4945 1657 5013 januis,
1679 4945 1732 4999 in
1753 4944 1902 4998 atriis
1927 4959 1940 4996 :
1979 4941 2072 4996 sed
2095 4940 2261 5011 potis-

677 5043 870 5096 simum
913 5041 967 5094 in
995 5041 1106 5110 ipsa
1131 5039 1386 5108 cujusque
1433 5035 1760 5092 conscientia
1814 5035 2149 5090 continenter
2175 5033 2258 5086 in~

680 5135 938 5204 scriptum
984 5146 1103 5187 esse
1155 5140 1396 5200 Oportet,
1454 5130 1704 5201 omnique
1754 5139 1994 5198 tempore
2062 5127 2260 5195 cogita-

682 5227 812 5284 tioni
855 5225 1149 5280 obversari.
1197 5221 1635 5290 Quandoquidem
1667 5222 1871 5289 negotia
1925 5218 2258 5299 fraudulenta

681 5328 731 5373 et
773 5325 1055 5389 personata
1106 5331 1169 5370 ac
1221 5314 1430 5368 mimica
1470 5312 1712 5367 veritatis
1759 5311 2064 5380 Opinionem
2119 5307 2258 5376 apud

674 5414 961 5484 plerosque
1007 5409 1108 5465 sibi
1157 5416 1523 5479 paraverunt:
1555 5407 1656 5461 hoc
1724 5406 1866 5460 dicto
1906 5406 1958 5458 iu
2015 5404 2257 5475 prandio,

684 5509 736 5562 in
789 5519 964 5571 ctena,
1001 5503 1054 5557 in
1094 5512 1237 5557 coetu
1286 5501 1594 5566 hominum,
1638 5513 1904 5570 quemque
1958 5499 2257 5566 proximum

744 5668 816 5729 (α)
848 5663 1026 5729 Collata
1048 5676 1157 5729 cum
1175 5669 1257 5711 Ms.
1284 5661 1432 5729 negio
1457 5659 1593 5729 197;,
1619 5665 1745 5718 Post,
1773 5657 2036 5729 patricium
2057 5667 2257 5729 aegon:

680 5719 849 5785 sutum,
873 5726 1204 5790 Sigismundus
1221 5719 1457 5790 geleﬁius
1478 5721 1634 5790 addit,
1653 5721 2031 5790 Brwfecttanque
2056 5719 2260 5790 cubiculi

684 5781 878 5841 arcadii
900 5781 1020 5851 Iug.
1046 5801 1154 5837 cum
1177 5787 1352 5851 οπωςο
1369 5783 1586 5851 principe
1601 5781 1898 5835 delitescere:
1913 5781 2001 5851 sub
2025 5781 2168 5832 altari
2183 5797 2260 5832 ec-

682 5851 954 5913 clesiw,_ctti
969 5845 1071 5913 ipse
1085 5845 1321 5913 antea'jns
1334 5845 1713 5913 asyliabrogare
1732 5850 1927 5913 conatus
1947 5845 2126 5907 fuerat.
2145 5854 2257 5902 Quae

677 5921 729 5962 in
776 5911 906 5963 nullo
939 5908 1209 5973 Ex'emplari
1237 5908 1426 5967 Ct‘K‘t‘d,
1464 5908 1704 5958 hactenus
1733 5921 1761 5973 a
1802 5908 1960 5973 nobis
1968 5916 2255 5973 conspecto,

685 5981 895 6025 exstant.
920 5982 1027 6023 llaec
1051 5968 1242 6023 ltomilia
1267 5974 1442 6022 scripta
1467 5977 1544 6020 est
1564 5981 1691 6021 anno
1712 5969 1885 6020 Christi
1907 5968 2018 6021 ξω.

2379 2753 2534 2794 suum
2571 2741 2895 2811 compellare
2922 2745 3218 2816 oportebat,
3246 2745 3489 2817 idemque
3515 2748 3582 2803 ab
3613 2747 3702 2803 illo
3732 2750 3976 2808 vicissim

2373 2829 2558 2887 audire
2592 2873 2606 2897 ,
2666 2849 2858 2905 nempe
2923 2834 3132 2893 Vanitas
3170 2839 3442 2892 cartitantm
3473 2881 3487 2903 ,
3523 2842 3693 2895 omnia
3746 2845 3973 2900 vanitas.

2373 2921 2563 2976 Annon
2611 2925 2824 2981 assidue
2869 2926 2959 2981 tibi
2991 2928 3232 2982 dicebam
3265 2929 3507 3000 fugitivas
3553 2946 3674 2986 esse
3700 2932 3924 2989 divitias
3947 2936 3972 2987 '?

2370 3011 2450 3067 Tu
2510 3029 2638 3070 vero
2699 3032 2797 3074 nos
2863 3034 2967 3073 non
3027 3019 3251 3074 ferebas.
3311 3024 3501 3076 Annon
3558 3024 3802 3079 dicebam
3871 3041 3975 3082 eas

2371 3104 2630 3174 ingratum
2677 3107 3028 3166 domesticum
3065 3113 3226 3167 esse?
3269 3113 3346 3167 Tu
3401 3131 3528 3169 vero
3578 3117 3799 3172 credere
3855 3134 3974 3172 no»

2371 3197 2536 3250 lebas.
2569 3199 2707 3253 Ecce
2733 3204 3059 3270 experientia
3093 3204 3273 3258 docuit
3304 3220 3408 3260 non
3435 3208 3606 3260 solum
3636 3208 3886 3276 fugitivas
3921 3221 3975 3264 et

2371 3287 2623 3356 ingratas,
2655 3291 2746 3345 sed
2781 3291 3070 3349 homicidas
3097 3296 3256 3349 etiam
3284 3308 3424 3360 esse,
3460 3307 3515 3350 ut
3542 3313 3658 3366 quae
3685 3298 3736 3352 in
3767 3309 3950 3356 tremo

2370 3395 2481 3435 rem
2508 3397 2571 3436 ac
2611 3393 2814 3438 metum
2849 3402 2989 3440 nunc
3020 3397 3070 3442 te
3114 3389 3462 3457 conjeecrint.
3499 3389 3686 3445 Nonne
3713 3391 3971 3447 dicebam

2370 3474 2483 3539 tibi,
2539 3492 2658 3530 cum
2707 3494 2792 3533 me
2821 3479 3184 3536 indesinenter
3224 3483 3536 3553 objurgares
3579 3499 3704 3538 vera
3736 3501 3975 3539 monen-

2369 3576 2474 3620 tem
2503 3607 2516 3631 ,
2550 3583 2634 3622 me
2657 3569 2747 3623 tibi
2786 3571 2961 3639 potius
2997 3575 3226 3627 amicum
3254 3589 3396 3642 esse,
3425 3591 3582 3644 quam
3609 3576 3923 3634 adulatores
3952 3581 3978 3631 ?

2368 3671 2454 3711 me
2483 3658 2570 3724 qui
2600 3673 2876 3729 arguerem
2904 3703 2917 3723 ,
2950 3663 3204 3731 majorem
3254 3665 3327 3717 tui
3355 3681 3535 3718 curam
3564 3681 3770 3735 gerere,
3801 3683 3972 3738 quam

2367 3764 2480 3814 eos,
2513 3754 2598 3818 qui
2625 3752 2716 3805 tibi
2752 3769 2844 3821 per
2866 3756 3042 3807 omnia
3071 3755 3536 3825 obsequerentur?
3566 3757 3754 3814 Nonne
3783 3769 3840 3814 et
3862 3761 3974 3816 hoc

2366 3840 2647 3907 addcbam,
2675 3843 2776 3899 title
2821 3843 3062 3912 digniora
3085 3860 3204 3902 esse
3235 3847 3452 3903 vulnera
3480 3847 3545 3902 ab
3569 3849 3775 3914 amicis,
3802 3867 3974 3921 quam

2370 3931 2668 3987 voluntaria
2714 3935 2892 3989 oscula
2924 3936 3256 3992 inimicorum
3294 3938 3476 4010 (Prov.
3505 3939 3596 3993 27.
3631 3941 3727 4010 6)?
3755 3940 3810 3996 Si
3845 3958 3976 3998 mea

2368 4024 2583 4080 vulnera
2639 4027 2881 4093 tulisses,
2935 4027 3338 4100 haudquaquam
3373 4033 3463 4085 tibi
3511 4033 3719 4087 illorum
3778 4037 3975 4089 oscula

2370 4115 2471 4170 hoc
2489 4117 2708 4171 exitium
2736 4119 3040 4174 attulissent
3069 4138 3081 4171 :
3115 4136 3231 4176 mea
3261 4123 3402 4177 enim
3429 4123 3646 4178 vulnera
3671 4125 3974 4181 sanitatem

2369 4206 2616 4270 afferunt,
2643 4207 2852 4263 illorum
2893 4209 3071 4265 oscula
3118 4212 3362 4266 morbum
3388 4213 3837 4270 immedicabiletn
3867 4218 3972 4272 tibi

2369 4301 2805 4356 conciliaverunt.
2843 4302 2940 4358 Ubi
2963 4319 3104 4359 nunc
3133 4305 3475 4374 pocillatores
3502 4307 3618 4361 tui?
3666 4307 3752 4362 ubi
3775 4311 3869 4379 qui
3919 4313 3976 4366 in

2369 4391 2486 4446 foro
2535 4394 2784 4462 populum
2831 4394 2898 4449 de
2947 4396 3027 4448 via
3077 4395 3342 4452 decedere
3381 4399 3682 4468 cogebant,
3737 4409 3979 4471 tuasque

2371 4483 2556 4539 Iaudes
2583 4485 2778 4554 passim
2807 4486 2947 4554 apud
2988 4502 3175 4542 omnes
3217 4489 3576 4557 pra-dicabant
3597 4489 3981 4564 ?Ttansfugo-

2369 4584 2516 4641 runt,
2549 4577 2882 4645 abuegarunt
2911 4588 3051 4631 tuam
3077 4578 3387 4648 amicitiam,
3417 4596 3571 4635 suam
3620 4583 3979 4640 securitatem

2372 4668 2477 4720 tuis
2521 4667 2772 4736 periculis
2819 4680 3084 4738 qumrunt.
3135 4672 3204 4724 At
3259 4687 3364 4725 non
3418 4672 3554 4727 tales
3601 4689 3723 4738 nos,
3769 4673 3870 4729 sed
3917 4686 3979 4732 et

2373 4766 2496 4813 tunc
2517 4760 2756 4827 quamvis
2779 4774 2919 4830 :cgre
2951 4760 3206 4817 ferentem
3232 4778 3336 4817 non
3363 4764 3721 4830 destituimus,
3746 4774 3801 4820 et
3823 4783 3980 4825 nunc

2373 4851 2663 4920 collapsum
2699 4852 3022 4922 protegimns
3049 4869 3110 4907 ac
3155 4869 3425 4910 curamus.
3475 4855 3709 4911 Ecclesia
3733 4874 3764 4912 a
3788 4866 3842 4913 te
3866 4859 3971 4915 hoc

2376 4949 2572 5002 stiliter
2601 4947 2800 5014 habita,
2833 4965 3069 5018 expanso
3095 4953 3212 5003 sinu
3244 4961 3294 5004 te
3324 4951 3556 5021 suscepit
3592 4970 3604 5005 :
3638 4951 3844 5006 theatra
3871 4969 3980 5008 au-

2373 5048 2478 5095 tem
2503 5041 2707 5111 magnis
2733 5041 3003 5111 obsequiis
3025 5059 3053 5095 a
3077 5053 3127 5096 te
3149 5045 3310 5107 culta,
3329 5059 3554 5112 quorum
3579 5058 3739 5098 causa
3766 5046 3979 5113 stcpitts

2375 5133 2528 5187 nobis
2562 5133 2802 5188 infensus
2832 5135 2974 5189 fuisti
3002 5177 3015 5199 ,
3068 5144 3122 5190 et
3171 5136 3519 5205 prodiderunt
3548 5147 3597 5190 te
3629 5147 3682 5191 et
3714 5137 3979 5206 perdide-

2373 5234 2515 5279 runt.
2543 5227 2787 5279 Attamen
2816 5242 3103 5295 numquam
3127 5226 3430 5282 destitimus
3452 5226 3533 5280 his
3567 5236 3618 5280 te
3657 5226 3838 5281 verbis
3882 5230 3970 5284 al-

2373 5315 2514 5386 loqui
2544 5332 2556 5368 :
2590 5315 2698 5369 Cur
2740 5317 2836 5369 ista
2883 5317 3048 5370 lacis?
3082 5317 3132 5370 in
3190 5316 3483 5371 Ecclesiam
3510 5316 3878 5380 debaccharis,
3922 5333 3980 5374 et

2373 5407 2599 5476 teipsum
2623 5407 2673 5459 in
2699 5407 2916 5461 exitium
2950 5407 3274 5478 praecipitem
3305 5409 3453 5476 agis:
3483 5421 3536 5463 et
3558 5417 3610 5461 tu
3641 5408 3753 5463 ba‘c
3783 5413 3982 5466 omnia

2372 5501 2570 5554 monita
2599 5501 2927 5570 negligenter
2952 5502 3424 5570 praetercurrebas.
3470 5501 3537 5555 Et
3565 5502 3822 5556 circensis
3838 5507 3941 5572 qui
3961 5536 3981 5545 -

2371 5593 2491 5651 dem
2526 5593 2809 5647 multitudo
2840 5593 3112 5648 exhaustis
3141 5595 3191 5648 in
3223 5609 3282 5649 se
3330 5595 3432 5648 tuis
3459 5591 3800 5647 facultatibus
3845 5598 3982 5664 gla-

2369 5687 2511 5740 dium
2547 5688 2595 5740 in
2621 5696 2671 5741 te
2694 5688 2833 5741 acuit
2861 5706 2872 5741 :
2899 5687 3136 5742 Ecclesia
3159 5703 3287 5743 vero
3320 5689 3624 5756 importuno
3656 5696 3744 5739 tuo
3773 5685 3980 5743 furore

2369 5781 2654 5850 exagitata,
2684 5780 2826 5835 ultro
2859 5782 3097 5851 citroque
3127 5781 3367 5844 cursitat,
3414 5781 3456 5834 si
3485 5795 3588 5849 quo
3618 5789 3770 5850 pacto
3792 5789 3844 5834 te
3897 5797 3977 5840 ex

2334 5887 2346 5898 ’-
2369 5869 2452 5924 his
2477 5871 2687 5926 casibus
2715 5872 3031 5941 implicitum
3063 5873 3324 5927 extrieare
3354 5881 3533 5941 queat.

2438 5963 2493 6016 2.
2531 5962 2641 6034 Quo
2697 5965 2910 6020 consilio
2948 5968 3052 6019 Iure
3107 5967 3377 6032 loquatur;
3432 5964 3666 6036 Eulropit
3715 5965 3987 6034 splendor
