4104 6482
186 420 279 477 393
1601 410 1662 470 ta
1700 402 2113 467 EUTROPIUM.

184 552 286 597 ante
302 538 661 596 calamitatem
686 555 708 606 ;
738 537 1051 610 Eatropiam
1104 532 1356 590 Arcadius
1385 528 1675 601 Imperator
1698 525 1789 580 ab-

193 636 292 690 duci
318 651 349 687 a
370 632 562 702 tempto
574 631 903 705 jubet.—Et
928 629 1041 685 huic
1062 642 1208 683 nunc
1225 624 1369 691 dico,
1395 636 1503 678 non
1534 637 1642 694 quo
1671 635 1795 691 pro-

196 736 351 785 strato
370 725 652 789 insultetn,
679 723 781 781 sed
813 722 958 795 quod
986 736 1081 778 eos
1108 719 1196 790 qui
1220 716 1394 773 adhuc
1422 724 1587 780 stant,
1629 713 1792 769 tutio-

196 835 272 876 res
296 815 522 874 reddere
565 811 954 885 capiamznec
1003 821 1061 868 ut
1111 810 1298 883 plagas
1328 806 1591 864 vulnerati
1639 804 1794 861 refri-

196 926 324 978 cem,
355 908 452 965 sed
489 916 551 964 ut
579 906 826 963 nondum
876 905 1183 960 vulneratos
1228 900 1283 957 in
1313 902 1545 957 sanitate
1569 914 1795 954 conser-

198 1016 304 1056 vent
335 1018 353 1057 τ
384 1014 492 1056 non
517 1008 578 1055 ut
625 999 884 1069 iactatum
930 993 1181 1051 fluctibus
1220 992 1528 1063 demergam
1557 1032 1573 1058 ,
1600 988 1698 1045 sed
1737 999 1795 1046 ut

197 1109 303 1162 eos,
326 1094 423 1166 qui
460 1092 717 1151 secundis
763 1092 911 1147 auris
938 1088 1211 1159 navigant,
1254 1084 1519 1151 erudiam,
1563 1101 1631 1141 ne
1656 1082 1794 1139 forte

196 1187 242 1238 in
275 1183 603 1255 profundum
629 1182 967 1241 deferantur.
1010 1179 1130 1247 Quo
1173 1187 1353 1235 autem
1400 1175 1562 1234 modo
1610 1177 1790 1231 caveri

197 1275 693 1349 possitiNimirum
740 1276 787 1330 si
828 1290 1012 1330 rerum
1064 1272 1420 1329 humanarum
1470 1271 1795 1326 mutationes

197 1368 623 1426 consideremus.
664 1368 723 1424 Si
772 1366 916 1422 enim
968 1367 1073 1422 iste
1104 1365 1451 1420 mutationem
1482 1364 1790 1432 timuisset,

199 1476 332 1516 nunc
354 1476 476 1517 eam
526 1476 639 1516 non
668 1468 983 1531 pateretur;
1027 1458 1121 1515 sed
1159 1458 1414 1527 quoniam
1444 1457 1545 1513 iste
1572 1472 1672 1513 nec
1698 1456 1796 1512 do.

198 1554 431 1610 Inesticis
463 1569 565 1610 nec
611 1553 807 1609 alienis
836 1551 1079 1608 consiliis
1109 1551 1307 1621 corrigi
1337 1550 1528 1620 potttit,
1559 1565 1655 1604 vos
1682 1550 1793 1604 sal-

197 1656 296 1703 tem
319 1647 414 1718 qui
440 1646 644 1702 divitiis
670 1646 1015 1711 extollimini,
1043 1645 1200 1713 hujus
1220 1644 1579 1699 calamitatem
1606 1642 1658 1698 itt
1698 1659 1793 1697 ve-

196 1750 358 1796 strum
400 1740 702 1811 profectum
726 1739 1025 1795 convertite
1057 1755 1070 1793 :
1096 1736 1225 1791 nihil
1256 1736 1398 1791 enim
1430 1746 1515 1791 est
1545 1735 1793 1790 humanis

196 1833 349 1888 rebus
402 1831 692 1886 infirmius.
725 1832 1064 1900 Quapropter
1083 1843 1425 1899 quocumque
1457 1827 1674 1882 nomine
1701 1842 1794 1882 ea-

196 1939 303 1978 rum
333 1922 598 1979 vilitatem
624 1920 1011 1993 signiticaveris
1033 1961 1049 1988 ,
1083 1919 1263 1976 minus
1284 1934 1443 1988 quam
1471 1933 1570 1987 pro
1598 1918 1673 1973 rei
1704 1931 1796 1973 ve-

195 2016 348 2072 ritate
374 2015 581 2071 dixeris
615 2033 629 2068 :
658 2013 743 2069 vel
788 2014 833 2068 si
872 2012 1079 2069 fumum
1133 2027 1248 2075 eas,
1303 2010 1386 2065 vel
1419 2009 1620 2066 furnum
1646 2051 1661 2076 ,
1707 2010 1790 2065 vel

194 2125 453 2175 somnum,
485 2108 569 2164 vel
595 2106 760 2163 flores
787 2121 1001 2172 vernos,
1030 2105 1113 2161 vel
1136 2104 1399 2175 quidlibet
1437 2103 1582 2159 aliud
1614 2105 1791 2159 nomi-

194 2200 401 2255 naveris
436 2218 450 2256 :
485 2215 673 2275 usque.
696 2198 836 2254 adeo
889 2207 1010 2253 sunt
1069 2196 1281 2268 fragiles
1309 2239 1323 2262 ,
1351 2207 1405 2252 et
1431 2197 1596 2266 tnagir
1640 2194 1789 2249 nihili

193 2307 341 2362 quam
374 2290 506 2345 nihil
526 2292 737 2361 ipsum;
764 2290 905 2361 quod
931 2298 1108 2345 autem
1138 2305 1245 2345 non
1273 2289 1446 2344 solum
1475 2288 1623 2345 nihili
1647 2289 1789 2354 sint,

194 2382 275 2437 sed
299 2393 360 2437 et
385 2384 437 2437 in
471 2383 732 2454 prtecipiti
759 2392 923 2446 stent,
955 2382 1037 2438 vel
1066 2381 1191 2437 hinc
1230 2394 1475 2452 apparet.
1505 2382 1639 2451 Quis
1688 2380 1791 2436 hoc

194 2474 402 2531 homine
448 2473 548 2528 fuit
595 2474 897 2531 excelsior?
943 2489 1123 2530 nonne
1158 2475 1209 2529 in
1243 2485 1355 2529 toto
1404 2475 1537 2529 orbe
1587 2474 1791 2530 divitiis

194 2566 573 2630 prrcellebat?
619 2583 801 2623 nonne
844 2568 910 2622 ad
956 2569 1067 2639 ipsa
1098 2568 1306 2639 fastigia
1362 2568 1626 2623 honorum
1655 2585 1788 2624 cnn-

193 2660 434 2715 scendit?
462 2674 646 2715 nonne
674 2674 866 2716 omnes
894 2675 1016 2716 emn
1045 2660 1401 2715 formidabant
1428 2676 1493 2715 ac
1530 2660 1790 2716 vereban-

193 2754 298 2805 tur?
319 2750 431 2807 Sed
464 2766 592 2807 ecce
618 2750 793 2807 factus
815 2761 898 2808 cst
922 2761 977 2807 et
1025 2752 1217 2808 vinctis
1246 2753 1510 2816 miserior,
1535 2761 1590 2807 et
1619 2751 1789 2807 servis

192 2842 561 2909 miserabilior,
592 2851 647 2898 et
669 2843 931 2899 mendicis
961 2841 1104 2899 fame
1131 2843 1528 2899 tabescentibus
1548 2842 1791 2913 indigen-

194 2935 298 2999 tior,
326 2950 431 3006 per
457 2935 699 3006 singulos
725 2936 843 2993 dies
860 2936 1067 3006 gladios
1091 2952 1200 3007 pra:
1227 2937 1395 2993 oculis
1421 2936 1624 2992 habens
1651 2937 1704 2992 itt
1731 2952 1790 2993 se

192 3035 459 3094 exacutos,
486 3035 543 3081 et
593 3026 845 3081 barathro
874 3036 929 3083 et
970 3028 1272 3093 carnifices,
1316 3036 1372 3083 et
1413 3028 1551 3082 viam
1575 3043 1693 3099 qua:
1722 3027 1789 3084 ad

190 3117 501 3187 supplicium
552 3117 701 3173 ducit
732 3137 745 3172 :
773 3134 839 3174 ac
886 3135 1061 3190 neque
1100 3120 1357 3176 memoria
1392 3120 1782 3189 praeteritarum

191 3209 516 3281 voluptatum
549 3209 766 3280 fruitur,
790 3211 898 3267 imo
936 3228 1006 3268 ne
1044 3211 1168 3269 luce
1217 3212 1436 3283 quidem
1490 3214 1785 3279 communi,

188 3302 272 3358 scd
317 3303 555 3359 meridie
597 3320 813 3376 quoque
853 3315 1122 3377 tamquam
1171 3304 1222 3359 itt
1280 3304 1600 3361 densissima
1632 3314 1790 3361 nocte

191 3399 437 3468 angustiis
481 3398 750 3468 parietum
798 3398 1056 3465 inclusus,
1088 3400 1368 3457 oculorum
1392 3414 1492 3454 usu
1524 3399 1784 3470 privatur.

190 3488 246 3543 Et
272 3505 531 3561 quorsum
566 3490 682 3546 haec
710 3507 1140 3549 commemorare
1193 3494 1408 3561 attinet,
1440 3508 1563 3549 cum
1613 3508 1791 3565 quan-

190 3582 367 3637 tt..nvis
390 3582 637 3648 adnitar,
670 3584 835 3639 nullis
860 3585 1039 3641 verbis
1059 3586 1365 3656 exprimere
1407 3586 1635 3651 valeam,
1667 3586 1789 3657 quis

187 3672 253 3726 illi
270 3674 483 3729 animus
502 3674 597 3741 sit,
624 3674 978 3747 perlsingulas
1026 3678 1186 3733 horas
1214 3678 1407 3748 capitis
1458 3678 1789 3749 supplicium

185 3768 515 3836 exspectanti
538 3762 698 3821 TAut
723 3768 850 3838 quid
902 3770 1104 3825 nostris
1138 3768 1320 3825 verbis
1350 3784 1488 3840 opus
1536 3776 1638 3835 est,
1667 3784 1790 3824 cum

187 3857 287 3925 ipse
311 3858 428 3915 haec
474 3859 642 3915 nobis
674 3870 941 3931 tamquam
986 3862 1040 3915 in
1086 3862 1317 3934 imagine
1342 3863 1636 3936 depingat‘t
1663 3866 1789 3923 Heri

191 3964 407 4019 natoque
430 3950 623 4005 missis
644 3950 712 4005 ad
743 3966 866 4006 eum
894 3952 963 4008 ab
991 3952 1322 4025 lmperatore
1344 3957 1433 4028 qui
1456 3960 1537 4014 vel
1561 3977 1656 4031 per
1682 3963 1789 4016 vim

187 4041 441 4098 hominem
477 4042 866 4115 pertraherent
894 4087 909 4109 .
947 4061 1068 4102 cum
1098 4048 1164 4104 ad
1194 4051 1489 4108 sacrarium
1517 4053 1792 4126 confugis-

184 4145 255 4189 set
273 4135 369 4208 (a),
389 4138 567 4193 nihilo
594 4139 897 4209 meliorem,
921 4147 981 4195 ιιι
996 4156 1136 4198 nunc
1154 4158 1389 4216 quoque,
1414 4161 1573 4216 quam
1596 4148 1790 4209 mortui

183 4229 406 4285 colorem
460 4230 753 4285 obtinebat
787 4248 800 4283 :
831 4241 958 4288 tunc
1008 4233 1249 4290 dentium
1288 4237 1489 4293 stridor
1512 4280 1526 4307 ,
1587 4248 1792 4296 tremor

185 4320 334 4376 totius
361 4321 645 4392 corporis,
670 4336 776 4377 vos
801 4323 1117 4394 singultiens
1142 4335 1195 4382 et
1246 4327 1421 4399 lingua
1454 4330 1708 4397 titubans,
1738 4336 1788 4389 in

182 4426 374 4467 summa
428 4413 559 4468 talis
609 4412 842 4479 habitus,
874 4417 1084 4488 qualem
1114 4419 1397 4490 oportebat
1428 4420 1627 4478 habere
1669 4426 1790 4481 ani-

183 4516 308 4557 mam
337 4520 462 4576 qua:
490 4504 710 4574 lapidea
736 4516 899 4563 esset.

245 4597 292 4651 3.
321 4596 451 4655 lltee
478 4591 613 4654 dico
659 4614 766 4656 non
812 4601 1173 4672 exprobrandi
1201 4620 1383 4674 causa,
1418 4623 1593 4680 neque
1618 4610 1789 4667 insul-

183 4694 288 4742 tans
306 4690 426 4760 ejus
452 4690 778 4760 infortunio,
802 4692 899 4750 sed
922 4704 980 4749 ttt
1005 4706 1241 4752 vestrum
1264 4701 1503 4756 animum
1526 4703 1786 4772 mollium,

181 4790 231 4834 et
254 4782 317 4839 ad
366 4785 910 4843 commiserationetn
944 4790 1252 4859 pertraham
1273 4834 1289 4859 ,
1321 4809 1493 4865 coque
1540 4798 1788 4854 inducam

183 4881 234 4926 at
270 4878 526 4945 prtesenti
575 4877 816 4935 hominis
858 4894 1015 4951 pana
1073 4882 1143 4937 sit
1186 4894 1492 4941 contentus.
1521 4889 1786 4955 Quoniam

180 4968 311 5024 enim
332 4971 488 5027 multi
514 4981 649 5027 sunt
676 4986 709 5027 e
728 4974 926 5029 nostris
949 4974 1087 5029 adeo
1110 4974 1410 5045 inhumani,
1432 4988 1489 5035 ut
1509 4997 1607 5037 nos
1625 4982 1785 5039 etiam

182 5058 433 5131 incusem,
469 5064 570 5134 qui
598 5079 724 5119 eum
749 5066 986 5122 sacrario
1019 5070 1415 5137 exceperimus,
1448 5072 1665 5129 illorum
1688 5076 1789 5131 du-

181 5154 345 5211 ritiem
374 5157 588 5213 nostris
630 5159 974 5217 sermonibus
1026 5162 1240 5219 mollire
1280 5165 1490 5231 volens.
1538 5170 1787 5227 miserias

182 5246 321 5303 istius
349 5249 607 5306 tradueo.

242 5338 523 5398 Eutroat'tu
550 5342 611 5397 in
633 5342 915 5411 ecclesiam,
931 5345 1082 5415 cujus
1102 5347 1468 5406 immunitatem
1488 5354 1781 5424 violaverat,

179 5437 436 5506 confugere
459 5444 681 5491 coactus
707 5446 801 5491 est.
833 5466 906 5478 —
928 5437 1067 5506 Quid
1098 5442 1243 5496 enim
1275 5452 1379 5507 est,
1406 5460 1610 5515 quaeso,
1642 5447 1781 5503 dile—

181 5533 274 5594 cte,
320 5526 464 5599 quod
507 5527 738 5599 indigne
779 5527 928 5585 fers?
976 5531 1165 5601 Dices,
1215 5533 1351 5601 Quia
1395 5538 1446 5590 itt
1497 5540 1780 5597 ecclesiam

234 5730 301 5799 (ᾳ)
335 5731 402 5783 Ad
426 5732 637 5799 liter-am
665 5734 957 5799 yet-tendum
982 5742 1135 5798 esset,
1161 5751 1273 5789 cum
1292 5739 1359 5791 ad
1372 5755 1518 5794 sacra
1543 5756 1656 5796 vasa
1670 5759 1782 5799 con-

400 5797 495 5846 δαί
520 5809 645 5861 quae
670 5795 747 5869 hic
768 5810 896 5869 ςιιιιιν,ἓ
921 5800 1028 5869 sive
1050 5788 1185 5850 saera
1222 5788 1778 5869 idieunturftnoii,

182 5857 426 5923 ριν-,εἰη
449 5857 553 5923 ara
579 5857 980 5923 appellabuntur.
1015 5868 1194 5913 \‘ermn
1225 5865 1292 5917 de
1324 5866 1400 5918 his
1432 5857 1781 5923 ttltimo'Totno

183 5926 357 5979 εδει..
378 5919 463 5971 tibi
486 5920 559 5971 de
581 5919 839 5987 disciplina
865 5922 1216 5978 Ecclesiastica.

258 6472 329 6479 -τ
364 6472 547 6482 ι--κ-,μτ

3415 398 3483 453 59
3492 399 3519 453 ι

1911 518 2174 591 confugit,
2225 517 2316 589 qui
2357 530 2477 574 eam
2524 514 2891 572 indesinenter
2939 516 3307 589 nnpugnabat.
3356 521 3517 590 Atqui

1902 615 2006 672 hoc
2034 613 2373 686 potissimum
2402 611 2623 669 nomine
2648 610 3033 684 gloriﬁcandus
3051 621 3167 667 erat
3187 610 3348 676 Deus,
3374 612 3518 683 quod

1901 709 2147 780 permisit
2175 723 2300 765 eum
2330 708 2382 764 in
2411 716 2557 763 tanta
2578 706 2833 763 constitui
2882 704 3227 772 necessitate,
3260 716 3397 763 utet
3425 723 3520 778 po-

1901 803 2120 857 tentiam
2152 801 2412 858 Ecclesia:
2434 809 2491 857 et
2515 800 2857 856 clementiam
2876 797 3112 855 disceret
3141 814 3156 853 :
3190 799 3516 868 potentiam,

1899 908 1967 949 eo
1992 891 2136 964 quod
2164 892 2217 947 in
2249 901 2451 947 tantam
2476 890 2723 948 inciderit
2756 891 3111 946 mutationem
3141 891 3212 948 ob
3238 890 3376 947 bella
3396 908 3520 962 qute

1900 985 2002 1055 ipsi
2032 984 2286 1040 intulerat
2316 1003 2328 1038 :
2362 984 2709 1040 clementiam
2751 998 2901 1051 vero,
2926 982 3071 1054 quod
3102 983 3276 1054 ipsum
3302 983 3523 1055 obiecto

1900 1092 2042 1133 nunc
2070 1087 2226 1133 scuto
2255 1086 2517 1149 protegat,
2547 1086 2601 1134 et
2630 1076 2837 1132 alarum
2868 1076 3092 1133 obtentu
3122 1086 3359 1144 tueatur,
3390 1095 3521 1149 pnn-

1900 1173 2287 1243 teritarumque
2313 1171 2629 1243 injuriarum
2670 1172 2855 1238 oblita,
2887 1171 3040 1227 sinus
3066 1172 3115 1227 ei
3146 1174 3523 1231 amantissime

1901 1266 2119 1337 pandat.
2147 1267 2261 1323 lloc
2289 1267 2431 1322 enim
2461 1266 2651 1337 quovis
2681 1275 2885 1337 trome
2926 1266 3282 1336 Splendidius,
3329 1271 3523 1339 quavis

1900 1360 2119 1416 victoria
2144 1361 2425 1428 illustrius,
2459 1360 2561 1415 hoc
2583 1360 2852 1423 ethnicos,
2881 1360 2985 1416 hoc
3027 1360 3247 1417 Judzeos
3297 1361 3522 1432 pudefa-

1899 1452 1992 1517 cit,
2027 1452 2128 1507 hoc
2156 1452 2515 1522 placiditatem
2542 1452 2721 1509 vultus
2742 1455 2861 1524 ejus
2889 1462 3124 1510 ostentat
3156 1473 3169 1509 :
3201 1455 3344 1525 quod
3376 1455 3517 1511 hosti

1900 1550 2112 1616 captivo
2158 1558 2364 1617 parent,
2394 1557 2450 1603 et
2477 1548 2545 1604 ab
2571 1547 2825 1604 omnibus
2873 1546 3147 1604 desertum
3174 1564 3239 1605 ac
3266 1560 3515 1605 contem-

1902 1651 2048 1709 ptunt
2068 1642 2178 1694 sola
2200 1652 2251 1693 ut
2272 1641 2639 1697 amantissima
2659 1650 2829 1698 mater
2855 1643 2968 1701 suis
2992 1643 3310 1699 velamentis
3331 1647 3517 1702 occat.

1902 1742 1995 1798 tet,
2020 1734 2367 1804 Imperatoris
2388 1735 2547 1789 simul
2581 1736 2676 1790 ira:
2701 1746 2755 1791 et
2787 1732 3111 1792 intolerabili
3136 1739 3315 1809 populi
3347 1737 3517 1796 furori

1900 1840 1964 1881 ac
1991 1824 2117 1881 odio
2147 1841 2206 1881 se
2238 1841 2521 1897 opponens
2553 1827 2697 1883 :hoc
2728 1828 2903 1899 ipsum
2931 1838 3014 1884 est
3041 1831 3297 1886 eximium
3330 1834 3519 1890 altaris

1899 1928 2299 1974 ornamentum.
2331 1921 2509 1989 Dices,
2539 1920 2776 1977 Hoecine
2803 1934 3204 1989 ornamentum,
3239 1927 3514 1983 hominem

1898 2010 2207 2078 scelestum,
2234 2028 2479 2080 avarum,
2505 2028 2777 2084 rapacem,
2801 2014 2969 2073 altare
2993 2019 3349 2090 contingere?
3373 2018 3518 2075 Cave

1900 2104 2025 2160 talia
2052 2106 2254 2162 dixeris
2285 2125 2298 2162 :
2331 2107 2769 2179 quandoquidem
2795 2118 2849 2165 et
2870 2112 3124 2166 meretrix
3157 2110 3323 2182 pedes
3348 2115 3517 2184 ipsius

1898 2198 2096 2254 Christi
2139 2200 2382 2270 contigit,
2431 2202 2632 2256 incesta
2673 2200 2762 2256 illa
2803 2212 2859 2257 et
2900 2203 3108 2273 impura
3146 2223 3158 2258 :
3195 2221 3294 2259 nec
3336 2215 3514 2261 tamen

1900 2289 2005 2347 hoc
2030 2292 2083 2346 in
2105 2293 2311 2347 crimen
2342 2294 2567 2349 Domino
2588 2293 2715 2351 Jesu
2744 2296 2927 2362 cessit,
2955 2296 3049 2351 sed
3076 2298 3130 2353 in
3159 2297 3368 2353 laudem
3403 2316 3516 2354 tna-

1896 2400 2056 2456 gnam
2082 2395 2137 2441 et
2170 2384 2582 2443 admirationem
2611 2404 2624 2442 :
2652 2403 2828 2459 neque
2873 2389 3017 2444 enim
3067 2406 3258 2460 purum
3308 2392 3517 2465 impura

1898 2477 2144 2545 olfendit,
2174 2477 2271 2534 sed
2302 2478 2589 2535 sceleStam
2632 2481 2974 2536 meretricem
3006 2499 3171 2552 purus
3196 2493 3249 2538 et
3279 2484 3520 2555 inculpa-

1899 2568 2020 2625 bilis
2048 2585 2145 2626 suo
2172 2580 2422 2627 contactu
2453 2572 2773 2643 purificavit.
2808 2574 2950 2631 Cave
2978 2576 3296 2647 injuriarutn
3327 2581 3518 2636 tuenti-

1899 2668 2062 2729 neris,
2093 2679 2127 2719 ο
2155 2665 2335 2721 Ιιοιιιυ.
2365 2666 2619 2721 Crucilixi
2647 2666 2792 2723 illius
2820 2670 2961 2725 servi
3010 2685 3199 2727 smnus
3239 2672 3467 2727 dicentis
3502 2694 3515 2731 :

1902 2756 2119 2813 licntitte
2154 2759 2289 2826 illis,
2337 2777 2438 2815 non
2484 2761 2617 2816 enim
2646 2763 2811 2818 sciunt
2859 2763 2983 2835 quid
3012 2766 3210 2836 faciunt
3239 2766 3394 2839 (Luc.
3417 2768 3509 2825 ‘23.

1898 2850 2011 2921 Si).
2060 2853 2213 2909 Dices
2243 2870 2256 2908 :
2287 2860 2357 2909 At
2384 2855 2651 2925 praeclusit
2681 2857 2838 2928 hujus
2867 2860 2969 2915 loci
3001 2859 3263 2931 refugium
3312 2863 3518 2934 legibus

1897 2944 2131 3013 scriptis,
2181 2944 2376 3015 quibus
2416 2946 2517 3002 hoc
2566 2948 2772 3003 irritum
2814 2948 2992 3005 facere
3038 2965 3267 3009 conatus
3310 2967 3412 3010 est.
3443 2957 3514 3012 At

1899 3049 2041 3089 nunc
2089 3037 2267 3106 reipsa
2309 3036 2516 3105 didicit,
2566 3040 2726 3110 quale
2764 3041 2997 3113 sitquod
3027 3042 3190 3099 fecit:
3222 3055 3277 3100 ct
3303 3059 3517 3104 suomet

1898 3128 2037 3183 facto
2068 3129 2239 3200 legem
2266 3142 2419 3187 suam
2463 3133 2666 3203 primus
2715 3134 3013 3207 abrogavit,
3045 3138 3216 3194 factus
3254 3142 3401 3197 orbis
3430 3154 3507 3198 to-

1898 3222 2004 3277 tius
2025 3226 2387 3294 spectaculum
2419 3243 2433 3281 :
2466 3237 2519 3282 et
2546 3228 2705 3284 sileat
2730 3228 2875 3293 licet.
2898 3247 3090 3287 omnes
3121 3242 3301 3290 tamen
3322 3236 3511 3290 admo-

1895 3327 2006 3380 net,
2041 3316 2223 3373 Nolite
2268 3316 2384 3373 hmc
2415 3319 2614 3388 facere,
2647 3336 2716 3377 ne
2738 3323 2915 3393 qualia
2944 3340 3046 3395 ego
3073 3328 3372 3397 patiamini.
3405 3329 3520 3386 Sua

1897 3408 2203 3465 calamitate
2231 3409 2369 3466 alios
2396 3412 2575 3478 docet,
2601 3424 2655 3469 et
2680 3414 2852 3471 altare
2884 3416 2986 3473 hoc
3016 3420 3130 3490 ipso
3156 3420 3422 3477 illustrem
3447 3441 3515 3479 ut

1896 3516 1956 3556 se
1981 3502 2329 3574 splendorem
2360 3506 2580 3574 emittit,
2614 3522 2678 3564 ac
2707 3509 2792 3565 vel
2820 3509 2945 3567 hinc
2972 3514 3315 3571 tremendum
3360 3518 3514 3574 vide-

1900 3610 2004 3666 tur,
2027 3600 2168 3671 quod
2202 3602 2412 3658 leonem
2447 3604 2681 3660 vinctum
2713 3607 2993 3664 contineat
3026 3627 3040 3665 :
3074 3612 3511 3684 quandoquidem

1896 3701 1953 3748 et
1978 3695 2140 3765 regia:
2166 3694 2363 3767 effigiei
2393 3713 2499 3752 non
2529 3706 2735 3753 tantum
2772 3711 2994 3757 ornatus
3025 3718 3090 3758 ex
3121 3718 3187 3759 eo
3211 3708 3511 3778 contingat,

1898 3788 1942 3842 si
1972 3787 2109 3842 solio
2140 3803 2234 3843 rex
2282 3790 2499 3845 sublimi
2549 3791 2738 3849 sedeat
2780 3805 3106 3864 purpuratus
3136 3808 3189 3853 et
3210 3797 3517 3859 diademate

1900 3880 2201 3948 redimitus,
2235 3894 2492 3954 quantum
2512 3886 2553 3940 si
2585 3885 2684 3943 sub
2713 3886 2940 3958 pedibus
2971 3906 3185 3962 quoque
3210 3895 3371 3965 regiis
3394 3896 3518 3951 bar-

1899 3975 2012 4030 bari
2044 3976 2293 4032 manibus
2334 3988 2452 4048 post
2496 3988 2643 4051 terga
2680 3982 2939 4038 revinctis
2983 3986 3139 4056 proni
3179 3985 3410 4057 jacca:.t.
3451 3990 3518 4047 Et

1897 4059 2039 4130 quod
2070 4062 2249 4117 verbis
2273 4079 2381 4118 non
2406 4063 2475 4119 sit
2524 4080 2653 4120 usus
2692 4066 2759 4121 ad
2808 4070 3240 4138 persuadendmn
3293 4078 3513 4141 paratis,

1898 4164 2107 4211 vosmet
2154 4156 2496 4214 festinatione
2538 4169 2716 4216 vestra
2746 4178 2810 4217 ac
2846 4179 3115 4220 concursu
3160 4170 3516 4225 attostmnini.

1900 4248 2109 4303 Etenim
2144 4252 2461 4321 prteclarum
2486 4252 2647 4309 hodie
2678 4254 2833 4310 nobis
2859 4259 3225 4328 spectaculum
3252 4269 3306 4315 et
3330 4262 3518 4319 hilaris

1898 4352 2195 4397 conventus
2223 4346 2487 4417 contingit
2514 4366 2526 4401 :
2551 4362 2652 4403 nec
2680 4348 2946 4405 minorem
2978 4368 3119 4407 nunc
3149 4354 3305 4410 video
3334 4358 3515 4426 populi

1900 4434 2279 4507 frequentiam,
2298 4455 2457 4510 quam
2486 4440 2539 4495 in
2570 4458 2725 4497 sacra
2759 4444 2978 4501 Pascha:
3004 4447 3350 4505 celebritate:
3376 4450 3515 4506 adeo

1898 4527 2055 4582 exciti
2084 4529 2216 4583 estis
2248 4530 2401 4585 istius
2428 4532 2664 4600 silentio,
2690 4533 2831 4605 quod
2863 4535 3351 4606 ittiprmsetttiarttttt
3376 4559 3512 4613 qua-

1898 4620 1979 4675 vis
2011 4620 2135 4677 tuba
2163 4622 2449 4678 clariorem
2475 4638 2667 4681 sonum
2714 4628 2932 4685 emittit.
2969 4631 3033 4685 Et
3056 4632 3292 4703 virgines
3340 4634 3510 4689 illtth-

1899 4712 2022 4778 mis,
2055 4722 2109 4769 et
2136 4714 2388 4770 mulieres
2416 4717 2686 4788 gynaeceis
2714 4718 2964 4787 desertis,
2991 4731 3043 4776 et
3070 4724 3167 4779 viri
3200 4723 3316 4780 foro
3342 4742 3513 4781 vacuo

1899 4807 2108 4870 relicto.
2142 4808 2375 4864 universi
2406 4808 2512 4865 huc
2535 4813 2909 4881 concurristis,
2943 4825 2996 4869 ttt
3026 4815 3316 4874 humanam
3351 4832 3517 4875 natu-

1897 4914 2010 4953 ram
2042 4900 2245 4957 traduci
2272 4902 2543 4969 videretis,
2576 4916 2629 4959 et
2656 4908 2994 4963 stecularintn
3026 4913 3364 4983 negotiorum
3390 4933 3509 4970 ttm-

1899 5002 2241 5049 mentaneam
2270 4994 2684 5051 mutabilitatem
2733 4999 2932 5071 detegi,
2967 5002 3217 5075 illamque
3258 5011 3508 5063 meretri-

1894 5089 2032 5144 ciam
2094 5088 2285 5145 faciem
2348 5089 2467 5146 lteri
2506 5106 2570 5146 ac
2611 5092 2805 5147 nudius
2856 5098 3047 5151 tertius
3093 5097 3511 5168 prteclarissime

1894 5179 2270 5251 splendentem
2299 5183 2447 5252 (talis
2475 5182 2618 5239 enim
2650 5192 2735 5239 est
2760 5200 2825 5241 ex
2850 5188 3040 5244 alienis
3083 5190 3294 5259 injuriis
3340 5194 3511 5248 felici-

1896 5282 1999 5337 tas,
2031 5289 2151 5343 qua:
2179 5288 2373 5345 rugosa
2413 5275 2603 5347 quavis
2639 5276 2850 5332 anicula
2896 5280 3192 5338 deformior
3227 5288 3507 5357 apparet},

1894 5384 2073 5423 rerum
2125 5370 2420 5425 mutatione
2465 5381 2754 5442 tamquam.
2778 5376 2999 5447 spongia
3022 5376 3252 5448 quadam
3284 5384 3509 5437 tectoria

1893 5460 2149 5530 lucosque
2179 5460 2519 5518 abstersisse.

1963 5553 2018 5607 4.
2048 5552 2219 5608 Tanta
2264 5570 2459 5625 nempe
2502 5564 2589 5611 est
2632 5556 2791 5628 hujus
2836 5559 3111 5618 infortunii
3142 5566 3246 5631 vis,
3275 5582 3398 5638 qua:
3428 5570 3506 5625 vi-

1892 5664 2009 5701 rutn
2041 5647 2249 5703 felicem
2268 5663 2332 5704 ac
2364 5652 2736 5721 cnttspicuum,
2761 5670 2902 5710 nunc
2931 5658 3172 5715 omnium
3201 5661 3506 5733 abjectissi-

1892 5757 2037 5795 tnnnt
2093 5742 2347 5797 reddidit.
2399 5743 2634 5800 lntroeat
2682 5745 2835 5804 dives
2875 5750 3103 5821 aliquis,
3150 5763 3206 5808 et
3254 5772 3503 5827 magnam

1890 5833 2174 5889 utilitatem
2206 5835 2467 5906 percipiet
2500 5854 2513 5890 :
2544 5837 2731 5896 videns
2763 5842 2907 5896 enim
2943 5852 3050 5899 tant
3098 5846 3245 5904 celso
3292 5846 3509 5920 fastigio

1891 5927 2169 5997 delapsum
2202 5943 2323 5985 cum
2369 5929 2459 5999 qui
2513 5939 2681 5989 totum
2732 5933 2919 5992 othrtn
2966 5946 3095 5993 nutu
3136 5936 3495 5992 conculieliat
