4104 6512
628 444 733 504 395

625 576 690 615 ac
718 557 1001 614 formidine
1022 563 1375 619 contractum,
1406 551 1696 623 quavisque
1726 564 1857 604 rana
1888 556 1980 603 aut
2026 547 2209 618 lepore

630 651 975 717 timidiorem,
1006 660 1061 705 et
1089 646 1293 718 absque
1316 644 1543 701 vinculis
1567 644 1831 699 columna,-
1856 640 1979 696 huic
2004 638 2208 697 h‘mren-

628 754 769 809 tem,
802 754 856 799 et
883 742 996 797 vice
1032 750 1234 796 catenae
1282 736 1469 792 timore
1503 732 1719 789 afllxum
1770 740 2209 802 trementeiuque,

627 835 885 908 reprimet
929 833 1284 902 arrogantiam
1308 871 1326 899 ,
1353 827 1546 883 fastum
1581 836 1759 891 exuet,
1784 835 1837 880 et
1863 823 2211 880 consideratis

624 942 744 998 qth
777 926 833 982 in
864 924 1109 982 humanis
1149 921 1363 978 casibus
1386 916 1772 975 consideranda
1800 925 1945 981 sunt,
1975 913 2213 970 discedet

627 1034 686 1075 re
714 1020 828 1091 ipsa
856 1018 1066 1085 doctus,
1099 1034 1217 1089 qua:
1242 1014 1531 1085 Scriptura
1556 1028 1652 1068 nos
1676 1012 1868 1067 docent
1894 1026 1909 1062 :
1937 1009 2094 1079 quale
2130 1016 2214 1064 est

630 1111 758 1167 Illud
787 1129 800 1163 :
838 1108 1015 1166 Omnis
1054 1125 1172 1162 curo
1198 1111 1409 1179 fartum,
1438 1115 1487 1160 et
1510 1104 1673 1160 omnis
1711 1102 1874 1175 gloria
1916 1100 2132 1155 hominis
2156 1110 2211 1155 ut

631 1205 723 1272 (los
747 1203 868 1275 {cui
894 1216 916 1256 :
943 1201 1074 1253 aruit
1094 1203 1307 1270 fanum,
1338 1208 1385 1251 et
1414 1198 1510 1267 ﬂos
1548 1196 1657 1265 ejus
1687 1194 1871 1248 decidit
1896 1190 2097 1264 (Hesai.
2119 1190 2211 1251 ιο.

630 1299 682 1352 ti.
709 1297 762 1366 7)
794 1312 808 1349 :
841 1296 967 1350 item
1008 1292 1138 1347 illud
1171 1310 1184 1346 :
1213 1292 1358 1347 Sicut
1385 1295 1573 1362 {mnum
1614 1289 1845 1345 velociter
1878 1296 2121 1351 arescent,
2164 1296 2212 1341 et

628 1388 755 1441 sicut
796 1387 932 1440 olera
979 1386 1245 1439 herbarum
1284 1385 1382 1437 cito
1429 1381 1657 1436 decidant
1690 1377 1859 1451 (Psal.
1901 1379 1989 1434 '56.
2035 1378 2127 1451 2):
2159 1388 2213 1433 et

631 1479 885 1546 Quoniam
907 1479 1031 1533 sicut
1072 1478 1243 1547 fumus
1280 1475 1387 1530 dies
1410 1475 1521 1546 ejus
1552 1483 1669 1528 sunt
1700 1470 1869 1542 (Psal.
1901 1472 2023 1526 lOl.
2052 1473 2132 1540 4),
2158 1481 2212 1526 et

632 1574 829 1643 reliqua
874 1572 1087 1627 similia.
1114 1571 1311 1627 Contra
1357 1584 1559 1641 pauper
1596 1569 1970 1638 introgressus,
2020 1575 2075 1621 et
2108 1565 2212 1620 hoc

628 1665 989 1736 spectaculum
1036 1662 1485 1727 animadvertens,
1532 1674 1639 1714 non
1682 1658 1926 1729 displicet
1950 1658 2048 1712 sibi
2077 1656 2207 1725 ipse,

629 1771 801 1827 neque
848 1765 1046 1811 sortem
1099 1770 1248 1809 suam
1293 1752 1568 1824 deplorat;
1619 1752 1712 1807 sed
1757 1751 1953 1821 gratias
1996 1751 2213 1819 insuper

630 1850 925 1920 paupertati
956 1846 1135 1911 habet,
1168 1861 1285 1915 qua:
1311 1844 1412 1899 sibi
1439 1853 1493 1899 et
1517 1844 1647 1915 asyli
1679 1844 1793 1897 vice
1822 1841 1891 1897 sit
1939 1842 2207 1906 tutissimi,

628 1949 683 1996 et
720 1950 905 2013 portus
949 1936 1388 2008 tranquillissimi,
1444 1944 1499 1990 et
1536 1934 1676 1989 arcis
1720 1932 2086 1987 munitissima:
2119 1941 2213 1986 :et

631 2035 713 2089 his
754 2033 905 2098 visis,
935 2034 979 2087 si
1005 2032 1161 2088 detur
1197 2031 1363 2100 Optio,
1397 2028 1577 2084 mallet
1618 2027 1865 2098 prmsenti
1906 2026 2211 2081 conditione

629 2133 910 2179 contentus
935 2136 1072 2185 esse,
1106 2137 1263 2192 quam
1291 2121 1530 2176 omnium
1563 2118 1903 2174 facultatibus
1944 2116 2212 2189 paulisper

631 2216 921 2286 occupatis,
954 2229 1075 2269 mox
1102 2216 1152 2267 iu
1178 2213 1374 2283 proprii
1398 2211 1668 2282 sanguinis
1687 2210 1983 2280 periculum
2005 2208 2207 2264 venire.

638 2309 792 2364 Vides
806 2323 908 2363 non
929 2323 1146 2391 parvam
1164 2307 1438 2362 utilitatem
1457 2304 1708 2360 divitibus
1726 2316 1779 2359 et
1798 2302 2136 2373 pauperibus,
2157 2311 2213 2357 et

629 2402 787 2459 celsis
804 2410 858 2457 et
878 2400 1187 2467 humilibus,
1207 2400 1372 2455 servis
1391 2410 1443 2455 et
1460 2398 1723 2470 ingenuis,
1747 2413 1815 2454 ex
1838 2398 1937 2452 hoc
1959 2396 2108 2451 istius
2132 2411 2213 2451 re-

629 2494 774 2564 fugio
797 2502 1004 2548 enatam
1025 2506 1145 2548 esse
1161 2494 1183 2544 ?
1202 2490 1348 2547 vides
1362 2497 1421 2546 ut
1437 2506 1556 2546 cum
1582 2481 1817 2545 remedio
1848 2489 2069 2558 quisque
2091 2487 2213 2543 hinc

630 2587 805 2651 abeat,
826 2584 980 2656 hujus
1009 2585 1086 2640 rei
1110 2584 1416 2654 spectaculo
1432 2583 1653 2639 allectus
1677 2597 1870 2637 curans
1891 2581 2050 2637 suos?
2073 2579 2209 2636 Num

631 2681 788 2750 igitur
815 2677 1014 2733 molliri
1046 2688 1252 2733 vestros
1280 2677 1506 2741 animos,
1538 2683 1630 2729 aut
1666 2672 2079 2744 indignationem
2109 2687 2207 2728 ex-

633 2769 931 2842 puli?.uum
965 2768 1406 2824 inhumanitatem
1450 2764 1713 2821 exstinxi?
1745 2779 1869 2819 uum
1892 2763 1959 2819 ad
1980 2763 2211 2819 commi-

629 2861 946 2917 seratiouem
974 2858 1207 2914 adduxi?
1234 2857 1494 2928 Equidem
1536 2855 1820 2912 adduxisse
1848 2870 1933 2909 me
1975 2855 2166 2923 opinor
2196 2872 2209 2912 :

631 2954 787 3024 idque
810 2969 874 3008 ex
902 2952 1133 3009 vultibus
1156 2949 1344 3005 veStris
1363 2965 1426 3005 ac
1445 2948 1696 3019 lacrymis
1722 2948 1936 3018 colligo.
1957 2948 2209 3013 Quando-

627 3046 844 3117 quidem
870 3045 1026 3115 igitur
1052 3053 1195 3113 petra
1229 3040 1404 3097 cordis
1433 3040 1589 3095 ναίειτί
1621 3039 1676 3096 in
1703 3039 1948 3109 pinguem
1978 3050 2031 3091 et
2058 3036 2208 3092 ferti-

630 3138 735 3193 lem
762 3150 944 3206 agrum
976 3148 1127 3189 versa
1154 3142 1254 3194 est,
1282 3146 1377 3202 age
1403 3130 1513 3201 jam
1544 3130 1771 3185 fructum
1809 3144 2020 3199 quoque
2050 3128 2210 3183 mise-

631 3227 872 3284 ricordia:
901 3224 1251 3297 proferentes,
1272 3224 1566 3294 uberesque
1590 3221 2069 3277 eommiscrationis
2095 3221 2211 3291 spi—

628 3335 722 3376 cas
748 3335 856 3390 prae
881 3318 1035 3374 nobis
1063 3316 1315 3384 ferentes,
1345 3314 1754 3385 procuntbamus
1796 3315 2107 3384 Imperatori
2138 3314 2207 3370 ad

628 3430 801 3486 genua
828 3430 844 3469 :
873 3414 956 3468 vel
981 3414 1156 3484 potius
1179 3412 1527 3481 deprecemur
1555 3408 1993 3480 benignissimum
2020 3407 2207 3471 Deum,

631 3518 689 3565 ut
716 3507 920 3563 molliat
943 3506 1075 3562 iram
1120 3505 1479 3585 Imperatoris,
1499 3512 1553 3560 et
1580 3518 1673 3558 cor
1698 3502 1772 3557 illi
1806 3512 2043 3558 tenerum
2081 3500 2210 3557 dare

628 3605 897 3673 dignetur,
926 3617 1033 3673 quo
1057 3601 1195 3657 hanc
1222 3600 1444 3672 gratiam
1476 3600 1736 3670 integrant
1768 3597 1835 3652 ab
1866 3597 1981 3667 ipso
2002 3594 2209 3651 auferre

631 3698 912 3766 possimus.
941 3696 1057 3753 Jam
1081 3697 1222 3751 enim
1251 3712 1317 3752 ex
1343 3695 1432 3749 illo
1455 3694 1545 3749 die
1564 3707 1670 3764 quo
1698 3695 1801 3747 huc
1825 3688 2063 3760 confugit
2086 3690 2206 3754 iste,

629 3806 732 3844 non
770 3804 931 3860 parva
969 3799 1052 3844 est
1077 3786 1212 3842 facta
1244 3787 1465 3841 mutatio
1494 3805 1507 3841 :
1540 3794 1817 3855 postquam
1848 3783 1991 3838 enim
2016 3796 2210 3850 cogno-

626 3881 702 3936 vit
732 3880 1025 3951 Imperator
1052 3895 1172 3935 eum
1201 3878 1265 3933 ad
1292 3878 1496 3950 asylum
1530 3878 1630 3933 hoc
1654 3892 1712 3932 se
1740 3875 2026 3946 recepisse,
2052 3873 2208 3928 aillu-

628 3983 753 4028 ente
778 3974 1013 4027 exercitu
1042 3982 1097 4028 et
1122 3972 1387 4026 concitato
1413 3970 1482 4027 ob
1504 3972 1619 4040 ejus
1643 3969 1885 4033 crimina,
1917 3966 2210 4039 deposcen-

628 4078 786 4135 thue
812 4065 1082 4121 hominem
1108 4065 1175 4119 ad
1204 4065 1542 4135 supplicium,
1567 4063 1777 4133 longam
1808 4060 1993 4115 habuit
2014 4059 2209 4113 oratio-

627 4173 772 4223 nem,
804 4173 906 4226 qua
930 4157 1209 4212 militarem
1240 4156 1654 4227 indignationem
1684 4160 2078 4222 compesceret,
2107 4164 2206 4219 po-

624 4249 828 4303 stulans
844 4259 901 4304 ut
930 4263 1033 4304 non
1060 4248 1331 4318 culparum
1362 4248 1544 4313 modo,
1563 4246 1654 4301 sed
1683 4247 1844 4302 etiam
1871 4254 2013 4301 recte
2040 4246 2205 4297 facto-

628 4356 743 4395 rum
774 4340 1031 4395 rationem
1063 4340 1320 4396 haberent
1350 4358 1363 4395 :
1398 4349 1454 4395 ut
1480 4340 1567 4411 qui
1601 4353 1695 4408 pro
1725 4336 1831 4393 illis
1857 4336 2077 4407 gratiam
2110 4332 2203 4388 ha—

626 4423 794 4498 beret,
825 4442 879 4488 et
905 4434 950 4487 si
977 4433 1102 4503 quid
1146 4447 1303 4489 secus
1342 4432 1644 4499 accidisset,
1693 4441 1960 4501 tamquam
2004 4427 2205 4483 homini

624 4523 1004 4594 ignoscendum
1046 4524 1290 4583 duceret.
1348 4523 1481 4579 Cum
1525 4535 1702 4578 autem
1763 4522 1837 4577 illi
1884 4521 1951 4576 de
1997 4521 2204 4589 integro

625 4625 877 4685 urgerent
903 4615 971 4670 ad
1008 4615 1298 4671 vindictam
1328 4616 1438 4671 laesi
1462 4615 1838 4687 imperatoris,
1871 4615 2161 4670 clamantes
2185 4652 2201 4679 ,

623 4708 948 4775 exsilientes,
969 4708 1036 4764 ad
1056 4719 1281 4765 mortem
1301 4709 1673 4780 deposcentes,
1695 4708 1877 4763 hastas
1900 4707 2199 4761 vibrantes:

624 4808 734 4854 tum
752 4815 877 4855 vero
898 4799 1072 4855 fontes
1100 4801 1454 4873 lacrymarum
1483 4799 1911 4856 clementissimis
1937 4797 2046 4851 suis
2070 4811 2201 4850 ocu-

642 4893 687 4947 is
715 4892 1013 4961 eil'undeus,
1046 4903 1100 4949 et
1122 4904 1473 4950 sacrosancta:
1500 4909 1717 4958 mense,
1748 4892 1813 4947 ad
1844 4907 2000 4961 quam
2022 4887 2202 4958 perfu.

1342 436 1402 494 S.
1438 434 1717 495 JOANNIS
1752 430 2222 490 CIIRYSOSTOMI
2262 429 2577 488 ARCIIIEP.
2618 428 3151 487 CONSTANTINOP.

3798 430 3906 491 330

2316 557 2485 617 gerat,
2516 545 2824 619 religionem
2853 547 2957 604 illis
3004 547 3287 613 incutiens,
3330 562 3472 619 :cgre
3514 548 3727 605 tandem
3769 549 3906 606 iram

2317 654 2502 694 eorum
2530 641 2753 695 sedavit.

2390 734 2443 788 5.
2477 732 2865 788 Admoveamus
2893 733 3052 805 igitur
3074 747 3172 789 nos
3195 746 3407 805 quoque
3432 748 3553 805 qua:
3576 748 3608 789 a
3630 734 3785 790 nobis
3806 733 3905 791 sd-

2319 823 2488 880 hiberi
2517 839 2611 895 par
2639 834 2741 880 est.
2778 826 2889 893 Qua
2920 826 3063 883 etaim
3092 826 3193 897 ipsi
3218 826 3374 882 venia
3400 825 3546 900 digni
3574 828 3789 894 essetis,
3822 827 3867 883 si
3888 869 3905 892 ,

2320 917 2645 986 liupcratore
2676 919 2943 989 propriam
2981 918 3229 989 iniuriam
3255 917 3593 975 condonante
3617 927 3671 975 et
3699 918 3869 973 oblito
3887 958 3901 983 ,

2317 1024 2412 1063 vos
2444 1008 2574 1065 nihil
2614 1010 2717 1066 tale
2754 1008 2898 1082 passi
2929 1009 2983 1066 in
3030 1011 3109 1067 ira
3133 1010 3401 1067 obstinate
3440 1009 3775 1081 pergentis?
3811 1015 3910 1065 aut

2317 1102 2588 1173 quomodo
2615 1102 2717 1160 hoc
2746 1104 3052 1176 spectaculo
3091 1104 3269 1160 soluto
3313 1114 3647 1161 sacramenta
3690 1113 3908 1159 contro-

2316 1197 2559 1261 ctabitis,
2588 1205 2645 1255 et
2675 1198 3033 1268 precationem
3060 1199 3204 1254 illam
3230 1197 3441 1263 dicetis,
3468 1212 3573 1268 qua
3596 1210 3787 1269 rogare
3814 1199 3904 1267 ju-

2316 1290 2507 1347 bemur
2538 1308 2552 1347 :
2590 1291 2795 1347 Dimitte
2832 1292 2974 1347 nobis
2998 1293 3129 1346 sicut
3168 1303 3215 1347 et
3240 1308 3331 1348 nos
3370 1291 3668 1346 dimittimus
3706 1290 3905 1345 debito-

2317 1382 2457 1437 ribus
2511 1385 2699 1438 nostris
2758 1383 2974 1455 (Mattlt.
3015 1382 3069 1439 6.
3114 1383 3241 1453 l2),
3293 1382 3340 1438 si
3376 1398 3409 1437 a
3446 1382 3689 1439 debitore
3723 1391 3909 1438 vestro

2318 1489 2502 1544 prunas
2540 1475 2799 1545 exigatis?
2830 1475 3041 1546 Iniuriis
3080 1490 3177 1530 vos
3204 1474 3340 1531 forte
3383 1474 3591 1545 magnis
3631 1472 3813 1530 affecit
3844 1489 3909 1531 ac

2317 1569 2698 1624 contumeliis?
2740 1568 2819 1625 Ne
2864 1584 2964 1625 nos
3003 1568 3220 1641 quidem
3262 1568 3401 1624 istud
3444 1567 3648 1623 inﬁcias
3686 1568 3906 1623 ibimus.

2316 1662 2419 1718 Sed
2453 1678 2557 1719 non
2592 1664 2873 1718 tribunalis
2897 1672 2980 1719 est
3017 1677 3254 1734 praesens
3293 1671 3534 1733 tempus,
3563 1661 3658 1717 sed
3690 1660 3907 1717 miseri-

2316 1755 2516 1811 cordia:
2556 1756 2731 1827 potius
2764 1774 2778 1812 :
2808 1771 2914 1811 non
2942 1755 3384 1828 repetundarum,
3413 1754 3508 1811 sed
3556 1754 3860 1812 clementia:
3891 1772 3906 1809 :

2319 1862 2422 1902 non
2459 1850 2742 1914 examinis,
2780 1847 2875 1903 sed
2913 1848 3323 1903 condonationis
3354 1864 3371 1907 :
3398 1862 3503 1902 non
3531 1846 3909 1917 suifragiormn

2316 1956 2380 1996 ac
2407 1941 2732 1996 calculorum
2753 1982 2768 2005 ,
2800 1940 2895 1996 sed
2924 1940 3286 1995 miserationis
3324 1954 3388 1994 ac
3411 1938 3618 2009 gratiae.
3641 1937 3721 1993 Ne
3747 1938 3913 2007 igitur

2316 2034 2436 2104 quis
2458 2043 2691 2088 vestrum
2722 2030 3064 2097 accendatur,
3091 2046 3227 2088 neve
3251 2046 3395 2101 aegre
3418 2029 3573 2096 ferat,
3606 2029 3700 2085 sed
3732 2028 3911 2099 potius

2318 2129 2656 2183 mitissimum
2685 2126 2854 2183 Deum
2895 2126 3279 2196 deprecemur,
3311 2136 3371 2184 ut
3394 2138 3490 2179 reo
3529 2124 3691 2177 vitam
3719 2138 3911 2193 proro-

2316 2230 2425 2289 get,
2458 2235 2689 2291 eumque
2715 2235 2783 2275 ex
2812 2217 3153 2288 impendente
3178 2215 3325 2272 cattle
3356 2215 3567 2287 eripiat,
3596 2224 3653 2270 ut.
3683 2215 3798 2284 ipse
3820 2230 3912 2268 er-

2318 2324 2430 2368 rata
2472 2328 2566 2366 sua
2598 2310 2876 2381 corrigat:
2906 2318 2962 2365 et
2999 2309 3270 2364 communi
3298 2323 3463 2376 opera
3508 2306 3914 2377 interpellemus

2317 2404 2799 2463 clementissimum
2834 2404 3213 2474 Imperatorem
3246 2417 3342 2471 pro
3370 2400 3609 2456 Ecclesia
3631 2408 3686 2454 et
3714 2399 3871 2453 altari
3893 2440 3910 2462 .

2320 2514 2481 2554 unum
2534 2496 2805 2552 hominem
2852 2504 3209 2551 sacrosancte
3256 2508 3456 2549 mensa:
3501 2492 3695 2548 donari
3749 2492 3912 2548 obse-

2319 2599 2552 2645 cmutes.
2578 2587 2730 2656 Quod
2760 2587 2805 2642 si
2837 2587 3141 2651 fecerimus,
3172 2594 3225 2641 et
3256 2584 3570 2655 imperatori
3596 2590 3804 2654 gratum
3832 2582 3912 2637 fa-

2319 2683 2545 2747 ciemus,
2574 2692 2629 2737 et
2676 2679 2823 2735 Deus
2849 2678 2997 2751 prius
3020 2694 3179 2751 quam
3229 2678 3523 2748 Imperator
3568 2676 3764 2731 factum
3809 2690 3913 2731 no-

2318 2788 2486 2831 suum
2515 2772 2853 2845 approbabit,
2886 2786 3239 2844 magnamque
3268 2770 3422 2826 nobis
3460 2768 3617 2840 hujus
3657 2768 3913 2827 Itmnani-

2321 2869 2443 2924 tatis
2488 2865 2790 2923 mercedem
2833 2865 3112 2921 retribuet.
3154 2863 3305 2920 Sicut
3346 2863 3490 2919 enim
3538 2862 3809 2919 crudelem
3853 2873 3915 2918 et

2320 2960 2667 3014 inhumanum
2702 2967 2980 3015 aversatur
3008 2966 3060 3013 et
3098 2956 3213 3011 odit
3244 2974 3258 3009 :
3292 2955 3364 3009 ita
3408 2952 3812 3010 misericordem
3852 2963 3915 3010 et

2320 3050 2609 3106 humanum
2651 3051 2991 3120 amplectitur
3031 3060 3086 3105 et
3130 3056 3316 3103 amat:
3361 3048 3541 3119 eique,
3581 3048 3695 3103 sive
3728 3046 3913 3117 justus

2318 3145 2407 3206 sit,
2455 3142 2845 3212 splendidiores
2903 3142 3085 3213 plectit
3131 3155 3399 3202 coronas;
3452 3140 3567 3194 sive
3619 3147 3912 3210 peccator,

2321 3246 2535 3305 peccata
2577 3236 2695 3305 ejus
2738 3233 3059 3301 dissimulat,
3102 3232 3585 3289 commiseratiouis
3618 3245 3744 3301 erga
3770 3245 3913 3285 con-

2317 3344 2533 3382 servum
2563 3328 2813 3381 talionem
2845 3326 2917 3380 illi
2948 3326 3250 3381 retribuens
3276 3340 3293 3381 :
3324 3323 3732 3378 Hiscricordiam
3760 3324 3913 3390 voto,

2320 3422 2512 3493 inquit,
2563 3430 2610 3474 et
2648 3437 2748 3474 non
2792 3419 3101 3489 sacri/icium
3146 3417 3301 3490 (Osee
3351 3418 3405 3473 6.
3450 3418 3545 3483 6);
3573 3425 3753 3488 etpct'
3781 3417 3910 3471 uni-

2321 3530 2529 3568 versam
2560 3512 2890 3585 Scriptorum
2917 3513 3065 3567 vides
3093 3527 3213 3566 eum
3237 3526 3450 3580 semper
3477 3509 3577 3564 hoc
3606 3508 3912 3579 requirere,

2318 3618 2477 3677 atque
2496 3605 2633 3661 hanc
2650 3622 2769 3661 esse
2788 3606 2969 3661 dicere
2992 3614 3332 3675 peccatorum
3359 3603 3645 3658 medelam.
3672 3600 3920 3657 Proinde

2322 3715 2417 3754 nos
2459 3714 2671 3770 quoque
2708 3699 2777 3754 ad
2818 3698 2960 3753 hunc
3006 3698 3223 3753 modum
3261 3698 3410 3751 illum
3452 3696 3741 3767 propitium
3782 3694 3915 3751 red-

2317 3792 2528 3858 demus,
2558 3791 2636 3847 sic
2664 3799 2879 3862 peccata
2901 3799 3087 3848 nostra
3118 3789 3463 3853 redimemus.
3498 3790 3575 3844 sic
3605 3788 3912 3844 Ecclesium

2319 3884 2668 3950 ornahimus,
2718 3884 2797 3938 sic
2848 3892 2902 3938 et
2953 3883 3249 3952 Imperator
3306 3881 3793 3945 elcmeutis~imus,
3852 3892 3915 3938 ut

2318 3978 2450 4041 dixi,
2482 3992 2581 4031 nos
2626 3976 2899 4031 laudabit:
2926 3977 2998 4029 ita
3027 3976 3117 4029 lict
3146 3984 3203 4029 ut
3244 3975 3524 4029 universus
3555 3975 3781 4045 populus
3808 3991 3914 4029 no-

2319 4069 2400 4123 bis
2427 4067 2734 4137 applaudat,
2766 4078 2820 4123 et
2868 4082 3036 4137 usque
3062 4067 3127 4121 ad
3174 4068 3307 4122 lines
3341 4067 3486 4122 orbis
3530 4076 3687 4121 terra:
3716 4066 3911 4121 huma-

2320 4164 2499 4218 nitatis
2528 4171 2583 4219 et
2612 4164 2911 4219 clementiae
2942 4171 3138 4216 nostra:
3168 4160 3304 4217 fama
3344 4161 3679 4227 celebretur,
3707 4171 3763 4215 et
3803 4161 3913 4218 hoc

2316 4270 2591 4328 comperto
2614 4257 2806 4327 ubique
2833 4266 3093 4312 terrarum
3116 4254 3274 4311 laude
3300 4254 3616 4313 afﬁciamur.
3650 4253 3719 4311 Ut
3746 4255 3911 4325 igitur

2318 4354 2509 4407 talibus
2538 4352 2692 4407 bonis
2720 4350 2819 4405 frui
2856 4351 3161 4421 contingat,
3200 4349 3537 4421 procidantus
3580 4349 3645 4403 ad
3685 4365 3861 4419 genua
3893 4392 3909 4417 ,

2314 4446 2682 4509 obtestemur,
2755 4443 3107 4512 deprecemur
3173 4460 3185 4495 :
3236 4444 3527 4511 eripiamus
3572 4456 3602 4495 e
3648 4442 3912 4510 periculis

2315 4547 2604 4608 captivum,
2656 4534 2958 4605 profugum,
3011 4534 3329 4605 supplicent,
3370 4550 3426 4589 ut
3468 4544 3523 4589 ct
3567 4534 3664 4603 ipsi
3722 4531 3907 4590 futura

2314 4633 2451 4685 bona
2500 4644 2928 4699 consequamur,
2988 4631 3154 4699 gratia
3209 4639 3265 4685 et
3312 4629 3639 4699 benignitate
3690 4630 3907 4687 Domini

2318 4722 2485 4777 nostri
2511 4720 2641 4777 Jcsu
2683 4720 2903 4786 Christi,
2947 4722 3029 4775 cui
3068 4721 3235 4791 gloria
3276 4732 3329 4776 et
3356 4721 3639 4791 imperium
3684 4738 3827 4779 nunc
3852 4734 3911 4781 et

2317 4831 2527 4885 semper
2556 4826 2609 4873 et
2640 4817 2691 4869 in
2720 4816 2910 4870 saecula
2937 4815 3275 4870 saeculorum.
3308 4818 3497 4871 Amen.

2040 5109 2507 5186 HODIILIA

620 5285 750 5327 (λυιι
782 5282 987 5326 ΒΧΊἭΔ
1021 5280 1358 5329 ποοιεειλω
1393 5286 1837 5328 υιενιιειηςκευε
1886 5281 2231 5327 Ευτιιοριυε
2263 5279 2585 5324 ABBEPTUS
2614 5279 2783 5323 FUIT.
2819 5282 2900 5323 DE
2931 5282 3235 5326 PARADISO
3265 5280 3379 5323 SEU
3418 5279 3655 5333 HORTO,
3695 5280 3778 5323 ΕΤ
3825 5283 3910 5327 DD

762 5384 1167 5441 scmrrums;
1214 5386 1422 5439 ATQUE
1467 5387 1530 5429 IN
1576 5387 1788 5439 ILLUD,
1836 5384 2128 5429 Αοδτιτιτ
2171 5382 2208 5422 n

2317 5381 2405 5422 ss
2450 5382 2489 5422 Α
2533 5380 2806 5425 nsxrnts
2850 5382 2993 5426 TUlS
3042 5367 3059 5444 (
3097 5365 3267 5425 Psal.
3314 5364 3414 5425 Us.
3450 5366 3569 5444 10)
3618 5354 3733 5447 (τι).

2012 5533 2205 5543 —————

696 5647 745 5701 l.
784 5646 1031 5705 Lectionis
1077 5648 1462 5719 Scripturarum
1499 5651 1719 5704 utilitas.
1751 5682 1819 5690 —
1854 5652 2030 5706 Suave
2080 5664 2198 5717 pra-

625 5745 758 5803 tum,
794 5743 970 5796 suaris
1014 5751 1095 5796 est
1128 5742 1335 5805 hortus,
1364 5750 1418 5796 at
1457 5741 1612 5811 longe
1642 5744 1855 5797 suavior
1902 5742 2197 5799 divinarum

684 5851 757 5913 (α)
778 5853 959 5923 polluta
985 5868 1092 5923 cum
1112 5862 1220 5923 alss.
1249 5862 1365 5923 Reg.
1417 5856 1551 5915 I955,
1581 5854 1712 5918 ωδε,
1744 5857 1877 5923 I965,
1901 5858 2041 5909 Ξῦίὸ.
2072 5860 2195 5911 Υἰω·

632 5918 733 5970 lum
758 5921 927 5971 damus
955 5932 981 5969 e
1009 5918 1159 5969 Savil.
1188 5926 1241 5968 et
1268 5919 1379 5973 Mss.

2318 5526 2508 5536 —————-

2309 5642 2705 5711 Scripturarum
2732 5642 2907 5697 lectio.
2941 5642 3047 5695 Illic
3068 5646 3263 5714 quippe
3292 5657 3687 5703 marcescentcs
3714 5652 3898 5721 ﬂores,

2314 5734 2399 5789 hic
2426 5736 2707 5790 sententiis
2734 5735 2922 5789 vividae
2964 5753 2975 5789 :
3003 5736 3112 5790 illic
3142 5737 3405 5809 zephyros
3433 5741 3623 5809 spirat,
3656 5741 3741 5797 hic
3767 5763 3907 5803 aura

2309 5828 2581 5897 Spiritus:
2628 5828 2737 5883 illic
2784 5828 2952 5899 spina:
3003 5830 3247 5899 sepiunt,
3298 5831 3383 5887 hic
3417 5834 3750 5902 providentia
3806 5839 3909 5898 Dei

2305 5929 2502 5976 tutatur
2535 5936 2549 5974 ι
2583 5920 2689 5977 illic
2720 5920 2915 5977 cicada:
2954 5924 3239 5993 cantitant,
3275 5924 3357 5981 hic
3396 5928 3671 5998 pl‘OpllCt-B
3701 5932 3908 5987 modu-
