4154 6486
708 429 813 485 397

707 558 826 599 νοια
870 540 1003 595 Θεοῦ
1054 540 1089 611 ἡ
1136 536 1575 609 ἀσφαλιζομένη·
1606 537 1724 589 ἐκεῖ
1746 534 1989 601 τέττιγες
2036 530 2272 601 ᾅδοντες,

708 627 942 682 ἐνταῦθα
988 625 1043 679 δέ
1092 624 1369 697 προφῆται
1396 621 1745 684 κελαδοῦντες
1765 637 1779 651 ·
1810 622 1928 673 ἐκεῖ
1954 616 2144 687 τέρψις
2170 613 2279 667 ἀπὺ

705 714 805 784 τῆς
832 714 1030 784 ὅψεως,
1049 710 1282 765 ἐνταῦθα
1303 710 1359 763 δὲ
1386 710 1622 780 ὠφέλεια
1642 708 1751 796 ἀπὸ
1765 706 1876 796 τῆς
1896 702 2272 796 ἀναγνώσεωςζ

718 802 778 854 Ὀ
810 799 1136 871 παράδεισος
1167 798 1225 851 ἐν
1253 797 1333 851 ἐνὶ
1358 796 1560 867 χωρίῳ,
1599 797 1656 848 αί
1681 794 1737 847 δὲ
1764 792 1975 866 Γραφαὶ
2002 792 2275 856 πανταχοῦ

706 887 804 955 τῆς
831 886 1152 956 οἰκουμένης
1172 901 1184 914 ·
1211 884 1240 937 ὀ
1265 884 1589 955 παράδεισος
1613 881 1848 936 δουλεύει
1885 877 2094 948 καιρῶν
2110 875 2277 941 ἀνάγ-

707 992 853 1041 καις,
884 974 938 1028 αί
966 974 1023 1028 δέ
1068 974 1281 1044 Γραφαὶ
1314 973 1411 1027 καὶ
1441 975 1500 1027 ἐν
1524 971 1751 1043 χειμῶνι
1779 970 1873 1023 καλ⁸
1911 968 1969 1020 ἐν
2010 965 2158 1037 θέρει
2186 980 2275 1017 κο-

711 1060 852 1133 μῶσι
880 1063 992 1124 τοῖς
1036 1059 1273 1129 φύλλοις,
1306 1060 1548 1130 βρίθουσι
1573 1061 1683 1121 τοῖς
1705 1058 1956 1126 καρποῖς.
1991 1051 2277 1121 Πρτοιίέχω-

709 1164 809 1218 μεν
847 1147 1025 1201 τοίνυν
1063 1149 1128 1217 τῇ
1172 1145 1279 1200 τῶν
1309 1144 1540 1215 Γραφῶν
1579 1142 1878 1212 ἀναγνώσει
1900 1160 1913 1176 ο
1939 1141 2033 1195 ἐάν
2063 1139 2171 1210 γὰρ
2205 1141 2271 1209 τῇ

707 1235 893 1307 Γραφῇ
919 1235 1208 1307 προσέχῃς,
1242 1232 1491 1287 ἐκϐάλλει
1514 1249 1607 1286 σου
1635 1230 1735 1301 τήν
1763 1228 2020 1299 ἀθυμίαν,
2052 1226 2273 1297 φυτεύει

707 1340 801 1376 σου
829 1323 925 1393 τὴν
968 1322 1179 1393 ἡδονὴν,
1218 1321 1429 1393 ἀναιρεῖ
1458 1320 1556 1392 τήν
1588 1318 1807 1381 κακίαν,
1844 1316 1985 1390 ριζοῖ
2013 1316 2112 1385 τὴν
2138 1315 2271 1386 ἀρε-

704 1409 823 1481 τήν,
856 1410 955 1462 οὐκ
980 1408 1203 1478 ἀφίησιν
1228 1410 1284 1461 ἐν
1317 1408 1530 1479 θορύϐῳ
1554 1405 1893 1479 πραγμάτων
1916 1402 1983 1457 τά
2003 1402 2111 1455 τῶν
2141 1402 2271 1455 κλυο

703 1495 1069 1565 δωνιζομένων
1101 1494 1348 1565 πάσχειν.
1392 1496 1457 1548 Ἦ
1497 1494 1743 1548 Θάλασσα
1790 1492 2060 1564 μαίνεται,
2111 1490 2175 1543 σὺ
2213 1488 2271 1542 δέ

706 1581 843 1651 μετά
873 1581 1113 1652 γαλήνης
1164 1580 1381 1644 πλέεις·
1430 1582 1573 1652 ἔχεις
1622 1581 1732 1651 γάρ
1778 1579 2114 1652 κυϐερνήτην
2162 1576 2271 1630 τῶν

662 1650 673 1662 ’
704 1650 932 1740 Γραφῶν
963 1650 1077 1739 τὴν.
1112 1650 1647 1737 άνάγνωσινίήτοῦτο
1693 1650 1804 1739 γάρ
1845 1650 1926 1721 τδ
1950 1665 2179 1738 σχοινίον
2209 1666 2270 1718 ού

702 1755 1055 1827 διαρρήγνυσι
1084 1755 1191 1808 τῶν
1228 1756 1568 1827 πραγμάτων
1606 1756 1645 1807 6
1674 1754 1998 1825 πειρασμός.
2035 1753 2143 1807 Καὶ
2188 1753 2269 1806 ὅτι

702 1845 762 1897 ού
794 1844 1079 1915 ψεύδομαι,
1104 1848 1373 1916 μαρτυρεῖ
1394 1845 1463 1897 τά
1492 1845 1790 1917 πράγματα
1812 1844 1968 1899 αὑτά.
1997 1842 2273 1915 Ἐπολιορ-

703 1930 901 2001 κήθηή
976 1930 1239 2001 ἐκκλησία
1267 1931 1373 2003 πρὸ
1410 1932 1605 2001 ὀλίγων
1644 1933 1896 2003 ἡμερῶν·
1934 1927 2065 2003 ἦλθε
2108 1947 2273 2001 στρα-

702 2015 941 2077 τόπεδον,
971 2018 1065 2068 καὶ
1098 2015 1209 2087 πῦρ
1236 2018 1346 2071 ἀπὸ
1390 2019 1499 2071 τῶν
1530 2018 1825 2088 ὀφθαλμῶν
1857 2020 2029 2088 ἠφίει,
2054 2018 2148 2071 καὶ
2174 2018 2272 2089 τὴν

702 2102 882 2155 ἐλαίαν
908 2102 1007 2156 οὐκ
1058 2103 1329 2175 ἐμάρανε’
1366 2102 1492 2175 ξίφη
1549 2104 1919 2175 γεγύμνωντο,
1972 2105 2066 2158 καὶ
2116 2104 2275 2175 τραύ-

702 2206 848 2263 ματα
875 2190 1045 2254 οὐδεὶς
1074 2191 1319 2259 ἐδέξατο·
1353 2194 1409 2245 αί
1456 2194 1729 2262 βασιλικαὶ
1764 2192 1927 2247 πύλαι
1955 2193 2013 2246 ἐν
2040 2183 2267 2265 ἀγωνίᾳ,

701 2278 851 2347 καὶὴ
920 2278 1179 2349 ἐκκλησία
1222 2280 1278 2331 ἐν
1318 2279 1613 2351 ἀσφαλείᾳ’
1647 2280 1819 2335 καίτοι
1858 2297 1922 2349 γε
1964 2283 1993 2334 ό
2039 2280 2271 2351 πόλεμος

702 2363 931 2417 ἐνταῦθα
952 2365 1229 2437 ἐρῤευσεν.
1272 2366 1530 2420 Ἐνταυθα
1555 2368 1662 2440 γάρ
1689 2368 1931 2439 ἐζητεῖτο
1968 2369 1997 2420 ό
2027 2385 2270 2437 καταφυ-

703 2451 834 2519 γὼν,
856 2453 947 2506 καὶ
972 2454 1353 2525 παριστάμεθα
1380 2455 1454 2525 μὴ
1489 2456 1782 2518 δεδοικότες
1800 2456 1891 2509 τὸν
1930 2456 2149 2509 ἐκείνων
2181 2456 2274 2509 θυ-

706 2539 824 2609 μέν.
860 2540 923 2592 Τί
957 2540 1183 2612 δήποτε;
1227 2543 1461 2613 Εξχομεν
1512 2544 1762 2615 ἐνέχυρον
1793 2544 2031 2613 ἀσφαλὲς
2073 2544 2155 2608 16,
2188 2546 2272 2598 Σὺ

702 2622 759 2681 εἷ
783 2628 1024 2695 Πέτρος,
1053 2628 1154 2683 καὶ
1197 2630 1295 2684 ἐπὶ
1337 2633 1521 2700 ταύτῃ
1562 2630 1636 2700 τῇ
1674 2632 1858 2700 πέτρᾳ
1902 2632 2275 2701 οίκοὸομήσω

702 2731 815 2768 ιιου
840 2712 953 2782 τὴν
980 2717 1365 2785 Ἐκκλησίανυ
1397 2718 1495 2773 καί
1524 2719 1707 2773 πύλαι
1736 2719 1882 2787 ᾅδου
1906 2721 1978 2774 οὐ
2000 2722 2277 2789 κατισχύ-

702 2816 928 2856 σουσιν
948 2801 1155 2870 αὐτῆς.
1198 2805 1518 2874 Ἐκκλησίαν
1545 2804 1600 2859 δέ
1621 2805 1782 2875 λέγω,
1808 2806 1867 2859 ού
1902 2806 2064 2861 τόπον
2092 2808 2270 2877 μόνον,

704 2887 837 2940 ἀλλὰ
859 2890 953 2941 καὶ
980 2888 1207 2960 τρόπον·
1243 2891 1303 2943 οὐ
1330 2890 1537 2961 τοίχους
1565 2892 1879 2963 ἐκκλησίας,
1915 2894 2047 2947 ἀλλά
2077 2895 2275 2965 νόμους

717 2973 1061 3043 Ἑκκλησίας.
1093 2976 1257 3030 Ὅταν
1274 2978 1618 3051 καταφεύγῃς
1644 2982 1700 3035 ἐν
1726 2980 2008 3052 ἐκκλησίᾳ,
2031 2981 2105 3052 μή
2125 2982 2277 3052 τόπῳ

706 3061 1049 3134 καταφύγῃς,
1085 3062 1217 3117 ἀλλὰ
1253 3064 1467 3136 γνώμῃ.
1505 3067 1802 3138 Ἐκκλησία
1837 3067 1947 3139 γάρ
1990 3068 2052 3121 ού
2084 3072 2263 3139 τοῖχος

708 3149 801 3201 καὶ
832 3148 1046 3220 ὄροφος,
1083 3150 1216 3205 ἀλλά
1240 3151 1419 3215 πίστις
1441 3154 1534 3206 καὶ
1558 3152 1691 3224 βίος.

777 3236 868 3307 Μή
916 3235 1063 3305 λέγε,
1093 3238 1175 3291 δτι
1221 3240 1483 3312 προεδόθη
1530 3242 1638 3296 ἀπὸ
1675 3241 1999 3313 Ἐκκλησίας
2024 3244 2053 3296 ό
2078 3243 2273 3313 προδο-

682 3322 817 3384 ιθείς
837 3338 849 3352 ο
879 3324 926 3375 εί
958 3314 1228 3395 μὴ’ἀφῆκε
1262 3327 1360 3397 τήν
1391 3326 1705 3399 ἐκκλησίαν,
1725 3329 1824 3382 οὐκ
1855 3329 1921 3383 ἃν
1946 3330 2273 3401 προεδίδοτο.

708 3409 799 3481 Μὴ
827 3410 973 3479 λέγε,
1007 3413 1087 3465 ὅτι
1117 3414 1209 3466 καὶ
1240 3414 1510 3484 κατέφυγε
1540 3417 1632 3471 καὶ
1658 3417 1919 3489 προεδόθη
1939 3432 1953 3447 ⁸
1971 3420 2121 3489 ούχή
2153 3419 2275 3473 Ἐκ·

710 3498 904 3569 κλησία
932 3500 1091 3553 αὑτὸν
1121 3501 1350 3571 ἀφῆκεν,
1377 3502 1489 3556 ἀλλ’
1516 3503 1679 3568 αὐτὸς
1696 3506 1792 3576 τήν
1815 3505 2107 3576 ἐκκλησίαν
2135 3506 2277 3577 ἀφῆ-

709 3601 823 3639 κεν.
856 3586 966 3640 Οὐκ
998 3586 1204 3641 ἐνδοθεν
1228 3589 1519 3660 παρεδόθη,
1544 3589 1657 3644 ἀλλ’
1689 3590 1905 3657 ἐξωθεν.
1928 3593 2028 3645 Διά
2050 3592 2101 3646 τί
2127 3593 2278 3647 κατέ-

709 3672 873 3726 λιπε·
897 3673 992 3746 τήν
1023 3675 1342 3746 ἐκκλησίαν;
1388 3676 1639 3731 Ἐϐούλου
1693 3678 1990 3747 σώζεσθαι;
2028 3680 2276 3751 Ὠφειλες

710 3761 959 3833 κατέχειν
987 3763 1047 3816 τὸ
1256 3765 1659 3838 θυσιαστήριον.
1694 3770 1807 3822 Οὐκ
1853 3765 1993 3840 ἦσαν
2044 3770 2277 3824 ἐνταῦθα

708 3853 897 3920 τοῖχοι,
928 3850 1061 3905 ἀλλά
1098 3853 1234 3907 Θεοῦ
1274 3855 1497 3925 πρόνοια
1538 3857 1569 3925 ή
1606 3855 2029 3929 άσφαλιζομένη.
2073 3860 2279 3932 Ἀμαρ-

709 3937 875 4001 τωλὸς
904 3933 1003 4009 ήςς
1040 3940 1154 3993 Οὐκ
1198 3942 1589 4012 ἀποπέμπεταί
1633 3960 1693 3996 σε
1738 3947 1768 3998 ὁ
1816 3945 1981 4009 Θεός·
2014 3947 2113 4001 οὐκ
2148 3943 2278 4017 ἦλθε

709 4026 819 4095 γάρ
868 4026 1094 4081 καλέσαι
1137 4028 1398 4093 δικαίους,
1428 4029 1563 4083 ἀλλά
1600 4032 1956 4101 ἁμαρτωλοὺς
2005 4035 2083 4099 είς
2115 4036 2279 4106 μετά·-

709 4131 874 4168 νοιαν.
913 4114 1091 4185 Πόρνη
1122 4114 1321 4185 ἐσώθη,
1353 4118 1539 4189 ἐπειδὴ
1560 4119 1725 4183 πόδας
1769 4121 2046 4191 κατέσχεν.
2090 4123 2281 4178 Ἠκού-

710 4221 837 4258 σατε
861 4204 954 4257 τοῦ
986 4206 1221 4276 σήμερον
1245 4205 1655 4278 ἀνεγνωσμένου
1676 4226 1690 4275 ;
1714 4210 1894 4263 Ταύτα
1919 4212 1974 4264 δὲ
2006 4210 2166 4281 λέγω,
2193 4214 2281 4268 ἵνα

712 4290 978 4362 μηδέποτε
1036 4295 1115 4356 είς
1170 4292 1496 4364 Ἐκκλησίαν
1541 4296 1899 4365 καταφεύγων
1943 4299 2276 4371 άμφιϐάλῃς,

708 4376 851 4429 Μέυε
870 4377 949 4438 είς
978 4377 1325 4449 Ἐκκλησίαν,
1347 4382 1437 4434 καὶ
1465 4380 1526 4434 ού
1558 4384 1864 4453 προδίδοσαι
1888 4386 1997 4439 ἀπὸ
2025 4387 2123 4457 τῆς
2157 4388 2279 4441 Ἐκ-

710 4462 954 4533 κλησϊας.
989 4463 1114 4519 Ἐάν
1132 4466 1187 4519 δὲ
1217 4466 1394 4538 φύγῃς
1421 4468 1528 4521 ἀπὸ
1571 4468 1914 4540 Ἐκκλησίας,
1948 4475 2047 4527 οὐκ
2070 4474 2218 4528 αίτία
2242 4478 2275 4545 ή

724 4548 1035 4621 Ἐκκλησία.
1086 4554 1212 4607 Ἐὰν
1237 4554 1331 4623 μὲν
1352 4555 1460 4625 γάρ
1484 4551 1549 4628 ᾖς
1587 4556 1713 4621 ἔσω,
1738 4558 1766 4609 ὁ
1788 4558 1947 4623 λύκος
1968 4561 2068 4614 οὐκ
2101 4562 2279 4633 είσέρ-

711 4657 889 4711 χεται·
922 4641 1095 4694 ἐὰνδὲ
1144 4640 1365 4714 ἐξέλθῃς
1402 4642 1527 4707 ἐξω,
1577 4642 1907 4713 θηριάλωτος
1962 4647 2122 4720 γίνῃ·
2166 4648 2278 4701 ἀλλ’

708 4730 769 4782 οὺ
803 4726 953 4797 παρὰ
969 4728 1067 4797 τὴν
1097 4728 1334 4800 μάνδραν
1359 4730 1535 4794 τοῦτο,
1582 4730 1716 4784 ἀλλὰ
1750 4732 1900 4802 παρὰ
1926 4734 2024 4805 τὴν
2062 4736 2160 4803 σὴν
2192 4754 2281 4807 μι-

712 4814 1025 4886 κροψυχίαν.
1073 4816 1395 4887 Ἐκκλησίας
1421 4819 1572 4873 οὐδὲν
1613 4819 1745 4873 ἴσον.
1783 4822 1871 4893 Μή
1906 4838 1995 4890 μοι
2018 4822 2141 4882 λέγε
2168 4824 2280 4876 τείο

711 4917 779 4970 χη
817 4901 910 4953 καὶ
942 4900 1108 4953 ὅπλα⁹
1135 4900 1286 4971 τείχη
1325 4903 1423 4973 μὲν
1460 4904 1569 4974 γὰρ
1594 4903 1671 4973 τῷ
1699 4904 1874 4975 χρόνῳ
1910 4906 2279 4971 παλαιοῦνται,

714 4984 745 5051 ή
789 4983 1081 5053 Ἐκκλησία
1102 4984 1159 5037 δὲ
1188 4984 1443 5038 οὐδέποτε
1470 4987 1635 5057 γηρᾷ.
1662 4987 1828 5057 Τείχη
1875 4987 2138 5061 βάρϐαροι
2186 5008 2283 5043 κα-

714 5066 1022 5128 ταλύουσιν,
1064 5066 1388 5136 Ἐκκλησίας
1424 5067 1479 5120 δὲ
1521 5068 1639 5121 οὐδὲ
1686 5068 1937 5139 δαίμονες
1971 5072 2281 5143 περιγίνον-

710 5168 821 5204 ται.
854 5150 964 5204 Καὶ
1017 5150 1099 5203 ὃτι
1143 5150 1204 5202 οὐ
1260 5150 1468 5221 κόμπος
1522 5151 1590 5205 τά
1649 5154 1889 5223 ῥήματα,
1922 5158 2283 5228 μαρτυρεῖτά

713 5234 1033 5304 πράγματα.
1088 5232 1251 5287 Πόσοι
1284 5234 1630 5305 ἐπολέμησαν
1674 5236 1772 5306 τήν
1813 5237 2157 5310 Ἐκκλησίαν,
2187 5241 2307 5298 καὶ.

711 5318 759 5368 οί
793 5316 1196 5386 πολεμήσαντες
1228 5316 1535 5384 ἀπώλοντο;
1566 5318 1703 5389 αῦτη
1738 5319 1794 5373 δὲ
1826 5321 1963 5393 ὑπὲρ
1984 5323 2089 5376 τῶν
2120 5324 2283 5393 ούρα-

713 5398 819 5453 νῶν
840 5398 1163 5470 ἀναϐέϐηκε.
1204 5400 1453 5454 Τοιοῦτον
1475 5401 1586 5471 ἔχει
1624 5403 1850 5472 μέγεοος
1879 5407 1911 5475 ή
1955 5405 2243 5473 Ἐκκλησία
2266 5423 2280 5437 ·

714 5475 1094 5552 πολεμουμένη
1111 5486 1256 5555 νικᾷε
1275 5485 1730 5557 ἐπιϐουλευομένη
1756 5490 2120 5560 περιγίνεται·
2139 5490 2285 5561 ὑϐρι-

710 5562 933 5637 ζομένη,
964 5565 1317 5639 λαμπροτέρα
1362 5567 1710 5625 καθίσταται·
1738 5570 1947 5639 δέχεται
1972 5572 2282 5643 τραύματα,

718 5649 811 5702 καὶ
836 5649 897 5701 οὑ
923 5650 1247 5704 καταπίπτει
1275 5651 1373 5707 ὑπὸ
1391 5651 1498 5705 τῶν
1516 5652 1688 5707 ἐλκῶν
1709 5670 1722 5684 ⁸
1750 5654 2152 5722 κλυδωνίζεται,
2172 5658 2285 5710 ἀλλ’

750 5776 938 5889 α’
961 5790 1069 5828 cum
1094 5777 1228 5829 Savil
1284 5780 1404 5829 διότι
1424 5781 1661 5829 κατέλιπε
1688 5779 1771 5830 alii
1793 5794 1903 5831 cum
1928 5781 2099 5832 Morel.
2125 5781 2203 5832 διὰ
2242 5783 2285 5831 τί

784 5853 807 5885 τ
862 5854 877 5886 ι
941 5870 954 5885 ο

720 5853 777 5885 λα
784 5853 954 5886 τελιπε.

1421 418 1482 475 S.
1516 416 1801 475 JOANNIS
1833 406 2320 472 ειιιιῐδοετωίι
2362 406 2681 463 ΑΒΟΙΙΙΕΡ.
2724 406 3275 464 (ἓΟΝὸΤΑΝΤΙΝΟΡ.

3848 405 3956 461 398

2382 522 2445 575 ού
2475 523 2923 589 καταποντίζεται
2944 542 2958 553 ·
3018 521 3356 593 χειμάζεται,
3387 516 3523 572 ἀλλά
3575 516 3827 584 ναυάγιον
3857 517 3957 587 οὐχ

2382 607 2644 678 ὑπομένει
2662 623 2678 639 ·
2724 609 2964 673 παλαίει,
2995 607 3108 661 ἀλλ’
3131 609 3228 678 οὐχ
3250 606 3478 677 ήττᾶται
3498 621 3511 633 ο
3536 601 3812 666 πυκτεύει,
3836 601 3955 654 ἀλλ’

2376 691 2436 742 ού
2460 693 2695 747 νικᾶται.
2731 692 2828 746 Διά
2846 694 2911 747 ,τί
2944 688 3039 748 οῦν
3061 690 3405 762 συνεχώρησε
3434 688 3525 741 τὸν
3548 688 3811 758 πόλεμον;
3840 687 3960 739 ’Ὶνα

2376 773 2523 849 δείξῃ
2542 776 2568 816 δ
2613 776 2991 850 λαμπρότερον
3028 777 3088 831 16
3120 777 3400 849 τρόπαιον.
3438 773 3656 844 Παρῆτε
3688 769 3832 824 κατὰ
3853 769 3960 839 τὴν

2377 862 2593 929 ἡμέραν
2614 860 2851 931 ἐκείνην,
2879 862 2973 915 καὶ
3000 858 3258 913 ἐϐλέπετε
3286 859 3389 912 ὅσα
3413 859 3642 910 ἐκινεῖτο
3674 853 3835 914 ὅπλα,
3858 852 3959 905 καὶ

2374 944 2545 1015 θυμὸς
2583 946 2971 1015 στρατιωτικὸς
3018 944 3187 1016 πυρὸς
3236 942 3615 1014 σφοδρότερος.
3651 939 3745 993 καὶ
3789 938 3959 1008 ήμεῐς

2375 1031 2467 1083 ἐπὶ
2502 1028 2601 1092 τὰς
2637 1029 2922 1099 βασιλικὰς
2942 1028 3112 1092 αύλάς
3135 1020 3509 1097 ἐπειγόμεθα.’
3537 1022 3699 1077 Ἀλλά
3726 1021 3809 1090 τίς
3842 1020 3960 1074 Τοῦ

2372 1111 2507 1165 Θεοῦ
2528 1113 2708 1183 χάριτι
2740 1114 2890 1168 οὐδὲν
2913 1114 3061 1185 ἡμᾶς
3092 1112 3314 1165 ἐκείνων
3342 1106 3677 1177 κατέπληξε.

2445 1198 2511 1267 β’.
2536 1197 2722 1252 Ταῦτα
2743 1196 2800 1251 δέ
2830 1197 2990 1267 λέγω,
3013 1196 3099 1250 ἴνα
3126 1198 3220 1251 καὶ
3246 1196 3403 1266 ὑμεῖς
3427 1192 3687 1264 μιμῆσθε.
3710 1188 3807 1244 Διά
3825 1185 3958 1243 τισι

2374 1284 2435 1337 ού
2466 1283 2927 1351 κατεπλάγημενς
2961 1283 3081 1337 Ὀτι
3113 1281 3265 1335 οὐδὲν
3307 1278 3414 1332 τῶν
3444 1278 3724 1349 παρόντων
3760 1273 3954 1328 δεινῶν

2374 1366 2735 1435 ἐδεδοίκαμεν.
2762 1364 2829 1418 Τί
2856 1364 2965 1437 γάρ
3008 1368 3123 1419 ἐστι
3148 1364 3354 1430 δεινόν;
3386 1361 3658 1426 Θάνατος;
3690 1359 3804 1413 Οὐκ
3833 1357 3953 1411 ἔστι

2374 1448 2535 1504 τοῦτο
2559 1449 2759 1503 δείνον’
2794 1449 3002 1521 ταχέως
3021 1448 3129 1521 γάρ
3164 1449 3256 1501 ἐπὶ
3283 1448 3375 1501 τὸν
3409 1446 3603 1518 λιμένα
3634 1442 3952 1514 ἀπερχόμε⁴

2373 1533 2442 1587 θα
2472 1533 2564 1587 τὸν
2585 1532 2919 1603 ἀκύμαντον.
2966 1532 3123 1586 Ἀλλά
3158 1531 3483 1602 δημεύσειςς
3510 1528 3752 1598 Γυμνὸς
3770 1524 3955 1592 ἐξῆλ-

2374 1620 2481 1671 θον
2498 1617 2566 1671 ἐκ
2599 1617 2831 1681 κοιλίας
2864 1620 3087 1685 μητρός
3120 1634 3260 1685 μου,
3301 1614 3526 1685 γυμνὸς
3570 1612 3665 1666 καί
3696 1610 3955 1665 0.13.1015-

2374 1718 2571 1771 σομαι.
2616 1702 2756 1755 Ἀλλ’
2783 1701 3019 1772 ἐξορίαι;
3052 1702 3161 1756 Τοῦ
3180 1700 3449 1769 Κυρίσυή
3475 1697 3553 1768 τῆ
3582 1697 3679 1753 καί
3707 1699 3772 1751 τὸ
3791 1694 3954 1762 πλήο

2364 1803 2534 1855 ρωμα
2584 1786 2794 1854 αὐτῆς.
2856 1782 3017 1840 Ἀλλά
3092 1786 3479 1855 συκοφαντίαις
3535 1784 3775 1851 Χαίρετε
3849 1781 3951 1833 καὶ

2372 1868 2762 1939 ἀγαλλιᾶσθε.
2784 1871 2929 1925 ὅταν
2952 1872 3163 1927 εἴπωσι
3189 1870 3313 1925 πᾶν
3336 1868 3606 1936 πονηρὸν
3626 1866 3792 1935 ῥῆμα
3818 1868 3953 1920 καθ’

2370 1953 2538 2024 ὑμῶν
2573 1954 2949 2025 ψευδόμενοι,
2990 1956 3081 2010 ὅτι
3131 1957 3163 2010 ὁ
3206 1954 3424 2023 μισθὸς
3464 1949 3632 2021 ὑμῶν
3660 1949 3853 2015 πολὺς
3880 1948 3957 2003 ἐν

2372 2040 2495 2108 τοῖς
2552 2041 2850 2109 οὐρανοῖς.
2896 2041 3111 2114 Ἐώρων
3152 2041 3220 2094 τά
3256 2038 3403 2108 ξίφη,
3442 2040 3537 2091 καὶ
3585 2037 3677 2091 τὸν
3722 2034 3959 2109 οὐρανὸν

2350 2128 2697 2197 ἐλογιζόμην
2717 2144 2731 2157 θ
2758 2128 3101 2199 προσεδόκων
3134 2128 3223 2180 τὸν
3273 2127 3523 2188 θάνατον,
3552 2126 3645 2177 καί
3683 2124 3780 2194 τήν
3817 2122 3955 2178 άνά-

2375 2228 2563 2264 στασιν
2586 2212 2826 2265 ἐνενόουν
2848 2230 2861 2244 ·
2903 2211 3089 2280 ἐώρων
3112 2210 3179 2263 τά
3200 2210 3351 2263 κάτω
3376 2208 3544 2278 πάθη,
3564 2210 3656 2263 καὶ
3684 2207 3956 2278 ήρίθμουν

2371 2297 2439 2349 τά
2480 2295 2592 2348 ἀνω
2627 2295 2854 2365 βραϐεῖα
2874 2310 2886 2323 ·
2930 2294 3153 2346 ἔϐλεπον
3185 2293 3284 2356 τὰς
3308 2292 3620 2357 ἐπιϐουλάς,
3654 2292 3748 2345 καὶ
3776 2290 3957 2355 ἐλογι-

2376 2379 2551 2448 ζόμην
2572 2379 2664 2431 τὸν
2683 2379 2796 2433 άνω
2819 2378 3079 2448 στέφανον
3098 2381 3156 2447 σή
3188 2377 3296 2446 γάρ
3321 2374 3575 2438 ὑπόθεσις
3597 2376 3705 2429 τῶν
3727 2374 3958 2444 ἀγώνων

2374 2462 2618 2531 ἀρκοῦσα
2644 2458 2711 2530 ἦν
2737 2464 2815 2525 είς
2838 2461 3177 2532 παράκλησιν
3201 2462 3297 2515 καὶ
3328 2460 3697 2531 παραμυθίαν.
3717 2460 3956 2529 ’Λπηγό-

2380 2566 2485 2618 μην
2512 2548 2590 2610 δέ,
2622 2547 2736 2601 ἀλλ’
2760 2548 2859 2601 οὐκ
2890 2544 2956 2618 ἦν
2988 2547 3143 2616 ὕϐρις
3187 2549 3311 2617 ἐμοὶ
3356 2547 3415 2598 16
3453 2546 3763 2615 γινόμενον
3797 2545 3957 2615 ὕϐρις

2378 2632 2487 2703 γὰρ
2535 2631 2592 2684 ἐν
2644 2632 2802 2700 μόνον
2858 2631 3023 2694 ἐστὶν,
3059 2631 3092 2700 ή
3123 2628 3381 2701 ἁμαρτία.
3419 2628 3531 2683 Κᾶν
3568 2628 3676 2699 γὰρ
3710 2632 3740 2697 ἡ
3776 2630 3957 2683 οίκου-
3988 2640 3991 2641 ⁷

2385 2716 2517 2783 μένη
2544 2715 2693 2769 πᾶσά
2721 2732 2778 2767 σε
2811 2712 3026 2785 ὑϐρίζῃ.
3055 2716 3117 2767 σὺ
3147 2713 3201 2767 δὲ
3229 2714 3423 2767 σαυτὸν
3477 2713 3549 2783 μὴ
3578 2714 3826 2784 ὑϐρίσῃς,
3855 2714 3957 2784 οὐχ

2381 2797 2663 2868 ὑϐρίσθης.
2694 2798 2959 2868 Προδοσία
3002 2799 3135 2866 μόνη
3166 2800 3198 2865 ή
3227 2798 3318 2850 τοῦ
3344 2798 3660 2861 συνειδότος.
3696 2797 3785 2867 Μὴ
3823 2815 3959 2868 προ-

2376 2881 2484 2949 δῷς
2513 2881 2688 2933 σοῦ’τὸ
2724 2880 2977 2943 τυνειδδς,
3009 2882 3101 2933 καὶ
3118 2879 3291 2942 οὐδείς
3318 2897 3377 2933 σε
3413 2878 3748 2950 προδίδωσιν.
3788 2880 3958 2948 Ἀπη-

2376 2964 2574 3035 γόμην,
2610 2964 2703 3019 καὶ
2736 2963 2922 3035 ἐώρων
2953 2964 3019 3017 τὰ
3041 2964 3361 3036 πράγπατα,
3414 2964 3611 3035 μᾶλλον
3655 2962 3711 3016 δὲ
3755 2961 3823 3015 τὰ
3858 2962 3960 3031 ῥή-

2380 3047 2524 3117 ματά
2561 3065 2659 3118 μου
2689 3046 2990 3119 πράγματα
3025 3048 3304 3117 γινόμενα,
3330 3046 3426 3117 τήν
3455 3046 3670 3115 ὁμιλίαν
3706 3062 3827 3115 μου.
3854 3043 3956 3113 τὴν

2375 3129 2461 3183 διὰ
2486 3131 2595 3185 τῶν
2633 3130 2913 3200 ῥημάτων,
2946 3130 3038 3183 ἐπὶ
3067 3131 3166 3201 τῆς
3209 3130 3412 3200 ἀγορᾶς
3444 3130 3531 3183 διὰ
3555 3130 3662 3183 τῶν
3693 3126 3958 3200 πραγμά-

2376 3232 2484 3268 των
2515 3212 2669 3285 [588]
2702 3214 3131 3285 κηρυττομένην.
3167 3214 3333 3266 Ποίαν
3359 3212 3607 3282 όμιλίαν;
3634 3212 3737 3265 Ἦν
3770 3211 3957 3279 ἔλεγον

2380 3298 2490 3354 ἀεί.
2514 3300 2747 3369 Ἀνεμος
2766 3298 3014 3358 ἔπνευσε,
3030 3297 3123 3350 καὶ
3145 3295 3215 3350 τὰ
3238 3296 3411 3365 φύλλα
3431 3294 3747 3349 κατέϐαλεν.
3782 3296 3958 3361 Ἐξη-

2370 3382 2568 3450 ράνθη
2609 3384 2642 3435 ὁ
2666 3380 2898 3449 χόρτος,
2936 3378 3033 3433 καί
3072 3379 3139 3433 τὸ
3170 3378 3354 3443 ἄνθος
3384 3377 3696 3443 ἐξέπεσεν.
3749 3377 3959 3449 ’Δπῆλ-

2379 3466 2469 3519 θεν
2491 3466 2526 3536 ἡ
2554 3463 2670 3529 νὺξ,
2704 3464 2797 3516 καὶ
2822 3464 2991 3533 ἐφάνη
3028 3463 3060 3531 ή
3093 3461 3275 3533 ήμέρα
3297 3476 3310 3490 ’
3344 3461 3582 3532 ἠλέγχθη
3616 3463 3648 3532 ή
3688 3461 3836 3525 σκιά,
3861 3465 3960 3518 καὶ

2379 3546 2554 3617 ἐφάνη
2592 3549 2624 3616 ἡ
2656 3545 2900 3617 ἀλήθεια.
2947 3543 3243 3615 Ἀνέϐησαν
3287 3544 3391 3605 ἕως
3416 3544 3523 3597 τῶν
3551 3544 3814 3615 οὐρανῶν,
3860 3546 3960 3598 καὶ

2381 3630 2688 3700 κατέϐησαν
2737 3631 2842 3693 ἔως
2885 3628 2995 3682 τῶν
3042 3628 3257 3680 πεδίων.
3302 3626 3382 3680 Τά
3416 3624 3635 3697 κύματα
3684 3626 3792 3697 γάρ
3844 3630 3961 3682 άνω

2383 3713 2685 3784 κατεστάλη
2732 3712 2820 3767 διά
2848 3713 2956 3765 τῶν
3006 3710 3359 3782 ἀνθρωπίνων
3390 3708 3748 3780 πραγμάτων.
3792 3710 3953 3777 Πῶςς

2382 3795 2709 3851 Διδασκαλία
2736 3791 2804 3867 ἧν
2843 3794 2913 3847 τά
2948 3794 3225 3864 γινόμενα.
3260 3793 3370 3846 Καὶ
3396 3793 3580 3861 ἔλεγον
3611 3792 3746 3862 πρὸς
3775 3794 3953 3861 ἐμαυ-

2385 3880 2503 3935 τόν·
2528 3874 2678 3948 *Αρα
2705 3874 3123 3947 σωφρονίσονται
3146 3874 3196 3927 οί
3217 3877 3355 3947 μετά
3384 3876 3592 3942 ταῦτα;
3628 3873 3735 3949 ἄρα
3759 3878 3819 3930 ού
3848 3895 3957 3932 πα.

2388 3964 2669 4035 ρέρχονται
2697 3960 2791 4015 δύο
2834 3960 3059 4032 ήμέραι,
3098 3960 3192 4013 καὶ
3223 3960 3360 4031 λήθῃ
3391 3960 3458 4013 τά
3485 3962 3745 4031 γινόμενα
3776 3978 3962 4033 παρα-

2381 4046 2619 4111 δίδοταις
2654 4044 2892 4099 ’Ἐναυλα
2933 4043 3004 4097 τὰ
3056 4044 3420 4115 ὑπομνήματα
3451 4039 3539 4115 ἦν.
3580 4044 3747 4098 Πάλιν
3796 4047 3957 4112 είπω,

2386 4128 2549 4182 πάλιν
2596 4126 2835 4199 λαλήσω.
2874 4127 2939 4180 Τί
2992 4126 3215 4196 δφελοςς
3244 4126 3460 4181 Μᾶλλον
3492 4126 3550 4180 δέ
3591 4127 3801 4196 δφελος.
3837 4129 3959 4183 Κᾶν

2380 4212 2490 4284 γὰρ
2516 4210 2588 4282 μὴ
2606 4211 2806 4274 πάντες
2834 4210 3127 4278 ἀκούσωσι,
3152 4214 3199 4264 οί
3229 4210 3446 4282 ἡμίσεις
3475 4209 3824 4265 ἀκούσονται·
3854 4213 3960 4267 κᾶν

2383 4296 2458 4367 μὴ
2492 4296 2540 4348 οί
2573 4295 2792 4366 ήμίσεις
2825 4292 3118 4358 ἀκούσωσι,
3150 4294 3213 4349 16
3239 4294 3419 4364 τρίτον
3446 4296 3611 4366 μέρος
3630 4309 3643 4324 ·
3666 4294 3768 4349 κᾶν
3800 4296 3876 4367 μὴ
3897 4297 3963 4349 16

2378 4380 2582 4451 τρίτον,
2640 4379 2700 4432 τὸ
2757 4379 3012 4449 τέταρτον
3043 4394 3058 4409 ⁸
3121 4377 3221 4431 κᾶν
3257 4379 3331 4451 μὴ
3390 4380 3450 4431 τὸ
3498 4379 3789 4450 τέταρτον,
3853 4381 3961 4434 κᾶν

2380 4465 2544 4519 δέκα’
2582 4462 2683 4517 κᾶν
2723 4463 2797 4533 μὴ
2845 4462 2997 4525 δέκα,
3032 4461 3133 4515 κᾶν
3162 4464 3321 4515 πέντε
3343 4480 3355 4491 ·
3394 4462 3497 4515 κᾶν
3527 4463 3602 4534 μὴ
3639 4464 3822 4530 πέντε,
3854 4465 3961 4518 κᾶν

2382 4544 2492 4613 εἷς·
2523 4547 2627 4601 κᾶν
2662 4546 2736 4618 μὴ
2768 4542 2847 4609 εἷς
2869 4545 3043 4614 ε,ἐγὼ
3064 4546 3156 4599 τὸν
3182 4546 3372 4617 μισθὸν
3392 4546 3797 4616 ἀπηρτισμένον
3828 4547 3956 4617 ἔχω.

2394 4629 2728 4699 Ἐξηράνθη
2757 4632 2789 4684 ὀ
2816 4630 3041 4698 χόρτος,
3070 4629 3163 4682 καὶ
3194 4629 3258 4681 τὸ
3292 4629 3474 4693 ἄνθος
3495 4628 3747 4692 ἐξέπεσε
3768 4647 3781 4661 ·
3805 4631 3872 4684 τὸ
3892 4630 3963 4684 δὲ

2373 4714 2543 4784 ῥῆμα
2578 4714 2683 4767 τοῦ
2722 4712 2869 4766 Θεοῦ
2901 4711 3065 4781 μένει
3098 4717 3189 4777 εις
3211 4711 3318 4763 τὸν
3346 4710 3551 4763 αἰῶνα.

2444 4798 2703 4867 γ’.Είδετε
2717 4797 2823 4851 τῶν
2837 4797 3187 4868 ἀνθρωπίνων
3201 4795 3539 4865 πραγμάτων
3551 4795 3649 4865 τὴν
3661 4795 3964 4865 εὐτέλειαν,

2383 4884 2552 4938 εἴδετε
2577 4882 2677 4951 τῆς
2707 4881 3027 4943 δυναστείας
3062 4878 3122 4932 16
3142 4879 3439 4949 ἐπίκηρον;
3469 4878 3637 4931 εἴδετε
3664 4879 3757 4931 τὸν
3798 4880 3965 4933 πλοῦ-

2383 4986 2495 5030 τον,
2526 4968 2584 5020 ὃν
2615 4968 2702 5021 ἀεὶ
2728 4964 3004 5037 δραπέτην
3034 4962 3283 5028 ἐκάλουν,
3306 4962 3367 5015 ού
3393 4963 3669 5034 δραπέτην
3690 4962 3747 5015 δέ
3776 4965 3963 5033 μόνον,

2384 5050 2519 5105 ἀλλά
2563 5050 2657 5103 καὶ
2708 5048 3064 5117 ἀνδροφόνον;
3100 5048 3175 5100 Ού
3221 5045 3330 5118 γάρ
3377 5046 3776 5117 καταλιμπάνει
3836 5051 3963 5114 τοὺς

2384 5136 2606 5206 ἔχοντας
2634 5132 2812 5204 μόνον,
2841 5132 2975 5186 ἀλλά
2998 5133 3091 5185 καί⁵
3117 5130 3311 5199 σφάζει
3341 5130 3537 5194 αὐτούς
3554 5148 3569 5161 '
3602 5131 3730 5183 ὅταν
3749 5130 3860 5202 γάρ
3880 5150 3966 5197 τις

2385 5217 2552 5271 αὑτὸν
2599 5214 2900 5287 θεραπεύῃ,
2934 5216 3053 5267 τότε
3106 5214 3343 5285 μάλιστα
3393 5213 3557 5267 αὐτὸν
3604 5214 3960 5284 παραδίδωσι.

2390 5302 2450 5354 Τί
2485 5299 2807 5371 θεραπεύεις
2836 5298 2927 5351 τὸν
2957 5296 3184 5351 πλοῦτον
3216 5297 3307 5350 τὸν
3335 5298 3573 5367 σήμερον
3593 5297 3731 5368 πρός
3762 5313 3842 5362 σε,
3871 5298 3967 5351 καὶ

2385 5384 2577 5455 αὔριον
2616 5383 2747 5454 πρὸς
2783 5381 2970 5446 άλλον;
3011 5382 3063 5433 τί
3087 5379 3413 5451 θεραπεύεις
3444 5378 3687 5442 πλοῦτον,
3728 5378 3820 5433 τδν
3858 5397 3971 5452 μη-

2381 5467 2575 5520 δέποτε
2608 5466 3005 5536 κατασχεθῆναι
3041 5465 3363 5534 δυνάμενον;
3396 5462 3583 5515 Βούλει
3628 5463 3967 5533 θεραπεῦσαι

2386 5551 2583 5613 αὑτόν;
2618 5550 2794 5619 βούλει
2842 5549 3005 5602 αὑτὸν
3056 5550 3381 5618 κατασχεῖν;
3412 5548 3503 5619 Μή
3537 5546 3845 5620 κατορύξῃς
3872 5549 3971 5602 αὐ-

2448 5716 2476 5754 ι»
2498 5716 2596 5765 Alii
2616 5720 2669 5764 ει
2692 5714 2841 5765 εει-ιι.
2866 5717 2990 5778 δέξῃ,
3009 5718 3091 5767 am
3114 5717 3255 5778 δείξῃ.

2452 5781 2475 5809 ε
2501 5780 2601 5827 Κᾶν
2630 5779 2694 5837 μὴ
2732 5778 2796 5828 είς
2835 5775 3011 5829 ἀρεταί
3054 5782 3101 5829 in
3149 5775 3284 5829 edito
3324 5776 3522 5840 Morel.,
3566 5776 3653 5827 sed
3687 5775 3897 5828 habetur
3924 5783 3979 5831 in

2390 5854 2503 5892 mss.
2531 5846 2583 5889 el
2606 5838 2655 5887 iu
2680 5840 2811 5889 Savll
