4104 6502
227 443 309 502 397
786 450 1074 511 HOIILIA
1114 448 1204 506 DE
1243 446 1470 507 CAPTO
1510 442 1858 503 EUTROPIO
1896 441 1987 499 ET
2028 440 2120 498 DE
2161 439 2569 498 DlVlTlARUM
2611 438 2985 497 γΑΝιτΑτε.

239 560 438 617 luitur:
490 563 612 619 illic
640 581 711 621 es
762 576 988 637 aspectu
1028 564 1305 635 voluptas,
1354 562 1443 617 hic
1490 576 1554 616 es
1609 558 1843 614 lectione

248 654 453 710 utilitas.
492 655 708 713 llortus
731 674 840 713 uno
860 658 915 713 in
942 659 1060 712 loco
1080 699 1095 723 ,
1124 657 1415 725 Scriptura:
1446 652 1646 722 ubiun
1672 660 1843 705 terra-

252 761 387 810 rum;
419 746 621 804 hortus
666 760 1052 820 tempestatum
1093 746 1394 803 necessitati
1440 744 1685 800 subditus
1726 752 1841 807 est,

255 837 529 909 Scriptum:
571 851 629 895 et
663 842 859 913 hyeme
888 853 942 897 et
985 851 1170 896 a‘state
1208 848 1483 893 comantes
1528 835 1698 897 foliis,
1731 834 1842 886 fru-

255 930 419 986 ctibus
444 940 661 987 onusta:
691 943 838 988 sunt.
872 934 1225 989 Attendamus
1257 931 1416 1002 igitur
1442 928 1841 998 Scripturarum

255 1024 459 1080 lectioni
488 1042 506 1081 :
537 1042 663 1081 nam
696 1028 743 1083 si
773 1028 1070 1098 Scriptura:
1095 1026 1365 1090 attendas,
1395 1024 1562 1095 abigit
1588 1022 1678 1077 illa
1708 1034 1843 1077 mm-

250 1134 441 1186 rorem,
472 1121 813 1193 voluptatem
854 1122 1045 1177 inserit
1076 1121 1204 1185 tibi,
1248 1119 1503 1174 malitiam
1538 1116 1708 1181 tollit,
1734 1115 1843 1169 vir-

251 1212 374 1266 tutis
424 1212 642 1267 radices
686 1214 940 1277 roborat,
980 1226 1081 1266 nec
1127 1211 1255 1265 sinit
1282 1211 1335 1265 in
1382 1208 1719 1281 negotiorum
1765 1214 1843 1259 tu-

245 1303 412 1357 multo
457 1303 832 1359 ﬂuctuantium
888 1318 1038 1358 more
1091 1302 1314 1357 turbari.
1370 1299 1524 1355 Furit
1578 1298 1839 1368 pelagus,

248 1403 299 1447 tu
331 1409 461 1449 vero
491 1410 617 1450 eum
650 1396 1034 1465 tranquillitate
1062 1394 1319 1464 navigas;
1347 1392 1467 1448 vice
1488 1405 1717 1459 namque
1737 1403 1838 1459 gu-

242 1483 545 1540 bernatoris
566 1484 730 1541 babes
754 1485 1148 1556 Scripturarum
1170 1484 1455 1540 lectionem
1486 1500 1500 1538 :
1530 1482 1670 1535 hunc
1693 1480 1837 1535 enim

245 1575 545 1631 funiculum
574 1591 681 1631 non
720 1576 993 1648 abrumpit
1035 1576 1372 1647 negotiorum
1413 1574 1655 1629 tentatio.
1683 1571 1838 1640 Quod

242 1678 424 1723 autem
453 1684 564 1724 non
596 1670 848 1738 mentiar,
878 1684 967 1725 res
994 1670 1123 1740 ipsa:
1147 1667 1517 1725 testificantur.
1552 1667 1695 1721 Ante
1722 1665 1838 1719 dics

239 1760 445 1830 aliquot
483 1761 707 1817 obsessa
748 1762 847 1817 fuit
896 1761 1175 1817 Ecclesia:
1208 1759 1357 1815 venit
1402 1760 1699 1824 exercitus,
1745 1756 1837 1827 qui

239 1856 419 1925 ignem
450 1856 623 1910 oculis
661 1855 969 1923 emittebat,
1016 1870 1190 1925 neque
1236 1862 1415 1909 tamen
1443 1853 1638 1909 olivam
1688 1865 1833 1905 mar~

237 1947 411 2002 eidam
436 1946 671 2002 reddidit
700 1965 714 2001 :
758 1947 1091 2002 nudabantur
1131 1962 1318 2013 enses,
1350 1958 1617 2015 nemoque
1642 1942 1834 1998 vulnus

238 2038 446 2107 accepit
478 2056 493 2089 :
527 2038 873 2109 imperatoria
897 2040 1033 2093 ostia
1066 2038 1119 2092 in
1145 2039 1418 2093 anxietate
1446 2036 1829 2098 versabantur,

238 2138 292 2182 et
336 2130 577 2185 Ecclesia
611 2132 663 2184 in
709 2139 821 2185 tuto
854 2132 1022 2201 posita
1062 2142 1213 2198 erat,
1242 2131 1455 2186 etiamsi
1501 2130 1606 2184 huc
1634 2128 1833 2183 bellum

237 2220 496 2290 eruperit.
542 2220 642 2277 Hic
678 2223 1019 2292 qumrebatur
1059 2225 1131 2287 is,
1189 2223 1280 2291 qui
1328 2221 1433 2279 huc
1472 2221 1831 2292 confugerat:

238 2311 559 2384 illorumque
620 2312 860 2369 furorem
922 2330 1030 2369 non
1090 2314 1441 2371 formidantes
1506 2313 1831 2369 adstitimus.

236 2401 443 2470 Quare?
465 2404 668 2460 Aderat
691 2404 850 2461 nobis
874 2407 1194 2461 tutissimum
1219 2407 1425 2477 pignus,
1451 2421 1643 2475 nempe
1664 2404 1829 2459 illud:

241 2495 313 2549 Tu
331 2511 383 2551 es
409 2495 621 2565 Petrus,
644 2507 689 2553 et
713 2515 868 2569 super
886 2500 1016 2553 hanc
1037 2510 1230 2570 petram
1258 2498 1521 2569 ardiﬁcabo
1547 2490 1833 2553 Ecclesium

238 2604 431 2657 meam,
463 2601 511 2644 et
543 2601 707 2659 porta:
734 2592 889 2663 inferi
916 2609 1018 2646 non
1062 2591 1403 2663 prevalebunt
1436 2591 1679 2645 adversus
1720 2606 1830 2645 eam

242 2684 454 2751 (Matth.
488 2685 576 2740 lii.
607 2682 718 2758 18).
751 2685 1043 2741 Ecclesium
1082 2685 1224 2750 dico,
1258 2699 1361 2740 non
1388 2686 1563 2740 locum
1593 2693 1828 2748 tantum,

237 2777 329 2831 sed
358 2793 576 2833 mores:
609 2795 716 2833 non
746 2794 931 2835 muros
960 2779 1226 2847 eeclesiw,
1257 2778 1351 2834 sed
1380 2780 1525 2850 loga
1552 2779 1827 2834 Ecclesiae.

235 2872 362 2925 Cum
393 2870 703 2942 confugeris
743 2876 796 2927 in
840 2874 1154 2941 ecclesiam,
1199 2889 1303 2927 non
1334 2872 1511 2929 locum
1555 2882 1705 2943 pete,
1732 2874 1829 2928 sed

236 2963 408 3016 animo
432 2963 730 3035 transfuge.
762 2964 1001 3021 Ecclesia
1028 2967 1170 3021 enim
1194 2980 1301 3021 non
1321 2982 1505 3021 murus
1524 2976 1578 3022 et
1605 2975 1825 3033 tectum,

235 3054 323 3108 sed
350 3052 482 3109 ﬁdes
504 3065 561 3110 et
585 3056 710 3110 vita:
738 3057 874 3113 ratio
900 3067 1002 3113 est.

300 3142 584 3215 Eutropius
628 3148 883 3216 quomodo
912 3158 1114 3219 captus.
1142 3181 1212 3190 —
1242 3149 1319 3206 Ne
1361 3151 1510 3207 dicas
1557 3168 1703 3218 eum,
1736 3152 1826 3223 qui

236 3236 470 3306 proditus
516 3248 620 3307 est,
654 3242 723 3296 ab
759 3240 1001 3298 Ecclesia
1036 3243 1305 3313 proditum
1332 3260 1452 3301 esse
1480 3264 1494 3299 :
1524 3247 1623 3301 nisi
1667 3248 1825 3302 dese-

234 3332 420 3387 ruisset
445 3333 757 3400 ecclesiam,
786 3344 974 3405 captus
1000 3352 1106 3391 non
1136 3337 1339 3393 fuisset.
1366 3337 1445 3394 Ne
1473 3338 1623 3394 dicas
1651 3340 1823 3409 ipsum

233 3429 529 3499 conlegisse
564 3437 621 3483 et
668 3428 936 3499 proditum
985 3430 1185 3487 fuisse:
1231 3449 1336 3487 non
1364 3432 1602 3489 Ecclesia
1652 3435 1823 3504 ipsum

230 3524 447 3591 dimisit,
480 3526 577 3581 sed
628 3526 744 3597 ipse
778 3527 1063 3583 ecclesiam
1108 3528 1329 3584 dimisit.
1378 3527 1495 3584 Non
1530 3530 1674 3584 intus
1703 3546 1825 3600 pro-

230 3613 368 3669 ditus
388 3626 496 3681 est,
529 3617 628 3672 sed
671 3616 823 3672 toris.
851 3616 962 3673 Cur
994 3618 1208 3689 reliquit
1243 3619 1564 3675 ecclesiam?
1590 3620 1667 3677 Te
1706 3637 1821 3677 ser-

230 3716 405 3762 vatum
436 3708 699 3763 volebas?
732 3710 912 3765 Altare
949 3710 1233 3782 complecti
1274 3712 1576 3782 oportebat.
1611 3713 1725 3768 Non
1768 3714 1822 3768 hi

228 3800 385 3866 muri,
410 3799 508 3855 sed
539 3800 635 3856 Dei
664 3801 995 3870 providentia
1020 3812 1071 3858 te
1100 3811 1270 3857 tum"-
1305 3813 1562 3874 priestare
1594 3816 1820 3876 poterat.

227 3889 482 3947 l‘eceator
510 3896 672 3947 eras?
701 3892 818 3948 Non
856 3905 907 3949 te
938 3895 1080 3949 Deus
1111 3896 1233 3951 ideo
1263 3898 1467 3968 respuit
1497 3916 1509 3951 :
1540 3913 1645 3954 non
1674 3900 1820 3956 enim

225 3984 370 4037 venit
397 3998 593 4039 vocare
624 3984 821 4055 justos,
860 3985 957 4041 sed
988 3997 1299 4057 peccatores
1342 3990 1410 4044 ad
1451 3992 1821 4060 pmnitentiam

226 4072 439 4137 (Matth.
486 4078 545 4132 9.
592 4075 705 4149 15).
751 4078 1003 4134 Meretrix
1043 4080 1268 4136 salutem
1325 4094 1652 4155 consequuta
1703 4096 1817 4151 est,

223 4166 349 4235 quia
386 4168 555 4240 pedes
597 4170 969 4241 apprehendit.
1003 4173 1313 4230 Audistisne
1356 4175 1670 4231 hodiernam
1709 4179 1821 4233 lec-

226 4260 461 4316 tionem?
508 4261 637 4317 Haec
686 4278 844 4332 porro
890 4264 1031 4331 dico,
1063 4274 1121 4320 ut
1169 4282 1457 4336 numquam
1503 4268 1718 4325 dubites
1764 4270 1817 4325 in

227 4351 524 4410 Eeclesiam
565 4354 874 4427 confugere.
908 4356 1060 4413 Mane
1088 4359 1139 4413 in
1169 4358 1407 4414 Ecclesia
1429 4402 1444 4424 ,
1478 4370 1531 4414 et
1556 4376 1661 4415 non
1693 4378 1819 4432 pro-

225 4443 369 4502 deris
394 4448 465 4503 ab
494 4446 756 4503 Ecclesia.
786 4447 939 4516 Quod
968 4449 1013 4504 si
1046 4449 1247 4519 fugeris
1285 4451 1353 4506 ab
1391 4452 1661 4519 Ecclesia,
1694 4464 1821 4511 tunc

230 4538 466 4595 Ecclesia
497 4542 551 4595 in
581 4555 738 4596 musa
762 4543 1014 4603 nouerit.
1043 4542 1176 4597 Nam
1201 4545 1245 4599 si
1276 4544 1419 4598 intus
1444 4544 1628 4612 fueris,
1664 4547 1819 4616 lupus

229 4646 334 4686 non
360 4631 695 4703 ingreditur;
728 4634 813 4688 sin
835 4634 1051 4699 exieris,
1078 4650 1107 4689 a
1136 4634 1311 4690 bellua
1342 4638 1600 4707 capieris;
1632 4655 1816 4694 verum

231 4738 336 4778 non
363 4727 537 4789 caula,
564 4726 659 4781 sed
689 4727 1101 4798 pusillanimitas
1133 4738 1219 4784 tua
1253 4732 1302 4784 in
1331 4746 1490 4786 causa
1521 4733 1642 4786 erit.
1676 4732 1817 4787 Nihil

234 4814 483 4872 Ecclesiae
524 4834 619 4887 par
666 4827 767 4873 est.
813 4818 889 4874 Ne
936 4820 1066 4874 mihi
1094 4836 1488 4877 commemores
1530 4840 1711 4879 muros
1762 4835 1817 4880 et

231 4921 373 4961 arma
405 4924 424 4965 ι
454 4910 591 4965 muri
618 4912 761 4965 enim
792 4918 1032 4982 tempore
1060 4911 1396 4981 deteruntur,
1426 4915 1663 4972 Ecclesia
1688 4935 1815 4973 vero

234 5013 513 5070 numquam
536 5002 791 5059 senescit.
823 5003 1005 5059 Muros
1038 5005 1249 5061 barbari
1279 5007 1675 5076 demoliuntur,
1710 5011 1811 5065 Ec-

236 5092 446 5150 clesiatn
470 5110 537 5152 ue
564 5095 841 5153 damones
868 5098 1083 5169 quidem
1114 5100 1352 5155 vincunt.
1382 5100 1534 5167 Quod
1561 5103 1675 5158 ha'c
1706 5121 1811 5160 non

235 5185 337 5243 siut
360 5188 621 5259 iactantia:
650 5192 838 5260 verba,
872 5207 959 5247 res
991 5192 1118 5263 ipsa:
1146 5204 1427 5249 testantur.
1455 5197 1599 5263 Quot
1628 5198 1788 5254 Eccle

233 5280 357 5337 siam
380 5295 790 5356 oppugnarunt,
822 5285 1029 5357 ipsique
1073 5290 1377 5358 perierunt?
1409 5292 1645 5347 Ecclesia
1685 5310 1813 5349 vero

229 5372 379 5432 ca'los
418 5376 774 5433 transcendit.
825 5377 969 5433 Talis
1010 5390 1093 5435 est
1140 5380 1398 5437 Ecclesia:
1441 5386 1751 5456 magnitudo
1795 5406 1809 5443 :

224 5468 374 5530 vineit
408 5467 754 5545 impugnata;
804 5472 1013 5528 insidiis
1050 5475 1283 5543 appetita
1329 5486 1574 5547 superat;
1618 5490 1809 5533 contn-

217 5565 380 5623 meliis
426 5568 619 5625 auecta
670 5565 1005 5637 splendidior
1056 5566 1271 5633 evadit;
1323 5569 1544 5624 vulnera
1590 5573 1806 5641 excipit,

213 5672 304 5714 nec
348 5660 621 5718 ulceribus
665 5658 857 5723 cadit;
907 5659 1102 5729 agitata
1148 5659 1396 5716 ﬂuctibus
1442 5678 1548 5716 non
1590 5662 1807 5719 demer-

202 5751 363 5822 gitur;
393 5753 660 5827 procellis
692 5751 941 5822 impolita
971 5751 1301 5823 naufragium
1329 5769 1433 5808 non
1462 5756 1693 5825 patitur;
1728 5757 1808 5809 lu-

196 5854 380 5918 ctatur,
426 5864 533 5906 nec
580 5844 989 5919 prosternitur;
1033 5848 1269 5917 pugilatu
1310 5858 1497 5912 certat,
1553 5868 1649 5905 nec
1692 5852 1805 5904 vin

189 5942 339 6003 citur-
368 5941 481 6004 Cttr
525 5956 673 6015 ergo
700 5937 909 5997 bellum
957 5941 1196 6011 permisit
1218 5942 1234 5996 .’
1259 5940 1323 5998 Ut
1353 5942 1440 5998 iila
1474 5943 1801 6013 splendidius

79 6486 615 6502 ##7##

3448 435 3553 493 393

1956 566 2215 625 troptcum
2240 556 2491 626 erigeret.
2516 555 2767 611 Aderatis
2791 556 2881 611 illo
2901 554 3006 620 die,
3039 568 3101 609 ac
3128 552 3332 608 vidistis
3357 563 3552 622 quanta

1952 661 2298 704 moverentur
2354 664 2544 704 arma:
2597 649 2851 704 militaris
2898 648 3048 703 furor
3092 648 3215 719 igne
3267 646 3557 701 vehement-

1884 748 1889 769 '
1952 742 2058 795 tior
2104 750 2222 796 erat
2259 759 2273 794 :
2325 756 2529 811 nosque
2576 741 2643 796 ad
2688 742 2862 796 aulam
2906 740 3305 811 imperatoriam
3359 754 3553 809 prope-

1950 835 2221 890 rabamus.
2256 834 2361 891 Sed
2382 836 2543 906 quid?
2576 836 2680 891 Per
2707 835 2797 891 Dei
2824 835 3050 907 gratiam
3079 834 3207 888 nihil
3239 848 3428 889 eorum
3459 847 3558 886 nos

1949 929 2159 983 terruit.

1936 1062 1946 1073 .
2017 1018 2073 1073 2.
2116 1018 2245 1076 Vero
2289 1020 2581 1077 Christiano
2622 1021 2751 1076 nihil
2795 1020 3341 1076 timendum—llaec
3387 1034 3552 1090 porro

1945 1113 2091 1178 dico,
2125 1124 2178 1169 ut
2207 1125 2261 1171 et
2302 1131 2397 1171 vos
2426 1116 2729 1171 imitemini.
2762 1114 2873 1172 Cur
2895 1130 3001 1170 non
3032 1113 3305 1183 perterriti
3328 1112 3549 1167 sumus?

1944 1204 2099 1274 Quod
2146 1207 2350 1261 nullum
2396 1208 2742 1277 praesentium
2793 1208 3056 1263 malorum
3114 1204 3548 1261 formidaremus.

1944 1297 2084 1365 Quid
2128 1304 2269 1355 enim
2298 1316 2461 1372 grave
2496 1302 2619 1356 est?
2655 1302 2735 1355 An
2765 1300 2948 1356 mors?
2986 1299 3333 1371 Nequaquam
3371 1296 3551 1367 gravis

1943 1402 2028 1447 est
2059 1393 2148 1447 illa
2184 1410 2196 1445 :
2227 1394 2384 1449 citius
2414 1396 2557 1449 enim
2606 1394 2673 1449 ad
2720 1392 3069 1463 tranquillum
3126 1399 3339 1461 portum
3387 1388 3549 1444 deve-

1945 1485 2177 1539 niemus.
2214 1486 2293 1545 An
2337 1485 2599 1540 bonorum
2632 1484 3056 1556 publicationes?
3089 1481 3281 1536 Nudus
3314 1493 3549 1551 egressus

1942 1593 2055 1629 sum
2081 1576 2144 1631 de
2157 1587 2295 1631 utero
2317 1580 2495 1632 matris
2518 1574 2671 1644 mea,
2698 1588 2744 1633 et
2760 1577 2929 1631 nudus
2948 1586 3171 1631 revertar
3189 1573 3311 1644 (Job
3351 1575 3400 1627 1.
3423 1572 3543 1644 2t).

1940 1667 2079 1723 Num
2132 1671 2360 1724 exsilia?
2411 1670 2623 1725 Domini
2674 1681 2750 1725 est
2804 1680 2971 1731 terra,
3024 1678 3070 1722 ct
3125 1665 3388 1736 plenitudo
3435 1664 3547 1735 ejus

1942 1759 2166 1830 (Psalm.
2193 1763 2284 1819 23.
2310 1763 2390 1835 2).
2419 1762 2565 1819 Num
2590 1762 2917 1819 calumnia)?
2950 1760 3177 1817 Gaudete
3205 1770 3251 1813 et
3274 1756 3543 1819 exsultute,

1940 1868 2057 1907 cum
2083 1855 2309 1910 dixerint
2348 1872 2499 1911 omne
2524 1856 2716 1909 malum
2743 1858 2944 1909 verbum
2990 1853 3259 1905 aduersum
3286 1865 3374 1903 vos
3402 1864 3546 1901 mett-

1940 1949 2159 2013 tientes,
2214 1949 2457 2017 quoniam
2512 1965 2703 2003 merces
2751 1958 2916 2001 vestra
2968 1945 3131 1998 multa
3181 1953 3253 1998 est
3300 1944 3353 1995 in
3406 1941 3547 1995 ra'lis

1941 2039 2153 2114 (Matth.
2202 2040 2256 2095 ὅ.
2301 2039 2411 2110 l2).
2469 2039 2725 2095 Videbam
2766 2040 3005 2110 gladius,
3064 2050 3117 2093 et
3157 2036 3346 2091 emtum
3393 2033 3540 2102 cogi-

1941 2134 2117 2187 tabam
2147 2150 2159 2185 :
2190 2133 2573 2202 exspectabam
2599 2143 2849 2196 mortem,
2879 2141 2933 2186 et
2958 2133 3009 2185 in
3035 2138 3266 2184 mentem
3296 2126 3544 2180 veniebat

1938 2226 2304 2278 resurrectio:
2342 2225 2437 2277 has
2464 2223 2678 2277 infimas
2709 2237 2978 2277 :crumnas
3014 2220 3332 2279 cernebam,
3365 2225 3421 2270 et
3448 2232 3542 2268 su-

1936 2330 2103 2388 perna
2135 2316 2353 2386 praemia
2398 2316 2746 2371 numerabant
2774 2333 2786 2368 :
2823 2315 3043 2369 insidias
3071 2311 3456 2373 observabant,
3488 2321 3544 2362 et

1937 2422 2228 2477 supernam
2281 2424 2539 2465 coronam
2586 2409 2925 2471 meditabar;
2975 2407 3331 2462 certaminum
3378 2418 3543 2474 argu-

1937 2510 2176 2555 mentum
2207 2501 2339 2555 satis
2364 2509 2483 2556 erat
2506 2501 2572 2555 ad
2602 2501 3049 2555 consolationem.
3080 2495 3391 2552 Abduccbar
3433 2495 3542 2548 uti-

1935 2611 2069 2665 que;
2102 2594 2200 2650 sed
2233 2596 2285 2650 id
2331 2596 2463 2649 mihi
2490 2596 2832 2650 contumelite
2876 2611 2980 2647 non
3009 2606 3121 2647 erat
3156 2610 3169 2645 :
3213 2604 3313 2644 una
3342 2589 3541 2658 quippe

1935 2688 2259 2742 c0ntmnelia
2290 2696 2402 2752 est,
2438 2698 2737 2757 peccatum.
2780 2688 2930 2742 Licet
2959 2686 3099 2741 enim
3140 2696 3189 2740 te
3221 2692 3364 2738 tutus
3392 2681 3540 2736 orbis

1935 2781 2261 2834 Contumelia
2290 2780 2548 2846 aﬂ'ecerit,
2583 2782 2626 2834 si
2659 2796 2776 2836 eam
2810 2790 2862 2834 tu
2899 2780 2990 2833 tibi
3024 2780 3138 2847 ipse
3168 2792 3272 2830 non
3303 2774 3537 2836 inferas,

1934 2888 2269 2943 nequaquam
2296 2874 2619 2929 contumelia
2649 2872 2873 2929 aﬂ'ecttts
2899 2888 2978 2927 es.
3010 2870 3247 2926 Proditio
3272 2885 3332 2924 ea
3363 2868 3538 2922 Solum

1939 2975 2045 3034 est,
2076 2982 2195 3036 quae
2224 2982 2293 3021 ex
2340 2967 2666 3021 conscientia
2715 2966 2976 3037 procedit.
3024 2964 3102 3019 Ne
3149 2975 3291 3019 tuam
3344 2962 3541 3031 prodas

1932 3059 2318 3114 conscientiam
2352 3070 2401 3115 et
2436 3074 2595 3115 nemo
2627 3067 2677 3113 te
2708 3058 2920 3130 prodet.
2969 3056 3326 3123 Abduecbar,
3355 3066 3410 3110 et
3454 3055 3537 3109 vi-

1932 3152 2125 3208 debam
2154 3154 2397 3224 negotia;
2432 3153 2539 3208 imo
2566 3154 2743 3223 potius
2774 3152 2934 3207 verba
2956 3166 3073 3205 mea
3102 3151 3153 3204 in
3181 3150 3390 3220 negotia
3408 3163 3537 3203 eon-

1934 3263 2109 3313 versa,
2154 3263 2351 3318 nempe
2386 3249 2702 3302 concionem
2762 3261 2958 3311 meam,
3002 3261 3163 3316 quam
3214 3243 3391 3298 verbis
3436 3242 3536 3297 hac

1932 3341 2177 3408 bueram,
2229 3341 2282 3395 in
2321 3341 2437 3395 foro
2478 3355 2573 3411 per
2610 3354 2699 3394 res
2746 3339 2887 3408 ipsas
2916 3338 3315 3393 denunciatam.
3363 3336 3534 3403 Quam

1930 3437 2290 3493 ecncionem?
2318 3436 2451 3491 Eam
2500 3451 2659 3503 quam
2700 3441 2917 3504 sem'per
2947 3432 3212 3487 dicebam.
3243 3427 3539 3485 lusufﬂavit

1930 3541 2143 3591 ventus,
2173 3539 2227 3582 et
2256 3527 2380 3583 folia
2417 3526 2634 3597 dejecit.
2661 3522 2988 3579 Exsiccata»:
3019 3533 3092 3578 est
3122 3528 3333 3594 (mnum,
3365 3533 3412 3575 et
3436 3522 3536 3593 ﬂos

1930 3621 2339 3691 deciditUIesai.
2364 3621 2453 3675 40.
2472 3619 2549 3691 8).
2569 3604 2714 3674 Abiit
2740 3634 2867 3684 nox,
2890 3628 2939 3673 et
2968 3616 3140 3671 illuxit
3166 3616 3310 3680 dies;
3335 3615 3534 3683 rejecta

1930 3728 2011 3773 est
2034 3717 2244 3782 umbra,
2268 3724 2324 3771 et
2351 3715 2599 3786 apparuit
2620 3714 2837 3768 veritas.
2868 3711 3242 3765 Ascenderunt
3273 3724 3439 3777 usque
3466 3710 3532 3762 ad

1929 3811 2112 3877 cgelos,
2145 3819 2198 3865 et
2234 3807 2633 3865 descenderunt
2665 3818 2835 3875 usque
2870 3804 2934 3857 ad
2986 3802 3281 3873 planitiem.
3313 3800 3535 3855 Fluctus

1930 3904 2097 3968 enim,
2130 3903 2220 3972 qui
2250 3917 2307 3957 se
2352 3902 2406 3956 in
2454 3900 2620 3954 altum
2662 3898 2987 3959 extulerant,
3017 3911 3113 3966 per
3154 3895 3384 3949 humana
3433 3909 3530 3947 ne«

1927 3996 2071 4067 gotia
2113 3994 2356 4066 depressi
2407 4002 2553 4048 sunt.
2588 3990 2909 4059 Quomodo?
2940 3989 3189 4043 Doctrina
3231 3994 3387 4041 erant
3430 4002 3529 4051 ea,

1927 4104 2048 4159 qua:
2104 4096 2252 4157 gesta
2296 4095 2440 4140 sunt.
2486 4084 2554 4139 Et
2603 4083 2847 4137 dicebam
2901 4081 3039 4134 intra
3085 4079 3347 4148 tneipsum
3389 4094 3401 4130 :
3448 4079 3529 4131 An

1928 4181 2131 4251 posteri
2164 4178 2290 4233 hinc
2335 4176 2781 4257 erudientur‘tan
2834 4172 3045 4227 duobus
3094 4186 3198 4224 non
3250 4168 3532 4223 transactis

1928 4272 2115 4327 diebus
2143 4270 2281 4336 hmo,
2310 4284 2429 4340 qnze
2467 4277 2616 4338 gesta
2657 4274 2802 4329 sunt,
2842 4263 3095 4317 oblivioni
3138 4271 3261 4315 sunt
3305 4259 3531 4313 tradita?

1929 4366 2199 4420 Manentia
2250 4372 2403 4417 erant
2443 4361 2531 4415 illa
2576 4358 2799 4413 monita.
2844 4356 3051 4411 Rursus
3095 4353 3290 4415 dicam,
3336 4353 3526 4405 iterum

1927 4461 2133 4529 loquar.
2169 4459 2299 4525 Qua:
2330 4456 2456 4509 hinc
2494 4452 2733 4507 utilitas?
2761 4450 2874 4505 lino
2919 4448 3121 4501 utilitas
3152 4444 3345 4500 aderit.
3380 4442 3529 4497 Licet

1929 4553 2073 4607 enim
2103 4568 2208 4604 non
2238 4562 2427 4603 omnes
2446 4546 2685 4608 audiant,
2717 4558 2839 4614 pars
2861 4541 3049 4595 saltem
3073 4538 3291 4593 dimidia
3318 4536 3525 4598 audiet;

1925 4644 1970 4699 si
1999 4658 2098 4699 nec
2126 4642 2344 4697 dimidia
2376 4655 2520 4711 pars,
2554 4640 2744 4693 saltent
2797 4635 2990 4699 tertia;
3022 4633 3065 4686 si
3118 4646 3291 4701 neque
3335 4630 3488 4683 tertia
3510 4672 3525 4691 ,

1925 4738 2225 4807 quarta;si
2265 4748 2369 4787 non
2418 4740 2607 4802 quarta
2656 4743 2801 4799 pars,
2840 4727 3029 4781 saltem
3079 4724 3299 4785 det-cm;
3331 4722 3373 4775 si
3420 4736 3524 4775 non

1924 4828 2136 4889 decem,
2182 4826 2452 4896 quinque;
2499 4823 2543 4877 si
2592 4837 2697 4874 non
2740 4820 3003 4890 quinque,
3050 4816 3237 4869 saltem
3285 4829 3452 4875 unus;
3482 4813 3525 4865 si

1927 4936 2102 4991 neque
2132 4934 2289 4984 unus,
2322 4933 2420 4989 ego
2453 4926 2693 4987 paratam
2725 4913 3027 4968 mercedem
3062 4909 3250 4962 habet).
3284 4906 3525 4961 linire-tt»

1924 5025 2030 5069 tum
2052 5022 2123 5069 est
2148 5018 2355 5085 (mnum,
2388 5020 2434 5065 ct
2456 5011 2553 5081 ﬂos
2578 5008 2763 5062 decidit
2789 5024 2807 5061 :
2830 5006 3029 5060 verbum
3055 5014 3220 5056 autem
3243 5001 3339 5056 Dei
3360 5010 3525 5054 mune:

1922 5108 1975 5160 in
2004 5115 2251 5161 wternum
2280 5103 2484 5175 (Ilesai.
2518 5102 2607 5157 40.
2635 5102 2713 5172 8).

1992 5202 2048 5256 ὃ.
2094 5198 2401 5253 Diuitiarum
2430 5199 2539 5269 quis
2569 5214 2709 5250 usus.
2741 5225 2813 5236 —-
2847 5194 3133 5249 \'itlis:isue
3172 5192 3524 5246 humanarum

1921 5308 2099 5346 rerum
2126 5290 2423 5346 vilitatem?
2452 5289 2729 5343 vidistisnc
2759 5288 3008 5353 potentia:
3039 5283 3421 5353 fragilitatem?
3452 5284 3525 5335 vi-

1920 5386 2144 5441 distisne
2170 5385 2402 5453 divitias,
2432 5399 2564 5455 quas
2592 5398 2808 5451 semper
2834 5382 3077 5452 fugitix-as
3098 5380 3345 5433 dixeram
3371 5420 3383 5441 ,
3420 5396 3521 5433 non

1920 5478 2080 5533 modo
2110 5476 2355 5547 fugitivus
2379 5518 2393 5542 ,
2425 5476 2519 5531 sed
2551 5476 2711 5529 etiam
2744 5473 3039 5528 homicidas
3059 5474 3081 5524 Ἰ
3113 5470 3224 5525 Non
3258 5470 3401 5523 cnim
3432 5485 3517 5523 δυσ

1920 5570 2028 5624 111111
2053 5585 2113 5625 se
2140 5568 2479 5638 possidentes
2500 5568 2777 5631 deserunt,
2806 5565 2897 5619 scd
2922 5564 3079 5619 etiam
3096 5562 3376 5632 jugulum:
3403 5578 3522 5613 eum

1918 5664 2060 5719 enim
2087 5664 2207 5732 quis
2236 5677 2328 5717 eas
2357 5662 2594 5715 studiose
2624 5661 2787 5723 colit,
2821 5670 2929 5713 tum
2960 5658 3187 5711 maxime
3222 5656 3320 5709 illa:
3349 5657 3516 5710 cultu.

1920 5774 2031 5812 rem
2061 5772 2215 5811 suum
2247 5754 2500 5826 produnt.
2534 5756 2639 5809 Cur
2666 5754 2879 5807 divitias
2904 5752 3057 5813 cnlis,
3090 5768 3207 5821 qua:
3239 5750 3397 5804 limlie
3428 5767 3515 5818 ie-

1919 5866 2015 5905 nes
2046 5860 2095 5905 te
2121 5859 2265 5917 sunt,
2296 5866 2417 5904 cras
2448 5864 2610 5917 penes
2636 5848 2838 5901 alium?
2865 5863 2957 5899 cur
2980 5845 3191 5897 divitias
3220 5846 3371 5905 culis,
3395 5861 3519 5911 ιιιμ

1918 5957 2207 6015 [innuptam
2250 5943 2468 5998 retineri
2502 5949 2717 6013 possunt
2746 5942 2767 5992 ?
2799 5939 2887 5994 Vi;-
2918 5954 3010 5993 ω)
3038 5936 3259 5991 Colere?
3290 5937 3368 5989 iis
3392 5953 3505 5996 lt'lt'
