4104 6492
618 426 721 484 599

617 551 782 607 nete?
803 550 881 608 Ne
898 549 1135 608 defodiss
1149 564 1260 616 eas.
1286 550 1380 607 sed
1402 550 1454 606 in
1480 566 1767 623 pauperum
1791 566 1981 607 manus
1998 549 2198 606 tradas.

617 642 768 699 επ
808 651 934 699 sunt
977 642 1218 699 divitiae:
1258 644 1303 698 si
1334 632 1698 710 retineantur,
1738 642 1981 716 fugiunt;
2024 644 2070 699 si
2112 642 2196 699 di-

614 742 949 804 spergantur,
979 742 1213 787 manent.
1241 732 1372 787 Nam
1396 732 1665 805 Disperstt,
1694 734 1879 804 inquit,
1905 735 2042 789 dedit
2067 750 2199 804 pau-

615 824 816 892 peribus
833 864 848 890 ,
876 824 1070 889 iustitia
1094 824 1203 895 ejus
1226 834 1393 879 manet
1420 825 1473 879 in
1499 825 1740 879 secutum
1768 824 1939 899 (Psal.
1969 826 2089 880 llf.
2112 823 2193 895 9).

615 914 889 986 Disperge,
923 924 977 970 ut
1009 924 1296 993 maneant:
1330 932 1398 972 ne
1427 916 1686 982 defodias,
1720 934 1787 973 ne
1816 918 2034 988 fugiant.
2064 915 2195 974 Ubi-

616 1019 736 1058 nam
766 1013 891 1059 sunt
931 1004 1179 1061 divitias?
1220 1015 1281 1061 ut
1322 1007 1529 1078 placide
1573 1008 1893 1078 interrogem
1937 1022 2068 1075 eos,
2104 1009 2194 1080 qui

614 1103 741 1149 tunc
766 1093 1157 1154 abscesserunt.
1188 1095 1314 1153 Haec
1338 1106 1516 1154 autem
1546 1112 1654 1153 non
1677 1098 2010 1168 exprobrans
2032 1098 2152 1155 dico
2177 1142 2192 1167 ,

616 1199 788 1256 neque
812 1186 993 1243 ulcera
1020 1187 1301 1257 refricans,
1329 1190 1488 1258 absit,
1513 1190 1605 1247 sed
1634 1200 1693 1247 ut
1720 1192 1947 1248 aliorum
1980 1192 2195 1249 naufra-

614 1277 699 1348 gia
738 1278 789 1333 in
833 1287 1045 1349 portum
1072 1281 1222 1337 vobis
1262 1291 1586 1337 convertam.
1610 1283 1753 1341 .Cum
1801 1285 2035 1353 milites,
2074 1300 2194 1340 cum

614 1369 775 1440 gladii
795 1370 1014 1427 aderant
1035 1386 1184 1439 ,cum
1202 1370 1329 1429 urbs
1351 1373 1751 1444 incendebatur,
1773 1390 1893 1431 cum
1916 1374 2157 1432 diadema
2178 1370 2205 1408 ¹’

615 1457 744 1515 nihil
773 1469 1017 1531 poterat,
1043 1477 1165 1517 cum
1203 1478 1433 1534 purpura
1471 1466 1807 1522 contumeliis
1847 1466 2192 1530 afﬁciebatur,

615 1567 736 1607 cum
762 1554 940 1609 omnia
982 1552 1161 1610 furore
1199 1555 1352 1625 plena
1379 1568 1531 1612 erant
1551 1599 1566 1623 ,
1599 1559 1813 1614 ubinam
1842 1559 2080 1615 divitiae?
2108 1561 2195 1616 ubi

615 1656 736 1697 vasa
765 1644 1061 1715 argentea?
1088 1644 1176 1700 ubi
1203 1648 1439 1717 argentei
1467 1648 1628 1715 lecti?
1656 1650 1740 1705 ubi
1783 1649 2060 1707 domestici
2086 1651 2109 1705 ?
2139 1652 2195 1707 In

615 1733 735 1806 fuga
764 1750 969 1792 omnes.
995 1735 1095 1793 Ubi
1121 1738 1399 1794 eunuchi?
1424 1742 1622 1796 Omnes
1648 1756 1767 1798 sese
1796 1745 2194 1814 proripuerunt.

616 1826 713 1883 Ubi
738 1827 934 1883 amici?
955 1828 1155 1883 Larvas
1178 1829 1466 1900 ponebant.
1491 1830 1592 1888 Ubi
1616 1832 1805 1888 domus
1820 1833 1844 1886 ?
1862 1834 2197 1891 Claudeban-

615 1928 718 1973 tur.
755 1918 1126 1989 Ubi'peeuniae
1150 1920 1174 1975 2
1202 1920 1397 1976 Earum
1442 1936 1720 1992 possessor
1756 1924 1980 1996 aufugit.
2011 1926 2076 1981 Et
2104 1928 2195 1983 ubi

614 2008 824 2064 tandem
853 2011 1090 2079 pecuniae
1111 2010 1136 2062 τ
1160 2009 1395 2067 Defesste
1422 2022 1569 2067 sunt.
1599 2012 1825 2069 Ubinam
1868 2016 2196 2073 reconditre?

612 2096 748 2154 Num
769 2100 1023 2156 molestus
1047 2101 1197 2157 vobis
1215 2118 1355 2169 sum,
1381 2118 1508 2159 num
1528 2119 1807 2171 onerosus,
1836 2106 1961 2162 dum
1987 2122 2199 2179 semper

612 2192 753 2256 dico.
784 2194 995 2250 divitias
1017 2212 1111 2253 eos
1136 2239 1153 2266 ,
1187 2199 1278 2268 qui
1309 2199 1438 2269 ipsis
1472 2199 1612 2255 male
1638 2209 1877 2265 utuntur,
1926 2200 2198 2271 prodere?

612 2282 766 2338 Venit
815 2294 1022 2357 tempus
1047 2330 1061 2354 ,
1108 2304 1215 2360 quo
1256 2290 1536 2346 verborum
1580 2292 1779 2349 veritas
1807 2291 2194 2349 ostenderetur.

612 2373 748 2440 Quid
773 2390 865 2431 eas
889 2377 1087 2433 retines
1110 2420 1125 2445 ,
1168 2395 1287 2451 quae
1326 2381 1379 2436 in
1423 2382 1713 2439 tentatione
1751 2383 1882 2438 nihil
1922 2395 1973 2440 te
2009 2386 2197 2454 juvare

613 2469 876 2535 possunt?
901 2468 957 2525 Si
986 2470 1112 2541 quid
1153 2472 1353 2527 habent
1375 2474 1587 2540 virium,
1635 2476 1811 2531 adsint
1850 2477 1945 2532 tibi
1980 2491 2102 2533 eum
2141 2478 2193 2533 in

613 2558 986 2616 necessitatem
1032 2562 1327 2619 incideris:
1360 2564 1406 2619 si
1450 2575 1575 2622 tunc
1611 2566 1893 2639 diffugiunt
1919 2609 1935 2634 ,
1980 2570 2191 2625 cuinam

614 2647 708 2703 tibi
740 2652 857 2705 usui
886 2652 1051 2706 sunt?
1080 2653 1213 2723 ipsa:
1241 2669 1328 2710 res
1355 2658 1724 2714 testificantur.
1754 2660 2011 2727 Quaenam
2036 2677 2099 2717 ex
2131 2662 2198 2716 iis

615 2740 858 2797 utilitas?
884 2742 1057 2801 Gladii
1082 2745 1222 2802 acuti
1240 2789 1255 2814 ,
1286 2763 1433 2803 mors
1461 2750 1745 2807 imminens
1769 2792 1785 2818 ,
1814 2754 2084 2809 exercitus
2109 2753 2198 2809 fu-

614 2847 759 2898 rens,
785 2842 862 2888 tot
890 2836 1146 2891 minarum
1168 2840 1496 2909 exspectatio
1520 2858 1534 2895 :
1557 2840 1760 2897 divitiae
1783 2858 1908 2899 vero
1933 2860 2195 2915 nusquam

608 2934 937 2994 comparent.
968 2927 1083 2994 Quo
1112 2942 1171 2983 se
1210 2930 1579 2987 subduxerunt
1618 2933 1721 2989 illa:
1759 2933 2035 3006 fugitivat?
2062 2937 2199 3009 Ipsm

610 3015 705 3071 tibi
734 3015 848 3071 haec
869 3019 1045 3073 omnia
1076 3020 1211 3073 mala
1238 3032 1630 3091 procurarunt,
1671 3034 1727 3079 et
1756 3026 1808 3080 in
1834 3036 2073 3097 tempore
2102 3043 2198 3084 ne-

608 3107 876 3161 cessitatis
902 3108 1125 3180 fugiunt.
1156 3110 1485 3183 Quamquam
1515 3130 1601 3170 me
1626 3116 1776 3171 multi
1804 3132 2018 3188 semper
2041 3133 2197 3174 accu-

610 3205 769 3263 sant,
800 3199 940 3268 quod
966 3199 1155 3255 divites
1180 3202 1441 3258 incessam
1473 3221 1487 3259 :
1514 3215 1567 3258 at
1595 3205 1669 3260 illi
1698 3221 1959 3277 pauperes
1985 3224 2201 3280 semper

611 3286 902 3342 incessunt.
943 3289 1054 3360 Ego
1097 3307 1222 3346 vero
1263 3308 1477 3363 semper
1518 3294 1727 3351 incesso
1771 3298 2003 3364 divites;
2048 3315 2155 3355 nou
2180 3344 2195 3368 ,

612 3377 827 3447 inquam
850 3418 866 3444 ,
894 3378 1085 3436 divites
1107 3421 1123 3447 ,
1154 3381 1247 3438 sed
1279 3398 1372 3438 eos
1395 3425 1411 3450 ,
1443 3385 1531 3454 qui
1557 3385 1697 3441 male
1723 3386 1927 3442 divitiis
1953 3399 2199 3447 utuntur.

613 3467 838 3540 Semper
877 3472 1017 3526 enim
1066 3472 1187 3529 dico
1228 3490 1314 3531 me
1356 3491 1462 3531 non
1510 3480 1778 3534 criminari
1817 3480 2035 3536 divitem
2060 3522 2075 3548 ,
2106 3484 2199 3539 sed

612 3576 883 3631 rapacem.
912 3566 1066 3620 Aliud
1095 3567 1245 3623 dives
1266 3610 1281 3633 ,
1310 3569 1452 3625 aliud
1470 3586 1639 3642 rapax
1672 3589 1686 3639 ;
1717 3574 1859 3629 aliud
1888 3577 2195 3645 opulentus,

614 3652 756 3707 aliud
795 3668 1007 3708 avarus.
1062 3655 1169 3713 Res
1196 3658 1493 3730 distingue,
1527 3677 1594 3717 ne
1620 3662 1915 3719 confundas
1941 3682 2002 3721 ea
2029 3707 2047 3732 ,
2075 3683 2197 3737 quae

613 3744 943 3800 commisceri
990 3762 1094 3801 non
1137 3760 1373 3817 possunt.
1424 3752 1578 3808 Dives
1621 3755 1724 3810 es?
1771 3755 1884 3811 Non
1916 3758 2196 3827 prohibeo.

619 3834 796 3905 Rapax
827 3836 928 3892 es?
956 3836 1067 3893 Hoc
1088 3838 1157 3893 do
1177 3840 1406 3895 crimini.
1435 3843 1544 3897 Tua
1575 3846 1858 3915 possides!
1886 3848 1974 3902 llis
2001 3849 2198 3905 fruare.

617 3926 801 3982 Aliena
846 3931 1031 4000 rapis?
1073 3931 1187 3985 Non
1234 3933 1390 3989 sileo.
1422 3934 1510 3990 Vis
1540 3953 1624 3992 me
1664 3939 1947 4009 lapidare?
1978 3942 2202 3997 Paratus

616 4033 733 4072 sum
760 4022 1067 4090 sanguinem
1090 4024 1429 4093 profundere,
1454 4041 1726 4097 peccatum
1754 4032 2028 4088 dumtaxat
2053 4044 2200 4090 tuum

619 4111 896 4177 prohibeo.
922 4112 1039 4167 Non
1064 4130 1193 4171 curo
1212 4118 1330 4172 odia
1357 4161 1373 4186 ,
1407 4135 1510 4173 non
1540 4121 1736 4177 bellum
1758 4141 1770 4176 :
1796 4140 1894 4179 una
1919 4126 2047 4181 mihi
2076 4143 2201 4183 cura

617 4210 701 4255 est
745 4203 1046 4258 auditorum
1076 4207 1363 4276 profectus.
1393 4211 1510 4266 Filii
1539 4216 1640 4269 mei
1672 4227 1794 4269 sunt
1818 4218 2039 4288 perinde
2062 4220 2201 4276 divi-

620 4301 700 4346 tes
744 4301 902 4363 atque
949 4310 1247 4367 pauperes:
1282 4302 1468 4358 ambos
1504 4306 1644 4359 enim
1687 4308 1873 4363 eadem
1923 4314 2204 4381 parturivit

619 4381 769 4438 alvus
790 4425 803 4447 ,
833 4384 1016 4440 iisdem
1044 4389 1201 4443 ambo
1227 4390 1500 4449 doloribus
1528 4396 1654 4451 nati.
1686 4397 1744 4453 Si
1783 4399 1961 4470 itaque
2002 4419 2201 4475 paupe-

624 4490 733 4527 rem
764 4476 1015 4541 incessas,
1042 4488 1093 4533 te
1115 4495 1311 4551 arguo:
1337 4499 1441 4539 non
1466 4494 1666 4541 tantum
1688 4498 1771 4544 est
1790 4490 2040 4547 damnum
2071 4511 2201 4565 pau-

622 4565 796 4633 peris,
824 4577 1074 4635 quantum
1101 4570 1297 4627 divitis.
1327 4572 1457 4628 Nam
1495 4592 1695 4647 pauper
1720 4595 1823 4634 non
1856 4584 2078 4638 multum
2102 4586 2201 4641 de-

622 4658 855 4713 trimenti
908 4664 1100 4730 patitur
1132 4680 1145 4727 ;
1178 4665 1227 4719 in
1275 4670 1511 4736 pecuniis
1537 4673 1676 4725 enim
1707 4674 1951 4729 laeditur:
1985 4687 2039 4732 tu
2066 4695 2195 4735 vero

624 4750 673 4803 in
702 4751 873 4804 anima
905 4752 1132 4808 hederis.
1164 4755 1263 4821 Qui
1291 4758 1421 4823 vult,
1454 4761 1641 4826 caedat,
1672 4763 1933 4833 lapidibus
1963 4768 2203 4838 impetat,

624 4841 748 4897 odio
775 4843 963 4928 habeat
988 4864 1000 4900 :
1026 4849 1245 4903 materia
1272 4851 1464 4921 quippe
1489 4867 1805 4910 Coronarum
1834 4858 2039 4915 insidia:
2060 4872 2203 4930 sunt,

625 4921 962 5006 praemiorum
993 4938 1131 4994 idem
1157 4956 1412 4998 numerus
1431 4986 1445 5009 ,
1473 4947 1559 5016 qui
1590 4948 1884 5004 vulnerum.

696 5026 751 5079 4.
784 5024 963 5080 Solum
992 5041 1249 5097 peccatum
1278 5033 1461 5089 tradere
1484 5048 1663 5105 potest.
1693 5071 1764 5079 —
1792 5042 2015 5099 Insidias
2044 5045 2205 5116 igitur

625 5131 732 5172 non
760 5120 919 5173 timeo
946 5138 958 5173 :
989 5137 1149 5176 unum
1178 5125 1360 5191 timeo,
1393 5140 1688 5198 peccatum.
1720 5133 1795 5187 Ne
1827 5152 1913 5192 tne
1934 5140 2053 5207 quis
2082 5157 2206 5211 pec-

625 5216 729 5266 cati
759 5227 981 5283 arguere
1012 5216 1213 5284 possit,
1255 5226 1309 5272 et
1335 5227 1478 5275 totus
1502 5224 1645 5278 orbis
1675 5242 1759 5281 me
1791 5228 1933 5284 bello
1961 5230 2201 5302 impetat.

632 5305 741 5359 lloc
770 5306 963 5376 quippe
1008 5307 1202 5362 bellum
1240 5324 1327 5365 me
1374 5312 1787 5381 Splendidiorem
1831 5320 2015 5377 efficit.
2045 5326 2122 5380 Ita
2150 5336 2204 5382 et

629 5412 728 5452 vos
758 5400 1029 5455 instituere
1054 5401 1196 5457 volo.
1242 5402 1318 5458 Ne
1359 5405 1587 5461 timeatis
1632 5409 1847 5468 insidias
1885 5415 1978 5469 viri
2022 5428 2208 5487 poten-

630 5490 698 5544 tis
726 5491 745 5520 ³
770 5530 786 5557 ,
818 5492 910 5549 sed
948 5492 1132 5548 timete
1170 5494 1276 5548 vim
1296 5498 1538 5566 peccati.
1568 5499 1740 5556 Homo
1779 5514 1829 5561 te
1869 5522 1977 5562 non
2007 5508 2161 5565 laedet
2186 5552 2199 5575 ,

695 5692 721 5760 ξ,
742 5694 879 5760 Unus
900 5690 970 5738 sic
992 5688 1158 5760 habet,
1185 5704 1292 5741 cum
1316 5692 1430 5760 urbs
1468 5694 1826 5760 incendebatur,
1852 5718 1963 5755 cum
1984 5706 2210 5759 intolera-

633 5744 934 5829 bilisluror,
944 5825 952 5829 Α
961 5763 1095 5829 σερε)
1106 5744 1232 5829 teges
1264 5744 1598 5821 calcabantur,
1607 5744 1743 5812 “(Sitti—tv

635 5811 822 5867 Omitto.
848 5825 955 5860 cum
979 5811 1221 5862 diadema.

696 5874 717 5907 ε
751 5880 860 5924 tunc
885 5874 1051 5933 verba,
1086 5886 1144 5926 ne
1175 5875 1378 5931 linteatis
1411 5879 1610 5935 insidias
1653 5886 1743 5937 utri
1781 5892 2011 5955 potentis,
2048 5904 2097 5947 ct
2132 5911 2210 5948 se-

1373 435 1438 494 S.
1474 434 1753 493 JOANNIS
1787 429 2260 491 CflRYSOSTOlll
2297 431 2612 490 ARCHIEP.
2656 434 3194 498 CONSTANTINOP.

3785 439 3891 499 ιω

2305 552 2404 605 nisi
2428 561 2484 608 tu
2511 551 2757 625 teipsum.
2781 556 2838 613 Si
2865 568 3140 628 peccatum
3168 575 3273 614 nou
3301 559 3520 628 habeas,
3543 569 3598 615 et
3624 562 3877 619 innumcr

2303 643 2480 699 adsint
2502 645 2683 715 gladii,
2715 656 2768 703 te
2790 648 2929 705 Deus
2954 650 3179 721 eripiet;
3210 651 3257 705 si
3283 660 3558 722 peccatum
3585 651 3807 717 habeas,
3836 663 3895 708 et

2305 733 2358 787 in
2386 735 2633 803 paradiso
2675 736 2879 806 fueris,
2918 740 3043 797 inde
3083 741 3319 799 excides.
3375 742 3432 798 lu
3477 744 3726 813 paradiso
3767 756 3891 801 erat

2304 824 2495 890 Adam,
2521 836 2577 881 et
2612 829 2840 896 cecidit;
2872 832 2923 885 in
2954 831 3081 888 fimo
3113 833 3336 890 sedebat
3373 834 3496 902 Job,
3524 845 3579 891 et
3605 845 3899 893 comatus

2303 927 2405 972 cst.
2428 917 2564 987 Quid
2589 918 2663 975 illi
2688 922 2885 989 profuit
2904 925 3204 995 paradisus,
3226 925 3352 996 quid
3373 926 3497 982 huic
3511 926 3682 983 obfuit
3701 929 3899 984 fimus?

2304 1007 2387 1062 illi
2416 1023 2575 1065 nemo
2602 1011 2974 1082 insidiabatur,
2997 1025 3052 1072 et
3075 1016 3448 1088 supplantatus
3474 1027 3591 1086 est;
3623 1019 3746 1076 huic
3769 1022 3897 1075 dia-

2302 1099 2457 1155 bolus
2502 1101 2886 1172 insidiabatur,
2921 1114 2978 1161 et
3012 1090 3296 1164 coronatus
3319 1120 3421 1164 est.
3446 1108 3654 1167 Nonne
3680 1108 3901 1166 faculta-

2304 1192 2523 1261 tesejus
2549 1194 2807 1251 abstulit?
2841 1194 2949 1253 Sed
2990 1198 3239 1268 pietatem
3283 1215 3387 1256 non
3430 1201 3653 1272 eripuit.
3700 1201 3900 1257 Nonne

2304 1284 2444 1341 filios
2468 1286 2587 1357 ejus
2609 1289 2993 1347 sustulit?Sed
3032 1290 3197 1349 tidem
3234 1307 3340 1348 non
3379 1294 3658 1351 successit.
3703 1294 3899 1351 Nonne

2302 1390 2497 1447 corpus
2541 1377 2659 1448 ejus
2693 1381 2949 1437 sauciavit
2977 1382 3001 1437 ?
3037 1382 3141 1438 Sed
3170 1383 3479 1440 thesaurum
3514 1400 3621 1440 non
3662 1384 3893 1441 invenit.

2302 1468 2490 1527 Nonne
2510 1486 2733 1529 uxorem
2753 1473 2872 1545 ejus
2896 1476 3063 1532 armis
3084 1476 3371 1533 instruxit?
3398 1478 3505 1535 Sed
3531 1478 3754 1534 militem
3783 1495 3897 1535 non

2303 1564 2610 1630 prostravit.
2642 1564 2831 1622 Nonne
2875 1567 2979 1623 tela
3019 1568 3343 1641 sagittasque
3385 1568 3606 1625 emisit?
3647 1570 3754 1627 Sed
3804 1571 3899 1628 ille

2303 1653 2519 1708 vulnera
2544 1668 2650 1709 non
2674 1659 2901 1728 accepit.
2943 1658 3216 1716 Maehinas
3252 1661 3528 1728 admovit,
3570 1660 3665 1719 sed
3701 1665 3895 1718 turrim

2304 1760 2408 1801 non
2436 1750 2740 1816 quassavit;
2771 1750 2964 1809 fluctus
3003 1753 3247 1821 induxit,
3287 1754 3383 1811 sed
3422 1772 3610 1812 navem
3658 1771 3765 1812 non
3797 1757 3899 1813 de-

2303 1840 2507 1895 mersit.
2541 1840 2687 1898 Hane
2715 1844 2844 1898 mihi
2875 1844 3046 1917 legem
3075 1855 3287 1903 servate
3306 1886 3324 1913 ,
3354 1863 3538 1919 quaeso
3558 1888 3577 1915 ,
3606 1846 3897 1920 vestraque

2304 1942 2461 2005 tango
2478 1948 2668 2003 genua,
2688 1942 2787 1993 etsi
2816 1953 2924 1993 non
2954 1954 3136 2005 manu,
3166 1940 3352 1995 saltem
3381 1942 3581 2006 animo,
3601 1941 3901 2015 laerymas—

2302 2040 2407 2096 que
2452 2026 2635 2083 fundo.
2678 2027 2825 2085 lianc
2864 2030 2995 2085 mihi
3035 2042 3245 2087 servate
3273 2031 3443 2103 legem
3467 2073 3483 2099 ,
3514 2040 3570 2088 et
3610 2047 3771 2089 nemo
3800 2047 3901 2088 vos

2302 2117 2480 2174 fredet.
2509 2118 2807 2190 Numquam
2846 2120 3062 2178 beatum
3094 2123 3394 2193 prtedieetis
3430 2123 3687 2191 divitem;
3721 2126 3901 2187 nemi;

2304 2227 2427 2267 nem
2470 2214 2722 2269 miserum
2747 2214 2936 2271 dicatis
2979 2217 3083 2271 uisi
3117 2232 3241 2273 eum
3282 2218 3373 2287 qui
3419 2217 3471 2272 in
3516 2227 3740 2289 peccato
3780 2219 3898 2273 sit:

2303 2304 2518 2360 beatum
2548 2306 2833 2376 praedicate
2859 2322 2981 2363 eum
3011 2309 3101 2378 qui
3132 2308 3185 2363 in
3212 2309 3439 2379 justitia.
3471 2308 3587 2364 Non
3614 2309 3761 2365 enim
3796 2326 3900 2363 na-

2307 2406 2421 2452 tura
2448 2411 2627 2453 rerum
2652 2440 2666 2463 ,
2697 2398 2793 2454 sed
2823 2413 2977 2456 mens
3003 2400 3279 2457 hominum
3310 2411 3364 2457 et
3394 2401 3536 2458 hunc
3558 2413 3613 2458 et
3634 2402 3783 2458 illum
3816 2411 3900 2457 ta-

2306 2488 2409 2543 lem
2432 2487 2613 2545 effieit.
2642 2488 2938 2561 Numquam
2964 2491 3167 2562 gladios
3195 2493 3407 2557 tiuieas,
3436 2494 3537 2548 nisi
3567 2494 3899 2550 conscientia

2308 2590 2360 2635 te
2383 2589 2597 2637 accuset
2629 2600 2642 2637 :
2682 2597 2970 2653 numquam
2997 2585 3185 2640 timeas
3212 2584 3265 2639 in
3295 2585 3457 2654 bello,
3491 2586 3537 2641 si
3566 2585 3901 2643 conscientia

2309 2680 2394 2725 tua
2424 2686 2554 2742 pura
2580 2676 2668 2728 sit.
2696 2672 2925 2730 Ubinam
2950 2684 3077 2731 sunt
3105 2676 3177 2743 ii,
3208 2677 3298 2747 qui
3326 2676 3449 2733 hinc
3476 2678 3904 2734 abscesserunt?

2305 2763 2492 2819 Nonne
2516 2778 2706 2821 omnes
2732 2765 2949 2821 demissi
2978 2766 3232 2823 stabant?
3262 2783 3438 2825 nonne
3462 2768 3553 2839 qui
3578 2768 3632 2824 in
3663 2769 3901 2824 maxima

2306 2854 2563 2926 dignitate
2590 2857 2867 2912 constituti
2892 2868 3069 2926 erant,
3098 2859 3398 2915 tremebant
3425 2860 3583 2915 illos?
3609 2868 3791 2916 nonne
3815 2876 3904 2916 ve.

2308 2948 2676 3003 nerabantur?
2706 2948 2812 3004 Sed
2839 2950 2985 3006 venit
3011 2961 3308 3021 peccatum,
3338 2961 3395 3008 et
3421 2953 3601 3008 omnia
3630 2963 3901 3024 prostrata

2310 3049 2478 3105 sunt;
2526 3039 2711 3096 famuli
2755 3041 3002 3110 judices,
3047 3042 3353 3099 adulatores
3400 3045 3682 3101 carnifices
3722 3044 3903 3102 effecti

2306 3140 2430 3186 sunt
2457 3148 2471 3199 ;
2503 3134 2593 3202 qui
2627 3147 2818 3188 manus
2841 3134 2957 3205 ejus
2978 3135 3378 3202 osculabantur,
3418 3138 3591 3207 ipsum
3621 3136 3690 3191 ab
3718 3139 3902 3194 eccle-

2307 3223 2383 3276 sia
2430 3224 2777 3293 abripuerunt
2804 3240 2817 3289 ;
2841 3226 2931 3294 qui
2970 3225 3084 3282 heri
3126 3242 3341 3283 manum
3381 3228 3498 3297 ejus
3532 3229 3901 3299 osculabatur,

2309 3314 2466 3369 hodie
2503 3316 2749 3372 inimicus
2780 3316 2922 3371 illius
2948 3326 3049 3373 est.
3077 3316 3301 3384 Quare?
3326 3318 3460 3386 Quia
3489 3320 3603 3375 fieri
3634 3337 3740 3375 non
3772 3336 3904 3378 vere

2306 3406 2453 3461 illum
2478 3406 2747 3478 diligebat.
2774 3408 2927 3463 Venit
2958 3418 3165 3479 tempus
3189 3451 3203 3476 ,
3246 3420 3301 3465 et
3344 3411 3503 3467 larva:
3544 3410 3904 3481 deprehensa

2307 3509 2451 3555 sunt.
2483 3501 2674 3556 Annon
2703 3502 2814 3556 lteri
2847 3515 3036 3557 manus
3061 3503 3391 3558 osculabaris
3414 3545 3429 3569 ,
3458 3518 3688 3573 eumque
3713 3519 3906 3561 serva-

2310 3603 2499 3657 torem,
2530 3603 2831 3649 curatorem
2858 3603 2911 3649 et
2946 3594 3238 3650 beneficum
3268 3595 3541 3651 vocabas?
3568 3612 3747 3651 nonne
3785 3598 3906 3652 lau—

2308 3684 2404 3738 des
2453 3684 2668 3739 texebas
2710 3685 3069 3741 innumeras?
3105 3685 3209 3740 Cur
3253 3685 3411 3742 hodie
3455 3687 3724 3742 accusas?
3770 3686 3901 3743 fleri

2310 3774 2568 3840 laudator,
2598 3774 2758 3830 hodie
2778 3785 3054 3830 accusator
3074 3777 3096 3829 τ
3120 3777 3230 3832 heri
3260 3776 3464 3845 laudes,
3494 3777 3652 3834 hodie
3673 3779 3903 3835 crimina

2308 3867 2512 3923 offers?
2538 3872 2666 3934 Quae
2696 3870 2959 3924 mutatio?
2983 3885 3102 3941 qua:
3137 3870 3447 3926 translatio?

2380 3963 2434 4017 5.
2478 3962 2545 4015 At
2573 3975 2675 4015 non
2706 3976 2807 4031 ego
2833 3962 2950 4016 talis
2979 3979 2991 4015 :
3024 3963 3115 4034 qui
3142 3963 3348 4019 insidiis
3369 3963 3681 4035 appetebat,
3713 3974 3903 4035 patro-

2312 4068 2411 4107 nus
2438 4052 2659 4108 effectus
2686 4068 2824 4108 sum.
2872 4052 3154 4109 hmumera
3194 4058 3371 4125 gravia
3406 4072 3594 4127 passus
3619 4099 3633 4123 ,
3668 4073 3774 4113 non
3804 4072 3905 4129 par

2314 4146 2427 4218 pari
2466 4146 2642 4201 retuli.
2684 4146 2966 4201 Dominum
3005 4164 3179 4204 meum
3210 4150 3409 4212 imitor,
3440 4149 3529 4219 qui
3556 4150 3607 4204 in
3634 4164 3795 4205 cruce
3819 4149 3906 4206 di-

2311 4238 2387 4292 xit
2418 4254 2432 4289 :
2466 4236 2671 4292 Dimitte
2695 4239 2765 4291 eis
2797 4254 2815 4293 :
2844 4255 2943 4292 non
2972 4240 3103 4293 enim
3132 4241 3297 4295 sciunt
3333 4241 3454 4311 quid
3499 4242 3692 4312 faciunt
3727 4239 3901 4312 (Luc.

2310 4330 2397 4385 23.
2423 4329 2548 4400 54).
2577 4329 2699 4384 llth
2728 4340 2902 4385 autem
2932 4329 3053 4385 dico
3078 4373 3093 4398 ,
3137 4348 3202 4387 ne
3242 4333 3501 4387 malorum
3528 4347 3625 4389 vos
3666 4334 3911 4404 suspicio

2311 4431 2635 4490 corrumpat.
2666 4422 2805 4489 Qum
2832 4425 3150 4479 mutationes
3175 4424 3513 4487 exstiterunt,
3543 4441 3607 4480 ex
3637 4440 3743 4495 quo
3771 4426 3909 4481 civi-

2313 4514 2405 4568 tati
2437 4513 2559 4567 huic
2590 4512 2797 4582 przefni,
2831 4522 2885 4567 et
2910 4529 3067 4569 nemo
3096 4514 3159 4568 ad
3190 4516 3465 4570 meliorem
3494 4531 3553 4571 se
3578 4515 3786 4587 frugem
3817 4532 3907 4574 re-

2312 4606 2481 4677 cipit?
2504 4606 2636 4662 Cum
2662 4614 2840 4663 autem
2863 4606 3003 4674 dico,
3034 4624 3212 4671 nemo,
3236 4624 3340 4664 non
3367 4624 3555 4665 omnes
3575 4608 3905 4677 condemno,

2313 4699 2469 4753 absit.
2506 4697 2619 4753 Non
2649 4699 2791 4753 enim
2831 4697 2944 4753 fieri
2990 4707 3205 4769 potest,
3236 4711 3293 4754 ut
3321 4701 3420 4755 hoc
3446 4700 3642 4771 pingue
3670 4715 3859 4756 arvum
3893 4741 3911 4767 ,

2315 4804 2606 4849 sementem
2640 4794 2901 4863 recipiens
2925 4837 2938 4859 ,
2969 4804 3205 4864 segetem
3237 4811 3341 4848 non
3373 4793 3608 4865 proferat
3636 4812 3649 4848 :
3679 4794 3773 4851 sed
3802 4810 3909 4866 ego

2316 4884 2625 4939 insatiabilis
2646 4899 2784 4951 sum,
2811 4886 2933 4939 nolo
2962 4900 3176 4957 paucos,
3201 4885 3295 4941 sed
3317 4900 3502 4940 omnes
3523 4885 3750 4941 salutem
3775 4902 3909 4944 eon-

2316 4978 2485 5047 sequi.
2512 4978 2565 5033 Si
2596 4979 2681 5032 vel
2710 4994 2844 5033 unus
2873 4988 3092 5049 pereat,
3122 4994 3219 5049 ego
3251 4980 3381 5048 perii
3406 4997 3420 5033 :
3453 4988 3581 5049 puto
3604 4994 3693 5035 me
3721 4988 3910 5051 pasto.

2318 5086 2430 5125 rem
2462 5072 2606 5125 illum
2634 5070 2826 5125 imitari
2851 5112 2865 5134 ,
2893 5072 2981 5141 qui
3010 5087 3129 5125 eum
3154 5072 3437 5139 nonaginta
3464 5087 3656 5126 novem
3683 5071 3910 5129 haberet

2316 5177 2443 5215 oves
2470 5154 2485 5226 ζ
2511 5162 2576 5216 ad
2603 5178 2758 5216 unam
2785 5180 2902 5232 qua:
2928 5172 3199 5218 erraverat
3234 5164 3460 5218 accurrit
3487 5162 3655 5235 (Luc.
3684 5164 3773 5219 f5.
3804 5164 3840 5219 ι
3865 5164 3909 5237 ).

2316 5255 2603 5324 Quousque
2643 5260 2877 5324 pecunia:
2899 5259 2921 5310 ?
2946 5273 3224 5327 quouSque
3267 5267 3547 5329 argentum
3571 5299 3587 5325 ,
3627 5272 3912 5328 quousque

2315 5365 2502 5404 aurum
2528 5392 2539 5411 .
2571 5366 2845 5419 quousque
2875 5350 3056 5405 viuum
3087 5350 3355 5406 effusum?
3385 5366 3661 5421 quousque
3688 5349 3909 5405 famulo-

2316 5462 2431 5499 rum
2459 5442 2827 5497 adulationes?
2849 5459 3124 5513 quousque
3150 5454 3385 5499 crateres
3413 5444 3689 5499 coronati?
3710 5459 3912 5514 quous~

2319 5552 2422 5606 que
2446 5537 2680 5592 satauica
2708 5535 2969 5602 convivia,
2998 5535 3257 5590 diabolica
3284 5538 3594 5607 operatione
3621 5537 3811 5606 plena?

2316 5713 2533 5775 quentia,
2558 5723 2716 5776 usque
2738 5709 2819 5776 ad,
2844 5708 2885 5760 si
2898 5710 3185 5776 conscientia
3204 5716 3291 5776 tua
3314 5726 3439 5774 pura
3460 5712 3538 5769 sit,
3569 5722 3680 5776 quae
3697 5709 3912 5776 mediam

2317 5772 2511 5823 circiter
2528 5773 2753 5836 paginam
2777 5772 3053 5833 absolvunt,
3078 5775 3130 5822 in
3156 5772 3377 5836 tiditis'et
3421 5777 3470 5822 in
3495 5772 3601 5824 Mss:
3628 5774 3912 5836 benegmul-

2321 5837 2383 5885 tis
2404 5833 2743 5900 desiderantur
2771 5847 2781 5882 :
2825 5835 2913 5900 sed
2938 5833 3184 5887 habentur
3209 5838 3257 5885 in
3298 5838 3443 5900 Regio
3479 5836 3650 5888 Codice
3690 5833 3831 5897 1965.
3856 5839 3912 5889 et

2319 5898 2501 5962 optime
2525 5895 2759 5960 quadrent
2783 5896 2841 5946 ad
2864 5910 3077 5948 sensum.
