4154 6482
239 438 339 495 599
813 429 1099 489 HOMlLIA
1141 426 1228 482 DE
1267 422 1497 482 CAPTO
1538 417 1895 478 EUTROPIO
1934 418 2025 476 ΕΤ
2068 418 2157 475 DE
2197 418 2613 477 DIVITIARUM
2654 419 3036 481 VANITATE.

243 554 353 619 τὸν,
400 551 542 607 ἀλλὰ
586 550 680 616 δὸς
726 549 889 605 αὐτὸν
938 549 1018 612 εἰς
1046 547 1146 610 τὰς
1198 547 1391 617 χεῖρας
1432 543 1542 598 τῶν
1574 544 1846 612 πενήτων.

241 639 443 713 θηρίον
470 640 626 693 ἐστίν
652 640 682 693 6
719 636 977 699 πλοῦτος·
1016 635 1081 688 ἂν
1134 634 1235 705 μὲν
1268 632 1590 704 κατέχηται,
1623 630 1850 699 φεύγει·

245 733 397 789 ἄν’δέ
434 731 833 803 σκορπίζηται,
868 728 1037 799 μένει.
1088 727 1456 794 Ἐσκόρπισε
1501 724 1633 795 γάρ,
1663 721 1851 793 φησὶν,

242 821 426 875 ἔδωκε
453 818 581 886 τοῖς
611 816 895 885 πένησιν,
930 816 967 882 ἡ
986 814 1345 880 δικαιοσύνη
1370 811 1557 868 αὐτοῦ
1571 811 1739 881 μένει
1766 812 1855 875 είς

241 911 349 962 τὸν
368 910 584 963 αἰῶνα.
618 906 944 979 Σκόρπισον,
973 904 1059 957 ἵνα
1084 902 1243 975 μείνῃ
1260 919 1272 932 ·
1305 901 1379 974 μὴ
1407 900 1737 975 κατορύξῃς,
1763 899 1853 954 ἵνα

243 999 318 1069 μὴ
366 996 543 1071 φύγῃ.
595 995 709 1050 Ποῦ
761 996 790 1048 6
838 991 1104 1057 «110610;;
1139 992 1310 1063 ἡδέως
1357 991 1423 1044 ἂν
1468 990 1698 1063 ἐροίμην
1725 988 1854 1052 τοὺς

240 1084 605 1147 ἀπελθόντας.
636 1084 800 1152 Λέγω
835 1083 892 1135 δὲ
929 1080 1104 1135 ταῦτα
1156 1081 1257 1133 οὐκ
1308 1079 1606 1144 ὀνειδίζων,
1643 1076 1717 1149 μή
1760 1075 1853 1145 γέ-

239 1190 404 1235 νοιτο,
443 1172 571 1227 οὐδὲ
616 1170 925 1237 άναξαίνων
982 1170 1054 1224 16
1113 1169 1286 1240 ἐλκη,
1342 1167 1480 1221 ἀλλὰ
1524 1167 1596 1221 τά
1645 1166 1851 1237 ἐτέρων

239 1262 479 1331 ναυάγια
509 1260 645 1331 ύμῖν
673 1258 869 1330 λιμένα
904 1258 1358 1323 κατασκευάζων.
1385 1257 1518 1311 Ὅτε
1566 1256 1615 1309 οἱ
1680 1271 1850 1327 στρα-

236 1350 453 1414 τιῶται,
480 1348 580 1402 καὶ
608 1345 680 1400 τὰ
703 1344 852 1419 ξίφη,
877 1346 967 1401 ὅτε
998 1346 1153 1409 πόλις
1176 1344 1412 1410 ἐκαίετο,
1450 1344 1538 1397 ὅτε
1566 1344 1805 1415 διάδημα
1822 1354 1849 1382 ι

237 1438 337 1492 οὐκ
355 1440 570 1508 ἴσχυεν,
600 1438 692 1491 ὅτε
725 1434 986 1507 πορφύρα
1019 1432 1293 1506 ὑϐρίζετο,
1321 1433 1412 1486 ὅτε
1446 1431 1645 1505 μανίας
1663 1431 1848 1487 πάντα

237 1526 428 1597 ἔγεμε,
458 1524 566 1578 ποῦ
602 1526 634 1579 6
673 1522 939 1589 «10610;;
963 1522 1071 1577 ποῦ
1096 1522 1165 1578 16
1193 1519 1603 1595 άργυρώματας
1631 1520 1735 1575 ποῦ
1790 1522 1848 1575 αἱ

234 1613 418 1667 κλῖναι
454 1614 511 1666 αί
541 1613 820 1685 άργυραῖ;
847 1610 954 1664 ποῦ
989 1613 1038 1665 οἱ
1070 1609 1322 1675 οἰκέταις
1353 1608 1564 1672 Πάντες
1589 1609 1648 1661 ἐν
1674 1612 1842 1680 φυγῇ.

238 1699 350 1755 Ποῦ
370 1701 422 1754 οἱ
449 1699 733 1772 εύνοῦχοι;
766 1699 978 1763 Πάντες
1002 1697 1431 1769 ἐδραπέτευσαν.
1462 1695 1573 1750 Ποῦ
1599 1699 1645 1750 οί
1670 1697 1846 1765 φίλοι;

237 1787 321 1842 T6
353 1790 685 1861 προσωπεῖα
718 1787 1010 1859 ήλλασσον.
1044 1784 1155 1839 Ποῦ
1184 1787 1239 1839 αί
1265 1785 1469 1847 οίκίαι;
1507 1784 1563 1837 Ἀ
1575 1783 1849 1837 πεκλείον-

237 1893 318 1930 το·
354 1875 470 1931 Ποῦ
504 1874 576 1928 τά
613 1875 916 1946 χρήματα;
950 1870 1196 1943 Ἕφυγεν
1223 1873 1251 1926 6
1277 1870 1418 1943 ἔχων
1445 1873 1609 1926 αὐτά.
1638 1873 1749 1925 Καὶ
1782 1876 1850 1926 τὰ

238 1964 503 2036 χρήματα
532 1960 677 2029 ποῦς
716 1959 1051 2032 Κατωρύγη.
1099 1960 1215 2014 Ποῦ
1268 1958 1479 2031 ἐκρύϐη
1500 1958 1660 2013 τοῦτο
1696 1959 1848 2026 610v;

236 2051 328 2122 Μὴ
372 2048 639 2121 φορτικός
692 2048 833 2119 είμι,
890 2048 966 2120 μὴ
1013 2046 1284 2118 ἐπαχθὴς,
1330 2048 1419 2100 ἀεὶ
1460 2046 1656 2115 λέγων,
1708 2047 1792 2100 ὅτι
1821 2046 1850 2099 ὁ

237 2136 471 2201 πλοῦτος
497 2138 627 2201 τοὺς
647 2135 838 2200 κακῶς
858 2135 1237 2207 κεχρημένους
1259 2134 1586 2204 προδίδωσιν
1606 2153 1622 2202 ;
1646 2131 1850 2189 Ἦλθεν

234 2226 262 2277 6
290 2223 490 2297 καιρὸς
512 2224 737 2288 δεικνὺς
766 2222 875 2277 τῶν
906 2222 1172 2296 ῥημάτων
1200 2224 1299 2295 τήν
1331 2221 1617 2295 ἀλήθειαν.
1650 2224 1717 2276 Τί
1752 2241 1852 2278 κα-

235 2312 415 2385 τέχεις
444 2312 634 2379 αὐτὸν,
677 2315 740 2367 ἐν
772 2311 1075 2383 πειρασμῷ
1100 2328 1163 2365 σε
1196 2310 1366 2383 μηδὲν
1398 2310 1754 2378 ὠφελοῦντας
1786 2312 1849 2365 Et

233 2400 346 2471 εχει
364 2400 545 2470 ἰσχὺν,
560 2400 693 2454 ὅταν
708 2397 960 2472 ἐμπέσῃς
974 2399 1058 2461 είς
1076 2398 1348 2471 ἀνάγκην,
1368 2397 1633 2469 παρέστω
1656 2416 1739 2452 σοι
1764 2415 1776 2427 ·
1800 2399 1848 2452 εί

230 2488 288 2545 δέ
311 2489 441 2543 τότε
477 2488 697 2559 φεύγει,
713 2489 770 2541 τί
800 2492 993 2562 χρείαν
1009 2487 1176 2541 αὑτοῦ
1193 2487 1337 2559 ἔχεις
1358 2488 1541 2553 ςΑὑτὰ
1563 2489 1633 2542 τά
1665 2488 1847 2560 πράγ-

235 2595 382 2650 ματα
416 2580 714 2649 μαρτυρεῖ.
749 2577 816 2630 Τί
846 2576 907 2631 τὸ
949 2573 1180 2645 ὅφελος;
1213 2575 1359 2646 Ξίφη
1388 2576 1730 2651 ἠκονημένα,
1752 2576 1848 2631 θά-

233 2686 391 2732 νατος
420 2666 842 2739 ἀπειλούμενος,
871 2665 1236 2739 στρατόπεδον
1282 2667 1634 2738 μαινόμενον,
1678 2684 1848 2740 προσ-

230 2756 387 2811 δοκία
411 2754 654 2826 ἀπειλῆς
679 2753 834 2828 [589]
866 2754 1169 2826 τοσαύτης·
1218 2755 1312 2808 καὶ
1347 2756 1398 2807 6'
1424 2754 1655 2819 πλοῦτος
1686 2757 1848 2809 ούδα-
1886 2784 1893 2791 ε

234 2844 361 2914 μοῦ.
391 2842 508 2897 Ποῦ
536 2844 787 2914 ἐφυγενό
806 2842 1120 2916 δραπέτης;
1150 2843 1321 2908 Αὐτός
1347 2861 1433 2897 σοι
1458 2840 1840 2899 κατεσκεύασε

227 2931 408 2987 ταῦτα
440 2932 646 2996 πάντα,
686 2932 783 2985 καὶ
807 2933 865 2985 ἐν
896 2931 1076 3003 καιρῷ
1109 2932 1362 3001 ἀνάγκτς
1408 2932 1623 3002 φεύγει.
1651 2932 1846 2987 Καίτοι

228 3021 421 3076 πολλοὶ
467 3019 770 3090 ἐγκαλοῦσί
800 3035 892 3091 μοι
936 3021 1026 3074 ἀεὶ
1066 3019 1344 3099 λέγοντες,
1364 3019 1709 3092 Κεκὸλλησαι
1735 3024 1847 3085 τοῖς

228 3108 513 3174 πλουσίοις
533 3126 547 3140 ’
585 3110 684 3163 καὶ
716 3108 828 3179 γὰρ
880 3108 975 3163 καὶ
1007 3109 1208 3163 ἐκεῖνοι
1235 3109 1322 3162 ἀεὶ
1353 3108 1714 3178 κεκόλληνται
1733 3110 1847 3173 τοῖς

229 3199 487 3269 πένησιν.
531 3196 677 3266 Ἐγὼ
702 3196 761 3251 δέ
795 3196 1138 3268 κεκόλλημαι
1166 3199 1278 3261 τοῖς
1304 3196 1583 3261 πλουσίοις
1600 3214 1614 3227 ’
1643 3197 1705 3249 06
1733 3200 1848 3261 τοῖς

229 3286 516 3349 πλουσίοις
536 3284 616 3349 δὲ,
652 3284 792 3342 ἀλλὰ
823 3286 938 3348 τοῖς
980 3283 1166 3347 κακῶς
1196 3282 1278 3357 τῷ
1322 3283 1539 3355 πλούτῳ
1564 3284 1846 3356 κεχρημέ⁶

234 3391 360 3437 σοις.
409 3373 528 3426 Ἀεὶ
551 3372 664 3445 γάρ
718 3372 883 3441 λέγω,
914 3374 998 3427 ὅτι
1025 3374 1088 3427 06
1120 3372 1212 3426 16v
1245 3372 1503 3427 πλούσιον
1549 3372 1844 3437 διαϐάλλω,

226 3460 366 3516 ἀλλὰ
402 3460 499 3514 16v
541 3460 796 3535 ἅρπαγα.
833 3459 999 3515 ’Δλλο
1026 3460 1085 3515 δέ
1129 3460 1411 3527 πλούσιος,
1448 3461 1542 3516 καὶ
1582 3461 1712 3515 ἄλλο
1746 3460 1848 3532 ἆρ-

227 3550 371 3618 παξο
412 3548 549 3604 ἄλλο
576 3548 834 3622 εὖπορος,
858 3550 954 3603 καὶ
980 3548 1109 3603 ἄλλο
1144 3549 1498 3619 πλεονέκτης.
1542 3549 1752 3622 Διαίρει
1777 3550 1847 3604 16

227 3638 563 3711 πράγματα,
595 3638 694 3691 καὶ
736 3637 812 3708 μή
851 3636 1050 3709 σύγχεε
1082 3636 1153 3690 τά
1202 3639 1431 3709 ἄμικτα.
1462 3638 1727 3702 Πλοῦσιος
1758 3633 1841 3705 εἷς

228 3730 303 3783 Οὐ
348 3727 574 3784 κωλύω.
614 3727 839 3799 Ἅρπαξ
871 3722 955 3795 εἷς
1000 3727 1336 3798 Κατηγορῶ.
1373 3728 1561 3801 Ἔχεις
1607 3728 1677 3783 16
1744 3728 1843 3793 06;

241 3816 536 3871 ’Δπόλαυε.
566 3815 887 3887 Λαμϐάνεις
922 3815 991 3870 16
1020 3815 1311 3888 61161016;
1344 3816 1421 3873 O6
1463 3818 1623 3886 σιγῶ.
1658 3817 1847 3883 Θέλεις

232 3923 301 3977 με
332 3903 595 3968 λιθάσαι;
633 3903 896 3975 Ἐτοιμός
924 3905 1043 3975 ειμι
1070 3903 1133 3957 16
1157 3898 1301 3975 αἷμά
1336 3923 1440 3976 μου
1474 3905 1712 3977 ἐκχέειν,
1746 3906 1846 3977 μό-

230 4011 317 4047 νον
344 3992 451 4064 τὴν
488 3991 770 4064 ἁμαρτίαν
808 4008 904 4045 σου
937 3991 1154 4047 κωλύω.
1207 3992 1365 4064 Ἐμοὶ
1388 3993 1450 4046 06
1474 3991 1629 4064 μέλει
1664 3994 1842 4065 μῖσος,

230 4082 290 4138 ού
328 4081 488 4154 μέλει
524 4099 618 4153 μοι
647 4081 919 4152 πόλεμοςο
957 4081 1076 4145 ἐνὸς
1107 4080 1165 4135 δέ
1198 4098 1291 4153 μοι
1327 4081 1489 4152 μόνον
1536 4080 1712 4153 μέλει,
1742 4082 1846 4153 τῆς

230 4170 523 4244 προκοπῆς
551 4169 663 4224 τῶν
690 4168 1024 4223 ἀκουόντων.
1058 4169 1172 4224 Καὶ
1199 4170 1251 4223 οἱ
1282 4169 1533 4224 πλούσιοι
1572 4170 1685 4241 ἐμά
1720 4170 1846 4225 τέκ-

231 4276 317 4323 να,
346 4260 447 4315 καὶ
482 4259 535 4311 οί
563 4257 800 4328 πένητες
836 4256 947 4329 ἐμὰ
992 4256 1189 4311 τέκνω
1220 4258 1256 4329 ή
1308 4256 1450 4329 αὑτὴ
1499 4256 1717 4330 γαστὴρ
1745 4257 1848 4329 άμ-

232 4348 499 4421 φοτέρους
530 4345 764 4401 ὤδινενθ
801 4346 857 4399 αί
889 4345 1051 4400 αὑταὶ
1101 4344 1296 4409 ὠδῖνες
1337 4344 1687 4417 ἀμφοτέρους
1737 4343 1847 4399 ἐτε-

233 4453 346 4492 κον.
382 4438 485 4489 Ἂν
531 4435 719 4488 τοίνυν
764 4432 1100 4504 κεκόλλησαι
1147 4430 1225 4503 τῷ
1272 4432 1494 4505 πένητι,
1549 4433 1845 4506 κατηγορῶ

236 4541 358 4580 σου·
397 4524 461 4577 06
508 4522 621 4595 γὰρ
668 4519 768 4575 τοῦ
818 4521 1058 4593 πένητος
1103 4519 1342 4592 τοσαύτη
1378 4520 1575 4593 ζημία,
1609 4521 1708 4593 δση
1747 4520 1843 4576 τοῦ

236 4612 494 4667 πλουσίου
516 4613 568 4666 δ.
618 4610 682 4668 Ὀ
712 4612 815 4682 μὲν
844 4611 956 4682 γὰρ
989 4611 1162 4681 πένης
1188 4610 1344 4665 οὐδὲν
1380 4610 1525 4682 μέγα
1552 4611 1839 4665 άδικείταν

236 4704 315 4767 εις
341 4704 612 4775 χρήματα
640 4700 753 4772 γάρ
790 4699 1093 4772 βλάπτεται
1113 4714 1129 4730 ⁸
1165 4701 1230 4754 σὺ
1251 4700 1309 4754 δὲ
1344 4702 1425 4765 είς
1451 4700 1632 4772 ψυχὴν
1669 4700 1845 4771 βλάπ-

235 4806 320 4866 τῃ.
340 4792 400 4844 '0
418 4790 749 4862 βουλόμενος
767 4790 938 4844 άποτε
947 4788 1149 4861 μνέτω,
1168 4792 1196 4843 6
1213 4788 1539 4860 βουλόμενος
1552 4789 1841 4857 λιθαζέτω,

235 4882 262 4932 ὀ
291 4878 620 4950 βουλόμενος
659 4877 891 4950 μισείτω
910 4895 925 4911 ο
965 4877 1242 4949 ὑποθῆκαι
1271 4876 1381 4949 γάρ
1406 4878 1533 4947 ἐμοὶ
1563 4879 1844 4948 στεφάνων

236 4967 290 5019 αι
312 4965 624 5030 ἐπιϐουλαὶ,
658 4966 755 5019 καὶ
787 4963 1022 5037 ἀριθμὸς
1058 4963 1330 5036 βραϐείων
1359 4965 1428 5019 16
1459 4966 1773 5038 τραύματα.

301 5053 365 5109 δ’.
409 5054 488 5107 06
520 5053 742 5107 δέδοικα
768 5052 948 5107 τοίνυν
978 5051 1307 5123 ἐπιϐουλήν
1341 5052 1398 5105 ἓν
1424 5052 1637 5108 δέδοικα
1663 5055 1843 5125 μόνον,

237 5138 536 5211 ἁμαρτίαν.
592 5136 679 5209 Μὴ
735 5132 803 5208 μέ
849 5154 934 5201 τις
983 5136 1181 5211 ἐλέγξῃ
1230 5138 1637 5210 ἁμαρτάνοντα,
1684 5140 1779 5193 καὶ
1810 5142 1844 5211 ή

238 5222 534 5293 οἰκουμένη
559 5222 713 5276 πᾶσα
734 5221 1047 5293 πολεμείτω
1078 5240 1188 5293 μοι.
1226 5223 1285 5277 ’0
1304 5222 1415 5293 γὰρ
1434 5222 1672 5294 πόλεμος
1690 5218 1845 5289 οὗτος

237 5302 623 5377 λαμπρότερόν
643 5322 711 5376 με
732 5304 1050 5377 ἐργάζεται.
1078 5305 1235 5360 Οὕτω
1257 5306 1353 5360 καὶ
1373 5307 1519 5377 ὑμᾶς
1556 5306 1844 5362 παιδεῦσαι

240 5387 524 5461 βούλομαι.
549 5388 667 5461 [Μὴ
707 5388 985 5460 φοϐηθῆτε
1007 5388 1305 5461 ἐπιϐουλὴν
1334 5389 1595 5444 δυνάστου
1622 5401 1670 5456 ο,
1708 5390 1845 5445 άλλὰ

296 5504 322 5533 ⁸
350 5500 584 5581 ιξηιιξςία
609 5502 873 5581 hgbet,
887 5506 924 5581 ᾖ
944 5503 1082 5581 πόλις
1100 5502 1308 5559 ἐκαίετο,
1333 5502 1413 5573 ὅτε
1427 5502 1570 5579 μανία
1588 5504 1843 5581 ἀφόρητος,

238 5563 316 5616 ὅτε
334 5567 475 5629 νόμοι
486 5563 772 5623 έπατοῦντο,
785 5565 866 5612 ὅτε
887 5565 1095 5628 βασιλεῖς
1104 5563 1501 5628 κατεφρονοῦντο,
1515 5566 1595 5612 ὅτε
1615 5563 1840 5627 διάδημα.

240 5686 281 5699 Μ
298 5628 325 5667 b
351 5630 592 5699 Slc_unu§
632 5626 822 5696 Begiys
845 5624 1066 5699 _0pli§ne.
1096 5626 1309 5699 Edi‘tLet
1347 5624 1432 5675 atii
1454 5628 1509 5674 06
1530 5625 1617 5674 τοῦ
1644 5628 1844 5684 πένητος

240 5686 290 5740 δέ
306 5689 542 5740 τοσοῦτον
562 5690 679 5737 ὅσον
701 5686 788 5736 τοῦ
808 5686 1041 5737 πλουσίου
1079 5690 1136 5737 τὸ
1176 5688 1405 5749 ἀδίκημα.

299 5753 324 5783 ε
347 5753 465 5802 "we
496 5751 671 5808 verba,
716 5751 780 5812 μή
810 5752 1067 5813 φοϐηθῆτε
1105 5751 1359 5807 ἐπιϐουλὴν
1389 5750 1642 5813 δυνάστου,
1674 5757 1726 5799 et
1762 5763 1843 5813 SC-

242 5816 457 5876 quentia,
486 5825 648 5876 usque
688 5813 748 5861 ad
775 5812 933 5866 €561.16
956 5813 1174 5876 συνειδὸς
1192 5828 1281 5859 σου
1318 5814 1522 5876 καθαρὸν
1567 5812 1617 5873 ᾖ,
1648 5812 1843 5861 uncinis

243 5874 760 5937 inclusimus.'utpote
802 5876 985 5937 quaajn
1034 5874 1206 5924 multis
1247 5886 1358 5924 cum
1402 5874 1553 5924 editis
1594 5882 1697 5923 tum
1734 5888 1838 5924 ma-

235 5940 499 6002 huscriplis
536 5934 883 5987 non'cxstem.
915 5934 1049 5987 Εοιτ.

3460 427 3569 483 400

1961 558 2236 630 φοϐήθητε
2259 560 2537 631 ἁμαρτίας
2560 559 2819 629 δύναμιν.
2841 560 3171 633 ’Ἄνθρωπός
3190 578 3251 616 σε
3270 563 3331 617 06
3351 562 3567 636 βλάψει,

1957 646 2056 702 ἐὰν
2085 648 2161 719 μή
2213 649 2279 702 σὺ
2336 649 2565 704 σεαυτὸν
2609 648 2842 724 πλήξῃς.
2895 650 3022 704 Ἐάν
3072 651 3148 722 μὴ
3197 652 3332 725 έχῃς
3384 654 3572 728 ἁμαρ-

1955 736 2100 801 τίαν,
2136 736 2232 790 καὶ
2284 736 2460 809 μυρία
2506 736 2638 808 ξίφη
2689 738 2865 810 παρῇ.
2926 737 3170 810 ἁρπάζει
3227 755 3289 792 σε
3335 740 3365 792 6
3403 740 3569 807 Θεός·

1956 825 2054 879 ἐὰν
2096 824 2155 879 δέ
2204 824 2332 900 ἔχῃς
2369 826 2646 899 ἁμαρτίαν
2686 826 2781 880 καὶ
2830 828 2889 879 ἐν
2938 826 3255 899 παραδείσῳ
3284 821 3371 902 ᾗς,
3407 827 3569 885 ἐκπίέ

1957 928 2134 981 πτεις.
2169 914 2261 971 Ἐν
2292 916 2612 989 παραδείσῳ
2638 912 2706 990 ἦν
2727 919 2756 972 ό
2788 915 2985 988 Ἀδὰμ,
3008 916 3106 970 καὶ
3123 916 3351 971 ἔπεσεν·
3386 920 3446 973 ἐν
3473 936 3570 975 κο-

1956 1004 2096 1077 πρίᾳ
2125 1000 2195 1077 ἦν
2229 1006 2258 1059 6
2299 1005 2442 1075 Ἰὼϐ,
2481 1006 2579 1061 καὶ
2604 1004 2983 1076 ἐστεφανώθη.
3016 1005 3084 1059 Τί
3107 1004 3395 1078 ὠφέλησεν
3423 1007 3573 1062 ἐκεῖ·

1955 1112 2047 1149 νον
2076 1098 2105 1149 6
2141 1096 2504 1169 παράδεισος;
2558 1097 2592 1170 ἢ
2635 1096 2691 1150 τί
2742 1095 2945 1166 ἔϐλαψε
2989 1096 3183 1150 τοῦτον
3232 1097 3267 1169 ή
3324 1097 3566 1170 κοπρίας

1968 1183 2197 1258 Ἑκείνῳ
2220 1186 2399 1251 οὐδεὶς
2412 1185 2829 1253 ἐπεϐούλευσεν,
2860 1185 2953 1241 καὶ
2973 1185 3344 1259 ὑπεσκελίσθη
3362 1187 3569 1260 ’τούτῳ

1953 1276 1983 1328 6
2010 1273 2279 1340 διάϐολος,
2311 1274 2408 1329 καὶ
2438 1274 2818 1345 ἐστεφανώθη.
2858 1274 2935 1328 O6
2985 1274 3057 1327 16
3088 1274 3354 1347 χρήματα
3396 1275 3568 1329 αὐτοῦ

1954 1362 2189 1429 ἐλαϐενς
2249 1362 2400 1418 Αλλά
2430 1364 2532 1437 τὴν
2566 1363 2854 1419 εὐσέϐειαν
2885 1364 2988 1418 οὐκ
3016 1362 3307 1434 ἐσύλησεν.
3334 1366 3409 1421 06
3439 1367 3571 1431 106;

1956 1450 2154 1516 παῖδας
2201 1450 2371 1505 αὐτοῦ
2402 1452 2691 1523 ἠρπασεν;
2742 1450 2907 1505 Ἀλλά
2938 1450 3042 1522 τὴν
3073 1450 3259 1507 πίστιν
3293 1454 3396 1508 οὐκ
3438 1454 3569 1509 ἐσάε-

1954 1538 2170 1596 λευσεν.
2201 1540 2276 1593 06
2299 1539 2361 1593 τὸ
2400 1539 2562 1611 σῶμα
2580 1538 2749 1595 αὐτοῦ
2784 1537 3114 1613 διέῤῥηξεν;
3157 1541 3320 1597 Ἀλλά
3344 1544 3435 1597 τὸν
3472 1542 3570 1615 θη-

1956 1628 2157 1701 σαυρὸν
2190 1628 2291 1700 ούχ
2326 1620 2505 1699 εὗρεν.
2537 1627 2614 1683 O6
2659 1629 2762 1699 τήν
2800 1631 3041 1698 γυναῖκα
3073 1629 3244 1685 αὐτοῦ
3294 1631 3563 1698 ὠπλισενς

1968 1719 2135 1774 Ἀλλά
2166 1719 2260 1775 16v
2305 1718 2651 1792 στρατιώτην
2683 1719 2784 1791 οὐχ
2829 1715 3219 1777 ύπεσκελισεν.
3252 1721 3370 1775 Οὐκ
3402 1720 3563 1775 ἔϐαλε

1953 1806 2087 1875 τόξα
2116 1809 2212 1863 καὶ
2248 1806 2378 1879 βέλη
2402 1824 2416 1873 ;
2466 1806 2629 1861 Ἀλλά
2650 1806 2947 1879 τραύματα
2972 1806 3073 1861 οὐκ
3103 1807 3343 1874 ἐδέξατο.
3386 1810 3568 1883 Προσ-

1954 1899 2132 1969 ήγαγε
2176 1896 2574 1968 μηχανήματα,
2628 1896 2767 1951 6116
2821 1895 2917 1949 τὸν
2983 1895 3199 1969 πύργον
3262 1897 3364 1952 ούκ
3421 1896 3567 1952 tau-

1956 2002 2049 2040 σεν
2074 2002 2087 2018 ο
2122 1985 2375 2056 ἐπήγαγε
2401 1982 2648 2056 κύματα,
2681 1982 2820 2038 6116
2853 1984 2916 2037 16
2944 1983 3132 2039 πλοῖον
3181 1984 3245 2040 06
3292 1984 3563 2040 κατεπόν-

1952 2091 2094 2130 τισε.
2136 2073 2341 2128 Τοῦτόν
2393 2090 2485 2145 μοι
2523 2073 2618 2128 τὸν
2654 2073 2822 2145 νόμον
2856 2075 3139 2148 τηρήσατε
3168 2114 3185 2138 ,
3227 2075 3560 2147 παρακαλῶ,

1953 2160 2054 2213 καὶ
2092 2158 2204 2212 τῶν
2237 2157 2484 2226 γονάτων
2529 2158 2685 2229 ὑμῶν
2723 2159 3009 2230 ἅπτομαι,
3048 2162 3099 2213 εί
3131 2160 3227 2215 καὶ
3276 2159 3353 2233 μή
3392 2162 3562 2234 χειρὶ,

1953 2241 2091 2297 ἀλλὰ
2117 2244 2185 2315 τῇ
2215 2240 2413 2315 γνώμῃ
2437 2282 2454 2309 ,
2483 2242 2580 2295 καὶ
2606 2242 2822 2313 δάκρυα
2850 2241 3049 2313 ἐκχέω.
3079 2241 3285 2298 Τοῦτόν
3316 2261 3409 2315 μοι
3458 2261 3564 2315 τη-

1957 2328 2163 2399 ρήσατε
2188 2326 2283 2380 τὸν
2329 2325 2495 2398 νόμον
2524 2367 2540 2392 ,
2572 2325 2669 2380 καὶ
2704 2325 2885 2390 οὐδεὶς
2916 2326 3065 2398 ὑμᾶς
3100 2325 3352 2397 βλάπτει.
3380 2327 3565 2399 Μηδέ-

1954 2431 2087 2468 ποτε
2110 2410 2454 2486 μακαρίζετε
2486 2410 2747 2465 πλούσιον
2821 2410 3095 2483 μηδέποτε
3134 2411 3454 2479 ταλανίζετε
3491 2410 3565 2488 [ει

1956 2497 2032 2570 μή
2056 2496 2174 2570 τὸν]
2206 2499 2266 2551 ἐν
2294 2494 2544 2567 ἁμαρτίᾳ
2566 2512 2580 2526 ι
2610 2494 2949 2568 μακαρίζετε
2980 2495 3075 2550 τὸν
3113 2497 3173 2550 ἐν
3215 2495 3539 2570 δικαιοσύνῃ

1953 2584 2029 2637 U6
2056 2582 2167 2656 γὰρ
2196 2584 2230 2655 ἡ
2260 2580 2424 2652 φύσις
2452 2579 2563 2634 τῶν
2588 2579 2968 2652 πραγμάτων,
3009 2579 3128 2635 611‘
3169 2582 3203 2653 ή
3229 2579 3427 2653 γνώμη
3452 2580 3566 2640 τῶν

1952 2667 2261 2738 ἀνθρώπιον
2287 2668 2384 2721 καὶ
2409 2664 2602 2719 τοῦτον
2643 2664 2903 2718 κάκεῖνον
2932 2668 3101 2721 ποιεί.
3135 2665 3426 2738 Μηδέποτε
3460 2684 3566 2739 φο-

1952 2755 2129 2826 ϐηθῇς
2157 2751 2316 2823 ξίφη.
2347 2751 2443 2804 ἐάν
2492 2749 2569 2821 μή
2612 2748 2675 2802 16
2708 2748 2953 2813 συνειδὸς
3002 2766 3100 2804 σου
3153 2751 3516 2824 κατηγορήσῃ
3546 2768 3563 2786 ο

1951 2837 2107 2912 [390]
2143 2836 2416 2908 μηδέποτε
2446 2833 2695 2906 φοϐηθῇς
2724 2834 2784 2887 tv
2811 2832 3069 2905 πολέμῳ,
3098 2833 3196 2890 ἐὰν
3229 2835 3293 2889 16
3322 2835 3566 2899 συνειδός

1952 2941 2049 2977 σου
2086 2915 2388 2994 καθαρδνῇ
2418 2918 2438 2992 ἶ
2475 2917 2589 2973 Ποῦ
2632 2919 2683 2970 οί
2712 2917 3081 2983 άπελθόντεςς
3115 2918 3240 2973 είπέ
3274 2935 3387 2989 μοι.
3424 2918 3566 2989 υύχὶ

1951 3008 2155 3070 πάντες
2191 3005 2556 3070 ύπέκυπτον;
2591 3002 2716 3073 οὐχὶ
2767 3004 2818 3057 οί
2873 3004 2933 3055 ἐν
2973 3002 3118 3075 ἀρχῇ
3166 3002 3322 3067 ὄντες
3373 3003 3575 3074 μεῖζον

1949 3092 2182 3164 ἔτρεμον
2233 3089 2481 3156 αύτούς;
2535 3089 2637 3142 οὐκ
2687 3084 3070 3160 ἐθεράπευονς
3125 3086 3268 3142 Ἀλλ’
3311 3078 3479 3160 ἦλθεν
3525 3089 3562 3160 ή

1950 3177 2221 3249 ἁμαρτία,
2249 3175 2347 3230 καὶ
2374 3174 2555 3229 πάντα
2595 3170 2839 3245 ἠλέγχθη
2860 3188 2874 3204 ⁸
2911 3173 3007 3226 καὶ
3042 3173 3093 3226 οί
3122 3171 3458 3245 θεράποντες
3488 3173 3564 3229 δι-

1949 3262 2152 3314 κασταὶ
2189 3258 2442 3329 ἐγένοντο
2469 3297 2485 3319 .
2516 3258 2568 3311 οἱ
2617 3254 3014 3321 κολακεύοντες
3065 3256 3254 3329 δήμιοι
3288 3274 3303 3289 ⁸
3363 3260 3415 3313 οἱ
3459 3256 3564 3322 τάς

1948 3347 2141 3417 χεῖρας
2167 3341 2630 3413 καταφιλοῦντες,
2660 3341 2835 3396 ,αὐτοὶ
2870 3340 3035 3396 αὑτὸν
3070 3336 3254 3397 εἷλκον
3303 3341 3416 3398 ἀπὸ
3458 3342 3563 3415 τῆς

1948 3427 2252 3500 ἐκκλησίας
2271 3466 2287 3493 ,
2318 3427 2417 3480 καὶ
2439 3426 2469 3479 6
2497 3424 2629 3497 χθές
2658 3425 2761 3499 τήν
2801 3428 2964 3497 χεῖρα
3004 3424 3281 3496 καταφιλᾶ
3292 3442 3323 3479 ν
3340 3468 3352 3491 ,
3384 3426 3562 3501 σήμε-

1952 3530 2044 3585 ρον
2076 3512 2358 3583 πολέμιος.
2388 3509 2487 3563 Διὰ
2525 3508 2579 3563 τί
2602 3527 2618 3576 ;
2638 3509 2763 3563 Ὀτι
2792 3507 2917 3563 οὔτε
2960 3508 3089 3581 χθὲς
3124 3508 3265 3580 μετά
3297 3510 3563 3582 ἀληθείας

1950 3595 2148 3668 ἐφίλει.
2173 3591 2350 3649 ’Ἦλθε
2378 3592 2490 3667 γὰρ
2525 3594 2554 3647 6
2580 3593 2807 3665 καιρὸς,
2840 3594 2937 3647 καὶ
2963 3592 3205 3666 ἠλέγχθη
3246 3594 3316 3648 τά
3344 3612 3565 3667 προσω-

1951 3685 2103 3737 πεῖα.
2141 3681 2215 3735 Οὐ
2256 3679 2383 3752 χθές
2435 3678 2536 3743 16;
2583 3680 2776 3751 χεῖρας
2821 3677 3140 3748 κατεφίλεις
3162 3719 3177 3743 ,
3206 3679 3303 3733 καὶ
3337 3682 3564 3752 σωτῆρα

1948 3764 2270 3838 ὠνόμαζες,
2317 3764 2415 3819 καὶ
2446 3762 2727 3835 κηδεμόνα
2754 3802 2769 3827 ,
2821 3764 2917 3817 καὶ
2953 3764 3292 3835 εὐεργέτην;
3322 3764 3426 3819 οὐκ
3468 3766 3564 3836 ἐγ.

1948 3852 2136 3922 κώμια
2185 3848 2413 3919 ὕφαινες
2460 3846 2665 3920 μυρίας
2695 3846 2797 3901 Διὰ
2833 3846 2888 3900 τί
2922 3848 3165 3918 σήμερον
3189 3852 3561 3921 κατηγορεῖς;

1948 3935 2094 3999 Χθές
2123 3933 2419 4005 ἐπαινέτης
2444 3973 2459 3997 ,
2491 3930 2586 3985 καὶ
2637 3934 2883 4004 σήμερον
2930 3933 3273 4005 κατήγορος;
3308 3933 3439 4004 χθὲς
3467 3936 3567 4005 εγ.

1949 4017 2158 4090 κώμια,
2190 4017 2288 4071 καὶ
2319 4016 2562 4088 σήμερον
2587 4014 2916 4087 ἐγκλήματα
2939 4014 3190 4087 μιγνύεις
3216 4032 3232 4083 ;
3260 4017 3360 4082 Τίς
3393 4021 3428 4090 ἠ
3460 4036 3564 4090 με-

1948 4103 2151 4177 ταϐολή
2175 4121 2191 4170 ;
2220 4103 2307 4166 τίς
2334 4103 2370 4175 ἠ
2400 4100 2772 4173 μετάστασιςς

2020 4221 2061 4269 ε’
2071 4257 2083 4269 .
2102 4212 2245 4267 Ἀλλ’
2260 4212 2363 4267 ούκ
2379 4210 2493 4281 ἐγὼ
2503 4209 2768 4274 τοιοῦτος·
2786 4210 2902 4265 611‘
2920 4210 3034 4281 ἐγὼ
3045 4212 3560 4287 ἐπιϐουλευόμενος,

1950 4302 2268 4375 προστάτης
2300 4301 2593 4373 ἐγενόμην.
2637 4300 2829 4373 Μυρία
2861 4300 3064 4355 ἔπαθον
3103 4300 3289 4368 δεινὰ,
3333 4304 3429 4357 καὶ
3458 4304 3561 4361 οὐκ

1948 4390 2301 4465 ἠμειψάμην.
2334 4389 2440 4444 Τὸν
2484 4389 2597 4461 γὰρ
2625 4388 2910 4462 Δεσπότην
2940 4389 3034 4444 τὸν
3066 4389 3308 4462 ἐμαυτοῦ
3363 4392 3562 4464 μιμοῦ-

1953 4498 2073 4554 μαι,
2096 4480 2155 4545 6;
2176 4481 2235 4533 tv
2256 4478 2336 4550 τῷ
2365 4477 2588 4550 σταυρῷ
2617 4476 2805 4547 ἔλεγεν
2826 4494 2841 4508 ·
2870 4480 3049 4548 Ἄφες
3076 4478 3285 4545 αὐτοῖς
3307 4495 3324 4511 ·
3350 4484 3424 4538 οὐ
3443 4480 3560 4553 τύρ

1948 4569 2151 4626 οἴδασι
2179 4570 2239 4623 τί
2265 4567 2557 4623 ποίοὗσιν
2595 4566 2786 4621 Ταῦτα
2816 4566 2875 4621 δέ
2897 4566 3065 4636 λέγω,
3094 4567 3185 4621 ἵνα
3210 4567 3289 4642 μή
3319 4570 3388 4641 τῇ
3420 4568 3558 4624 ὑπο-

1948 4659 2069 4732 νοίᾳ
2092 4657 2204 4713 τῶν
2234 4654 2491 4729 πονηρῶν
2520 4654 2999 4729 παραφθείρησθε.
3031 4654 3204 4709 Πόσαι
3255 4656 3557 4725 μεταϐολαὶ

1948 4747 2258 4818 γεγόνασιν,
2290 4744 2350 4810 ἐξ
2381 4738 2443 4799 06
2472 4743 2574 4813 τῆς
2604 4743 2815 4808 πόλεως
2840 4744 3098 4815 ἐπέστην,
3122 4744 3221 4798 καὶ
3240 4744 3414 4810 οὐδεὶς
3446 4764 3557 4801 σω-

1948 4834 2270 4909 φρονίξεται
2296 4852 2311 4899 ;
2343 4832 2535 4897 Οὐδεὶς
2570 4832 2629 4887 δὲ
2661 4834 2793 4887 ὅταν
2826 4833 2967 4887 εῐπω
2992 4873 3008 4897 ,
3037 4833 3102 4886 06
3130 4834 3352 4889 πάντων
3379 4852 3555 4891 κατα-

1948 4922 2239 4994 γινώσκω·
2268 4922 2347 4994 μὴ
2373 4921 2605 4991 γένοιτο.
2635 4921 2711 4975 Οὐ
2736 4919 2849 4993 γάρ
2884 4918 3000 4974 tm
3026 4922 3127 4992 τήν
3155 4922 3400 4996 ἄρουραν
3425 4924 3561 4979 166-

1947 5031 2050 5086 την
2072 5014 2173 5085 τὴν
2194 5010 2434 5083 λιπαρὰν
2457 5050 2472 5074 ,
2497 5009 2803 5081 δεξαμένην
2832 5009 3150 5083 σπέρματα,
3193 5010 3270 5084 μὴ
3303 5013 3400 5067 καὶ
3427 5014 3558 5069 nd-

1949 5120 2051 5175 χυν
2079 5102 2357 5171 ἐνεγκεῖνσ
2386 5099 2506 5153 ἀλλ’
2531 5098 2644 5168 ἐγὼ
2670 5099 2972 5170 άκόρεστός
3012 5101 3159 5171 είμι,
3192 5102 3254 5154 06
3291 5100 3557 5173 βούλομαι

1948 5192 2164 5261 ὀλίγους
2209 5188 2473 5262 σωθῆναι,
2511 5187 2648 5242 6116
2683 5187 2916 5252 πάντας.
2951 5187 3074 5243 Κᾶν
3124 5182 3207 5253 εἷς
3247 5189 3554 5262 ἀπολειφθῇ

1949 5280 2323 5353 ἀπολλύμενος
2343 5320 2357 5343 ,
2388 5277 2500 5348 ἐγὼ
2526 5278 2734 5333 άπόλλυ
2744 5296 2863 5349 μαι,
2900 5278 2996 5333 καὶ
3026 5272 3183 5348 οἶμαι
3206 5276 3298 5332 16v
3321 5279 3559 5351 ποιμένα

1952 5372 2159 5425 ἐκεῖνον
2187 5369 2497 5441 μιμεῖσθαι,
2515 5367 2573 5432 ὃς
2597 5368 2926 5439 ἐνενήκοντα
2949 5368 3105 5420 ἐννέα
3132 5363 3247 5436 εἶχε
3278 5366 3553 5439 πρόϐατα,

1950 5458 2045 5512 καὶ
2078 5460 2169 5513 ἐπὶ
2206 5459 2269 5512 16
2315 5458 2374 5511 ἐν
2427 5457 2854 5529 πεπλανημένον
2901 5455 3157 5527 ἔδραμεν.
3200 5455 3383 5527 Μέχρι
3420 5457 3554 5512 πότι

1948 5549 2250 5619 χρήματα;
2283 5547 2446 5617 μέχρι
2476 5546 2607 5600 πότε
2640 5546 2904 5618 ἄργυρος·
2944 5545 3109 5617 μέχρι
3148 5544 3277 5599 πότε
3311 5547 3551 5616 χρυσός;

1952 5638 2117 5711 μέχρι
2149 5639 2281 5693 πότε
2314 5634 2456 5702 οἶνος
2495 5638 2859 5708 ἐκχεόμενος;
2905 5635 3067 5708 μέχρι
3102 5635 3233 5688 πότε
3267 5634 3553 5691 κολακεῖαι

1946 5727 2207 5793 οἰκετῶν;
2266 5726 2429 5797 μέχρι
2464 5726 2595 5777 πότε
2645 5728 2924 5797 κρατῆρες
2976 5724 3339 5796 ἐστεμμένοι;
3388 5724 3553 5796 μέχρι

1949 5815 2080 5869 πότε
2126 5816 2403 5885 συμπόσια
2448 5815 2713 5869 σατανικὰ
2740 5855 2755 5880 ,
2801 5815 2896 5868 καὶ
2939 5814 3252 5885 διαϐολικῆς
3306 5814 3551 5887 γέμοντα

1951 5905 2036 5959 tv:
2047 5905 2230 5975 ργείας
2248 5922 2264 5971 ;
