4154 6490
618 446 716 504 ιυι

688 557 802 611 Οὐκ
823 548 978 609 οἶσθα
998 595 1012 619 ,
1056 552 1140 606 δτι
1176 548 1454 621 ἀποδημία
1484 549 1513 602 ὀ
1548 545 1741 619 παρὼν
1786 544 1934 617 βίος;
1964 544 2057 615 Μὴ
2088 543 2200 617 γὰρ

618 638 842 709 πολίτης
888 632 980 701 εἷς
1042 635 1254 702 Ὀδίτης
1286 628 1355 685 εἴ.
1390 631 1637 700 Συνῆκας
1680 629 1733 683 τί
1778 628 1968 693 είπον;
2011 627 2125 681 Οὐκ
2152 622 2204 680 εί

618 722 882 790 πολίτης,
917 719 1029 773 ἀλλ’
1071 716 1250 788 ὁδίτης
1286 711 1339 767 εἷ
1386 715 1482 768 καὶ
1527 712 1829 783 ὀδοιπόρος.
1873 710 1966 781 Μὴ
1998 709 2159 781 είπῃς
2185 726 2199 741 ⁸

619 806 770 874 Ἔχω
790 803 948 872 τήνδε
975 801 1074 872 τὴν
1102 798 1277 860 πόλιν,
1304 797 1399 851 καὶ
1414 795 1523 867 ἔχω
1537 794 1714 867 τήνδε.
1745 794 1859 848 Οὐκ
1887 793 2000 864 ἔχει
2025 792 2202 855 οὐδεὶς

617 887 791 941 πόλιν.
841 887 908 940 Ἠ
956 884 1110 947 πόλις
1158 881 1271 937 ἄνω
1317 880 1454 934 έστί.
1483 880 1566 934 Ta
1606 878 1849 951 παρόντα
1882 878 2001 947 ὁδός
2029 877 2199 930 ἑστιν.

628 970 916 1040 Ὀδεύομεν
945 967 1124 1021 τοίνυν
1162 964 1284 1018 καθ’
1318 964 1533 1035 ἡμέραν
1556 1001 1572 1026 ,
1598 962 1703 1023 ἕως
1733 962 1766 1031 ἡ
1796 960 1957 1031 φύσις
1984 958 2204 1032 ἐπιτρέ-

618 1073 722 1124 χει.
754 1057 908 1109 Ἔστι
955 1069 1041 1115 τις
1085 1052 1145 1103 ἑν
1178 1048 1285 1119 ὀδῷ
1313 1048 1575 1119 χρήματα
1612 1044 2002 1116 ἀποτιθέμενος
2026 1061 2040 1074 ⁸
2085 1043 2201 1097 ἐστι

618 1156 700 1203 τις
746 1140 803 1191 έν
830 1136 934 1206 ὀδῷ
969 1133 1196 1205 χρυσίον
1223 1130 1593 1202 κατορύττων.
1634 1128 1802 1182 Ὀταν
1831 1124 1923 1182 οὖν
1953 1125 2199 1198 εἰσέλθῃς

618 1224 697 1286 είς
726 1220 1059 1288 πανδοχεῖον,
1083 1215 1205 1269 είπέ
1240 1231 1352 1284 μοι,
1379 1213 1441 1267 τὸ
1465 1210 1778 1282 πανδοχεῖον
1805 1209 2199 1274 καλλωπίζειςς

618 1310 771 1381 Οὐχὶ,
809 1307 922 1361 ἀλλ’
953 1303 1155 1366 ὲσθίεις
1202 1300 1296 1356 καὶ
1330 1301 1539 1363 πίνεις,
1568 1301 1665 1353 καὶ
1701 1299 1899 1371 ἐπείγῃ
1940 1297 2196 1365 ἐξελθεῖν.

616 1391 937 1462 Πανδοχεῖὸν
974 1388 1124 1441 ἐστιν
1170 1387 1198 1439 6
1228 1384 1419 1458 παρὼν
1460 1384 1595 1455 βίος.
1628 1382 1966 1455 Είσήλθομεν
1990 1421 2006 1446 ,
2035 1399 2203 1436 κατα-

616 1478 815 1547 λύομεν
872 1474 964 1528 τὸν
1012 1470 1259 1543 παρόντα
1312 1467 1426 1539 βίον
1465 1485 1479 1499 ⁸
1528 1467 1919 1547 σπουδάζωμεν
1964 1465 2200 1531 ἐξελθεῖν

619 1544 756 1631 μετά
799 1558 970 1628 καλῆς
1016 1554 1232 1619 ἐλπίδος
1260 1594 1276 1619 ,
1338 1552 1505 1624 μηδὲν
1561 1551 1791 1621 ἀφῶμεν
1822 1544 1954 1615 ὦδε,
1990 1550 2080 1604 ἵνα
2124 1551 2199 1623 μὴ

615 1643 968 1714 ἀπολέσωμεν
999 1643 1133 1695 ἐκεῖ.
1158 1639 1334 1693 Ὅταν
1378 1634 1625 1707 εἰσέλθῃς
1654 1637 1734 1700 εἰς
1758 1635 1820 1689 τὸ
1862 1635 2196 1705 πανδοχεῖον,

613 1729 669 1783 τί
691 1728 871 1797 λέγεις
895 1724 973 1795 τῷ
1001 1722 1180 1787 παιδί;
1208 1720 1382 1774 Βλέπε
1416 1718 1522 1772 ποῦ
1548 1718 1815 1790 ἀποτίθης
1840 1718 1908 1773 τὰ
1938 1718 2201 1791 πράγμα-

613 1828 682 1865 τα
709 1850 723 1872 ,
756 1811 829 1882 μή
864 1826 915 1863 τι
939 1802 1268 1873 καταλείπῃς
1293 1803 1545 1866 ἐνταῦθα,
1597 1801 1684 1855 ἵνα
1717 1803 1791 1873 μή
1820 1818 1874 1855 τι
1905 1801 2198 1872 ἀπόληται,

618 1896 755 1966 μήτε
786 1892 999 1964 μικρὸν,
1033 1890 1171 1961 μήτε
1196 1888 1440 1951 εὐτελὲς,
1465 1887 1552 1940 ἵνα
1581 1886 1758 1939 πάντα
1784 1886 1866 1949 είς
1898 1886 2002 1958 τὴν
2022 1887 2199 1940 οίκίαν

613 1978 1033 2046 ἀπενέγκωμεν.
1067 1971 1227 2027 Οῦτω
1256 1972 1351 2024 καὶ
1392 1972 1555 2041 ἡμεῖς
1595 1972 1654 2023 έν
1677 1968 1758 2040 τῷ
1796 1968 2025 2040 παρόντι
2058 1968 2159 2039 βίῳ
2180 1984 2196 1999 ⁸

614 2060 900 2131 βλέπωμεν
927 2057 1121 2127 ὥσπερ
1143 2054 1455 2125 πανδοχεῖον
1485 2055 1577 2107 τὸν
1611 2053 1745 2123 βίον,
1770 2053 1865 2106 καὶ
1898 2051 2063 2124 μηδὲν
2094 2046 2198 2106 ὦδε

612 2143 1031 2213 καταλείπωμεν
1057 2141 1115 2194 ὲν
1148 2137 1226 2209 τῷ
1251 2136 1553 2209 πανδοκείῳ
1569 2177 1585 2201 ,
1608 2136 1745 2191 ἀλλὰ
1790 2136 1971 2191 πάντα
1993 2137 2074 2200 εἰς
2097 2136 2198 2207 τὴν

615 2228 946 2303 μητρόπολιν
979 2225 1393 2297 ἀπενέγκωμεν.
1443 2224 1654 2295 Ὀδίτης
1691 2219 1744 2276 εἷ
1773 2223 1868 2277 καὶ
1894 2222 2193 2293 ὀδοιπόρος,

615 2315 817 2386 μᾶλλον
875 2313 933 2367 δὲ
975 2313 1071 2366 καὶ
1100 2309 1274 2365 ὀδίτου
1308 2308 1704 2379 εὐτελέστερος.
1734 2306 1844 2360 Kal
1890 2306 2044 2369 πῶςς
2087 2304 2198 2375 ἐγὼ

611 2398 779 2467 λέγω.
815 2398 873 2451 Ὀ
907 2396 1089 2467 ὁδίτης
1116 2389 1222 2446 οἶδε
1252 2392 1313 2446 τὸ
1342 2391 1474 2445 πότε
1512 2392 1822 2462 εἰσέρχεται
1840 2388 1994 2462 [591]
2028 2390 2109 2454 είς
2136 2389 2198 2443 τὸ

613 2480 926 2551 πανδοχεῖον
945 2518 962 2542 ,
994 2476 1090 2532 καὶ
1115 2476 1244 2530 πότε
1276 2474 1517 2529 ἐκϐαίνει
1536 2491 1549 2504 ⁸
1587 2473 1775 2546 κύριος
1812 2473 1922 2545 γάρ
1960 2474 2075 2526 ἐστι
2102 2472 2196 2526 τοῦ

611 2564 875 2629 ἐξελθεῖν,
910 2562 1099 2633 ῶσπερ
1130 2560 1225 2615 καὶ
1272 2558 1367 2613 τοῦ
1406 2558 1699 2613 είσελθεῖν⁸
1728 2557 1840 2627 έγὼ
1869 2558 1925 2611 δὲ
1951 2557 2197 2629 είσερχό-

614 2666 774 2722 μενος
798 2650 876 2711 είς
900 2647 961 2701 τὸ
989 2644 1304 2715 πανδοχεῖον
1326 2684 1341 2707 ,
1366 2643 1647 2697 τουτέστιν
1674 2685 1688 2707 ,
1721 2644 1803 2707 είς
1832 2641 1924 2696 τὸν
1952 2640 2199 2713 παρόντα

613 2733 756 2804 βίον,
802 2731 935 2785 πότε
970 2729 1263 2801 ἐξέρχομαι
1310 2728 1413 2781 οὐκ
1468 2724 1607 2780 οἴδα.
1652 2726 1764 2780 Kal
1811 2726 1980 2779 ἐνίοτε
2012 2741 2198 2795 παρα-

611 2813 950 2885 σκευάζομαι
1000 2812 1195 2867 πολλοῦ
1237 2811 1428 2883 χρόνου
1455 2809 1784 2882 διατροφάς,
1820 2810 1917 2863 καὶ
1943 2811 1972 2862 6
1995 2807 2200 2861 Δεσπό-

607 2915 709 2969 της
735 2895 1080 2968 παραχρῆμα
1111 2895 1269 2949 καλεῖ
1317 2910 1384 2965 με
1406 2909 1419 2924 ⁸
1462 2894 1725 2962 Ἄφρων,
1774 2891 1813 2946 d
1840 2892 2197 2961 ἡτοίμασας,

610 2981 727 3035 τίνι
752 2979 961 3040 ἐσται;
1001 2976 1081 3046 Τῇ
1113 2976 1287 3031 νυκτί
1315 2976 1427 3046 τὰρ
1454 2977 1643 3043 ταύτῃ
1677 2974 2058 3044 λαμϐάνουσι
2085 2974 2201 3043 τὴν

608 3063 822 3133 ψυχήν
848 3077 985 3117 σου·
1026 3060 1256 3132 Ἀδηλος
1285 3062 1317 3131 ἢ
1348 3058 1539 3124 -εξοδος
1563 3098 1578 3122 ,
1631 3058 1866 3122 ἀστατος
1912 3059 1946 3128 ή
1979 3055 2195 3127 κτῆσις,

612 3146 798 3219 μυρίοι
836 3146 1092 3218 κρημνοὶ,
1123 3141 1459 3213 πανταχόθεν
1496 3142 1739 3212 κύματα.
1776 3141 1843 3194 Τί
1869 3140 2034 3212 μαίνῃ
2069 3142 2198 3212 περὶ

608 3231 709 3295 τάς
758 3228 954 3295 σκιάς;
981 3228 1037 3282 τί
1067 3228 1227 3296 ἀφεὶς
1268 3226 1366 3298 τὴν
1405 3225 1667 3297 ἀλήθειαν
1719 3223 2077 3295 κατατρέχεις
2105 3225 2199 3276 ἐπὶ

609 3313 709 3379 τὰς
747 3314 941 3377 σκιάςς

682 3382 759 3463 ςὶ.
780 3396 968 3451 Ταῦτα
980 3394 1145 3463 λέγω,
1165 3393 1260 3447 καί
1272 3392 1448 3461 λέγων
1472 3392 1535 3446 οὗ
1557 3392 1861 3465 παύσομαί
1879 3394 2082 3464 συνεκῆ
2100 3393 2201 3465 τὴν

609 3479 801 3552 ὀδύνην
849 3477 1256 3551 ἐργαζόμενος,
1312 3478 1407 3532 καὶ
1446 3476 1517 3530 τά
1561 3477 1855 3549 τραύματα
1899 3477 2199 3531 καταστέλ-

608 3566 738 3633 λων,
770 3566 864 3620 καὶ
897 3566 959 3618 οὐ
985 3563 1075 3618 διά
1103 3563 1229 3626 τοὺς
1258 3560 1525 3625 πεσόντας
1543 3602 1559 3626 ,
1592 3560 1732 3614 ἀλλά
1757 3561 1845 3615 διά
1872 3564 1999 3625 τοὺς
2032 3561 2203 3615 έστῶ-

609 3666 727 3713 τας.
765 3649 994 3703 Ἐκεῖνοι
1028 3647 1136 3719 γὰρ
1173 3644 1453 3715 ἀπῆλθον.
1488 3644 1583 3697 καὶ
1611 3644 1768 3709 τέλος
1800 3643 1994 3700 έλαϐον
2015 3661 2028 3678 ⁸
2067 3647 2115 3699 οί
2141 3645 2200 3700 δὲ

610 3732 844 3797 έστῶτες
870 3733 928 3785 έν
950 3733 1072 3794 ταῖς
1098 3729 1320 3784 ἐκείνων
1347 3729 1655 3801 συμφοραῖς
1683 3728 2080 3803 ἀσφαλέστεροι
2109 3747 2201 3800 γε-

609 3816 819 3883 γόνασι.
856 3815 967 3875 Kal
999 3813 1087 3878 τί,
1123 3812 1292 3883 φησὶ,
1340 3813 1669 3883 ποιήσομενς
1705 3813 1802 3865 Ἐν
1836 3812 1995 3883 μόνον
2042 3814 2198 3884 ποίη-

611 3914 726 3963 σον,
757 3898 986 3968 μίσησον
1015 3897 1296 3967 χρήματα,
1322 3895 1418 3966 καὶ
1448 3894 1593 3962 φίλει
1628 3912 1724 3948 σου
1756 3894 1856 3967 τὴν
1882 3895 2050 3969 ζωήν.
2088 3896 2198 3949 Ῥῖ-

607 3980 710 4054 ψον
742 3980 813 4034 τά
844 3980 972 4034 ὄντα
995 4021 1010 4045 ,
1059 3979 1119 4032 οὐ
1149 3978 1293 4049 λέγω
1336 3977 1405 4031 τά
1437 3976 1614 4031 πάντα
1641 4018 1655 4041 ,
1694 3977 1831 4031 ἀλλά
1867 3980 1937 4031 τὰ
1970 3977 2200 4051 περιττὰ

612 4064 928 4138 περίκοψον.
960 4061 1085 4116 Τῶν
1110 4061 1408 4133 ἀλλοτρίων
1454 4060 1529 4133 μὴ
1570 4060 1828 4132 ὲπιθύμει
1848 4101 1863 4125 ,
1896 4062 1996 4132 τὴν
2025 4063 2201 4133 χήραν

615 4148 690 4220 μὴ
720 4147 1017 4219 γυμνώσῃς
1041 4185 1056 4208 ,
1088 4146 1179 4199 τὸν
1209 4145 1445 4215 ὀρφανὸν
1473 4145 1548 4216 μὴ
1580 4145 1866 4218 άρπάσῃς,
1896 4146 1994 4217 τὴν
2022 4145 2201 4200 οὶκίαν

615 4232 690 4304 μὴ
733 4231 905 4302 λάϐῃς
926 4244 941 4258 ⁸
976 4230 1037 4284 οὐ
1078 4228 1224 4297 λέγω
1270 4228 1570 4298 πρόσωπα,
1607 4226 1744 4280 ἀλλά
1778 4228 2104 4299 πράγματα.
2136 4227 2205 4281 Εἴ

611 4330 756 4377 τινος
778 4314 835 4366 δὲ
881 4311 1312 4383 ἐπιλαμϐάνεται
1348 4310 1371 4339 ³
1405 4311 1465 4363 τὸ
1489 4309 1725 4375 συνειδὸς
1746 4351 1760 4377 ,
1798 4312 1961 4374 αὐτὸς
2005 4311 2198 4374 αἴτιος,

610 4398 710 4467 οὐχ
738 4399 765 4449 6
797 4396 927 4467 ἐμὸς
952 4396 1128 4465 λόγος.
1164 4396 1229 4448 Τί
1272 4395 1538 4465 ἀρπάζεις
1563 4434 1578 4457 ,
1622 4395 1755 4448 ὅπου
1793 4395 1987 4465 φθόνος
2016 4414 2029 4463 ;
2065 4397 2199 4467 "A9-

613 4498 815 4544 πασον,
842 4482 975 4533 ὅπου
1029 4480 1310 4549 στέφανος.
1352 4479 1444 4550 Μὴ
1492 4479 1703 4547 ἅρπαζε
1749 4480 1850 4551 τήν
1888 4481 1991 4551 γῆν
2018 4519 2032 4543 ,
2064 4480 2199 4533 ἁλλά

615 4567 705 4620 τὸν
738 4566 983 4637 οὐρανόν.
1018 4564 1296 4620 Βιαστῶν
1332 4564 1506 4618 ἐστιν
1534 4566 1571 4632 ὴ
1612 4564 1905 4628 βασιλεία
1938 4564 2057 4618 τῶν
2100 4567 2200 4618 οὺ·-

609 4650 834 4720 [ανῶη
871 4649 972 4703 καί
993 4650 1245 4715 βιασταὶ
1275 4647 1643 4716 ἁρπάζουσιν
1672 4649 1885 4716 αὐτήν.
1912 4650 1977 4701 Τί
2023 4648 2200 4719 ἀρπά-

615 4733 731 4797 ζεις
752 4732 846 4786 τὸν
874 4732 1083 4803 πένητα
1112 4730 1204 4784 τὸν
1235 4730 1572 4799 ἐγκαλοῦντα
1598 4749 1613 4797 ;
1651 4732 1718 4785 Ἀ
1730 4748 1931 4801 ρπασον
1959 4732 2051 4785 τὸν
2068 4734 2112 4784 Χ
2122 4750 2201 4803 ρι-

616 4818 742 4871 στὸν
768 4817 860 4871 τὸν
887 4815 1231 4871 ἐπαινοῦντα.
1263 4812 1416 4879 Εἶδες
1440 4815 1835 4887 ἀγνωμοσύνην
1857 4817 1951 4869 καὶ
1978 4816 2197 4886 μανίαν;

626 4900 918 4974 ’Δρπάζεις
943 4902 1151 4973 πένητα
1175 4901 1264 4956 τὸν
1292 4900 1486 4972 έχοντα
1513 4900 1695 4970 ὀλίγον
1724 4917 1738 4966 ;
1772 4902 1833 4956 '0
1853 4900 2086 4972 Χριστὸς
2115 4900 2202 4955 λέ-

616 5002 704 5054 γει
725 5001 738 5014 ⁸
782 4983 911 5056 Ἐμὲ
934 4982 1195 5056 ἅρπασον,
1222 4983 1376 5057 χάριν
1403 5002 1484 5039 σοι
1514 4984 1622 5055 έχω
1658 4986 1757 5057 τῆς
1788 4985 2072 5057 ἁρπαγῆς⁸
2100 4985 2200 5059 τὴν

615 5068 757 5139 ὲμὴν
788 5068 1061 5137 βασιλείαν
1092 5068 1339 5137 άρπασαι
1370 5068 1467 5122 καὶΙ
1497 5068 1696 5139 βίασαι.
1723 5069 1834 5139 Τὴν
1864 5070 2016 5122 κάτω
2041 5070 2197 5139 βασι-

616 5152 766 5205 λείαν
798 5152 893 5205 ἐὰν
927 5150 1159 5223 θελήσῃς
1187 5150 1431 5224 ἁρπάσαι
1457 5194 1471 5214 ,
1507 5151 1706 5220 μᾶλλον
1745 5153 1804 5205 δὲ
1830 5152 1934 5205 κᾶν
1966 5152 2199 5224 θελήσῃς

616 5235 886 5305 ἐννοῆσαι,
923 5235 1157 5307 κολάζῃ·
1187 5235 1287 5306 τὴν
1317 5236 1429 5290 ἀνω
1449 5235 1507 5289 δὲ
1529 5235 1625 5288 ἐὰν
1661 5235 1735 5307 μὴ
1761 5236 2015 5307 άρπάσῃς
2033 5277 2050 5301 ,
2074 5238 2196 5291 τότε

616 5318 841 5390 κολάσῃ.
889 5319 1065 5373 Ὅπου
1114 5319 1185 5373 τὰ
1234 5319 1465 5391 βιωτικά
1491 5360 1506 5384 ,
1565 5318 1758 5389 φθόνος
1840 5321 1975 5374 ὅπου
2019 5320 2075 5375 δὲ
2128 5320 2199 5375 τά

617 5399 995 5475 πνευματςκά,
1035 5401 1247 5473 ἀγάπη.
1300 5401 1489 5456 Ταῦτα
1546 5402 1747 5473 μελέτα
1799 5403 1920 5457 καθ’
1955 5404 2196 5476 ἑκάστην

616 5485 848 5557 ἡμέραν,
885 5485 978 5539 καὶ
1013 5484 1088 5555 μὴ
1118 5485 1280 5539 πάλιν
1327 5484 1454 5539 ίδὼν
1499 5486 1638 5557 μετά
1671 5486 1765 5541 δύο
1800 5487 2013 5559 ἡμέρας
2036 5488 2197 5542 ἄλλον

614 5570 850 5643 ὀχήματι
878 5571 1196 5643 φερόμενον,
1217 5572 1439 5644 σηρικὸν
1468 5571 1932 5645 περιϐεϐλημένον
1959 5573 2196 5646 ἱμάτιον,

617 5655 1021 5727 κορυφούμενον
1045 5698 1059 5722 ,
1096 5655 1405 5729 θορυϐηθῇς
1430 5700 1445 5724 ,
1475 5658 1769 5730 ταραχθῇς.
1806 5658 1897 5731 Μὴ
1933 5659 2145 5714 ἐπαίνει
2170 5661 2197 5700 δ

616 5737 867 5792 πλούσιον
893 5779 907 5805 ,
940 5739 1077 5793 ἀλλά
1106 5740 1196 5793 τὸν
1240 5742 1299 5795 έν
1331 5742 1644 5813 δικαιοσύνῃ
1672 5744 1849 5814 μόνον.
1885 5742 1977 5815 Μὴ
2002 5742 2197 5807 κάκιζε

679 5851 705 5915 β
734 5846 814 5915 ξίο
835 5848 1019 5915 optime
1037 5849 1187 5915 Savil.
1211 5850 1383 5901 Morel.
1407 5857 1458 5915 ει
1482 5850 1651 5915 Montf.
1681 5854 2042 5915 έκλαμϐανεται.
2059 5853 2193 5904 Enn.

676 5909 704 5950 ιι
740 5908 820 5960 Sic
850 5908 915 5972 μὴ
938 5912 1115 5964 ἐπαίνει
1134 5925 1305 5964 omnes
1330 5921 1382 5963 el
1403 5912 1551 5965 Savil.
1569 5914 1741 5965 Morel.
1759 5908 1876 5966 γόνυ
1896 5918 1974 5963 καὶ
1999 5917 2192 5965 ἐπαίνει.

1323 435 1381 492 S.
1413 428 1702 491 JOANNIS
1736 425 2229 488 CHRYSOSTOMI
2270 426 2594 488 ARCHIEP.
2634 427 3185 499 CONSTANTINOP.

3784 418 3891 475 ωε

2306 544 2536 618 πένητα,
2566 546 2705 601 ἀλλά
2735 547 2875 618 μάθε
2901 546 3012 601 τῶν
3044 543 3387 621 πραγμάτων
3408 541 3509 614 τὴν
3538 538 3719 611 κρίσιν
3745 536 3895 610 ἔχειν

2302 632 2470 703 ὀρθὴν
2496 634 2589 687 καὶ
2621 634 2981 690 ἀδιάπτωτον.

2373 720 2467 793 Μή
2518 721 2728 795 ἀπέχου
2762 722 3117 795 Ἐκκλησίας⁸
3181 720 3335 775 οὐδὲν
3392 717 3503 790 γὰρ
3564 712 3895 785 Ἐκκλησίας

2307 808 2673 881 ισχυρότερον.
2716 810 2783 864 Ἥ
2817 809 2972 874 ἐλπίς
3008 827 3104 865 σου
3137 810 3174 881 ἡ
3214 806 3511 878 Ἐκκλησία
3534 846 3548 871 ,
3582 805 3617 875 ἡ
3648 799 3895 871 σωτηρία

2305 898 2455 967 σουὴ
2498 897 2818 970 Ἐκκλησία.
2849 899 2884 970 ἡ
2914 896 3203 968 καταφυγή
3233 912 3327 949 σου
3359 896 3395 965 ἡ
3430 888 3751 961 Ἐκκλησία.
3782 881 3894 939 Τοῦ

2303 985 2536 1057 οὐρανοῦ
2563 986 2872 1059 ὑψηλοτέρα
2902 987 3021 1040 εστὶ
3047 1027 3063 1052 ,
3095 985 3196 1055 τῆς
3223 984 3327 1055 γῆς
3362 979 3674 1049 πλατυτέρα
3719 972 3891 1029 ὀστίν.

2303 1074 2571 1129 Οὐδέποτε
2597 1077 2747 1148 γηρᾷ
2767 1116 2783 1141 ,
2811 1076 2900 1129 ἀεὶ
2939 1076 2995 1129 δὲ
3038 1073 3299 1146 ἀκμάζει.
3332 1072 3433 1125 Διά
3457 1069 3617 1123 τοῦτο
3641 1066 3704 1121 τὸ
3729 1064 3892 1134 στερα

2305 1164 2397 1234 ρὸν
2423 1165 2595 1235 αὐτῆς
2622 1166 2718 1219 καὶ
2743 1164 3044 1218 ἀσάλευτον
3086 1162 3321 1234 δηλοῦσα
3352 1162 3386 1233 ἡ
3412 1156 3605 1231 Γραφὴ
3636 1156 3765 1226 ὅρος
3797 1152 3897 1206 αύ-

2300 1253 2400 1325 τὴν
2422 1253 2609 1308 καλεῖ·
2643 1255 2704 1308 τὸ
2738 1252 2995 1325 ἄφθορον,
3028 1251 3199 1323 αὐτὴν
3229 1249 3386 1305 καλεῖ
3415 1244 3682 1319 παρθένον
3716 1254 3741 1284 ο
3770 1259 3782 1272 ⁸
3829 1241 3895 1296 τὸ

2304 1343 2630 1406 πολυτελὲς,
2664 1341 2980 1414 βασίλισσαν
3011 1341 3183 1414 αὐτὴν
3227 1339 3406 1395 καλεῖ·
3453 1336 3517 1391 τὸ
3544 1332 3805 1404 συγγενὲς
3832 1331 3897 1385 τὸ

2301 1433 2441 1501 πρὸς
2464 1432 2555 1487 τὸν
2580 1432 2735 1495 Θεὸν,
2764 1432 3042 1505 θυγατέρα
3068 1431 3237 1503 αὐτὴν
3269 1428 3426 1485 καλεῖ
3450 1444 3464 1459 ⁸
3485 1427 3549 1480 τὸ
3571 1424 3892 1495 πολύγονον,

2305 1523 2523 1593 στεῖραν
2550 1521 2719 1593 αὐτὴν
2742 1521 2898 1576 καλεῖ
2923 1521 3215 1593 τίκτουσαν
3236 1517 3379 1573 ἑπτά
3397 1534 3409 1547 ⁸
3442 1515 3609 1588 μυρία
3630 1513 3892 1584 ὀνόματα.

2303 1612 2391 1665 ἵνα
2425 1613 2758 1685 παραστήσῃ
2782 1611 2953 1681 αὐτῆς
2988 1612 3090 1684 τὴν
3129 1610 3433 1679 εὐγένειαν.
3465 1607 3680 1677 Ὠσπερ
3712 1602 3823 1676 γάρ
3864 1602 3897 1655 6

2301 1701 2578 1771 Δεσπότης
2606 1701 2777 1771 αὐτῆς
2807 1700 2977 1755 πολλὰ
3004 1701 3247 1772 ὀνόματα
3273 1699 3386 1769 ἔχει
3404 1714 3417 1728 ⁸
3448 1696 3543 1752 καὶ
3570 1692 3760 1765 Πατήρ
3791 1708 3895 1745 κα-

2299 1789 2472 1843 λεῖται
2496 1828 2511 1852 ,
2546 1790 2643 1843 καὶ
2676 1790 2794 1853 ὀδὸς
2846 1789 3124 1851 καλεῖται,
3173 1789 3269 1842 καὶ
3311 1785 3426 1855 ζωὴ
3477 1782 3754 1847 καλεῖται,
3797 1779 3894 1833 καὶ

2302 1879 2419 1945 φῶς
2446 1878 2733 1945 καλεῖται,
2789 1877 2885 1933 καὶ
2926 1878 3165 1951 βραχίων
3209 1876 3457 1930 καλεῖται
3477 1913 3492 1936 ,
3531 1872 3627 1927 καὶ
3664 1869 3895 1939 ίλασμὸς

2299 1970 2576 2036 καλεῖται,
2604 1971 2699 2024 καὶ
2727 1969 2977 2040 θεμέλιος
3010 1968 3292 2033 καλεῖται,
3322 1967 3415 2020 καὶ
3452 1963 3594 2035 θύρα
3620 1961 3893 2021 καλεῖται.

2300 2059 2394 2112 καὶ
2427 2059 2815 2131 ἀναμάρτητος
2862 2057 3131 2123 καλεῖται,
3154 2058 3249 2111 καὶ
3297 2052 3573 2127 θησαυρὸς
3621 2052 3892 2113 καλεῖται,

2300 2147 2395 2202 καὶ
2418 2144 2621 2221 Κύριος
2644 2147 2911 2214 καλεῖται,
2943 2145 3039 2200 καὶ
3067 2144 3201 2208 Θεὸς
3225 2142 3494 2208 καλεῖται,
3525 2140 3619 2196 καλ⁵
3643 2138 3766 2201 Υἱὸς
3792 2154 3897 2191 κα-

2298 2235 2494 2299 λεῖται,
2525 2237 2623 2291 καὶ
2638 2234 2951 2307 Μονογενὴς
2976 2234 3241 2295 καλεῖται,
3270 2233 3362 2286 καὶ
3398 2234 3581 2302 μορφὴ
3606 2225 3766 2289 Θεοῦ,
3795 2224 3897 2279 καὶ

2300 2324 2464 2379 εἰκὼν
2490 2322 2627 2378 Θεοῦ
2660 2322 2906 2377 καλεῖται
2923 2339 2938 2357 ⁸
2976 2321 3052 2393 μὴ
3081 2322 3245 2391 ἀρκεῖ
3272 2319 3329 2373 ἐν
3351 2319 3523 2389 ὄνομα
3544 2314 3698 2390 [392]
3725 2331 3898 2388 παρα⁸

2302 2415 2497 2485 στῆσαι
2522 2414 2585 2467 τὸ
2614 2413 2767 2479 δλον;
2799 2407 3093 2483 Οὐδαμῶς·
3118 2410 3254 2465 ἀλλά
3279 2408 3370 2465 διά
3388 2407 3547 2463 τοῦτο
3579 2406 3749 2479 μυρία
3773 2403 3894 2458 ὀνό-

2303 2520 2471 2573 ματα,
2505 2502 2592 2555 ἴνα
2622 2500 2884 2573 μάθωμέν
2920 2517 2973 2553 τι
2995 2499 3124 2570 περὶ
3144 2497 3303 2562 Θεοῦ,
3336 2498 3441 2552 κᾶν
3477 2495 3691 2569 μικρόν.
3725 2491 3888 2548 Οὕτω

2298 2590 2362 2663 δὴ
2389 2590 2484 2645 καὶ
2516 2592 2550 2660 ἡ
2590 2587 2888 2659 Ἐκκλησία
2920 2586 3094 2641 πολλά
3128 2586 3393 2641 καλεῖται.
3424 2583 3702 2656 Παρθένος
3735 2582 3893 2650 λέγεο

2297 2696 2425 2744 ται,
2452 2679 2548 2733 καὶ
2581 2678 2687 2749 μὴν
2715 2678 2891 2749 πόρνη
2922 2671 2992 2747 ἦν
3028 2675 3136 2748 πρὸ
3169 2674 3360 2729 τούτου
3383 2690 3398 2707 ⁸
3435 2673 3498 2727 τὸ
3542 2671 3653 2741 γὰρ
3683 2670 3898 2737 θαυμα-

2304 2768 2427 2821 στὸν
2460 2764 2554 2820 τοῦ
2606 2766 2838 2836 νυμφίου
2863 2806 2878 2829 ,
2926 2764 3010 2819 ὅτι
3050 2762 3211 2819 ελαϐε
3244 2762 3453 2835 πόρνην
3475 2801 3491 2825 ,
3522 2761 3618 2814 καὶ
3668 2757 3898 2828 έποίησι

2302 2854 2595 2928 παρθένον.
2646 2854 2712 2907 Ὃ
2755 2852 2961 2907 καινῶν
3006 2852 3104 2906 καὶ
3153 2848 3472 2920 παραδόξων
3523 2846 3891 2921 πραγμάτων.

2302 2943 2487 3014 Γάμος
2520 2944 2652 3014 παρ’
2689 2942 2823 3013 ἡμῖν
2870 2939 3169 3012 παρθενίαν
3200 2938 3321 2992 λύει
3346 2978 3361 3003 ,
3390 2936 3570 3007 γάμος
3600 2937 3749 3007 παρά
3772 2935 3899 3006 Θεῷ

2302 3030 2604 3103 παρθενίαν
2656 3031 2943 3099 ἀνέστησε.
2987 3028 3125 3100 Παρ’
3170 3029 3305 3098 ἡμῖν
3355 3028 3389 3097 ἡ
3423 3022 3559 3080 οὖσα
3601 3023 3896 3097 παρθένος,

2303 3120 2768 3193 γαμουμένη.ούκ
2792 3120 2910 3174 ἔστι
2934 3117 3226 3191 παρθένος
3262 3122 3415 3189 παρά
3434 3116 3659 3189 Χριστῷ
3695 3118 3729 3187 ἡ
3757 3110 3897 3169 οὖσα

2304 3209 2510 3283 πόρνη,
2542 3208 2867 3281 γαμουμένη
2891 3249 2905 3272 ,
2939 3208 3213 3280 παρθένος
3249 3206 3495 3277 γέγονεν.
3974 3198 3983 3207 ’

2375 3299 2440 3364 ζ’.
2457 3301 2514 3355 Ἐ
2522 3300 2842 3372 ρμηνευέτω
2854 3301 2883 3353 6
2897 3299 3169 3369 αίρετικὸς
3183 3296 3344 3353 τοῦτο
3363 3299 3543 3368 μόνον.
3558 3300 3587 3352 6
3602 3314 3667 3351 πε
3675 3315 3756 3369 ριε
3766 3313 3899 3369 ργα-

2304 3388 2530 3459 ζόμενος
2555 3389 2654 3460 τὴν
2686 3388 2799 3443 ἄνω
2835 3386 3115 3457 γέννησιν,
3145 3387 3240 3441 καὶ
3280 3386 3457 3457 λέγων
3483 3404 3496 3418 ⁸
3523 3386 3646 3451 Πῶς
3667 3386 3898 3458 ἐγέννη-

2305 3494 2397 3530 σεν
2423 3478 2451 3530 6
2478 3478 2699 3548 Πατήρ;
2739 3475 2875 3529 Εἰπὲ
2896 3472 3045 3545 αὐτῷ
3070 3492 3084 3506 ⁸
3111 3472 3238 3537 Πῶς
3269 3476 3303 3543 ἡ
3353 3474 3649 3546 Ἐκκλησία
3671 3514 3687 3540 ,
3718 3474 3897 3547 πόρνη

2302 3559 2457 3629 οῦσα,
2500 3564 2771 3637 παρθένος
2793 3562 3041 3631 ὲγένετο;
3082 3561 3199 3627 πῶς
3231 3562 3288 3617 δὲ
3318 3564 3352 3634 ἡ
3380 3560 3688 3634 γεννήσασα
3710 3602 3724 3625 ,
3756 3582 3901 3637 παρ-

2303 3652 2459 3718 θένος
2480 3652 2662 3725 ἔμεινε
2687 3668 2701 3717 ;
2736 3650 2909 3719 Ζηλῶ
2936 3650 3049 3721 γὰρ
3071 3649 3229 3721 ὑμᾶς
3252 3651 3403 3706 Θεοῦ
3430 3650 3605 3719 ζήλῳ,
3632 3653 3661 3705 6
3681 3650 3900 3718 Παῦλος

2303 3757 2471 3813 φησιν
2538 3737 2901 3809 ἡρμοσάμην
2931 3739 3043 3808 γὰρ
3069 3736 3229 3807 ὑμᾶς
3258 3738 3353 3793 ἑνί
3382 3737 3556 3806 ἀνδρί
3593 3741 3901 3809 παρθένον

2302 3828 2502 3898 ἁγνὴν
2536 3826 2928 3896 παραστῆσαι
2972 3826 3052 3893 τῷ
3084 3825 3339 3895 Χριστῷ.
3381 3827 3445 3880 Ὢ
3478 3828 3639 3896 σοφία
3666 3828 3761 3882 καὶ
3804 3830 3902 3884 σύ-

2302 3933 2472 3980 νεσις.
2506 3914 2687 3980 Ζηλῶ.
2720 3915 2835 3984 γὰρ
2880 3913 3038 3984 ὑμᾶς
3069 3913 3217 3969 Θεοῦ
3249 3912 3425 3982 ζήλῳ.
3454 3915 3520 3968 Τί
3552 3915 3669 3969 ἐστι
3696 3916 3856 3972 τοῦτο
3882 3936 3900 3986 ;

2304 4003 2479 4072 Ζηλῶ
2503 4044 2518 4069 ,
2556 4002 2728 4069 λέγει.
2766 4002 2994 4073 Ζηλοῖς,
3048 4002 3076 4055 6
3118 4002 3520 4073 πνευματικόςς
3553 4003 3730 4072 Ζηλῶ
3763 4006 3898 4075 γὰρ,

2304 4090 2485 4158 λέγει,
2522 4090 2599 4154 ὡς
2632 4091 2660 4143 ὀ
2688 4089 2841 4151 Θεός.
2874 4089 2985 4143 Kal
3028 4087 3160 4154 Θεὸς
3196 4088 3349 4161 ζηλοῖ
3376 4108 3390 4155 ;
3422 4090 3533 4146 Nal
3553 4131 3567 4155 ,
3609 4092 3763 4163 ζηλοῖ
3786 4134 3801 4160 ,
3833 4096 3899 4149 οὐ

2308 4177 2509 4242 πάθει,
2550 4177 2686 4231 ἀλλά
2745 4177 2976 4251 ἀγάπῃ,
3034 4177 3126 4231 καὶ
3196 4176 3516 4251 ζηλοτυπίᾳ.
3564 4178 3741 4249 Ζηλῶ
3785 4181 3899 4253 γὰρ

2304 4262 2461 4335 ὑμᾶς
2503 4264 2651 4319 Θεοῦ
2686 4262 2861 4329 (ἥλῳ.

2376 4351 2529 4407 Είπω
2555 4369 2657 4415 σοι,
2681 4351 2798 4415 πῶς
2828 4350 3013 4423 ζηλοϊ;
3036 4346 3191 4406 Εἷδεν
3216 4351 3321 4406 ὑπὸ
3353 4353 3625 4424 δαιμόνων
3653 4354 3902 4427 διαφθει-

2307 4439 2542 4511 ρομένην
2585 4438 2683 4511 τὴν
2726 4439 2861 4509 γῆν,
2917 4438 3129 4492 καὶτὸν
3160 4439 3288 4494 Υίὸν
3317 4439 3480 4495 αὐτοῦ
3534 4442 3782 4510 ἐξέδωκε.
3814 4446 3901 4503 Τὰ

2303 4529 2412 4600 γὰρ
2444 4530 2665 4601 ῥήματα
2725 4527 2819 4581 ἐπὶ
2847 4525 2942 4580 τοῦ
2971 4526 3108 4580 Θεοῦ
3158 4526 3430 4600 λεγόμενα
3481 4530 3542 4583 οὐ
3594 4530 3690 4604 τὴν
3724 4534 3899 4607 αὐτὴν

2303 4616 2416 4686 ἔχει
2450 4614 2604 4684 ίσχύν
2629 4632 2641 4645 ⁸
2672 4611 2804 4679 οἷον,
2834 4613 3054 4686 ζηλεύει
3082 4614 3248 4683 Θεὸς,
3267 4615 3548 4689 ὀργίζεται
3586 4619 3753 4686 Θεὸς,
3792 4641 3897 4694 με·

2302 4704 2485 4756 τανοεῖ
2508 4700 2641 4766 Θεὸς
2661 4741 2676 4765 ,
2707 4704 2858 4773 μισεῖ
2902 4701 3055 4766 Θεός.
3092 4703 3174 4758 Τά
3223 4704 3445 4775 ῥήματα
3476 4708 3650 4763 ταῦτα
3683 4711 3891 4783 ἀνθρώ-

2305 4806 2455 4853 πινα,
2481 4788 2618 4843 ἀλλά
2645 4788 2715 4843 τά
2742 4790 2993 4861 νοήματα
3017 4789 3320 4862 θεοπρεπῆ.
3344 4792 3471 4858 Πῶς
3501 4792 3895 4866 ζηλεύειΘεός;

2303 4874 2479 4944 Ζηλῶ
2511 4874 2623 4944 γὰρ
2652 4872 2811 4944 ὑμᾶς
2838 4876 2986 4930 Θεοῦ
3021 4874 3198 4943 ζήλῳ.
3244 4878 3555 4952 Ὀργίζεται
3591 4883 3755 4953 Θεός;
3784 4890 3899 4943 Κύ-

2294 4979 2421 5030 pus,
2444 4962 2533 5032 μὴ
2580 4962 2659 5028 τῷ
2689 4961 2854 5033 θυμῷ
2883 4978 3001 5019 σου
3038 4964 3301 5036 ἐλέγξῃς
3337 4986 3436 5038 με.
3472 4971 3638 5026 Ὥστε
3669 4977 3764 5029 καὶ
3792 4995 3898 5033 κα-

2303 5050 2479 5104 Θεύδει
2522 5050 2693 5116 Θεός;
2754 5050 3065 5121 Ἀνάστηθι
3090 5094 3106 5121 ,
3145 5055 3246 5111 ἵνα
3281 5058 3340 5111 τί
3390 5061 3643 5131 ὑπνοῖς,
3678 5068 3899 5134 Imple;

2301 5138 2574 5194 Μετανοεῖ
2602 5140 2733 5204 Θεός
2759 5158 2773 5206 ;
2819 5145 3171 5212 Μετενόησα
3191 5185 3204 5209 ,
3238 5146 3329 5201 ὅτι
3361 5148 3626 5218 ἐποίησα
3655 5153 3764 5207 τὸν
3793 5154 3900 5210 ἇν-

2302 5229 2563 5295 θρωπον.
2592 5226 2752 5281 Μισεῖ
2779 5230 2808 5283 ὀ
2847 5230 3013 5297 Θεός;
3046 5232 3157 5300 Τὰς
3197 5233 3404 5303 ἑορτὰς
3447 5237 3619 5308 ὑμῶν
3656 5242 3756 5296 καί
3790 5246 3899 5313 τὰς

2301 5315 2627 5405 νεομηνίας
2658 5316 2830 5385 μισεῖ
2854 5318 2892 5385 ἠ
2941 5319 3112 5388 ψυχή
3157 5340 3299 5391 μου.
3343 5324 3504 5378 Ἀλλά
3552 5326 3628 5399 μὴ
3659 5332 3897 5405 πρόσεχε

2300 5406 2367 5475 τῇ
2417 5404 2663 5475 εὐτελείᾳ
2714 5405 2851 5470 τῶν,
2882 5406 3083 5475 λέξεων
3106 5423 3122 5441 ⁸
3156 5410 3294 5465 ἀλλά
3325 5411 3457 5466 λάϐε
3493 5413 3774 5490 θεοπρεπῆ
3829 5404 3901 5475 τά

2301 5494 2570 5565 νοήματα.
2604 5494 2829 5563 Ζηλεύει
2859 5497 2887 5549 6
2916 5495 3049 5559 Θεὸς
3076 5535 3090 5560 ,
3118 5498 3310 5571 ἀγαπᾷ
3350 5502 3480 5573 γάρ.
3529 5504 3840 5575 Ὀργίζεται
3870 5511 3900 5562 ὁ

2302 5580 2464 5645 Θεὸς,
2514 5583 2576 5635 οὐ
2610 5583 2791 5647 πάθει,
2831 5583 2971 5638 ἀλλά
2999 5586 3244 5658 τιμωρία
3287 5589 3383 5641 καὶ
3414 5589 3659 5649 κολάσει.
3703 5595 3899 5651 ’Υπνοί

2302 5667 2468 5737 Θεὸς,
2500 5669 2561 5722 οὐ
2594 5669 2893 5739 καθεύδων,
2923 5672 3061 5726 ἀλλά
3093 5674 3488 5747 μακροθυμῶν.
3529 5680 3765 5753 Ἐκλεγε
3793 5684 3897 5753 τὰς

2364 5796 2389 5826 σ
2414 5793 2537 5870 ﬂxae
2562 5798 2641 5843 est
2664 5796 2812 5870 legio
2847 5796 3566 5870 saviliﬁna,penqdiglipiana
3586 5807 3884 5870 Interpreta-

2305 5856 2687 5931 lionjlconsgna.
2712 5857 2884 5910 Morel.
2913 5864 2966 5909 et
2991 5856 3165 5911 Mon'Lf.
3204 5864 3286 5912 καὶ
3328 5864 3531 5930 ἄφθορον
3568 5856 3864 5927 αὐτήνῖιαδξὲ

2304 5918 2705 5984 παρθένον.Εοιτ,
3156 5910 3161 5911 ’
3210 5910 3213 5911 '
3275 5910 3282 5912 '
3334 5910 3526 5930 ίτνντν-
3570 5910 3881 5933 ----ι--η»-.,
