4104 6484
151 447 227 503 ιοι
757 445 1034 500 |l0.\llLl.\
1076 443 1163 497 DE
1202 439 1426 496 (ΣᾹΡΤΟ
1467 433 1812 492 EUTROPIU
1854 431 1938 486 ET
1982 429 2068 484 DE
2110 427 2513 485 DlVlTIARUM
2557 425 2921 486 VANITATE.

211 563 319 615 Nec
344 562 443 613 vita
477 562 852 629 peregrinatio.
883 589 952 601 —-
977 559 1107 613 Num
1135 557 1273 612 nosti
1297 557 1457 610 vitam
1490 565 1721 623 praesen-

151 665 236 705 lt‘lll
265 665 378 706 esse
408 653 906 720 peregrinationem
931 649 953 702 ?
977 648 1234 703 Numnam
1265 657 1317 701 tu
1341 646 1472 701 civis
1493 645 1516 697 ?
1541 643 1724 697 Viator

148 762 210 796 rs.
238 744 543 798 intellexisti
569 743 704 813 quid
738 744 962 797 dixerim
985 741 1009 794 ?
1032 741 1148 795 Non
1171 755 1230 795 es
1255 740 1408 805 civis,
1439 737 1531 792 sed
1558 738 1725 790 viator

147 845 188 886 vt
229 834 555 898 peregrinus.
607 833 686 886 Ne
730 832 930 887 dixeris
961 851 972 886 :
1003 833 1148 886 llanc
1175 841 1229 885 et
1269 831 1412 886 illam
1456 829 1722 884 civitatem

148 924 310 976 Iubeo.
331 923 500 977 Nemo
520 923 801 977 civitatem
825 922 1004 976 habet.
1025 922 1222 975 Civitas
1237 935 1448 975 sursum
1471 927 1570 972 est.
1594 917 1726 970 ἰδνω-

148 1016 290 1067 scntia
310 1015 388 1068 via
412 1022 562 1068 sunt.
590 1015 844 1079 Quotidie
871 1015 1026 1084 igitur
1051 1013 1151 1066 iter
1176 1011 1419 1076 facimus,
1439 1010 1613 1064 donec
1634 1023 1725 1061 na-

147 1118 240 1158 tura
259 1121 470 1159 cursum
499 1108 734 1175 perlicit.
761 1107 856 1160 Est
879 1107 964 1175 qui
986 1105 1036 1158 in
1061 1105 1141 1158 via
1164 1103 1414 1173 pecunias
1431 1099 1684 1155 recondat
1709 1118 1722 1153 :

146 1208 216 1251 est
236 1199 316 1267 qui
347 1200 396 1251 in
433 1199 516 1252 via
542 1215 738 1252 aurum
765 1198 1018 1254 defodiat.
1048 1199 1322 1267 Ingressus
1347 1194 1723 1256 diversorium,

146 1291 318 1344 illudne
347 1293 627 1346 exornas?
653 1293 888 1358 Minime,
908 1292 1006 1346 sed
1039 1290 1279 1346 comedis
1303 1299 1356 1346 et
1375 1291 1535 1354 bibis,
1567 1299 1726 1356 atque

147 1383 251 1436 hinc
273 1383 446 1452 egredi
473 1386 722 1438 festinas.
746 1384 1102 1440 Diversorium
1125 1393 1205 1437 es:
1228 1384 1330 1437 vita
1354 1395 1612 1453 przesens.
1641 1379 1726 1434 Iu-

145 1475 290 1542 gressi
307 1490 517 1537 sumus,
545 1487 870 1544 prteseutmn
894 1477 1054 1530 vitam
1079 1476 1292 1530 linimus
1309 1493 1321 1528 :
1338 1487 1582 1530 curemus
1603 1487 1723 1526 cum

147 1569 262 1620 bona
279 1581 368 1636 spe
381 1567 594 1635 egredi,
615 1569 748 1622 nihil
772 1569 858 1623 hic
873 1568 1255 1638 relinquamus.
1273 1583 1339 1621 ne
1355 1567 1460 1621 illic
1473 1565 1625 1620 nobis
1643 1579 1728 1634 pe-

145 1669 258 1714 reat.
276 1661 552 1729 Ingressus
567 1663 618 1714 in
639 1677 933 1731 cauponam
957 1660 1079 1731 quid
1102 1674 1266 1729 puero
1287 1658 1456 1714 dicis?
1476 1657 1605 1713 Vide
1621 1673 1724 1728 quo

146 1752 243 1804 loco
270 1767 350 1805 res
382 1762 602 1806 nostras
628 1753 854 1824 deponis
879 1796 894 1818 ,
929 1769 994 1808 ne
1020 1751 1144 1821 quid
1175 1751 1259 1806 hic
1284 1751 1631 1820 relinquatur,
1659 1765 1725 1804 ne

145 1842 250 1910 quid
276 1847 620 1914 quatittumis
652 1845 768 1898 leve
795 1845 876 1898 vel
909 1843 1160 1912 exiguum
1194 1851 1412 1912 pereat,
1447 1851 1504 1896 ut
1543 1841 1723 1894 omnia

145 1934 335 1988 domum
365 1949 729 2006 reportentus.
760 1938 849 1992 Sic
873 1947 926 1990 et
953 1951 1051 1992 nos
1077 1937 1128 1990 in
1157 1936 1402 2006 prtesenti
1432 1937 1537 1990 vita
1564 1956 1576 1990 :
1605 1951 1721 1990 eam

146 2028 272 2096 quasi
301 2043 602 2098 cauponam
646 2030 994 2098 respiciamus
1015 2071 1028 2093 ,
1062 2029 1297 2099 nihilque
1336 2029 1422 2084 hic
1452 2030 1723 2099 relinqua-

146 2133 264 2183 mus,
283 2119 374 2173 sed
402 2119 586 2172 omnia
619 2119 670 2172 in
702 2121 1040 2190 metropolitn
1068 2130 1424 2190 reportemus.
1456 2120 1637 2174 Viator
1665 2136 1723 2174 es

144 2224 194 2261 ac
222 2209 548 2277 peregrinos,
581 2211 691 2263 itnn
723 2213 925 2267 viatore
951 2213 1126 2266 vilior.
1156 2213 1478 2279 Quomodo?
1507 2227 1606 2281 ego
1637 2212 1720 2264 di-

144 2315 260 2351 eam.
291 2299 471 2354 Viator
516 2304 618 2355 scit
663 2304 875 2372 quando
918 2305 1211 2371 ingreditur
1237 2304 1625 2366 diversorium,
1670 2309 1723 2355 et

144 2391 329 2457 quando
353 2393 634 2461 egreditur
662 2413 674 2448 :
707 2396 756 2447 in
786 2394 900 2463 ejus
925 2396 1064 2447 enim
1094 2394 1314 2447 arbitrio
1342 2403 1425 2447 est
1450 2407 1718 2462 egressus,

144 2483 567 2547 quemadmodum
602 2495 654 2538 ct
698 2485 1002 2554 ingressus;
1032 2501 1131 2556 ego
1157 2497 1333 2540 autem
1367 2486 1636 2558 ingressus
1667 2485 1718 2540 in

144 2576 467 2631 diversorium
501 2622 513 2639 ,
564 2578 665 2632 hoc
705 2592 787 2634 est
825 2585 876 2634 ln
924 2592 1240 2649 prmSentcm
1272 2583 1431 2635 vitam
1466 2623 1479 2645 ,
1508 2581 1720 2650 quando

143 2682 429 2733 egressurus
473 2670 580 2723 sim
626 2671 832 2739 ignoro.
885 2673 1058 2742 Atque
1104 2672 1368 2726 interdum
1415 2689 1511 2742 pro
1562 2673 1720 2742 longo

146 2768 355 2828 t-tnpore
375 2762 632 2817 alimenta
657 2780 806 2832 paro,
828 2773 880 2818 et
897 2764 1154 2818 Dominus
1175 2776 1399 2833 repente
1423 2782 1506 2820 me
1531 2777 1715 2820 vocat:

146 2852 306 2918 Stulte,
341 2871 453 2920 qua:
485 2857 679 2924 parasti
708 2857 854 2928 cujus
883 2858 1069 2911 erunt?
1100 2856 1216 2910 Hac
1247 2860 1377 2911 enim
1408 2869 1550 2911 nocte
1578 2857 1716 2910 acci-

145 2947 256 3009 pient
279 2947 498 2998 animam
536 2957 672 2999 tuum
705 2945 860 3017 (Luc.
893 2947 980 3002 19..
1004 2947 1118 3018 20).
1149 2948 1387 3004 Incertus
1414 2951 1607 3015 exitus,
1639 2951 1719 3002 itt-

144 3038 318 3092 stabilis
348 3040 645 3107 possessio,
682 3050 938 3095 sexcenta
969 3041 1259 3111 przecipitia
1282 3084 1295 3105 ,
1328 3042 1559 3111 undique
1589 3056 1716 3110 pro-

142 3128 284 3182 eellze.
315 3129 420 3184 Cttr
449 3131 656 3185 insanis
682 3132 823 3186 circa
855 3131 1115 3188 umbras?
1144 3147 1240 3188 cur
1271 3133 1452 3190 relicta
1495 3134 1717 3188 veritate

142 3222 193 3275 ad
219 3225 417 3279 umbras
442 3224 729 3296 confugis?

197 3357 241 3412 6.
284 3358 402 3415 ilice
432 3360 560 3414 dico
586 3403 601 3425 ,
638 3378 735 3415 nec
761 3362 941 3417 dicere
967 3361 1204 3416 desinam
1235 3401 1250 3425 ,
1294 3361 1532 3416 dolorem
1577 3359 1714 3414 infe-

143 3465 244 3504 rens
265 3493 278 3517 ,
305 3463 354 3506 et
380 3455 606 3508 vulnera
635 3457 1024 3524 comprimens;
1058 3457 1214 3526 idque
1242 3472 1346 3508 non
1381 3465 1596 3525 promer
1621 3470 1716 3510 eos

143 3544 212 3609 qui
251 3545 597 3608 ceciderunt,
645 3547 738 3599 sed
787 3555 1006 3615 propter
1033 3562 1126 3600 eos
1165 3547 1254 3616 qui
1299 3556 1604 3614 supersunt.
1639 3545 1713 3598 Illi

143 3649 342 3704 namque
369 3636 769 3702 abscesserunt,
803 3637 1066 3706 lim-mque
1096 3649 1417 3705 acceperunt
1442 3656 1453 3690 :
1479 3639 1566 3708 qui
1591 3651 1715 3692 vero

139 3737 396 3794 supersunt
423 3771 438 3793 ,
477 3743 666 3782 eorum
697 3729 1085 3782 calamitatibus
1106 3729 1373 3782 cautiores
1399 3739 1710 3783 evaserunt.

142 3816 191 3868 Et
215 3819 351 3888 quid,
381 3820 617 3890 inquies,
653 3820 950 3876 faciemus?
977 3819 1150 3876 Unum
1183 3821 1285 3876 ltoc
1316 3819 1512 3884 facito,
1549 3836 1712 3890 pecu-

141 3909 236 3962 nias
275 3912 396 3966 odio
435 3912 638 3967 habeas
661 3953 675 3976 ,
714 3922 770 3966 et
811 3913 972 3966 vitam
1010 3922 1152 3966 tuam
1179 3912 1388 3983 diligas.
1416 3913 1603 3982 Abjice
1632 3913 1712 3967 fa-

140 4003 375 4068 tultates,
424 4019 535 4058 non
577 4003 698 4058 dico
737 4019 926 4059 omnes
954 4045 969 4070 ,
1018 4003 1112 4059 sed
1155 4006 1455 4073 superfluas
1507 4019 1709 4060 reseca.

140 4096 298 4149 Aliena
326 4114 391 4152 tte
420 4099 778 4167 concupiscas
802 4139 818 4165 ,
849 4097 1060 4153 viduam
1093 4113 1161 4152 ne
1190 4099 1458 4169 exspolies
1477 4142 1491 4165 ,
1526 4099 1709 4169 pupilli

142 4187 255 4241 bona
292 4205 357 4244 ne
399 4190 580 4260 rapias
605 4231 619 4254 ,
665 4189 882 4245 domum
915 4207 981 4246 ne
1009 4192 1287 4261 accipias:
1321 4206 1426 4245 non
1458 4207 1712 4261 personas

139 4278 270 4343 dico,
315 4281 404 4335 sed
452 4298 561 4335 res.
609 4281 662 4336 Si
693 4298 851 4352 quem
879 4283 1203 4338 conscientia
1235 4283 1442 4338 mordet
1470 4323 1485 4348 ,
1519 4284 1630 4352 ipse
1660 4285 1708 4336 in

140 4383 274 4424 eausa
304 4382 420 4440 est,
457 4389 564 4426 non
597 4390 747 4428 meus
778 4390 977 4429 sermo.
1008 4375 1115 4430 Cur
1145 4377 1286 4446 rapis
1309 4418 1324 4441 ,
1357 4376 1443 4430 ubi
1474 4375 1710 4429 invidia?

142 4458 283 4530 Rape,
308 4465 394 4518 ubi
424 4480 646 4519 eoruna.
675 4465 754 4521 Ne
776 4467 950 4536 rapias
976 4476 1195 4534 terram,
1226 4468 1317 4522 sed
1348 4467 1557 4520 c:elutn.
1593 4465 1713 4519 Vio-

141 4553 360 4610 lentorttm
388 4565 464 4610 est
495 4573 703 4626 regnum
730 4558 989 4625 cazlortmt,
1018 4569 1067 4612 et
1097 4559 1300 4612 violenti
1332 4560 1535 4630 rapiunt
1582 4560 1713 4613 illud

141 4645 344 4712 (Matth.
374 4652 465 4706 ll.
503 4651 570 4706 12
596 4652 634 4710 l.
663 4652 800 4720 Quid
832 4654 976 4723 rapis
1007 4670 1295 4724 pauperem
1327 4655 1712 4710 accusantem?

141 4737 264 4805 l’utpe
305 4743 578 4798 Christum
628 4745 951 4800 laudantem.
981 4744 1168 4799 Vidisti
1218 4747 1611 4814 improbitatem
1657 4756 1714 4801 et

141 4828 413 4890 iustitiam?
439 4835 603 4906 napis
626 4851 912 4905 pauperem
940 4852 1102 4906 pauca
1129 4837 1528 4907 possidentem?
1555 4839 1714 4892 Chri-

141 4935 236 4977 stus
262 4928 405 4988 dicit.
440 4929 524 4982 Me
555 4929 747 5000 rapito,
778 4929 979 4997 rapina:
1011 4930 1104 4984 tibi
1131 4931 1354 5000 gratiam
1385 4931 1556 4985 habeo
1587 4949 1599 4983 :
1631 4947 1714 4985 rc-

140 5030 276 5079 guum
303 5034 479 5073 meum
514 5021 710 5088 rapito,
739 5028 792 5073 et
819 5019 922 5073 vim
955 5019 1134 5074 facito.
1165 5020 1458 5075 Terrenum
1493 5038 1709 5092 regnum

140 5106 174 5157 si
203 5123 380 5177 rapere
407 5110 643 5164 volueris
663 5153 678 5178 ,
713 5111 820 5164 imo
845 5110 888 5164 si
921 5111 975 5164 id
1001 5111 1085 5166 vel
1114 5113 1431 5180 cogitaveris
1455 5154 1470 5177 ,
1507 5112 1712 5182 suppli-

140 5201 256 5254 cium
296 5202 410 5258 lues
438 5221 454 5257 τ
482 5219 776 5273 supernum
817 5219 944 5260 vero
989 5203 1033 5260 si
1081 5220 1186 5259 non
1220 5206 1459 5274 rapueris
1485 5248 1498 5271 ,
1530 5221 1715 5275 poenas

142 5290 251 5347 lues.
279 5293 374 5352 Ubi
406 5297 702 5361 mundana,
730 5297 802 5351 ibi
831 5298 1027 5354 invidia
1057 5315 1070 5352 :
1100 5299 1187 5354 ubi
1219 5315 1346 5355 vero
1376 5302 1666 5370 spiritualia
1695 5344 1711 5368 ,

144 5385 198 5439 ibi
223 5392 428 5444 caritas.
461 5389 590 5445 Haec
632 5390 856 5460 singulis
903 5391 1091 5446 diebus
1137 5392 1436 5458 meditare;
1485 5409 1551 5448 ne
1594 5402 1716 5464 post

143 5477 329 5535 biduum
355 5497 586 5538 cernens
611 5483 774 5537 alium
802 5498 962 5538 curru
990 5495 1200 5539 vectum
1226 5527 1242 5551 ,
1272 5486 1446 5542 serico
1472 5485 1713 5540 indutum

144 5573 451 5642 vestimento,
482 5589 604 5630 sese
629 5573 964 5641 efferentem,
990 5577 1326 5632 conturberis
1355 5587 1446 5631 aut
1474 5588 1712 5645 stupeas.

145 5663 203 5717 Se
245 5665 417 5724 laudes
450 5671 466 5702 ¹
499 5667 724 5728 divitem
749 5709 766 5737 ,
799 5668 894 5724 sed
925 5684 1048 5724 eum
1080 5679 1280 5726 tantum
1309 5671 1398 5741 qui
1431 5671 1480 5725 in
1509 5670 1710 5740 justitia

198 5892 212 5920 ⁸
241 5894 324 5948 sic.
343 5903 403 5944 Ne
423 5893 618 5952 lauda,
644 5903 821 5942 omnes
847 5899 898 5940 et
921 5891 1090 5955 Savil.;
1117 5894 1293 5949 more].
1315 5911 1454 5953 vero,
1472 5900 1516 5942 et
1541 5892 1705 5944 tundit.

3319 417 3422 472 402

1833 545 1978 598 vivit.
2012 546 2302 617 Pauperem
2344 559 2410 600 ne
2449 544 2756 613 vituperes,
2789 543 2882 598 sed
2925 542 3064 597 circa
3107 555 3195 596 res
3236 555 3426 597 omnes

1830 636 1976 690 disce
2007 645 2152 690 recto
2177 645 2231 691 et
2262 637 2570 705 incorrupto
2603 636 2676 688 uti
2701 633 2923 703 judicio.

1903 723 2141 778 Ecclesia:
2164 726 2356 780 laudes.
2391 756 2460 765 —
2488 725 2571 780 Ab
2595 725 2820 779 ecclesia
2850 738 2916 777 ne
2945 723 3214 778 abstineas
3240 740 3252 776 :
3283 722 3417 777 nihil

1828 818 1971 870 enim
2014 816 2202 871 fortius
2246 816 2505 870 Ecclesia.
2557 816 2692 884 Spes
2738 825 2823 868 tua
2872 814 3133 879 Ecclesia,
3160 813 3422 883 refugiunt

1833 917 1980 961 tuum
2012 907 2271 962 Ecclesia.
2301 906 2446 960 Caelo
2474 907 2738 961 excelsior
2763 915 2817 960 et
2846 915 2983 958 terra
3017 905 3173 958 latior
3201 913 3283 959 est
3311 904 3418 956 illa.

1829 998 2126 1067 Numquam
2165 995 2432 1061 senescit,
2473 997 2568 1051 sed
2611 1012 2824 1066 semper
2865 997 3023 1066 viget.
3065 997 3420 1062 Quamobrem

1831 1092 1942 1160 ejus
1971 1090 2270 1144 firmitatem
2293 1089 2740 1156 stabilitatemqne
2761 1089 3132 1142 demonstrans
3148 1086 3424 1155 Scriptura

1830 1190 2064 1234 montem
2097 1179 2237 1232 illam
2264 1188 2454 1242 vocat;
2507 1179 2621 1245 ejus
2654 1178 3202 1245 incorruptibilitatem
3232 1178 3421 1246 appel-

1830 1271 1903 1324 lat
1932 1272 2226 1339 virginem;
2260 1268 2704 1339 magnil‘tcentiam
2736 1269 2850 1335 ejus
2878 1270 3074 1336 regina:
3094 1271 3309 1324 nomine
3329 1268 3424 1323 de-

1829 1363 2033 1425 clarat;
2081 1362 2483 1430 cognationem,
2532 1376 2691 1428 quam
2736 1374 2856 1414 cum
2905 1359 3012 1413 Deo
3059 1359 3251 1426 habet,
3300 1361 3423 1414 filia:

1831 1469 1960 1508 voce
2000 1453 2228 1507 indicat:
2272 1464 2488 1522 propter
2513 1467 2850 1507 numerosam
2883 1454 3087 1522 prolem
3116 1453 3260 1506 illam
3293 1454 3420 1506 olim

1830 1545 2066 1600 sterilem
2091 1586 2105 1611 ,
2133 1559 2275 1598 nunc
2306 1553 2459 1597 vocat
2486 1559 2602 1598 eam
2626 1586 2640 1609 ,
2666 1560 2784 1613 qure
2808 1545 3012 1614 peperit
3032 1556 3236 1614 septem
3264 1562 3276 1599 :
3300 1559 3424 1599 sex-

1829 1647 1980 1690 centa
2023 1635 2258 1701 nomina,
2306 1646 2362 1688 ut
2397 1634 2510 1704 ejus
2549 1637 2880 1690 nobilitatem
2910 1635 3125 1690 indicet.
3153 1636 3422 1702 Quemad-

1831 1727 2048 1781 modum
2098 1727 2240 1781 enim
2289 1727 2544 1779 Dominus
2588 1727 2704 1794 ejus
2749 1727 2913 1780 multa
2955 1725 3116 1780 habet
3158 1727 3419 1780 nomina:

1830 1834 1950 1872 nam
1995 1827 2146 1888 pater
2183 1827 2434 1881 vocatur,
2469 1817 2548 1870 via
2571 1860 2585 1884 ,
2619 1818 2724 1871 vita
2747 1859 2762 1884 ,
2793 1819 2911 1882 lux,
2952 1817 3226 1872 brachium
3248 1860 3262 1886 ,
3293 1833 3421 1888 pro-

1829 1913 2054 1981 pitiatio,
2080 1910 2481 1966 fundamentum
2501 1951 2517 1975 ,
2547 1913 2762 1978 ostium,
2794 1911 3175 1980 impeccabilis,
3205 1912 3422 1967 thesau-

1828 2019 1952 2071 rus,
1984 2003 2266 2070 dominus,
2301 2004 2438 2058 Deus
2460 2043 2474 2067 ,
2505 2004 2643 2056 illius
2663 2045 2677 2066 ,
2707 2003 3010 2073 unigenitus
3034 2044 3049 2068 ,
3084 2002 3253 2058 forma
3287 2004 3378 2058 Dei
3406 2045 3422 2069 ,

1828 2098 2003 2166 imago
2034 2096 2126 2150 Dei
2157 2113 2168 2147 :
2203 2112 2270 2149 an
2293 2095 2489 2148 sufficit
2519 2109 2714 2149 nomen
2744 2109 2907 2150 unum
2934 2095 3000 2148 ad
3029 2104 3195 2149 tomm
3220 2110 3423 2164 reprm-

1826 2187 2144 2242 sentandum
2165 2188 2188 2239 ?
2209 2187 2361 2241 Nullo
2393 2187 2551 2240 modo
2584 2203 2598 2240 :
2633 2187 2860 2257 ideoque
2882 2188 3160 2242 innumera
3181 2199 3306 2241 sunt
3329 2202 3423 2240 no-

1828 2277 1968 2331 mina
1987 2317 2001 2344 ,
2044 2287 2100 2332 ut
2126 2277 2192 2332 de
2224 2277 2336 2333 Deo
2359 2279 2438 2332 vel
2471 2277 2738 2332 tantillum
2765 2277 3087 2332 ediscamus.
3118 2278 3206 2332 Sic
3233 2288 3287 2332 et
3316 2278 3423 2332 Ec-

1826 2371 1985 2425 clesia
2031 2370 2212 2424 multis
2256 2379 2478 2424 vocatur
2519 2369 2845 2424 nominibus.
2889 2367 3052 2439 Virgo
3091 2369 3421 2438 appellatur,

1826 2477 1944 2531 qua?
1975 2471 2150 2515 tamen
2175 2464 2321 2530 prius
2349 2461 2600 2515 meretrix
2624 2470 2738 2514 erat
2770 2478 2782 2513 :
2817 2475 2962 2526 nam,
2986 2459 3128 2524 quod
3151 2461 3203 2514 in
3225 2475 3424 2528 sponso

1827 2554 2069 2608 mirabile
2095 2565 2208 2607 est:
2241 2554 2445 2622 accepit
2473 2551 2833 2618 meretricem,
2863 2561 2917 2606 et
2942 2551 3120 2605 effecit
3139 2552 3421 2621 virginem.

1823 2645 1868 2698 0
1902 2660 2014 2698 rem
2054 2660 2240 2698 novam
2267 2655 2320 2698 et
2347 2644 2717 2699 admirabilem
2743 2649 2755 2697 !
2789 2643 2995 2710 Nuptite
3020 2643 3160 2712 apud
3191 2657 3288 2697 nos
3315 2645 3425 2696 vir-

1823 2737 2095 2804 ginitatem
2143 2737 2393 2798 solvunt,
2441 2736 2636 2802 nuptiie
2677 2735 2818 2802 apud
2859 2737 3026 2792 lteum
3065 2735 3421 2803 virginitatem

1824 2827 2165 2881 resuscitant.
2192 2826 2342 2896 Apud
2378 2842 2475 2880 nos
2503 2841 2620 2895 qua:
2645 2827 2794 2895 virgo
2823 2834 2939 2880 erat
2959 2867 2972 2889 ,
3002 2834 3186 2894 nupta,
3214 2840 3318 2878 non
3342 2835 3424 2879 est

1824 2921 1973 2990 virgo
1998 2935 2012 2983 ;
2037 2919 2175 2988 apud
2200 2919 2467 2973 Christum
2491 2935 2609 2988 qua:
2634 2919 2886 2974 meretrix
2912 2927 3046 2985 erat,
3071 2927 3254 2987 nupta,
3276 2917 3423 2988 virgo

1823 3013 2070 3068 cflicitur.

1895 3106 1946 3158 7.
2001 3104 2111 3157 lloc
2159 3104 2333 3157 solum
2377 3104 2530 3158 velim
2578 3103 2961 3172 interpretetur
2999 3100 3306 3165 litereticus,
3334 3102 3421 3170 qui

1822 3196 1888 3251 de
1925 3211 2155 3264 superna
2195 3194 2544 3264 generatione
2586 3196 2850 3248 curiosius
2879 3195 3137 3264 inquirit,
3169 3209 3231 3248 ac
3258 3193 3379 3248 dicit
3407 3234 3420 3256 ,

1821 3290 2100 3358 Quomodo
2131 3289 2316 3359 genuit
2355 3290 2551 3343 Pater?
2584 3290 2676 3343 Dic
2705 3291 2810 3353 illi,
2839 3290 3120 3356 Quomodo
3149 3289 3382 3344 ECClC>i3
3405 3331 3419 3353 ,

1821 3400 1941 3453 qua:
1969 3383 2221 3437 meretrix
2251 3392 2368 3436 erat
2389 3423 2402 3444 ,
2438 3383 2587 3450 virgo
2619 3381 2809 3436 eﬂecta
2840 3383 2963 3438 est?
2993 3381 3263 3451 quomodo
3295 3382 3378 3434 illa
3406 3424 3418 3445 ,

1821 3491 1938 3546 quin
1963 3475 2185 3546 genuit,
2216 3475 2367 3543 virgo
2407 3473 2743 3541 permansit?
2775 3472 3024 3526 Ᾰίηωιον
3049 3475 3178 3526 enim
3209 3491 3295 3527 vos
3328 3471 3422 3526 Dei

1821 3567 2164 3629 «mulatione,
2191 3567 2362 3635 inquit
2389 3566 2620 3630 Paulus;
2651 3565 2898 3635 despondi
2923 3566 3058 3620 enim
3079 3582 3164 3619 vos
3186 3567 3272 3620 uni
3293 3567 3421 3633 viro,

1822 3663 2062 3732 virginem
2091 3671 2282 3714 castam
2303 3659 2534 3714 exhibere
2560 3659 2762 3714 Cltristo
2793 3658 2869 3725 (‘2.
2902 3658 3018 3714 Cor.
3048 3661 3138 3716 Η.
3165 3658 3244 3731 2).
3271 3658 3315 3714 Ο
3334 3674 3424 3715 sa-

1820 3753 2110 3822 pientiam,
2155 3761 2209 3805 et
2257 3753 2703 3822 intelligentiam!
2750 3750 2998 3805 dimittor
3037 3753 3167 3804 enim
3208 3767 3294 3804 tto:
3330 3750 3423 3804 Dei

1819 3847 2160 3898 inmutatione.
2193 3843 2329 3912 Quid
2353 3843 2456 3898 hoc
2483 3846 2608 3898 est?
2640 3843 2888 3898 Afmulor
2911 3884 2925 3910 ,
2961 3843 3149 3914 inquit.
3182 3842 3425 3897 IEmula—

1819 3938 1894 3989 ris
1939 3944 1993 3990 tu
2016 3976 2028 3997 ,
2072 3935 2163 4004 qui
2204 3935 2498 4003 Spiritualis
2525 3933 2628 3988 es?
2660 3933 2906 3987 zEntulor
2930 3933 3098 3997 enim,
3130 3934 3334 4003 inquit,
3366 3940 3426 3990 ut

1822 4029 1986 4083 Deus.
2041 4028 2251 4098 Ergone
2299 4027 2437 4082 Deus
2479 4027 2800 4080 a'mulatur‘!
2847 4027 3056 4090 Etiam,
3099 4026 3422 4093 aemulatur,

1821 4140 1926 4176 non
1958 4124 2123 4176 animi
2149 4122 2336 4176 morbo
2361 4161 2376 4186 ,
2410 4122 2504 4175 sed
2533 4121 2755 4175 caritate
2777 4131 2830 4175 et
2857 4120 3143 4191 zelotypia.
3177 4118 3425 4173 zEmulor

1818 4217 1950 4268 enim
1979 4232 2064 4268 vos
2092 4214 2187 4268 Dei
2213 4213 2562 4268 azntulatione.

1891 4307 2114 4374 Allectus
2167 4310 2218 4360 in
2269 4305 2379 4360 Deo
2427 4307 2704 4373 quomodo.
2763 4305 2918 4359 Varia
2963 4304 3147 4361 Christi
3194 4306 3420 4358 nomina.

1818 4401 2071 4455 ——Dicatn
2107 4400 2197 4455 tibi
2226 4399 2496 4469 quomodo
2517 4399 2842 4453 inmutatur?
2869 4397 3012 4452 Vidit
3048 4408 3242 4453 terram
3265 4413 3294 4450 a
3316 4396 3421 4452 dte-

1820 4495 2069 4549 tnonibtts
2105 4503 2409 4562 corruptam
2437 4535 2453 4559 ,
2495 4502 2549 4547 et
2577 4491 2769 4546 Filium
2797 4505 2951 4546 suum
2979 4491 3212 4546 tradidit.
3245 4489 3421 4546 Verba

1819 4588 2017 4656 quippe
2061 4585 2127 4639 de
2175 4584 2284 4638 Deo
2332 4583 2474 4638 dicta
2520 4598 2626 4636 non
2672 4582 2860 4637 eadem
2904 4591 3030 4636 sunt
3070 4581 3122 4636 vi
3150 4581 3370 4651 praedita
3409 4599 3420 4634 :

1819 4679 2049 4746 exempli
2081 4691 2238 4730 causa
2263 4719 2276 4739 ,
2311 4675 2594 4729 tumulatur
2627 4675 2770 4729 Deus
2793 4717 2808 4740 ,
2841 4673 3119 4738 irascitur,
3156 4674 3422 4743 pmniten-

1821 4773 1890 4826 tia
1939 4789 2003 4825 mi
2033 4780 2216 4832 vetur,
2261 4769 2393 4823 odit.
2433 4767 2604 4822 Verba
2635 4776 2762 4821 sunt
2789 4769 3016 4821 humana
3036 4809 3050 4831 ,
3083 4767 3176 4821 sed
3206 4781 3422 4822 sensum

1821 4866 2018 4918 habent
2052 4864 2159 4916 Deo
2187 4871 2594 4932 coogruentem.
2623 4859 2902 4928 Quomodo
2932 4860 3210 4913 aemulatur
3243 4859 3423 4913 Deus?

1822 4956 2067 5010 ZEmulor
2087 4957 2220 5007 enim
2244 4971 2326 5007 vos
2358 4953 2454 5006 Dei
2483 4953 2824 5006 wmnlationc.
2852 4952 3100 5006 Irascitur
3118 4952 3294 5007 Deus?
3309 4950 3421 5004 Do-

1822 5049 1956 5100 mine
1977 5089 1990 5112 ,
2035 5063 2096 5100 ne
2130 5047 2180 5100 itt
2209 5047 2382 5115 furore
2407 5056 2492 5098 tuo
2519 5062 2706 5115 arguas
2739 5061 2817 5097 me
2841 5043 3012 5113 (Psal.
3043 5043 3096 5097 6.
3131 5043 3206 5114 1).
3242 5044 3426 5113 Itaque

1822 5141 1981 5195 etiam
2029 5139 2228 5193 dormit
2271 5138 2455 5193 Deus?
2498 5135 2765 5206 Exsurge,
2792 5153 2948 5204 quare
2985 5137 3275 5199 elidor-mis,
3312 5136 3420 5189 Do-

1822 5233 1954 5284 mine
1989 5230 2158 5300 (Psal.
2201 5231 2289 5284 45.
2323 5231 2437 5299 9.3).
2475 5229 2794 5285 Pmnilentia
2823 5239 3066 5283 movetur
3098 5229 3276 5283 Deus?
3302 5226 3423 5280 Pa:-

1823 5327 1980 5390 nitet,
2026 5324 2220 5393 ittquit,
2270 5340 2349 5376 me
2397 5325 2573 5394 fecisse
2612 5323 2864 5375 hominem
2904 5319 3055 5391 (Gen.
3100 5321 3152 5374 6.
3178 5320 3253 5392 7).
3286 5318 3422 5377 Odio

1825 5417 1984 5471 habet
2013 5417 2192 5470 Deus?
2225 5414 2584 5469 δοιρηιηὲιαιεε
2607 5421 2792 5468 vestras
2813 5423 2859 5466 et
2881 5413 3167 5465 neomenias
3187 5412 3290 5464 odit
3312 5412 3396 5463 ani
3406 5440 3421 5450 -

1824 5525 1906 5560 tna
1935 5525 2047 5561 mea
2075 5505 2276 5578 (Hesai.
2313 5507 2360 5559 1.
2390 5505 2499 5575 14).
2524 5503 2720 5560 Verum
2752 5521 2820 5558 ne
2845 5504 3131 5559 verborum
3165 5503 3419 5555 vilitatem

1825 5609 2071 5670 spectes,
2118 5599 2212 5655 sed
2253 5598 2581 5662 sententias,
2627 5607 2684 5651 ut
2721 5598 2884 5652 Deum
2933 5596 3117 5664 decet,
3162 5595 3419 5664 intelligo.

1826 5695 2130 5751 )Emulatur
2162 5695 2301 5750 Deus
2325 5736 2339 5760 ,
2375 5693 2572 5762 quippe
2599 5697 2685 5762 qui
2718 5693 2925 5761 diligat.
2955 5692 3201 5746 Irascitur
3235 5689 3374 5744 Dens
3405 5731 3417 5752 ,

1826 5803 1930 5841 non
1971 5787 2130 5840 animi
2175 5795 2350 5850 motu,
2389 5784 2484 5837 sed
2528 5783 2727 5838 ultione
2766 5793 2818 5837 et
2846 5783 3125 5853 supplicio.
3160 5781 3417 5836 Somnum

1825 5883 1963 5952 capit
2008 5881 2180 5945 Deus,
2219 5897 2321 5934 non
2348 5878 2656 5946 dormiens,
2688 5877 2779 5931 sed
2811 5878 3006 5932 diutius
3033 5877 3264 5930 tolerans
3332 5873 3415 5926 Di-
