4104 6498
629 399 738 457 4115

629 520 837 568 cttones
877 524 1003 569 cum
1042 510 1259 569 delectu
1298 512 1503 583 accipe.
1545 511 1636 568 Sic
1660 526 1782 567 cum
1814 510 2047 565 audieris
2068 509 2234 566 Deum

627 606 870 674 gignere,
889 620 957 659 ne
974 604 1244 661 sectiones
1254 604 1480 674 cogites,
1498 603 1593 659 sed
1606 601 2237 659 consubstantialitatem.

630 695 805 752 Verba
840 695 986 751 enim
1015 695 1182 751 multa
1208 696 1405 751 similia
1432 711 1461 751 a
1490 696 1646 752 nobis
1673 704 1947 750 mutuatus
1974 703 2058 749 est
2076 694 2237 757 Deus,

629 796 764 843 utet
787 802 889 843 nos
908 788 1089 843 abillo
1114 788 1339 843 mutuati
1366 803 1572 852 sumus,
1600 796 1657 841 ut
1678 786 1730 842 id
1753 787 1907 842 nobis
1925 787 1995 842 sit
2027 786 2237 840 honori.

702 878 758 935 8.
792 878 1109 936 Intellexisti
1135 878 1264 951 quid
1291 878 1559 935 dixerim?
1590 878 1823 933 Attende
1846 877 2036 933 sedulo
2058 919 2074 943 ,
2100 876 2239 932 dile-

629 980 735 1028 cte.
770 971 958 1028 Divina
986 982 1112 1028 sunt
1136 976 1355 1029 nomina
1380 1016 1396 1039 ,
1422 983 1479 1028 et
1505 972 1737 1028 humana
1766 982 1894 1028 sunt
1924 972 2162 1026 nomina.
2194 971 2235 1025 A

632 1080 721 1121 me
744 1066 955 1136 accepit
975 1108 990 1134 ,
1023 1074 1078 1121 et
1106 1067 1237 1121 mihi
1266 1065 1417 1122 dedit
1444 1066 1580 1137 ipse.
1611 1066 1685 1119 Da
1712 1064 1842 1119 mihi
1874 1073 1961 1119 tua
1985 1105 2002 1130 ,
2031 1063 2237 1134 inquit,

628 1166 685 1212 rt
723 1158 909 1228 accipe
952 1172 1093 1214 mea.
1126 1157 1367 1214 Meorum
1408 1172 1545 1228 opus
1584 1157 1753 1212 habes
1776 1156 2063 1211 verborum
2092 1173 2104 1209 :
2134 1169 2238 1209 non

632 1264 770 1320 opus
818 1249 991 1306 habeo
1034 1264 1167 1323 ego,
1215 1250 1311 1306 sed
1340 1259 1397 1305 tu
1425 1267 1440 1304 :
1472 1250 1597 1321 quia
1622 1250 1767 1306 enim
1794 1248 2092 1304 substantia
2121 1262 2240 1303 mea

636 1347 945 1416 incorrupta
966 1353 1050 1399 est
1069 1386 1084 1411 ,
1119 1353 1175 1399 tu
1200 1351 1381 1400 autem
1410 1343 1573 1398 homo
1601 1357 1683 1410 es,
1703 1342 1916 1413 corpori
1940 1355 2237 1407 connexus,

634 1452 925 1508 eorporeas
970 1449 1220 1507 quaerens
1261 1435 1571 1503 dictiones,
1616 1445 1675 1490 ut
1717 1444 1804 1502 tu,
1854 1433 2067 1503 corpori
2112 1448 2243 1488 con-

638 1548 840 1599 nexus,
874 1546 905 1587 a
935 1531 1077 1587 notis
1104 1530 1203 1586 tibi
1230 1530 1409 1587 verbis
1437 1530 1733 1586 sententias
1759 1543 1877 1599 qua:
1910 1537 1962 1583 te
1986 1536 2243 1598 superant

638 1622 929 1694 intelligas.
955 1622 1216 1692 Quasnam
1245 1622 1453 1692 accepit
1472 1636 1503 1676 a
1532 1636 1641 1687 me,
1670 1635 1916 1691 quamam
1942 1618 2090 1675 dedit
2111 1618 2241 1674 mihi

639 1713 900 1770 nomina?
931 1714 1048 1784 Ipse
1080 1713 1221 1768 Deus
1242 1722 1327 1768 est
1350 1753 1367 1780 ,
1396 1721 1452 1769 et
1472 1712 1633 1768 deum
1656 1726 1743 1767 me
1766 1711 1976 1767 vocavit
2000 1728 2014 1763 :
2044 1710 2115 1766 ibi
2141 1725 2241 1765 na-

640 1818 757 1863 tura
792 1808 909 1876 rei,
945 1806 1034 1862 hic
1072 1805 1247 1863 honor
1274 1805 1529 1861 nominis.
1558 1803 1672 1876 Ego
1700 1804 1809 1859 dixi
1845 1820 1864 1857 :
1895 1803 1982 1858 Dii
2011 1804 2129 1859 estis
2152 1842 2167 1870 ,
2195 1812 2241 1857 et

640 1900 739 1971 [itii
780 1899 985 1955 εταιεὶ
1027 1915 1198 1954 omnes
1222 1896 1395 1968 (Psat.
1426 1898 1516 1955 81.
1544 1895 1621 1971 6).
1651 1897 1748 1953 Hic
1772 1897 1932 1953 verba
1958 1906 2107 1966 sunt,
2136 1895 2243 1952 illic

620 2007 817 2055 ,rerum
862 2000 1071 2047 natura.
1105 1989 1329 2046 Vocavit
1368 2004 1457 2045 me
1494 1988 1682 2054 deum,
1718 1987 1819 2043 hoc
1848 1989 1991 2043 enim
2024 2002 2113 2043 me
2140 1987 2242 2043 bo-

643 2099 774 2141 nore
798 2083 1044 2155 dignatus
1064 2091 1146 2139 est
1178 2099 1193 2138 :
1222 2082 1313 2138 ille
1333 2090 1554 2138 vocatus
1572 2090 1658 2137 est
1684 2080 1844 2137 homo
1862 2121 1878 2148 ,
1909 2089 2131 2135 vocatus
2158 2089 2243 2136 est

648 2179 787 2233 (ilius
828 2175 1080 2241 hominis,
1114 2184 1333 2231 vocatus
1359 2183 1444 2230 est
1471 2174 1577 2242 via,
1609 2174 1831 2239 ostium,
1860 2180 2030 2242 petra.
2058 2171 2183 2227 nec
2209 2185 2239 2226 a

644 2284 731 2323 me
759 2269 995 2332 accepit,
1028 2266 1117 2321 illa
1145 2281 1273 2323 vero
1302 2266 1402 2322 sibi
1433 2266 1647 2337 prepria
1675 2265 1887 2320 nomina
1909 2264 2058 2321 dedit
2084 2264 2237 2320 mihi.

650 2364 751 2415 tlur
799 2368 1018 2415 vocatus
1069 2369 1153 2416 est
1189 2359 1312 2415 via?
1362 2359 1432 2414 Ut
1471 2358 1647 2413 discas
1711 2374 1809 2413 nos
1863 2372 1960 2427 per
2001 2373 2125 2412 eum
2174 2358 2242 2411 ad

645 2455 856 2511 Patrem
915 2453 1223 2510 ascendere.
1277 2451 1387 2508 Cur
1426 2464 1644 2510 vocatus
1683 2462 1767 2509 est
1803 2451 1989 2522 petra?
2028 2452 2098 2509 Ut
2130 2450 2243 2507 edi-

644 2564 763 2605 scas
832 2549 1098 2604 sinceram
1140 2546 1296 2603 simul
1355 2555 1411 2604 et
1466 2548 1837 2603 inconcussam
1900 2546 2078 2604 Iidem.
2135 2544 2243 2602 Cur

647 2648 865 2695 vocatus
927 2650 1010 2695 est
1064 2640 1531 2695 fundamentum?-
1566 2638 1636 2696 Ut
1689 2639 1828 2695 scias
1879 2654 2001 2694 eum
2061 2638 2241 2694 omnia

647 2743 883 2802 portare.
923 2732 1029 2788 Cur
1058 2742 1277 2788 vce-atus
1297 2741 1380 2786 est
1408 2730 1554 2785 radix
1578 2732 1601 2784 ἲ
1624 2730 1692 2787 Ut
1715 2730 1891 2786 discas
1919 2745 2018 2785 nos
2048 2730 2098 2784 in
2128 2731 2243 2799 ipso

648 2826 862 2880 ﬂorere.
889 2823 999 2880 Cur
1025 2835 1248 2880 vocatus
1275 2831 1361 2879 est
1391 2823 1610 2895 pastor?
1629 2822 1760 2892 Quia
1786 2837 1885 2877 nos
1916 2823 2104 2893 pascit.
2134 2820 2244 2876 Cur

647 2927 866 2973 Vocatus
902 2928 984 2973 est
1018 2917 1172 2973 ovis?
1217 2918 1349 2986 Quia
1393 2931 1492 2987 pro
1520 2916 1673 2972 nobis
1698 2917 2038 2979 immolatus,
2074 2914 2244 2970 factus

647 3020 729 3065 est
750 3011 1076 3082 propitiatin.
1098 3010 1206 3066 Cur
1233 3012 1337 3066 vita
1358 3010 1382 3066 1
1405 3010 1540 3079 Quia
1564 3024 1661 3065 nos
1684 3020 1923 3064 mortuos
1944 3008 2242 3065 suscitavit.

648 3105 827 3172 Quare
870 3104 1003 3159 lux?
1045 3102 1177 3172 Quia
1222 3116 1371 3159 nosa
1417 3102 1652 3159 tenebris
1694 3101 1956 3158 liberavit.
1981 3100 2093 3156 Cur
2117 3101 2244 3155 bra-

648 3197 826 3251 chium
849 3195 1079 3252 dicitur?
1099 3195 1231 3263 Quia
1256 3194 1725 3251 consubstantialis
1745 3195 1909 3249 Patri.
1932 3196 2108 3262 Quare
2125 3209 2245 3248 ver-

648 3288 814 3344 bum?
856 3288 991 3358 Quia
1040 3304 1070 3343 a
1122 3288 1281 3344 Patre
1325 3288 1554 3360 genitus.
1598 3285 2055 3356 Quemadmodum
2099 3284 2243 3340 enim

648 3382 870 3438 verbum
902 3398 1078 3437 meum
1106 3380 1177 3437 ab
1198 3381 1374 3435 anima
1402 3394 1521 3435 mea
1549 3378 1810 3450 gignitur,
1839 3377 1917 3433 sic
1943 3386 1997 3433 et
2023 3376 2186 3432 Filius
2211 3389 2243 3430 a

651 3474 809 3531 Patre
860 3475 1071 3544 genitus
1122 3482 1224 3529 est.
1279 3472 1390 3529 Cur
1436 3482 1655 3526 voratus
1700 3480 1783 3527 est
1829 3470 2244 3527 vmimentum?

651 3565 783 3634 Quia
845 3565 963 3636 ipso
1009 3564 1225 3621 indutus
1276 3578 1395 3618 sum
1440 3564 1493 3617 in
1535 3562 1836 3634 baptismo?
1874 3563 1981 3617 Cur
2021 3561 2244 3616 mensa?

651 3657 783 3724 Quia
815 3657 986 3726 ipsum
1014 3654 1241 3711 comedo
1263 3694 1281 3721 ,
1311 3655 1438 3710 dum
1461 3653 1612 3708 fruor
1632 3652 1923 3725 mysteriis.
1952 3652 2128 3721 Quare
2147 3652 2245 3705 do-

654 3746 812 3801 mus?
857 3746 989 3815 Quia
1037 3746 1089 3800 in
1135 3746 1251 3816 ipso
1275 3744 1473 3801 habito.
1523 3744 1632 3799 Cur
1668 3743 1973 3798 inhabitans
2011 3743 2244 3798 dicitur?

652 3837 787 3905 Quia
823 3838 1076 3907 templum
1112 3837 1228 3907 ejus
1251 3836 1538 3893 efﬁcimur.
1561 3834 1667 3891 Cur
1692 3834 1889 3904 caput?
1914 3833 2049 3902 Quia
2077 3849 2245 3889 mem-

654 3931 808 3985 brum
860 3929 979 4000 ejus
1025 3945 1143 3986 sum
1192 3928 1532 3985 constitutus.
1581 3928 1757 3997 Quare
1811 3942 2038 3996 sponsus
2087 3942 2246 3981 voca-

656 4032 743 4077 tus
762 4023 880 4078 est?
896 4023 1027 4089 Quia
1049 4022 1102 4077 in
1124 4036 1374 4092 sponsam
1393 4037 1478 4077 me
1495 4022 1850 4076 concinnavit.
1874 4022 2047 4088 Quare
2067 4030 2247 4076 castus

656 4113 848 4167 dicitur
868 4114 893 4165 ἲ
916 4112 1049 4178 Quia
1080 4127 1167 4167 me
1191 4111 1449 4181 virginem
1491 4111 1662 4165 duxit.
1688 4112 1798 4165 Cur
1814 4111 2063 4165 dominus
2080 4125 2246 4165 voca-

658 4204 783 4258 tur?
805 4202 939 4269 Quia
960 4202 1149 4258 ancilla
1176 4202 1293 4271 ejus
1321 4215 1459 4255 sum.

727 4294 783 4347 9.
831 4294 961 4351 Vide
1003 4296 1144 4350 enim
1187 4293 1512 4358 Ecclesiam,
1559 4302 1618 4349 ut
1652 4293 1928 4360 dicebam,
1975 4300 2244 4363 quomodo

661 4388 948 4459 aliquando
999 4401 1193 4457 sponsa
1213 4387 1300 4450 sit,
1325 4386 1608 4456 aliquando
1634 4385 1760 4451 ﬁlia,
1783 4385 2049 4441 interdum
2073 4386 2241 4456 virgo,

660 4495 1060 4551 nonnumquam
1099 4478 1319 4543 ancilla,
1369 4478 1529 4533 modo
1573 4479 1787 4549 regina,
1824 4478 1983 4532 modo
2011 4478 2242 4545 sterilis,

659 4570 943 4643 aliquando
989 4585 1145 4626 mons
1172 4610 1189 4637 ,
1235 4569 1428 4625 deinde
1472 4570 1747 4640 paradisus
1778 4609 1792 4635 ,
1845 4568 2109 4624 interdum
2162 4568 2245 4622 fe-

660 4664 854 4725 cunda,
871 4658 1034 4715 modo
1050 4658 1245 4724 lilium,
1258 4660 1549 4730 aliquando
1565 4660 1717 4717 fons:
1738 4658 1922 4716 omnia
1932 4667 2033 4712 est.
2051 4658 2246 4725 Quam-

672 4754 862 4811 obrem
914 4753 1002 4809 bis
1078 4752 1271 4807 auditis
1291 4790 1311 4821 ,
1355 4766 1483 4807 eave
1507 4759 1663 4819 putes
1687 4762 1942 4818 corporea
1972 4747 2061 4801 illa
2084 4761 2203 4803 esse
2231 4761 2246 4801 :

668 4847 762 4901 sed
788 4854 1017 4900 tuentem
1046 4855 1185 4898 tuam
1210 4843 1274 4896 ad
1305 4856 1521 4912 scopum
1544 4841 1748 4910 dirige;
1776 4853 2032 4908 corporea
2056 4838 2252 4909 quippe

670 4939 792 4994 talia
836 4952 955 4993 esse
993 4951 1098 4990 non
1140 4943 1381 5004 possunt.
1417 4933 1573 4988 Verbi
1611 4933 1779 5002 gratia
1812 4951 1826 4985 :
1857 4946 2011 4985 mons
2040 4946 2145 4984 non
2171 4940 2253 4985 est

668 5031 852 5101 virgo;
886 5029 1033 5098 virgo
1063 5042 1167 5081 non
1197 5035 1281 5080 est
1305 5040 1497 5094 sponsa
1525 5042 1537 5089 ;
1570 5024 1751 5093 regina
1780 5036 1886 5075 non
1916 5032 1999 5076 est
2022 5021 2249 5085 ancilla;

672 5121 912 5178 Ecclesia
952 5118 1067 5172 lucc
1112 5117 1288 5170 Omnia
1336 5125 1435 5170 est.
1488 5114 1704 5179 Quare?
1744 5113 1878 5178 Quia
1913 5111 2028 5166 hare
2066 5126 2171 5165 non
2200 5112 2255 5163 in

669 5227 892 5282 corpore
916 5250 932 5275 ,
976 5208 1071 5264 sed
1114 5209 1164 5261 in
1202 5208 1397 5261 anima.
1442 5205 1572 5258 Nam
1613 5207 1663 5258 in
1693 5217 1914 5271 corpore
1939 5202 2049 5255 inec
2078 5202 2254 5257 conti-

670 5304 784 5357 neri
828 5308 1098 5369 nequeunt
1145 5314 1158 5350 :
1205 5296 1458 5349 inanima
1484 5309 1612 5348 vero
1637 5308 1885 5363 magnum
1910 5302 1992 5346 est
2019 5293 2251 5362 pelagus.

675 5393 878 5447 Adstitit
920 5390 1095 5460 regina
1132 5405 1165 5440 a
1206 5387 1394 5440 dextris
1432 5387 1527 5438 tuis
1555 5383 1725 5455 (Psat.
1754 5385 1844 5438 41.
1875 5382 1983 5451 10).
2017 5382 2256 5451 Regina?

676 5485 764 5540 Illa
810 5482 1113 5538 conculcata
1162 5488 1216 5533 et
1256 5478 1440 5546 inops,
1467 5475 1734 5544 quomodo
1762 5474 1896 5529 facta
1922 5484 2003 5529 est
2028 5474 2207 5541 regina
2232 5469 2259 5524 ?

674 5591 780 5645 quo
805 5572 1044 5628 ascendit
1062 5572 1086 5624 ?
1107 5571 1329 5625 Sursum
1358 5566 1562 5623 adstitit
1583 5565 1696 5620 hzcc
1715 5565 1917 5635 regina.
1940 5561 2257 5632 Quomodo?

677 5667 809 5733 Quia
840 5678 929 5717 rex
962 5662 1129 5716 factus
1150 5668 1232 5713 est
1256 5674 1443 5714 servus
1478 5674 1491 5710 :
1517 5670 1622 5711 non
1650 5662 1765 5710 erat
1784 5694 1799 5718 ,
1832 5654 1928 5709 sed
1959 5656 2127 5707 iactus
2150 5658 2251 5707 est.

683 5756 835 5811 hisce
871 5754 1030 5824 igitur
1066 5766 1184 5821 quae
1224 5759 1349 5805 sunt
1393 5749 1709 5810 divinitatis,
1738 5756 1791 5802 et
1815 5747 2080 5816 sapienter
2104 5746 2259 5802 intel-

688 5849 790 5916 lige
827 5863 945 5918 quae
986 5845 1052 5900 ad
1094 5844 1443 5899 oeconomiam
1485 5850 1744 5911 spectant.
1782 5839 1932 5895 Disce
1958 5840 2076 5909 quis
2102 5851 2251 5908 erat,

1347 397 1407 456 s.
1446 395 1728 455 JOANNIS
1765 393 2245 453 cnnvsosrout
2288 393 2602 453 ARCHlEP.
2644 397 3188 461 CONSTANI‘INOP.

3860 413 3960 468 illi

2350 519 2398 565 et
2442 511 2561 583 quis
2597 524 2814 586 propter
2850 526 2899 570 te
2941 518 3108 574 factus
3138 522 3204 576 sit
3239 540 3251 574 :
3286 538 3354 578 ne
3382 540 3467 579 res
3500 528 3836 591 confundas,
3869 546 3959 585 ne-

2350 616 2454 672 que
2495 603 2611 675 ejus
2652 622 2778 679 erga
2813 625 2911 662 nos
2935 610 3277 683 benignitatis
3303 629 3675 687 argumentum
3711 622 3963 692 blasphe-

2351 696 2475 751 mia:
2499 699 2838 755 occasionem
2867 701 3087 758 efﬁcias.
3113 705 3372 762 Sublimis
3393 719 3544 777 erat,
3574 722 3629 767 et
3650 713 3766 769 haec
3793 714 3967 769 inuni-

2351 787 2457 855 lis;
2501 790 2745 847 sublimis
2795 810 2899 847 non
2950 796 3100 859 loco,
3145 798 3240 853 sed
3289 809 3505 856 natura.
3555 804 3874 876 incorrupta
3914 821 3963 863 et

2350 880 2671 939 immortalis
2710 894 2822 941 erat
2852 888 3182 957 substantia,
3216 890 3526 964 incorrupta
3555 907 3778 965 natura,
3812 900 3963 953 incn-

2346 977 2580 1047 gitabilis
2600 1019 2612 1037 .
2644 978 2960 1047 invisibilis,
2985 983 3542 1055 incomprehensibilis
3560 1032 3577 1054 ,
3607 1006 3831 1060 semper
3854 993 3965 1046 exi-

2349 1080 2502 1127 stens
2523 1113 2537 1137 ,
2569 1072 2761 1128 eodem
2795 1074 2955 1129 modo
2984 1077 3222 1132 exiStens
3242 1121 3256 1145 ,
3283 1083 3672 1138 transcendeus
3700 1085 3927 1154 augebis
3953 1128 3967 1148 ,

2348 1166 2597 1235 supernis
2642 1167 2934 1224 virtutibus
2980 1172 3264 1241 superior,
3322 1176 3601 1233 ratiocinia
3650 1194 3923 1249 superans
3953 1222 3966 1242 ,

2350 1266 2583 1313 mentem
2635 1260 3017 1318 transcendeos
3050 1278 3066 1317 :
3102 1264 3271 1320 videri
3319 1282 3427 1321 non
3451 1276 3663 1339 petest,
3696 1270 3851 1325 credi
3881 1286 3966 1323 sn.

2350 1349 2457 1405 lum
2490 1361 2686 1419 potest.
2716 1353 2905 1424 Angeli
2936 1355 3190 1411 videbant
3214 1366 3267 1412 ct
3295 1361 3628 1425 tremebant,
3660 1360 3963 1417 Cherubim

2349 1441 2461 1496 alas
2501 1443 2865 1500 obtendebant
2910 1462 3022 1517 prae
3067 1458 3234 1503 metu.
3265 1448 3607 1522 Respiciebat
3636 1462 3842 1508 terram
3866 1496 3882 1518 ,
3913 1465 3965 1507 et

2349 1524 2578 1583 faciebat
2602 1543 2720 1584 eam
2748 1537 2980 1586 tremere
3004 1548 3016 1583 :
3044 1532 3346 1589 minabatur
3373 1535 3540 1603 mari,
3569 1547 3624 1591 et
3648 1538 3965 1592 exsiccaliat

2349 1617 2503 1673 illud.
2540 1618 2759 1675 Fluvios
2784 1636 2849 1677 ex
2881 1621 3098 1679 deserto
3123 1625 3386 1683 educebat
3409 1644 3424 1692 ;
3453 1639 3666 1685 tuentes
3691 1631 3885 1684 statuit
3912 1633 3961 1683 in

2349 1710 2603 1780 pondere,
2630 1723 2683 1767 et
2705 1712 2873 1769 saltus
2905 1715 2955 1768 in
2979 1724 3197 1771 statera.
3222 1716 3503 1786 Quomodo
3523 1720 3759 1776 narrabo
3776 1720 3802 1774 ἲ
3822 1736 3960 1792 quo-

2350 1802 2511 1858 modo
2538 1803 2823 1861 declarabo
2840 1807 2864 1861 1'
2883 1806 3261 1878 Magnitudinis
3285 1812 3402 1879 ejus
3428 1828 3533 1867 non
3556 1823 3636 1867 cst
3658 1814 3928 1869 terminus
3944 1856 3958 1877 .

2349 1897 2627 1967 sapientia:
2652 1899 2771 1969 ejus
2796 1915 2902 1956 non
2931 1910 3013 1956 est
3040 1917 3295 1959 numerus
3315 1946 3331 1970 ,
3355 1905 3553 1974 judicia
3582 1906 3699 1977 ejus
3723 1906 3960 1963 investi-

2348 1990 2539 2060 gabilia
2566 2033 2581 2058 ,
2607 1992 2709 2048 via:
2736 1992 2854 2063 ejus
2881 1994 3275 2051 inscrutabiles.
3302 1998 3371 2051 At
3402 1998 3486 2052 ille
3514 2006 3695 2054 tantus
3713 2010 3773 2054 et
3796 2001 3921 2053 talis
3942 2041 3956 2059 .

2350 2084 2396 2139 si
2446 2093 2627 2141 tamen
2676 2087 2793 2142 sine
2834 2087 3074 2157 periculo
3109 2087 3213 2143 dici
3259 2097 3468 2160 potest,
3513 2098 3693 2145 tantus
3721 2099 3780 2146 et
3815 2093 3954 2146 talis.

2350 2177 2548 2235 Verum
2575 2179 2703 2251 quid
2750 2179 2983 2236 faciam?
3014 2181 3173 2240 homo
3196 2198 3313 2238 sum
3331 2223 3348 2248 ,
3376 2192 3427 2239 et
3459 2182 3694 2239 humane
3722 2184 3955 2254 loquor;

2350 2272 2548 2329 luteam
2591 2276 2842 2345 possideo
2868 2277 3133 2347 linguam,
3164 2278 3376 2332 veniam
3406 2293 3436 2331 a
3464 2278 3692 2332 Domino
3718 2278 3952 2347 p0stuln.

2348 2363 2465 2420 Non
2495 2366 2638 2421 enim
2666 2382 2731 2422 ex
2754 2369 3055 2439 arrogantia
3082 2368 3163 2423 his
3186 2370 3405 2423 vocibus
3432 2384 3565 2423 usus
3594 2385 3737 2437 sum,
3767 2369 3864 2425 sed
3887 2386 3957 2425 ex

2350 2457 2678 2516 inﬁrmitatis
2703 2460 2945 2533 penuria,
2975 2470 3031 2517 et
3051 2478 3117 2524 ex
3147 2463 3339 2533 lingua:
3360 2472 3560 2527 nostra:
3589 2474 3801 2519 natura.
3830 2466 3962 2519 Pro-

2350 2551 2512 2620 pitius
2545 2562 2693 2619 esto,
2740 2553 2997 2621 Domine,
3028 2570 3133 2610 non
3160 2556 3303 2611 enim
3334 2569 3399 2610 ex
3431 2556 3737 2627 arrogantia
3769 2556 3962 2628 hujus-

2349 2646 2495 2701 modi
2533 2660 2693 2703 voces
2741 2660 2971 2717 usurpo,
3018 2647 3112 2701 sed
3156 2645 3299 2717 quod
3342 2647 3461 2702 alia:
3494 2661 3601 2701 non
3639 2657 3955 2717 suppetant.

2349 2738 2535 2810 Neque
2580 2746 2758 2795 tamen
2808 2740 2859 2793 in
2910 2738 3159 2795 dictionis
3199 2741 3401 2795 vilitate
3430 2740 3698 2807 consisto,
3729 2740 3956 2797 sedatis

2351 2830 2714 2901 intelligentia:
2738 2830 2995 2887 ascendo.
3022 2830 3225 2887 Tantus
3263 2842 3320 2887 et
3369 2832 3506 2887 talis.
3542 2831 3668 2887 llaec
3694 2833 3821 2889 dico
3848 2874 3863 2899 ,
3896 2842 3958 2888 ut

2351 2937 2419 2977 ne
2460 2921 2785 2978 dictionibus
2828 2922 2912 2977 vel
2956 2921 3219 2977 dictorum
3275 2923 3469 2993 inopiae
3514 2923 3847 2990 immorans,
3894 2932 3955 2977 tu

2348 3028 2563 3084 quoque
2604 3011 2833 3083 idipsnm
2876 3014 3055 3068 facere
3080 3012 3276 3069 discas.
3308 3012 3444 3082 Quid
3468 3014 3679 3069 miraris
3699 3015 3744 3070 si
3770 3014 3823 3069 id
3851 3030 3952 3085 ego

2352 3106 2488 3162 facio
2508 3147 2523 3171 ,
2550 3106 2691 3177 quod
2720 3116 2774 3161 et
2800 3107 2915 3176 ipse
2940 3104 3101 3173 facit,
3130 3106 3343 3177 quando
3366 3106 3481 3161 vult
3506 3105 3779 3177 quidpiam
3809 3107 3954 3161 indi-

2348 3214 2473 3255 care
2493 3197 2632 3269 quod
2656 3196 2889 3253 humana
2914 3198 3256 3253 transcendat
3274 3198 3298 3251 ?
3316 3196 3583 3265 Quoniam
3603 3196 3854 3273 homines
3874 3198 3923 3251 al
3938 3231 3957 3242 ο

2348 3291 2616 3361 loquitur,
2656 3288 2904 3343 humanis
2931 3287 3095 3343 utitur
3119 3287 3443 3358 imaginibus
3461 3328 3477 3354 ,
3504 3302 3623 3357 quae
3648 3287 3794 3357 quod
3821 3287 3956 3343 dici-

2351 3394 2438 3438 tur
2462 3383 2593 3438 satis
2614 3381 2827 3452 quidem
2856 3380 3232 3435 demonstrare
3259 3393 3363 3432 non
3393 3386 3637 3446 possunt,
3666 3392 3845 3446 neque
3866 3389 3951 3431 to-

2352 3483 2457 3529 tam
2488 3472 2567 3529 rei
2595 3486 2901 3527 mensuram
2929 3472 2980 3525 in
3011 3469 3246 3524 medium
3276 3468 3564 3532 adducere,
3593 3464 3685 3521 sed
3709 3466 3777 3521 ad
3800 3468 3955 3521 audi—

2352 3576 2529 3622 torum
2557 3563 2921 3619 inﬁrmitatem
2949 3560 3239 3617 snmeiunt.

2407 3736 2498 3795 l0.
2539 3735 2639 3792 Hic
2679 3734 2879 3789 mentis
2902 3730 3303 3788 contentionem
3332 3727 3527 3783 adhibe
3551 3768 3566 3792 ,
3599 3742 3700 3783 nec
3724 3742 3937 3783 sermo-

2336 3829 2422 3885 nis
2469 3826 2775 3899 prolixitate
2800 3824 3036 3879 fatiscas.
3066 3822 3216 3877 Sicut
3241 3820 3384 3875 enim
3411 3836 3533 3876 cum
3555 3828 3801 3889 apparet,
3826 3836 3933 3874 non

2335 3929 2395 3977 ut
2417 3928 2500 3976 est
2522 3917 2754 3982 videtur,
2788 3931 2959 3987 neque
2985 3914 3125 3970 nuda
3151 3913 3443 3968 substantia
3466 3922 3687 3981 apparet
3710 3930 3723 3966 :
3749 3914 3936 3984 (nemo

2335 4012 2479 4068 enim
2501 4011 2632 4066 vidit
2652 4009 2840 4073 Deum,
2866 4007 2967 4061 hoc
2989 4008 3160 4074 ipsum
3180 4004 3385 4059 scilicet
3403 4003 3542 4073 quod
3572 4002 3661 4058 ille
3680 4013 3783 4067 est;
3810 4019 3934 4058 nam

2338 4104 2465 4158 licet
2506 4096 2951 4168 attemperatione
2994 4095 3222 4165 quadam
3269 4102 3593 4166 appareret,
3639 4092 3933 4149 Cherubim

2340 4192 2645 4247 tremebant
2669 4208 2683 4255 ς
2722 4196 3075 4258 attemperate
3100 4183 3420 4251 descendit,
3449 4192 3501 4239 et
3532 4192 3743 4238 montes
3770 4183 3934 4238 inmi-

2337 4291 2465 4353 gaut
2496 4298 2511 4347 ;
2552 4290 2903 4351 attemperate
2944 4276 3248 4342 descendit,
3280 4285 3336 4331 et
3364 4290 3512 4330 mare
3540 4275 3775 4329 siccatur
3805 4291 3821 4339 ;
3846 4285 3931 4328 at-

2342 4384 2633 4444 temperate
2680 4371 2986 4434 descendit,
3031 4380 3086 4425 et
3136 4369 3323 4423 cailum
3371 4372 3739 4421 commovetur
3797 4383 3811 4419 :
3871 4380 3935 4419 ac

2342 4469 2440 4523 nisi
2492 4474 2841 4533 attemperate
2893 4460 3297 4524 descendisset,
3348 4457 3467 4525 quis
3534 4454 3675 4510 ferre
3730 4456 3935 4526 potuis-

2341 4559 2516 4619 set?)
2565 4567 2623 4610 ut
2675 4556 2817 4608 enim
2873 4568 2977 4607 non
3024 4559 3245 4621 apparet
3295 4549 3346 4602 id
3389 4547 3529 4617 quod
3561 4554 3679 4611 est,
3709 4546 3936 4616 sedpro

2341 4650 2590 4706 facultate
2631 4647 2747 4715 ejus
2795 4643 2884 4715 qui
2930 4644 3146 4712 respicit
3192 4659 3205 4695 :
3255 4639 3375 4695 ideo
3425 4639 3713 4707 aliquando
3767 4652 3934 4693 senex

2341 4749 2597 4811 apparet,
2651 4734 2933 4807 aliquando
2981 4733 3194 4804 juvenis
3218 4773 3232 4795 ,
3272 4729 3539 4785 interdum
3571 4730 3621 4782 in
3654 4731 3812 4799 igne,
3847 4731 3934 4783 in-

2344 4833 2547 4889 tcrdum
2602 4832 2654 4886 in
2691 4844 2851 4895 aura,
2887 4828 3047 4883 modo
3083 4827 3134 4881 in
3161 4840 3329 4895 aqua,
3358 4824 3518 4877 modo
3541 4822 3592 4876 in
3612 4823 3797 4886 armis,
3828 4837 3933 4875 non

2345 4933 2555 4979 mutans
2603 4923 2977 4986 substantiam,
3008 4917 3102 4972 sed
3132 4918 3305 4970 visum
3335 4913 3679 4969 conformaos
3702 4913 3769 4966 ad
3801 4914 3935 4967 sub.

2340 5018 2603 5087 jectorum
2650 5016 2982 5068 varietatem.
3033 5009 3122 5065 Sic
3170 5008 3378 5079 quoties
3427 5006 3537 5059 vult
3564 5004 3837 5075 quidpiam
3866 5004 3935 5059 do

2344 5109 2524 5177 seipse
2563 5106 2742 5160 dicere
2765 5145 2780 5169 ,
2831 5101 3081 5156 humanis
3129 5100 3293 5153 utitur
3323 5096 3660 5167 imaginibus.
3691 5096 3931 5165 Exempli

2344 5216 2502 5253 causa
2537 5218 2549 5251 :
2583 5196 2821 5251 ascendit
2850 5195 2901 5247 in
2934 5203 3196 5256 montem,
3224 5189 3290 5242 Et
3311 5188 3702 5259 transﬁguratus
3724 5194 3797 5240 est
3814 5196 3933 5241 ante

2344 5306 2458 5355 eos,
2488 5299 2534 5343 et
2562 5285 2871 5356 resplenduit
2901 5284 3055 5351 {acies
3081 5283 3189 5351 ejus
3216 5281 3343 5334 sicut
3370 5280 3488 5343 luat,
3519 5278 3812 5329 vestimenta
3841 5292 3932 5329 au-

2346 5390 2444 5434 tem
2482 5380 2592 5448 ejus
2621 5380 2755 5446 facta
2783 5386 2901 5429 sunt
2929 5375 3045 5427 alba
3070 5374 3198 5427 sicut
3226 5374 3315 5424 nix
3347 5368 3556 5439 (Matth.
3588 5368 3674 5422 l7.
3707 5366 3783 5437 2).
3817 5367 3931 5421 Ali-

2344 5480 2609 5541 quatenus
2653 5467 2781 5534 ipsis
2835 5464 3163 5519 divinitatem
3208 5474 3357 5513 suam
3397 5457 3647 5527 aperuit,
3699 5457 3933 5513 ostendit

2346 5562 2426 5615 eis
2450 5559 2829 5614 inhabitantem
2856 5557 3018 5610 Deum
3044 5594 3061 5619 ,
3090 5551 3154 5605 Et
3184 5550 3576 5620 transﬁguratus
3600 5557 3671 5602 est
3695 5557 3813 5602 ante
3826 5564 3931 5603 eos.

2348 5651 2619 5707 Attendite
2646 5648 2876 5702 sermoni
2906 5645 3208 5715 diligenter.
3239 5641 3376 5697 Dicit
3406 5659 3418 5693 :
3452 5639 3518 5693 Et
3540 5641 3931 5711 transﬁguratus

2347 5751 2419 5795 est
2466 5751 2581 5796 ante
2627 5756 2741 5803 eos,
2792 5748 2837 5793 et
2872 5736 3285 5804 raptenduerunt
3324 5731 3614 5785 vestimenta
3657 5731 3769 5800 ejus
3803 5731 3930 5782 sicut

2348 5836 2468 5901 lux,
2512 5843 2558 5887 et
2594 5833 2759 5886 vultus
2796 5830 2905 5899 ejus
2934 5828 3061 5881 sicut
3088 5826 3181 5880 sol.
3219 5821 3442 5891 Quando
3471 5820 3578 5875 dixi
3600 5864 3614 5888 ,
3648 5819 3852 5875 Tantus
3876 5827 3928 5871 et
