4154 6478
215 410 307 466 ιοδ

203 526 369 591 λέξεις.
397 520 553 577 Οὕτω
575 520 674 575 καὶ
701 520 829 575 ὅταν
865 519 1136 593 ἀκούσης,
1164 520 1249 573 δτι
1287 516 1451 590 γεννᾷ
1480 518 1616 581 Θεὸς
1634 560 1648 583 ,
1684 516 1761 588 μὴ

203 616 379 687 τμῆσιν
406 609 629 683 νόμιζε,
674 608 811 663 ἀλλὰ
846 609 907 663 τὸ
943 610 1247 681 ὀμοούσιον,
1283 609 1366 662 Τά
1395 610 1505 680 γάρ
1539 610 1762 681 ῥήματα

202 705 351 761 ταῦτα
372 702 544 757 πολλά
574 702 711 772 παρ’
736 698 895 771 ήμῶν
926 700 1201 770 ἐχρήσατο
1224 700 1255 752 6
1287 697 1420 762 Θεὸς
1437 738 1453 764 ,
1477 698 1573 751 καὶ
1602 697 1763 768 ήμεῖς

200 797 312 870 παρ’
334 793 495 850 αὑτοῦ
515 834 531 858 ,
568 793 659 846 ἴνα
688 790 1035 863 τιμηθῶμεν.

265 894 345 958 η’.
383 885 637 955 Συνῆκας
662 884 717 937 τί
751 879 944 949 dum;
976 883 1230 955 Πρόσεχε
1270 881 1406 953 μετά
1436 882 1726 953 ἀκριϐείας
1748 922 1763 945 ,

201 968 443 1040 ἁγαπητέ.
471 968 748 1037 Ὀνόματά
762 967 878 1020 ἐστι
896 966 1035 1033 θεῖα,
1052 967 1146 1021 καὶ
1164 965 1405 1037 ὀνόματα
1422 964 1760 1037 ἀνθρώπινα.

204 1053 377 1109 Ἔλαϐε
406 1050 539 1121 παρ’
565 1050 704 1123 ἐμοῦ
726 1090 743 1114 ,
770 1050 864 1103 καὶ
898 1050 1070 1105 ἔδωκέ
1104 1068 1197 1120 μοι
1222 1050 1404 1114 αὑτός.
1432 1050 1532 1112 Δός
1568 1066 1657 1119 μοι
1695 1048 1765 1102 τά

202 1136 275 1193 τά.
304 1136 390 1189 καὶ
412 1133 547 1187 λάϐε
576 1137 649 1187 τά
675 1134 805 1205 ἐμά,
837 1133 1007 1201 λέγει.
1037 1134 1159 1186 Τῶν
1193 1134 1344 1204 ἐμῶν
1370 1133 1559 1204 χρείαν
1587 1132 1761 1204 ἔχεις⁹

198 1222 281 1272 ιὺκ
308 1218 410 1285 ἐγὼ
436 1217 634 1288 χρείαν
660 1215 769 1287 έχω
790 1253 804 1281 ,
838 1214 976 1269 ἀλλά
1024 1216 1090 1270 σύ
1117 1232 1132 1247 ’
1164 1215 1352 1287 ἐπειδὴ
1395 1216 1502 1286 γὰρ
1534 1217 1568 1287 ή
1608 1215 1765 1269 οὑσία

202 1320 286 1374 μου
313 1297 587 1373 ἀκήρατός
611 1302 755 1365 ἐστι,
791 1303 856 1355 σὺ
885 1300 943 1354 δὲ
975 1300 1263 1371 ἄνθρωπος
1291 1297 1359 1364 εἴ,
1385 1299 1601 1370 σώματι
1625 1316 1763 1369 συμ-

198 1384 554 1453 πεπλεγμένης
577 1424 593 1449 ,
627 1381 950 1451 σωματικάς
977 1383 1161 1454 ζητῶν
1192 1385 1286 1436 καὶ
1319 1382 1493 1447 λέξεις
1517 1421 1532 1445 ,
1564 1382 1650 1435 ἴνα
1674 1382 1762 1444 σὺ,

197 1471 221 1523 ὁ
242 1468 437 1538 σώματι
475 1466 997 1537 συμπεπλεγμένος,
1021 1466 1204 1519 λαϐὼν
1227 1466 1337 1521 ἀπὸ
1368 1466 1481 1520 τῶν
1504 1465 1658 1537 παρὸ⁴
1680 1465 1764 1519 σοὶ

197 1552 465 1625 γνωρίμων
483 1550 774 1622 ῥημάτων,
800 1546 1001 1621 νοήσῃς
1025 1549 1095 1603 τὰ
1126 1548 1527 1618 ὑπερϐαίνοντα
1556 1566 1616 1603 σε
1648 1550 1767 1620 νοή-

200 1651 343 1705 ματα.
377 1635 509 1688 Ποῖα
538 1631 702 1686 ἔλαϐε
732 1632 865 1703 παρ’
900 1632 1057 1703 ἐμοῦ,
1091 1636 1220 1685 ποία
1250 1633 1308 1686 δέ
1333 1632 1501 1687 ἔδωκέ
1533 1648 1623 1704 μοι
1650 1630 1767 1686 ὀνό-

200 1736 325 1788 ματα
346 1736 361 1785 ;
382 1715 557 1781 Αὐτὸς
584 1717 719 1780 Θεός
750 1718 887 1781 ἐστι,
920 1717 1012 1770 καὶ
1037 1717 1139 1788 ἐμὲ
1169 1718 1292 1771 θεὸν
1317 1718 1580 1771 ἐκάλεσεν
1605 1736 1619 1749 ·
1649 1720 1766 1774 ἐκεῖ

197 1803 335 1871 φύσις
384 1800 748 1871 πράγματος,
803 1799 1039 1853 ἐνταῦοα
1092 1800 1230 1871 τιμὴ
1280 1800 1568 1869 ὀνόματος⁸
1617 1800 1766 1872 Ἐγὼ

195 1881 336 1938 εἶπα·
362 1884 496 1938 Θεοί
528 1882 693 1945 ἐστε,
722 1883 821 1936 καί
866 1882 985 1937 υἱοί
1027 1882 1085 1935 ’Υ
1084 1884 1309 1952 ψίστου
1345 1883 1591 1951 πάντες.
1643 1884 1765 1955 Ῥή-

198 1968 322 2037 ματά
352 1960 501 2037 [393]
524 1968 676 2018 ἐστιν
704 1964 961 2030 ἐνταῦθα,
982 1967 1102 2019 ἐκεῖ
1118 1966 1176 2019 δέ
1206 1967 1554 2037 πραγμάτων
1580 1966 1762 2040 φύσις.

204 2049 440 2102 Ἐκάλεσέ
472 2066 542 2118 με
574 2048 721 2111 θεὸν,
753 2048 1022 2120 ἐτιμήθην
1052 2049 1181 2120 γάρ.
1214 2050 1449 2122 Ἐκλήθη
1481 2052 1644 2116 αὑτὸς
1672 2051 1767 2106 ἇν-

196 2131 385 2199 θρωπος
404 2170 419 2193 ,
455 2130 670 2202 ἐκλήθη
698 2131 862 2195 αὐτὸς
894 2126 1025 2196 Υἱὸς
1046 2133 1337 2204 ἀνθρώπου
1356 2172 1369 2197 ,
1418 2134 1623 2207 ἐκλήθη
1663 2136 1763 2189 αύ-

194 2214 268 2276 16;
293 2214 401 2275 ὁδὸς
427 2248 443 2277 ς
474 2214 688 2285 ἐκλήθη
722 2215 887 2278 αὐτὸς
918 2213 1059 2287 θύρα
1084 2257 1099 2282 ,
1136 2216 1340 2287 ἐκλήθη
1370 2217 1534 2279 αὐτὸς
1564 2219 1760 2289 πέτρα.

195 2296 356 2352 Ταῦτα
386 2294 517 2369 παρ’
548 2297 687 2368 ἐμοῦ
717 2298 932 2359 ἐλαϐεν,
956 2300 1141 2353 ἐκεῖνα
1174 2300 1305 2371 παρ’
1333 2300 1530 2354 ἑαυτοῦ
1565 2301 1634 2355 τά
1661 2302 1763 2374 ρήο

196 2382 320 2450 ματά
355 2398 441 2451 μοι
476 2381 674 2438 ἔδωκε.
710 2384 808 2435 Διά
854 2382 909 2435 τί
955 2382 1161 2454 ἐκλήθη
1211 2385 1366 2451 ὀδόςς
1411 2386 1530 2439 ’Ἱνα
1560 2386 1761 2461 μάθῃς,

192 2463 259 2516 δτι
290 2464 348 2516 δι’
378 2464 546 2518 αὑτοῦ
596 2465 738 2537 πρὸς
788 2465 882 2518 τὸν
928 2466 1149 2537 Πατέρα
1183 2467 1548 2539 ἀνερχόμεθα.
1582 2470 1681 2523 Διά
1708 2471 1764 2523 τί

193 2548 371 2619 ἐκλήθη
409 2548 631 2619 πέτρα;
667 2546 789 2603 Ἵνα
824 2548 1006 2623 μάθῃς
1042 2544 1104 2603 τὸ
1143 2551 1447 2621 ἐπιτήδειον
1499 2553 1593 2605 καὶ
1627 2553 1763 2607 ἀσά-

192 2628 351 2683 λευτον
393 2630 492 2701 τῆς
532 2633 797 2696 πίστεως.
833 2633 933 2687 Διά
982 2634 1036 2686 τί
1085 2634 1290 2705 ἐκλήθη
1322 2631 1613 2706 θεμέλιος;
1645 2638 1763 2691 Ἵνα

194 2713 374 2786 μάθῃς,
398 2716 479 2767 δτι
508 2716 694 2769 πάντα
717 2715 1001 2786 βαστάζει.
1023 2717 1122 2771 Διά
1150 2717 1202 2771 τί
1231 2718 1437 2790 ἐκλήθη
1464 2719 1587 2790 ῥίζα
1611 2738 1623 2783 ;
1647 2721 1763 2774 Ἵνα

194 2796 346 2868 μάθῃς
365 2836 383 2860 ,
412 2800 495 2851 ὅτι
520 2799 581 2851 ἐν
602 2798 757 2869 αὑτῷ
778 2799 1073 2870 ἁνθεῦμεν.
1092 2800 1194 2854 Διά
1218 2802 1272 2854 τί
1300 2802 1506 2874 ἐκλήθη
1533 2803 1759 2874 ποιμήν;

194 2880 297 2932 Ὀτι
324 2882 467 2950 ήμᾶς
492 2882 675 2952 νέμει.
701 2881 800 2935 Διά
827 2883 879 2935 τί
910 2882 1117 2955 ἐκλήθη
1140 2884 1414 2955 πρόϐατον
1437 2903 1450 2951 ;
1471 2887 1593 2940 Ὅτι
1620 2888 1760 2959 ὑπὲρ

190 2962 324 3032 ἡμῶν
359 2963 525 3033 ἐτύθη
552 3002 567 3028 ,
628 2966 724 3017 καὶ
772 2964 1000 3037 ίλασμὸς
1036 2968 1275 3037 ἐγένετο.
1309 2969 1408 3022 Διά
1456 2969 1507 3022 τί
1553 2970 1761 3041 ἐκλήθη

191 3043 316 3114 ζωής
363 3047 487 3100 Ὅτι
527 3049 764 3119 νεκροὺς
810 3048 970 3112 ὄντας
1020 3051 1172 3120 ήμᾶς
1224 3051 1511 3123 ἀνέστησει
1564 3054 1664 3106 Διά
1706 3054 1761 3108 τί

190 3128 366 3200 ἐκλήθη
399 3130 551 3199 φῶςς
590 3130 715 3184 Ὀτι
767 3128 992 3194 σκότους
1041 3134 1192 3203 ἡμᾶς
1236 3135 1535 3205 ἀπήλλαξε.
1580 3135 1679 3190 Διά
1706 3136 1761 3191 τί

190 3211 360 3291 ἐκλήθη
385 3211 632 3291 βραχίων
657 3228 673 3278 ;
705 3212 829 3267 Ὅτι
856 3214 1145 3284 ὀμοούσιός
1180 3218 1295 3270 ἐστι
1326 3218 1404 3289 τῷ
1435 3220 1631 3291 Πατρί.
1662 3219 1761 3273 Διὰ

187 3288 230 3372 τί
278 3290 470 3363 ἐκλήθη
507 3290 733 3361 Λόγος;
770 3291 896 3347 Ὀτι
952 3295 1065 3347 ἀπὸ
1121 3294 1217 3350 τοῦ
1272 3297 1487 3369 Πατρὸς
1539 3288 1757 3372 ἐτέχθη.

189 3371 371 3445 Ὠσπερ
393 3374 504 3444 γὰρ
543 3377 574 3428 6
604 3374 766 3442 λόγος
809 3378 838 3428 6
866 3376 999 3447 ἐμὸς
1024 3377 1136 3431 ἀπὸ
1170 3380 1269 3450 τῆς
1297 3379 1476 3451 ψυχῆς
1510 3398 1608 3453 μου
1634 3371 1760 3451 γεν-

186 3457 339 3521 νᾶται,
372 3456 517 3511 οὑτω
547 3459 649 3511 καὶ
673 3458 703 3510 6
730 3458 861 3522 Υἱὸς
894 3461 1005 3514 ἀπὸ
1027 3461 1121 3514 106
1162 3464 1378 3535 Πατρὸς
1405 3465 1624 3538 ἐτέχθη.
1658 3466 1761 3520 Διὰ

185 3538 228 3590 τί
247 3541 436 3610 ἐκλήθη
469 3542 727 3610 ίμάτιον;
760 3541 884 3595 Ὀτι
907 3544 1197 3616 ἐνδέδυμαι
1222 3548 1388 3601 αὑτὸν
1417 3549 1754 3618 βαπτισθεὶς.

186 3622 267 3675 Διά
291 3624 338 3676 τί
371 3623 576 3695 ἐκλήθη
631 3623 915 3695 τράπεζα;
953 3626 1076 3681 Ὅτι
1121 3628 1288 3681 ἐσθίω
1326 3630 1489 3683 αὑτὸν
1519 3632 1759 3686 ἀπολαύ-

186 3720 267 3768 σας
283 3706 383 3759 τῶν
409 3709 759 3779 μυστηρίων.
796 3709 895 3764 Διά
915 3710 968 3763 τί
1000 3710 1204 3784 ἐκλήθη
1227 3708 1417 3777 οἷκοςς
1454 3715 1577 3768 ’Ότι
1621 3717 1757 3771 οἰκῶ

184 3787 232 3839 ἐν
255 3790 412 3860 αὐτῷ.
436 3790 537 3845 Διὰ
561 3791 621 3844 τί
660 3791 869 3856 ἐνοικος
896 3809 909 3856 ;
949 3793 1075 3847 Ὅτι
1113 3796 1242 3858 ναὸς
1269 3796 1438 3851 αὑτοῦ
1467 3799 1750 3870 γινόμεθα.

184 3869 266 3955 Διέ
298 3874 347 3926 τί
377 3874 588 3945 ἐκλήθη
624 3875 839 3945 κεφαλή
865 3892 879 3941 ;
912 3876 1033 3931 Ὅτι
1066 3878 1231 3948 μέλος
1264 3879 1430 3933 αὐτοῦ
1462 3884 1752 3955 κατέστην.

184 3950 265 4003 Διὰ
291 3955 341 4008 τί
381 3957 592 4029 ἐκλήθη
630 3959 866 4029 νυμφίος
892 3961 1052 4025 ςὍτι
1076 3961 1295 4032 νύμφην
1343 3980 1410 4035 με
1443 3950 1750 4036 ἡρμόσατο.

184 4037 265 4088 Διά
304 4040 353 4092 τί
396 4038 605 4113 ἐκλήθη
655 4040 859 4109 άγνόςς
894 4044 1018 4098 Ὅτι
1045 4045 1318 4116 παρθένον
1350 4064 1416 4115 με
1443 4050 1623 4106 ἔλαϐε.
1653 4054 1752 4108 Διὰ

181 4119 224 4171 τί
246 4120 437 4195 ἐκλήθη
458 4121 761 4193 ,Δεσπότης
779 4140 794 4190 ;
810 4126 933 4181 Ὅτι
969 4126 1131 4199 δούλη
1156 4128 1323 4183 αὑτοῦ
1345 4132 1481 4202 ειμι.

236 4270 292 4327 θ’.
310 4274 448 4345 Ὅρα
476 4276 592 4349 γάρ
627 4277 728 4349 τὴν
756 4277 1106 4351 Ἐκκλησίαν,
1124 4280 1261 4353 ὅπερ
1282 4281 1485 4351 ἔλεγον,
1515 4286 1596 4339 ὅτι
1619 4288 1751 4341 ποτέ

181 4357 338 4426 νύμςη
364 4360 498 4424 ἐστὶ,
537 4360 676 4413 ποτέ
723 4359 971 4433 θυγάτηρ
994 4362 1134 4429 ἐστὶ,
1159 4365 1291 4418 ποτὲ
1308 4365 1581 4437 παρθένος
1608 4371 1750 4437 ἐστὶ,

181 4438 292 4490 ποεέ
314 4439 467 4513 δούλη
504 4442 664 4507 ἐστὶ,
693 4444 827 4497 ποτὲ
867 4442 1160 4514 βασίλισσά
1202 4449 1346 4511 ἐστι,
1386 4450 1517 4503 ποτὲ
1560 4454 1750 4525 στεῖρα

180 4524 295 4604 ἐστι.
325 4528 449 4581 ποτέ
471 4529 601 4600 ὅρος
639 4530 784 4592 ἐστὶ,
815 4531 948 4585 ποτέ
970 4533 1302 4604 παράδεισός
1326 4537 1462 4601 ἐστι,
1493 4539 1624 4592 ποτὲ
1650 4524 1748 4593 πο-

178 4602 370 4691 λυτόκος
407 4611 526 4665 ἐστὶ
553 4652 569 4677 ,
609 4613 745 4666 ποτὲ
796 4614 981 4686 κρίνον
1020 4602 1177 4681 ἐστὶ,
1216 4618 1347 4671 ποτε
1398 4622 1549 4691 πηγή
1605 4623 1742 4676 ἐστι·

179 4688 329 4742 πάντα
359 4694 497 4747 ἐστί.
549 4695 659 4749 Διὰ
683 4696 846 4751 τοῦτο
890 4699 1131 4763 ἀκούσας
1178 4701 1380 4765 ταῦτα,
1439 4688 1744 4777 -νόμιζε

180 4776 436 4840 σωματικὰ
466 4773 636 4842 εἶναι,
664 4782 971 4851 παρακαλῶ
997 4800 1010 4814 ⁸
1051 4783 1189 4837 ἀλλὰ
1219 4773 1743 4862 σύντεινόννσουντὴν

175 4848 382 4911 διάνοιαν
404 4875 418 4889 ·
444 4860 517 4914 τὰ
546 4862 666 4932 γάρ
706 4865 998 4933 σωματικά
1028 4866 1254 4920 τοιαῦτα
1285 4864 1426 4923 εἶναι
1458 4872 1519 4924 ού
1552 4872 1743 4927 δύναν-

172 4938 412 5029 tan-0M)
441 4962 495 4997 τι
529 4945 714 5013 λέγωο
761 4947 829 5029 τὸ
861 4948 987 5018 ὅρος
1021 4950 1293 5021 παρθένος
1348 4954 1446 5006 ούκ
1495 4955 1672 5009 ἔστιν·
1704 4960 1737 5029 ή

176 5021 410 5108 παρθένος
440 5026 639 5097 νύμφη
668 5030 769 5084 οὐκ
808 5028 954 5084 ἐστιν
980 5048 994 5063 ο
1040 5034 1072 5103 ἡ
1109 5032 1392 5102 βασίλισσα
1430 5037 1592 5108 δούλη
1640 5021 1740 5094 οὐκ

174 5099 389 5178 ἐστιν-ἡ
448 5111 761 5182 Ἐκκλησία
801 5113 982 5168 πάντα
1020 5117 1161 5171 ἐστί.
1214 5118 1312 5171 Διά
1358 5122 1441 5186 τίς
1487 5123 1607 5177 Ὅτι
1640 5128 1740 5179 οὑκ

172 5185 442 5277 ἐνσώματι
469 5194 677 5257 ταῦτα,
713 5194 831 5248 ἀλλ’
861 5199 919 5250 ἐν
944 5197 1113 5269 ψυχῇ.
1144 5201 1232 5252 Ἐν
1265 5204 1364 5271 μὲν
1389 5204 1495 5276 γὰρ
1523 5207 1737 5277 σώματι

172 5267 315 5357 ταῦτα
340 5275 784 5349 ἐστενοχώρηται
802 5294 817 5309 ·
855 5280 913 5331 ἐν
944 5280 1000 5333 δὲ
1026 5267 1186 5352 νῷχῇ
1214 5267 1351 5338 πολὺ
1390 5267 1504 5357 ἔχει
1542 5267 1618 5343 τὸ.
1638 5294 1736 5344 πέ-

172 5347 323 5417 λαγος.
354 5347 636 5427 Παρέστη
746 5347 1095 5425 ,ϐασίλισσα
1213 5347 1592 5432 δεξιῶιῗσου.
1640 5376 1740 5430 Βα-

174 5432 398 5523 fiala-30;
428 5443 500 5511 Ἡ
527 5444 901 5517 πεπατημένη
921 5487 934 5511 ,
973 5449 1006 5518 ή
1034 5450 1262 5521 πτωχὴ,
1302 5454 1417 5516 πῶς
1451 5454 1737 5523 βασίλισσα

171 5515 513 5609 6166210300.}.
554 5525 667 5580 ποῦ
687 5526 856 5597 ἀνέϐη
879 5515 898 5593 ςή
929 5515 1077 5584 Ἀ’νω
1106 5515 1355 5608 παρέστη
1445 5515 1735 5609 βασίλισσα

172 5599 316 5689 ςίιτή.Δ
336 5606 498 5689 Πῶςς
540 5609 772 5681 Ἐπειδὴ.
793 5612 821 5664 6
862 5610 1125 5679 Βασιλεὺς
1147 5599 1365 5685 ἐγένετο
1397 5599 1609 5689 δοῦλος·
1634 5628 1738 5684 οὐκ

170 5674 250 5774 ἦν,
274 5686 378 5740 ἀλλ’
404 5692 651 5759 ἐγένετο.
681 5674 839 5748 Μάθε
866 5692 961 5749 οὖν
982 5698 1050 5751 τὰ
1078 5674 1613 5774 τ’ῆςθεότητοςν,
1640 5674 1731 5764 ἐξ

172 5763 311 5861 νίζου-
333 5771 398 5861 τά
425 5775 534 5861 τῆς
564 5776 910 5861 οἰκονομίας·
952 5781 1090 5850 μάθε
1120 5763 1205 5847 τίς
1234 5780 1321 5855 ἦν,
1350 5763 1459 5842 ’καλ
1481 5763 1565 5856 τίς
1612 5796 1723 5861 ἐγέι

171 5860 266 5899 Vtro
287 5851 366 5906 διὰ
392 5856 470 5920 σέ,
497 5857 598 5909 καὶ
637 5858 712 5927 μὴ
746 5861 944 5930 σύγχεε
978 5866 1045 5918 τὰ
1087 5851 1387 5939 πράγματα
1413 5914 1427 5940 ,
1464 5851 1599 5947 μηδέ

423 5950 701 6013 Ριτειυι..
733 5952 857 6014 Gn.
885 5956 1008 6022 LII.

728 406 1015 464 HOMILIA
1057 407 1144 461 DE
1183 406 1412 461 CAPTO
1451 399 1805 460 EUTROPIO
1848 398 1936 454 ET
1974 400 2062 455 DE
2107 401 2516 458 DIVITIARUM
2554 400 2932 458 V'ANITATE.
3358 376 3468 455 ὅθί

1876 518 2133 572 ὑπόθεσιν
2166 516 2269 587 τῆς
2294 515 2709 587 φιλανθρωπίας
2735 512 2993 585 ἀφορμήν
3026 512 3181 567 ποιοῦ
3224 514 3470 588 βλασφη-

1877 600 2028 670 μίας.
2048 595 2381 672 ’Υψηλὸςῆν,
2407 601 2503 654 καὶ
2523 597 2665 670 αὕτη
2686 598 2918 669 ταπεινή
2944 615 2956 627 ’
2981 596 3184 668 ὑψηλὸς
3207 598 3267 652 ού
3298 599 3471 671 τόπῳ,

1874 683 2011 738 ἀλλά
2062 683 2243 754 φύσει.
2316 684 2620 755 ’Λκήρατος
2676 678 2784 754 ἦν,
2822 680 3129 755 ἀνώλεθρος
3189 682 3223 753 ή
3275 682 3472 748 οὐσία,

1873 767 2152 840 ἄφθαρτος
2176 763 2297 839 ἦνή
2332 766 2513 835 φύσις,
2532 767 2915 837 ἀπερινόητος,
2930 765 3182 836 ἀόρατος,
3196 766 3465 838 ἀκατάλη·

1875 860 2043 916 πτος,
2075 852 2163 904 ἀεὶ
2189 850 2266 904 ὢν
2285 892 2300 916 ,
2335 850 2601 915 ὡσαύτως
2633 849 2709 903 ὢν
2736 890 2751 913 ,
2788 849 3136 919 ὑπερϐαίνων
3180 849 3472 917 ἀγγέλους,

1875 934 2147 1007 ἁνώτερος
2178 935 2288 988 τῶν
2319 936 2432 990 άνω
2461 935 2769 1005 δυνάμεων,
2795 934 2962 989 νικῶν
2989 934 3273 1003 λογισμὸν,
3304 935 3472 1003 ὑπερ-

1877 1013 2077 1069 ϐαίνων
2104 1015 2363 1079 διάνοιαν,
2389 1014 2624 1086 ὀφθῆναι
2656 1018 2729 1087 μὴ
2755 1014 3057 1086 δυνάμενος
3075 1056 3090 1077 ,
3117 1014 3475 1085 πιστευθῆναι

1874 1098 1932 1151 δὲ
1968 1099 2151 1169 μόνον.
2196 1100 2455 1169 ’Ἄγγελοι
2490 1100 2719 1153 ἔϐλεπον
2744 1099 2838 1154 καὶ¹
2872 1100 3125 1171 ἔτρεμον,
3160 1100 3230 1152 τὰ
3263 1098 3475 1168 Χεροψ

1875 1179 1977 1252 ϐὶμ
2004 1182 2103 1245 τὰς
2130 1182 2410 1254 πτέρυγας
2440 1183 2761 1249 ἐπέϐαλλον,
2803 1184 2983 1237 πάντα
3009 1186 3066 1236 ἐν
3097 1181 3267 1251 φόϐῳ.
3314 1182 3475 1235 Ἐπέ-

1877 1265 2077 1319 ϐλεπεν
2106 1266 2199 1320 ἐπὶ
2230 1268 2329 1339 τήν
2352 1269 2476 1339 γῆν,
2513 1267 2663 1340 [594]
2696 1268 2790 1323 καὶ
2816 1268 2989 1321 ἐποίει
3023 1268 3193 1339 αὑτήν
3219 1267 3471 1339 τρέμειν·

1875 1349 2091 1418 ἠπείλει
2112 1353 2179 1422 τῇ
2211 1349 2489 1425 θαλάσσῃ,
2523 1353 2617 1405 καὶ
2647 1352 2936 1423 ἐξήραινεν
2961 1352 3132 1419 αὑτήν
3154 1366 3165 1375 ’
3194 1351 3477 1421 ποταμοὺς

1875 1432 1937 1497 ἐξ
1971 1434 2178 1508 ἐρήμου
2203 1452 2217 1466 ο
2252 1435 2321 1489 τὰ
2366 1436 2468 1507 ὄρη
2516 1436 2715 1509 ἔστησε
2770 1436 2996 1508 σταθμῷ
3038 1438 3134 1491 καὶ
3166 1437 3266 1500 τὰς
3298 1436 3478 1497 νάπας

1876 1516 2046 1589 ζυγῷ.
2077 1518 2202 1584 Πῶς
2240 1519 2380 1573 είπω
2408 1538 2433 1587 ;-
2453 1520 2570 1585 πῶς
2594 1524 2962 1594 παραστήσω;
3012 1522 3075 1575 Ἠ
3109 1520 3475 1592 μεγαλωσύνη

1876 1600 2042 1655 αὑτοῦ
2074 1602 2250 1675 πέρας
2301 1605 2403 1659 οὐκ
2448 1604 2594 1674 ἔχει,
2630 1607 2662 1676 ή
2699 1605 2861 1674 σοφία
2910 1604 3077 1659 αὑτοῦ
3109 1604 3345 1676 ἀριθμὸν
3375 1603 3478 1659 οὑκ

1877 1684 2011 1755 εχει,
2043 1684 2114 1739 τὰ
2145 1687 2395 1758 κρίματα
2424 1688 2594 1741 αὑτοῦ
2630 1688 3033 1759 ἀνεξιχνίαστα,
3071 1690 3127 1742 αἱ
3178 1687 3284 1741 ἐδοὶ
3307 1687 3476 1742 αὑτοῦ

1876 1767 2315 1840 ἀνεξερεύνητοι.
2348 1770 2486 1824 Ἀλλ’
2508 1765 2665 1834 οὗτος
2693 1776 2722 1827 6
2741 1772 2994 1835 τοσοῦτος
3015 1773 3107 1826 καὶ
3132 1772 3474 1843 τηλικοῦτος,

1876 1856 1927 1906 εί
1954 1855 2196 1925 ἀσφαλὲς
2220 1857 2494 1912 καὶτοῦτο
2522 1860 2718 1925 εἰπεῖν,
2736 1859 2991 1924 τοσοῦτος
3018 1861 3111 1913 καὶ
3134 1858 3475 1930 τηλικοῦτος.

1888 1938 2050 1993 Ἀλλά
2078 1940 2132 1993 τί
2162 1941 2352 2007 πάθω;
2375 1942 2665 2016 ἄνθρωπός
2694 1947 2831 2015 είμι,
2860 1947 2953 2000 καὶ
2976 1945 3343 2018 ἀνθρωπικῶς
3364 1944 3479 1997 δια-

1876 2020 2106 2094 λέγομαι
2132 2036 2146 2055 ‘
2192 2026 2428 2098 πηλίνην
2480 2027 2756 2099 κέκτημαι
2808 2028 3095 2098 γλῶσσαν,
3141 2027 3478 2101 συγγνώμην

1876 2108 2014 2160 αἰτῶ
2054 2110 2207 2181 παρὰ
2240 2111 2336 2164 106
2383 2113 2679 2166 Δεσπότου.
2717 2114 2792 2167 Οὑ
2826 2116 2935 2185 γάρ
2970 2114 3030 2181 ἐξ
3069 2115 3331 2179 ἀπονοίας
3350 2117 3478 2178 ταῖς

1875 2190 2055 2259 λέξεσι
2082 2194 2311 2259 ταύταις
2340 2195 2641 2269 κέχρημαι,
2662 2198 2798 2253 ἀλλά
2835 2199 2902 2253 δι’
2932 2200 3170 2270 ἀπορίαν
3195 2198 3293 2270 τῆς
3322 2199 3476 2253 ἀσθει

1875 2277 2025 2341 νείας
2054 2319 2069 2344 ,
2114 2279 2209 2333 καὶ
2237 2283 2339 2351 τῆς
2369 2280 2589 2351 φύσεως
2618 2284 2719 2354 τῆς
2751 2284 3001 2357 γλώττης
3042 2286 3143 2355 τῆς
3173 2283 3477 2357 ἡμετέρας.

1877 2359 2065 2427 Ἵλεως
2114 2362 2240 2429 ἔσο,
2288 2367 2572 2433 Δέσποτα,
2622 2368 2685 2421 οὑ
2720 2369 2830 2440 γὰρ
2873 2370 3103 2440 ἀπονοίᾳ
3134 2370 3477 2442 κεχρημένος

1873 2444 2080 2510 ταύτας
2110 2446 2256 2516 λέγω
2288 2448 2386 2513 τὰς
2409 2449 2584 2514 λέξεις
2604 2490 2619 2514 ,
2648 2452 2762 2505 ἀλλ’
2786 2452 2885 2505 οὑκ
2915 2452 3025 2524 ἐχω
3049 2453 3217 2514 ἄλλας
3237 2472 3250 2485 ο
3281 2456 3343 2507 οὑ
3370 2455 3478 2526 μὴν

1874 2530 1996 2583 οὑδέ
2036 2531 2265 2601 ἵσταμαι
2298 2533 2357 2585 ἐν
2379 2537 2445 2605 τῇ
2478 2534 2725 2608 εὐτελείᾳ
2758 2536 2859 2607 τῆς
2893 2537 3091 2602 λέξεως
3116 2580 3132 2602 ,
3160 2538 3298 2593 ἀλλά
3340 2541 3477 2593 ἁνα-

1875 2614 2045 2669 ϐαίνω
2072 2614 2151 2686 τῷ
2183 2617 2371 2688 πτερῷ
2398 2618 2493 2671 106
2530 2621 2823 2691 νοήματος.
2864 2623 2923 2677 ’0
2960 2623 3217 2689 τοσοῦτος
3253 2625 3349 2680 καὶ
3382 2643 3482 2697 τη·

1873 2697 2142 2764 λικοῦτος.
2172 2701 2358 2755 Ταῦτα
2400 2702 2578 2773 λέγω,
2623 2707 2711 2759 ἵνα
2764 2708 2838 2778 μὴ
2890 2710 3017 2786 ταῖς·
3054 2708 3234 2773 λέξεσι
3299 2728 3480 2783 παρα·

1877 2781 2087 2866 μένων,
2126 2784 2263 2856 μηδὲ
2298 2789 2364 2857 τῇ
2395 2788 2642 2860 πτωχείᾳ
2656 2789 2766 2843 τῶν
2800 2781 3134 2862 λεγομένων,
3176 2791 3357 2866 μάθῃς
3384 2781 3479 2848 καὶ

1872 2865 2037 2930 αὐτὸς
2066 2867 2227 2921 τοῦτο
2252 2872 2449 2923 ποιεῖν.
2478 2872 2544 2925 Τί
2568 2872 2892 2944 θαυμάζεις,
2917 2878 2966 2929 εί
2990 2875 3104 2946 ἐγὼ
3125 2877 3286 2932 10610
3313 2881 3475 2947 ποιῶ,

1872 2949 2073 3018 ὃπουγε
2128 2951 2223 3006 καὶ
2272 2953 2435 3017 αὑτὸς
2461 2996 2476 3020 ,
2528 2956 2658 3032 ὅταν
2707 2956 2967 3030 βούληταί
3018 2976 3072 3013 τι
3125 2964 3480 3035 παραστῆσαι

1872 3033 2203 3117 ὑπερϐαίνον
2244 3036 2313 3090 τὰ
2346 3039 2666 3111 ἀνθρώπινα
2689 3057 2705 3102 ;
2748 3041 2968 3115 Ἐπειδὴ
3020 3033 3335 3117 ἀνθρώποις
3359 3047 3480 3101 δια-

1871 3114 2089 3203 λέγεται
2113 3160 2128 3185 ,
2155 3121 2251 3175 καὶ
2283 3121 2659 3194 ἀνθρωπίναις
2688 3114 2963 3198 κέχρηται
2987 3114 3217 3194 εἰκόσιν,
3251 3130 3353 3184 οὑκ
3377 3131 3479 3203 άρο

1872 3201 2098 3267 κούσαις
2128 3205 2226 3275 μέν
2257 3208 2611 3278 παραστῆσαι
2642 3208 2701 3263 τὸ
2731 3210 3045 3283 λεγόμενον,
3083 3214 3208 3268 οὑδέ
3240 3201 3480 3287 δυναμέ-

1870 3303 1990 3351 ναις
2021 3287 2142 3341 ὅλον
2174 3289 2238 3343 τὸ
2266 3292 2466 3362 μέτρον
2497 3294 2729 3371 ἀγαγεῖν
2762 3296 2844 3359 είς
2863 3295 2927 3350 τὸ
2965 3296 3153 3369 μέσον,
3176 3298 3479 3371 ἀρχούσαις

1869 3370 1927 3423 δὲ
1958 3371 2022 3443 τῇ
2056 3372 2315 3446 ἀσθενείᾳ
2344 3376 2454 3430 τῶν
2494 3370 2831 3433 ἀκουόντων.

1946 3462 1999 3516 ι’.
2032 3462 2313 3520 Σύντεινον
2335 3470 2554 3535 σαυτὸν,
2579 3471 2655 3544 μὴ
2675 3473 2960 3545 ἀπόκαμνε
2984 3475 3041 3529 δὲ
3062 3475 3157 3531 τοῦ
3184 3476 3345 3547 λόγου
3372 3497 3479 3552 μη-

1870 3552 2191 3626 κυνομένου.
2210 3558 2422 3633 Ὥσπερ
2447 3561 2560 3633 γὰρ
2584 3563 2715 3617 ὅταν
2744 3566 3026 3637 φαίνηται,
3058 3570 3165 3641 οὑχ
3188 3571 3328 3641 ὅπερ
3355 3569 3476 3626 ἐστὶ

1870 3647 2159 3716 φαίνεται,
2189 3651 2315 3705 οὐδὲ
2344 3654 2531 3727 γυμνὴ
2566 3656 2601 3727 ή
2630 3656 2789 3711 οὐσία
2818 3660 3128 3731 φαίνεταιδ(
3152 3662 3329 3727 οὐδεὶς
3363 3664 3476 3737 γάρ

1868 3735 1973 3792 εἶδε
1998 3739 2154 3807 Θεὸν,
2177 3742 2310 3800 αὐτὸ
2332 3746 2360 3799 ὃ
2386 3748 2536 3802 ἐστιν
2556 3765 2570 3779 ·
2595 3751 2661 3822 τῇ
2687 3750 2795 3823 γὰρ
2827 3755 3257 3824 συγκαταϐάσει,
3283 3757 3379 3813 καὶ
3403 3735 3474 3814 τά

1867 3831 2151 3907 Χερουϐὶμ
2181 3837 2414 3911 έτρεμεν
2441 3859 2455 3871 ο
2484 3844 2832 3916 συγκατέϐη,
2859 3847 2952 3901 καὶ
2976 3846 3046 3901 τὰ
3079 3848 3180 3920 ὅρη
3209 3851 3475 3916 καπνίζε-

1864 3941 1957 3977 ται
1978 3941 1991 3955 ο
2020 3929 2333 4003 συγκατέϐη
2355 3973 2369 3997 ,
2407 3932 2499 3986 καὶ
2530 3936 2562 4005 ή
2599 3933 2843 3990 θάλασσα
2874 3935 3191 4009 ξηραίνεται
3214 3950 3228 3971 "
3273 3958 3477 4012 συγκα-

1863 4015 1998 4088 τέϐη
2023 4058 2039 4083 ,
2091 4019 2187 4073 καὶ
2231 4023 2259 4074 6
2292 4022 2521 4094 οὐρανὸς
2571 4026 2861 4082 σαλεύεται
2887 4046 2900 4061 ⁸
2934 4032 3030 4085 καὶ
3062 4033 3111 4086 εί
3147 4033 3223 4106 μὴ
3266 4052 3474 4103 συγκα-

1862 4110 1996 4180 τέϐῃ
2022 4152 2036 4179 ,
2071 4112 2151 4177 τίς
2186 4114 2253 4169 ἂν
2278 4115 2509 4187 ἤνεγκεν
2531 4136 2545 4185 ς
2567 4119 2585 4186 )
2611 4117 2804 4193 ὥσπερ
2827 4119 2921 4177 οὖν
2945 4125 3005 4177 οὑ
3045 4126 3296 4195 φαίνεται
3330 4130 3470 4203 ὅπερ

1863 4203 2013 4256 ἐστὶν
2037 4246 2051 4271 ,
2087 4206 2203 4259 ἀλλ’
2232 4208 2261 4261 ὃ
2284 4207 2509 4264 δύναται
2548 4211 2577 4264 6
2622 4213 2766 4285 ὁρῶν
2809 4215 2937 4269 ίδεῖν
2966 4234 2978 4247 ·
3010 4218 3098 4274 διὰ
3128 4219 3288 4274 10610
3334 4224 3469 4277 ποτέ

1866 4296 1965 4365 μὲν
1993 4297 2222 4363 παλαιὸς
2247 4300 2519 4370 φαίνεται,
2552 4306 2683 4359 ποτέ
2710 4306 2765 4360 δὲ
2812 4309 2958 4373 νέος,
2993 4308 3122 4366 ποτὲ
3144 4313 3201 4366 δέ
3226 4315 3284 4366 ἐν
3311 4316 3465 4388 πυρὶ,

1861 4393 1995 4447 ποτὲ
2024 4392 2080 4445 δὲ
2113 4394 2172 4446 ἐν
2198 4389 2363 4467 αὔρᾳ,
2398 4397 2531 4450 -ποτέ
2560 4398 2617 4452 δέ
2646 4402 2705 4453 ἐν
2731 4401 2906 4466 ὕδατι,
2936 4404 3066 4457 ποτέ
3091 4400 3147 4458 δὲ
3172 4407 3229 4460 ἐν
3254 4407 3464 4475 ὅπλοις,

1860 4482 1920 4535 οὑ
1962 4477 2328 4553 μεταϐάλλων
2364 4488 2465 4558 τὴν
2511 4489 2730 4557 οὐσίαν,
2779 4493 2914 4547 ἀλλὰ
2962 4498 3316 4567 σχηματίζων
3362 4503 3468 4572 τὴν

1858 4573 1982 4643 ὄψιν
2026 4576 2161 4647 πρὸς
2194 4578 2292 4648 τὴν
2326 4580 2602 4634 ποικιλίαν
2633 4582 2744 4636 τῶν
2771 4585 3173 4657 ὑποκειμένων.
3206 4592 3363 4647 Οὕτω
3398 4596 3467 4669 δὴ

1858 4668 1953 4720 καὶ
1982 4667 2110 4722 ὅταν
2152 4669 2410 4741 βούληταί
2453 4690 2507 4725 τι
2553 4675 2684 4746 περὶ
2736 4677 2905 4731 αὑτοῦ
2934 4681 3108 4735 εἰπεῖν
3136 4724 3149 4746 ,
3184 4667 3466 4755 ἀνθρωπίέ

1857 4778 1977 4823 ναις
2027 4761 2201 4815 εἰκόσι
2244 4763 2529 4835 κέχρηται.
2560 4761 2686 4820 Οἷόν
2732 4787 2784 4822 τι
2818 4770 3002 4841 λέγω’
3057 4775 3225 4847 ἀνέϐη
3280 4780 3361 4842 εἰς
3400 4779 3463 4834 τὸ

1854 4851 1980 4925 ὅρος
2010 4894 2025 4917 ,
2079 4854 2188 4907 Καὶ
2242 4857 2667 4927 μετεμορφώθη
2707 4860 3054 4929 ἔμπροσθεν
3088 4864 3321 4933 αὐτῶν,
3357 4869 3460 4925 καί

1852 4946 2089 5015 ἔλαμψε
2122 4946 2188 5000 16
2239 4950 2569 5015 πρόσωπον
2616 4953 2805 5009 αὑτοῦ
2852 4952 2934 5021 ὠς
2972 4955 3039 5009 τὸ
3087 4958 3249 5027 φῶς,
3284 4962 3357 5014 τὰ
3388 4960 3459 5014 6‘6

1852 5038 2055 5109 ἱμάτια
2099 5041 2289 5095 αὐτοῦ
2322 5043 2605 5111 ἐγένοντο
2648 5049 2842 5102 λευκὰ
2876 5051 3020 5105 ὡσεὶ
3061 5052 3228 5120 χιών.
3267 5055 3458 5126 Παρή-

1851 5130 1995 5195 νοιξε
2018 5170 2033 5193 ,
2085 5133 2251 5203 φησὶν
2278 5176 2291 5199 ,
2339 5134 2521 5204 ὀλίγον
2560 5136 2658 5206 τῆς
2691 5137 2947 5210 θεότητος
2976 5183 2990 5206 ,
3026 5145 3228 5211 ἔδειξεν
3267 5147 3456 5213 αὐτοῖς

1849 5222 1942 5275 τὸν
1976 5223 2295 5280 ἐνοικοῦντα
2328 5226 2462 5280 Θεὸν
2480 5272 2492 5293 ,
2519 5229 2632 5283 Καὶ
2654 5237 3079 5303 μετεμορφώθη
3107 5237 3456 5308 ἔμπροσθεν

1848 5313 2067 5370 αὐτῶν.
2101 5316 2409 5389 Προσέχετε
2458 5320 2599 5392 μετά
2628 5323 2919 5395 ἀκριϐείας
2949 5328 3026 5400 τῷ
3054 5331 3220 5403 λόγῳ.
3259 5334 3447 5404 Λέγει,

1846 5406 1957 5459 Καὶ
1982 5409 2406 5480 μετεμορφώθη
2434 5414 2779 5483 ἔμπροσθεν
2813 5421 3036 5487 αὐτῶν,
3078 5426 3176 5480 καὶ
3208 5426 3448 5498 ἔλαμψε

1846 5500 1919 5554 τὰ
1959 5500 2164 5570 ἱμάτια
2210 5507 2400 5561 αὑτοῦ
2434 5508 2517 5576 ὡς
2570 5508 2639 5564 τὸ
2683 5510 2847 5579 φῶς,
2881 5514 2979 5567 καὶ
3030 5515 3068 5583 ἡ
3118 5519 3260 5586 ὄψις
3288 5520 3370 5588 ὡς
3413 5525 3447 5577 ό

1846 5591 2044 5658 ἣλιος.
2088 5595 2310 5668 Ἐπειδὴ
2336 5593 2513 5660 εἷπον,
2534 5600 2805 5665 Τοσοῦτος
2832 5604 2927 5658 καὶ
2959 5605 3281 5676 τηλικοῦτος
3304 5652 3318 5676 ,
3349 5614 3445 5665 καὶ

1844 5679 1996 5738 εἷπον
2021 5698 2067 5752 ο,
2100 5682 2287 5754 Ἵλεώς
2308 5706 2397 5760 μοι
2440 5690 2600 5759 γενοῦ
2626 5733 2641 5760 ,
2677 5694 2928 5751 Δέσποτα
2968 5698 2986 5768 (
3006 5700 3065 5752 ού
3099 5700 3209 5773 γάρ
3246 5706 3444 5760 ἐναπο-

1905 5828 1931 5855 ﬁ
1954 5825 2117 5903 Vel-pa
2158 5827 2445 5885 τοσοῦτος...
2492 5832 2642 5895 εἷπον,
2686 5847 2714 5885 a
2754 5834 2965 5888 Morello
2992 5840 3191 5903 omissa,
3230 5855 3292 5893 ex
3318 5858 3434 5896 mss.

1840 5890 2151 5951 qupplentur.
2628 5890 2638 5895 ⁷
2967 5945 3006 6007 2
