2052 3249
86 248 125 275 lilii
393 245 530 276 ΗΟΜΙῌΛ
551 245 594 273 DE
613 244 725 273 (ἉιδΤο
744 242 859 272 EU'I‘RO

912 245 916 266 ν
936 242 981 270 ΕΤ
1000 241 1044 269 DE
1065 238 1265 269 DlVlTIARUH
1287 236 1468 266 VANITATE.

84 305 146 337 talis,
163 308 191 331 et
208 303 264 332 dixi
279 304 361 331 etiam
375 304 383 319 ί
393 323 400 336 ,
415 303 548 338 Propitius
573 307 633 330 esto
659 301 734 334 mihi,
749 301 861 328 Domine

87 352 139 383 (non
149 350 221 377 enim
235 350 263 376 in
279 349 331 377 liae
343 348 459 376 dictione
472 353 571 384 persto,
585 347 632 375 sed
644 346 743 379 litt-reo,
755 353 807 373 nec
817 344 863 374 ha-

84 396 125 423 beo
140 395 218 422 aliam
238 395 415 430 compositam
438 394 563 430 loquendi
583 393 726 428 formam),
745 393 806 420 volo
819 391 862 418 di-

86 448 147 473 scas,
160 447 204 468 me
217 447 233 467 a
252 439 391 475 Scriptura
410 440 461 467 hoc
480 439 603 467 edoctum
624 444 694 466 esse.
718 438 782 473 Ejus
798 444 863 473 ergo

85 485 243 519 splendorem
263 486 403 513 declarare
420 485 504 512 voluit
523 484 684 520 evangelista
695 504 704 517 ,
724 483 841 518 dicitque
852 502 861 516 ,

88 532 247 566 llaptenduit.
263 531 403 567 Quomodo
422 529 603 566 resplenduit,
619 530 664 558 dic
682 528 757 557 mihi.
773 528 862 556 Vehe-

86 582 183 605 menter.
197 577 259 610 Quo
274 582 350 612 pacto
363 576 448 604 dicis?
461 575 535 604 Sicut
552 575 601 603 sol.
619 575 691 603 Sicut
708 575 761 606 tot,
775 573 864 602 dicis?

87 623 166 650 Etiam.
181 623 293 657 Quare?
305 622 371 657 Quia
386 622 486 649 nullum
499 621 570 649 aliud
583 620 747 656 splendidius
761 624 863 647 astrum

84 667 213 695 dicendum
240 667 337 695 habeo.
361 666 397 695 Et
418 667 494 694 albus
514 671 571 694 erat
592 666 665 694 Sicut
687 666 741 693 nia.
764 666 862 700 Quare,

85 713 147 740 Sicut
160 714 205 740 nia:
214 714 227 741 .’
237 713 305 748 Quia
321 713 391 740 nulla
407 713 458 740 alia
468 713 585 748 suppetit
594 712 731 740 candidior
740 712 862 740 materia.

83 758 139 785 Nam
157 758 229 793 quod
250 766 303 786 non
323 758 357 785 ad
371 765 433 786 eum
452 759 559 785 modum
574 757 754 793 splenduerit.
770 764 804 785 ex
818 764 865 785 se-

83 804 216 838 quentibus
229 804 388 832 ostenditur.
410 804 444 831 Et
464 804 617 833 ceciderunt
629 804 655 832 in
670 808 767 832 terram
781 804 863 832 disci-

83 850 140 884 puli.
155 849 180 877 Si
199 849 410 884 resplenduisset
430 850 496 877 sicut
510 848 569 883 sol,
587 857 640 877 non
651 849 812 877 Cecidissent
823 850 865 877 di-

83 895 162 930 scipuli
176 893 284 932 (Matth.
302 896 345 923 t7.
357 896 384 930 ϐ)
402 904 408 924 :
422 903 484 923 nam
499 895 582 923 solem
593 895 712 930 quotidie
726 895 862 929 videbant,

84 949 159 977 neque
170 942 330 970 cadebant:
349 943 397 971 sed
420 943 481 978 quia
502 943 562 978 plus
582 951 661 978 quam
684 943 746 977 sol,
763 948 788 970 et
802 943 864 979 plus

82 994 150 1022 quam
161 988 205 1016 nix
224 989 392 1024 resplenduit
402 1011 409 1025 ,
424 991 484 1019 ideo
496 991 666 1026 splendorem
681 998 735 1019 non
746 990 863 1019 ferentes

82 1033 233 1061 ceciderunt.

112 1078 151 1106 ll.
162 1078 288 1114 Exempla
301 1081 373 1107 nulla
388 1081 441 1109 Deo
456 1082 543 1117 digna.
558 1097 594 1103 —
607 1083 654 1110 Dic
665 1090 729 1118 ergo
741 1082 807 1110 mihi
816 1102 824 1115 ,
846 1090 863 1109 ο

81 1124 247 1158 evangelista,
265 1125 324 1160 plus
333 1133 412 1161 quam
426 1127 464 1153 sol
477 1128 633 1161 refulsit,et
649 1132 676 1156 tu
690 1128 773 1162 dicis,
789 1128 863 1156 Sicut

80 1166 133 1195 tot!
143 1169 243 1203 Etiam;
259 1178 321 1198 cum
335 1172 382 1199 tibi
397 1173 482 1200 lucem
491 1173 561 1200 illam
577 1179 774 1208 repraesentare
785 1175 860 1208 volo,

81 1214 168 1242 nullum
195 1221 298 1244 astrum
315 1217 400 1253 majus
414 1218 516 1251 habeo,
539 1227 594 1246 non
616 1219 695 1247 aliam
718 1220 861 1256 imaginem

79 1260 139 1288 inter
150 1266 219 1289 astra
246 1268 413 1298 regnantem.
434 1265 496 1292 llaec
511 1265 585 1298 dixi,
601 1270 629 1293 ut
650 1273 684 1293 ne
698 1266 723 1294 in
738 1266 862 1294 dictionis

80 1308 193 1335 tenuitate
200 1309 347 1337 consistas.
358 1310 470 1345 Lapsum
481 1311 672 1346 discipulorum
681 1312 800 1340 ostendi.
812 1312 862 1340 Ce-

78 1352 188 1381 cidcrunt
202 1354 229 1381 in
245 1358 355 1387 terram,
365 1361 461 1390 sopore
471 1357 592 1392 oppressi
605 1362 633 1385 et
646 1358 859 1393 aggravatisuut.

79 1397 169 1433 Surgite
179 1398 232 1433 (Ib.
253 1407 277 1426 υ.
289 1400 329 1435 7).
346 1400 445 1434 inquit,
458 1406 486 1429 et
500 1401 626 1429 excitavit
637 1410 684 1430 eos
696 1422 703 1435 ,
729 1409 861 1438 aggrava-

77 1443 139 1477 tique
150 1450 235 1472 erant.
250 1444 406 1480 Splendoris
420 1447 517 1481 quippe
529 1447 724 1475 vehementiam
747 1456 801 1476 non
817 1454 860 1475 tn-

77 1489 167 1522 lerant,
186 1491 234 1518 sed
262 1499 344 1526 sopor
366 1499 543 1527 occupaverat
566 1494 658 1522 oculos
677 1502 770 1522 eorum
795 1504 801 1522 :
826 1495 860 1522 ita

76 1542 160 1569 nempe
168 1536 213 1564 lux
224 1536 270 1564 illa
282 1537 425 1572 splendens
435 1541 518 1566 solem
531 1539 682 1574 superabat.
696 1539 860 1567 Dixltantem

75 1581 243 1616 evangelista,
257 1582 333 1610 Sicut
345 1583 400 1616 col,
415 1584 475 1619 quia
491 1584 541 1612 hoc
555 1589 655 1612 astrum
676 1591 768 1613 notum
784 1585 860 1612 nobis

75 1630 124 1660 est,
135 1631 161 1654 ut
174 1628 227 1655 alia
241 1633 316 1655 astra
329 1634 468 1664 superans.
483 1629 582 1658 Verum
594 1651 600 1661 .
617 1635 646 1658 ut
659 1631 780 1658 dicebam
791 1651 799 1664 ,
813 1631 860 1659 ille

74 1676 151 1700 tantus
160 1679 187 1701 et
197 1675 260 1702 talis
274 1676 443 1703 meretricem
457 1677 617 1713 concupivit.
633 1678 673 1705 An
691 1679 858 1706 meretricem

73 1719 227 1754 concupiscit
243 1721 316 1748 Deus
329 1721 341 1747 τ
355 1721 621 1750 Ειὶίιωίιηθτθιινίεθηι
639 1733 646 1751 :
660 1728 780 1751 naturam
800 1724 861 1753 dico

74 1767 189 1790 nostram.
217 1764 423 1794 Meretricemne
448 1768 613 1802 concupiscit
646 1768 747 1796 Deus?
774 1769 859 1798 llomo

73 1810 167 1843 quidem
193 1811 216 1838 si
241 1813 412 1840 meretricem
434 1814 619 1849 concupiscat,
643 1816 804 1849 damnatur,
832 1820 860 1844 ct

74 1855 134 1883 Deus
143 1858 316 1886 meretricem
328 1859 492 1894 concupiscit
509 1860 522 1887 7
541 1859 611 1888 Sane
633 1861 750 1896 quidem.
773 1862 859 1890 Homo

72 1902 229 1930 meretricem
257 1903 441 1938 concupiscit,
469 1909 499 1932 ut
524 1904 684 1934 fornicarius
708 1906 857 1941 efﬁciatur;

72 1945 132 1973 Dens
146 1955 208 1974 vero
221 1949 394 1976 meretricem
408 1950 588 1985 concupiscit,
602 1959 632 1978 ut.
650 1959 709 1979 eam
729 1953 858 1988 virginem

70 1991 177 2019 efﬁciat:
193 1993 288 2028 itaque
312 1995 525 2029 concupiscentia
547 1995 682 2029 hominis,
710 1999 859 2034 concupita:

70 2038 190 2070 pernicies
216 2044 283 2069 est;
311 2040 525 2075 concupiscentia
547 2049 611 2069 vero
639 2042 705 2076 Dei,
730 2049 771 2071 est
792 2052 858 2073 eon-

69 2083 155 2118 cupitz
178 2083 266 2111 salus.
296 2083 397 2113 Tantus
421 2093 453 2114 ac
483 2085 544 2114 talis
569 2089 738 2116 meretricem
759 2096 859 2118 concu-

69 2129 147 2161 pivit?
163 2130 254 2164 Quare
267 2130 282 2157 ἲ
298 2130 333 2158 Ut
346 2131 423 2159 fieret
442 2140 566 2167 sponsus.
592 2134 660 2167 Quid
683 2143 747 2163 vero
770 2135 859 2164 facit?

68 2173 117 2201 Non
132 2176 211 2204 mittit
224 2176 260 2204 ad
274 2184 336 2205 eam
351 2178 467 2214 aliquem
480 2186 633 2213 servorum,
649 2189 702 2208 non
717 2182 797 2209 mittit
810 2190 858 2210 an-

68 2221 144 2253 gelum
156 2221 189 2248 a'd
205 2228 380 2251 meretricem
390 2244 398 2256 .
409 2232 462 2251 non
475 2225 679 2261 archangelum,
693 2235 745 2255 non
757 2227 859 2257 Cheru-

70 2266 113 2292 buu
127 2267 166 2295 vel
181 2267 330 2303 Serapliim
347 2277 354 2295 :
369 2267 416 2297 sed
429 2271 486 2305 ipse
497 2276 601 2299 amator
614 2274 729 2301 accedit.
741 2274 856 2303 Rursum

67 2318 118 2338 cum
135 2313 210 2341 audis
225 2321 370 2347 amorem,
385 2322 419 2343 ne
433 2321 509 2351 putes
524 2324 586 2344 eum
600 2326 661 2346 esse
674 2327 718 2354 qui
733 2320 783 2347 sub
794 2328 857 2348 sen-

67 2363 117 2383 sunt
128 2358 208 2386 cadit.
226 2358 373 2386 Deiectum
388 2360 457 2389 habe
481 2363 673 2391 sententiarum
697 2365 722 2392 in
748 2366 855 2400 Verbis,

66 2403 285 2433 quemadmodum
297 2404 396 2438 optima
411 2407 468 2440 apis
479 2427 487 2440 ,
501 2414 561 2442 qua
576 2409 609 2436 ad
633 2409 711 2437 tiores
733 2411 855 2445 advolat,

66 2450 89 2472 ιιι
107 2447 193 2476 favum
214 2449 335 2484 accipit,
360 2451 506 2488 herbasque
531 2455 667 2489 relinquit.
690 2456 856 2494 Meretricem

66 2494 207 2528 concupivit
222 2515 230 2522 .
244 2498 275 2522 et
301 2496 364 2530 quid
388 2496 451 2524 facit
462 2497 474 2524 ?
485 2497 544 2526 Non
566 2507 671 2528 sursum
692 2509 750 2529 eam
765 2503 855 2531 ducit:

66 2537 138 2565 nollet
150 2539 224 2567 enim
240 2543 414 2568 meretricem
431 2543 456 2569 in
471 2544 563 2570 ctelum
583 2546 733 2581 adducere,
750 2548 796 2576 sed
813 2549 857 2577 ille

66 2582 200 2613 descendit.
223 2586 295 2620 Quia
315 2587 357 2614 illa
379 2596 429 2614 non
447 2595 551 2624 poterat
570 2599 674 2619 sursum
691 2592 854 2628 ascendere,

65 2627 113 2662 ipse
132 2630 262 2659 deorsum
289 2637 426 2668 prOperat.
453 2635 493 2662 Ad
509 2639 676 2665 meretricem
694 2627 854 2675 ingreditur,

66 2682 106 2702 nec
116 2677 251 2706 erubescit
268 2687 274 2704 :
293 2679 322 2704 in
347 2680 405 2713 ejus
429 2680 565 2708 latibulum
593 2684 680 2711 intrat.
699 2685 777 2714 Videt
796 2695 855 2715 eam

65 2719 164 2749 chriam.
186 2723 222 2751 Et
244 2724 387 2759 quomodo
410 2727 483 2753 venit
502 2727 513 2753 ἶ)
530 2728 585 2755 Non
602 2728 669 2755 nuda
691 2732 853 2766 substantia;

65 2765 103 2791 sed
115 2767 139 2794 id
150 2769 280 2799 efﬁcitur.
294 2770 366 2804 quod
381 2776 437 2797 erat
457 2776 580 2800 meretrix
595 2796 600 2804 ,
618 2782 667 2802 non
682 2778 815 2806 \olnntate
829 2765 856 2807 et

66 2815 197 2848 propriam.
212 2816 262 2843 sed
278 2821 388 2849 natura,
407 2826 439 2844 ne
453 2819 543 2846 videns
559 2830 620 2847 eum
643 2825 853 2859 poi-turbaretur,

64 2864 92 2884 tte
104 2860 231 2895 resiliret,
243 2867 296 2889 aut
306 2861 421 2897 fugeret.
437 2863 513 2891 \‘enit
525 2866 558 2892 ad
570 2869 756 2903 meretricem,
772 2876 795 2898 et
812 2872 852 2898 ef—

90 2922 262 2963 fhec
274 2926 368 2963 verba,
380 2930 460 2963 tanta;
476 2933 499 2955 et
519 2931 583 2962 talis,
594 2937 618 2958 et
634 2933 689 2960 disi
700 2935 782 2963 ett'ant.
795 2938 853 2962 omi-

63 2957 132 2987 ἐιδί,
143 2959 176 2982 σς
187 2961 242 2983 [κει
256 2963 286 2984 et
296 2957 373 2983 Savil.
385 2965 437 2989 sup,
448 2960 537 2985 lentur.
554 2957 559 2958 7
576 2957 582 2962 ’
596 2957 614 2958 Π
701 2957 782 2967 "mn"

1660 227 1711 262 ωε

917 299 1004 326 ﬁcitur
1014 298 1105 326 homo.
1121 297 1155 325 Et
1165 296 1300 333 quomodo
1307 294 1423 323 efﬁcitur
1430 295 1442 321 ?
1450 293 1576 322 Gestatur
1585 293 1613 322 in
1623 299 1713 328 utero,

915 345 1042 381 paulatim
1053 344 1167 378 crescit,
1181 344 1307 379 venitque
1315 343 1341 369 in
1353 342 1423 370 viam
1436 340 1523 369 aetatis
1537 345 1616 368 mem.
1632 339 1713 374 Quis-

916 397 977 418 nam
990 391 1002 418 t
1016 389 1197 422 (Economia,
1214 396 1268 416 non
1291 388 1433 415 divinitas:
1447 385 1518 414 servi
1541 385 1642 418 forma,
1658 391 1713 412 non

916 436 1022 464 Domini
1035 444 1042 463 ι
1056 443 1120 463 caro
1130 441 1189 463 mea
1199 456 1207 468 ,
1221 440 1275 462 non
1286 432 1437 461 substantia
1452 432 1510 467 ejus
1522 441 1529 459 :
1542 432 1639 459 crescit
1649 436 1714 467 pau-

916 483 988 510 latim
998 503 1005 515 ,
1019 486 1119 510 etcum
1134 480 1287 509 hominibus
1299 480 1429 507 miscetur
1444 487 1450 506 :
1467 478 1518 506 etsi
1531 476 1634 505 invenit
1652 475 1716 504 eaut

917 529 1050 557 ulceribus
1064 529 1182 564 plenam,
1191 527 1340 559 ell‘eratam.
1351 534 1367 554 a
1377 525 1543 554 (immunibus
1555 528 1713 553 oneratam:

916 575 1013 611 ecquid
1028 575 1114 603 facit?
1129 574 1239 602 Accedit
1250 573 1285 602 ad
1303 581 1374 601 eam.
1386 571 1459 600 Vidit
1474 571 1517 599 illa
1530 575 1558 599 et
1570 570 1646 606 fugit.
1660 568 1716 598 Vo-

916 630 959 650 cat
972 623 1018 650 ille
1029 629 1131 657 magos.
1142 620 1211 655 Quid
1227 619 1345 648 timetis?
1354 619 1411 646 Non
1422 626 1481 646 sum
1490 617 1584 653 iudex,
1595 615 1644 645 sed
1655 623 1714 644 me-

916 668 993 696 dicus
1008 677 1015 695 :
1028 667 1089 695 Non
1098 668 1153 695 aeni
1167 672 1195 695 ut
1203 667 1317 703 judicent
1329 665 1460 699 mundum,
1473 664 1554 693 uth
1567 664 1666 692 salvum
1674 663 1717 698 [d-

917 714 983 741 ciam
994 713 1085 750 (lacn.
1098 714 1141 741 l2.
1153 714 1210 748 Π).
1225 713 1320 741 Statim
1336 719 1428 747 magos
1441 714 1529 739 vocat.
1544 710 1567 738 0
1586 717 1643 737 rem
1663 716 1715 736 no-

916 768 976 788 vam
996 765 1077 795 atque
1094 759 1242 787 mirabilem
1258 760 1265 786 l
1280 758 1348 793 Magi
1375 765 1437 785 mox
1460 756 1585 792 primitiae
1596 760 1669 783 sunt.
1683 755 1714 783 ln

916 807 1030 843 prtesepi
1040 806 1113 842 jacet
1124 805 1170 841 qui
1186 809 1275 841 portat
1288 805 1380 832 orbem
1391 826 1399 838 ,
1411 809 1436 832 et
1459 804 1555 839 pannis
1571 801 1715 830 involvitur

916 852 961 887 qui
978 852 1103 880 universa
1117 851 1296 879 administrat.
1320 850 1433 878 Ponitur
1445 849 1585 884 templum,
1598 852 1625 876 et
1638 847 1715 875 inha-

916 898 982 926 bitat
997 899 1076 926 Deus.
1094 898 1210 926 Veniunt
1231 897 1318 932 magi,
1332 901 1359 925 et
1378 896 1468 924 statim
1487 895 1619 927 adorant;
1642 893 1716 921 venit

916 943 1085 979 publicanus,
1097 948 1123 971 et
1135 943 1163 970 ﬁt
1172 943 1350 978 evangelista;
1365 942 1438 969 venit
1447 941 1585 971 meretrix.
1599 944 1627 967 et
1639 939 1716 974 virgo

916 990 1050 1023 efﬁcitur;
1065 990 1138 1017 venit
1156 989 1323 1023 Cbananma‘,
1340 994 1367 1017 et
1381 988 1546 1025 benignitate
1559 987 1667 1015 fruitur.
1687 985 1718 1013 Id

916 1036 1031 1063 amantis
1048 1040 1107 1063 erat
1123 1040 1291 1070 peccatorum
1308 1040 1401 1070 poenas
1413 1035 1466 1062 no'n
1482 1038 1623 1069 reposcere
1633 1054 1641 1066 ,
1666 1033 1718 1073 sed

915 1081 1010 1110 delicta
1025 1086 1186 1118 peccataque
1208 1082 1371 1111 condonare.
1387 1081 1488 1116 Ecquid
1510 1080 1591 1108 facit?
1611 1079 1715 1115 Accipit

914 1135 986 1161 eam,
999 1128 1147 1164 despondet
1157 1128 1217 1157 sibi.
1230 1128 1298 1163 Quid
1312 1129 1350 1156 illi
1362 1128 1424 1156 dat?
1432 1127 1567 1155 Annulum
1578 1135 1585 1154 :
1595 1126 1714 1162 qualem?

914 1173 1043 1209 Spiritum
1057 1178 1189 1203 sanctum.
1205 1174 1274 1202 Dicit
1286 1174 1384 1202 Paulus
1398 1183 1404 1201 :
1421 1173 1471 1207 Qui
1479 1178 1563 1201 autent
1577 1172 1717 1207 con/irruat

914 1226 960 1247 nos
974 1220 1101 1247 vobiscum
1118 1220 1201 1253 Deus,
1218 1220 1261 1254 qui
1273 1225 1296 1248 et
1306 1220 1447 1255 obsignavit
1462 1228 1524 1253 nos,
1539 1218 1658 1254 deditque
1673 1218 1715 1254 pi-

914 1274 978 1302 gnus
1001 1266 1115 1300 Spiritus
1139 1267 1222 1294 sancti
1243 1267 1282 1303 (2.
1298 1265 1357 1295 Cor.
1371 1267 1396 1294 1.
1409 1266 1454 1294 91.
1468 1266 1525 1301 22).
1545 1265 1673 1301 Spiritum
1688 1261 1717 1293 ei

914 1313 969 1341 dat.
991 1313 1091 1341 Deinde
1105 1314 1143 1341 ait
1155 1322 1162 1341 :
1177 1313 1273 1341 Nonne
1287 1313 1314 1341 in
1327 1312 1452 1349 paradiso
1466 1317 1492 1340 te
1504 1312 1623 1348 plantavl
1634 1313 1647 1339 ἰ
1660 1312 1714 1339 lle-

914 1360 1044 1396 spondet,
1058 1360 1155 1388 Etiam.
1170 1359 1262 1395 Ecquo
1275 1359 1357 1387 modo
1378 1359 1459 1388 istinc
1471 1358 1593 1387 excidisti
1607 1355 1620 1385 τ
1635 1358 1714 1386 Venit

913 1406 1046 1439 diabolus,
1057 1412 1084 1434 et
1098 1415 1131 1435 ex
1144 1407 1267 1442 paradiso
1280 1413 1325 1435 me
1337 1406 1463 1442 abripuit.
1474 1405 1595 1434 Plantata
1606 1411 1668 1433 eras
1684 1405 1712 1432 in

914 1451 1038 1487 paradiso
1048 1473 1056 1486 ,
1067 1457 1094 1480 ct
1109 1456 1135 1480 te
1146 1453 1207 1480 inde
1222 1452 1316 1487 eiecit;
1329 1460 1393 1481 ecce
1407 1452 1433 1480 in
1448 1453 1552 1488 meipso
1563 1452 1654 1487 planto
1668 1456 1693 1479 te
1703 1472 1711 1484 ,

912 1506 963 1535 ego
975 1503 1001 1527 te
1011 1499 1239 1535 gesto.Quomodo
1247 1499 1259 1526 τ
1267 1498 1324 1527 Νοη
1334 1498 1414 1527 audet
1423 1499 1431 1515 ι
1443 1497 1488 1527 ille
1500 1498 1533 1526 ad
1544 1506 1588 1527 me
1597 1497 1712 1526 accede-

893 1536 895 1539 ’
912 1552 953 1572 re.
974 1542 1030 1573 Non
1045 1550 1070 1573 te
1090 1547 1115 1573 in
1139 1545 1234 1573 ert-lum
1250 1545 1374 1573 inducam
1391 1544 1458 1573 :sed
1474 1543 1570 1572 melius
1586 1544 1629 1572 hic.
1641 1544 1711 1576 eris.

912 1598 991 1627 quam
1007 1592 1033 1618 in
1047 1591 1113 1619 caelo
1125 1600 1133 1619 ε
1145 1591 1170 1618 in
1183 1592 1285 1626 meipsn
1300 1595 1327 1619 te
1343 1595 1420 1626 porto
1430 1612 1437 1622 ,
1451 1590 1496 1626 qui
1508 1598 1568 1618 sum
1583 1590 1712 1618 Dominus

912 1637 981 1665 etcli.
995 1637 1089 1665 Pastor
1103 1641 1208 1673 gestat,
1226 1641 1253 1664 et
1265 1637 1344 1672 lupus
1360 1644 1414 1664 non
1429 1636 1497 1664 ultra
1513 1635 1640 1669 accedet;
1657 1636 1712 1663 imo

913 1683 1001 1718 potius
1015 1687 1043 1710 ut
1055 1682 1165 1710 accedat
1189 1682 1326 1718 permitto.
1344 1681 1390 1712 Ille
1404 1686 1496 1718 portat
1512 1685 1636 1710 naturam
1663 1687 1712 1708 no-

912 1734 1011 1762 stram;
1027 1734 1055 1757 et
1068 1728 1172 1757 accedit
1184 1728 1326 1762 diabolus,
1349 1733 1377 1756 et
1391 1727 1517 1756 vincitur.
1539 1728 1663 1756 Plantavi
1685 1732 1712 1756 te

913 1774 938 1802 in
959 1775 1072 1810 tneipso.
1096 1774 1213 1811 Ideoque
1235 1774 1300 1802 dicit
1315 1783 1321 1801 :
1336 1773 1393 1810 Ego
1413 1775 1490 1802 rudia:
1502 1795 1510 1809 ,
1530 1780 1574 1802 nos
1594 1774 1713 1810 palmites

912 1818 1002 1857 (Joau.
1018 1821 1062 1849 15.
1075 1821 1114 1857 5);
1125 1825 1153 1849 et
1167 1821 1299 1857 plantavit
1311 1829 1370 1849 eam
1390 1821 1417 1849 in
1432 1821 1533 1856 seipso.
1547 1820 1649 1856 Ecquid
1664 1828 1712 1855 po-

911 1867 988 1895 stea?
1001 1866 1054 1896 Sed
1064 1867 1101 1903 (α)
1116 1872 1241 1903 peccator
1254 1875 1312 1895 sum
1325 1888 1333 1900 ,
1346 1867 1448 1902 inquit,
1459 1871 1486 1895 et
1501 1865 1662 1894 immundus.
1671 1865 1712 1893 Ne

910 1914 948 1941 sis
968 1913 1117 1947 sollicitus,
1138 1913 1258 1942 medicus
1278 1921 1350 1941 sum.
1373 1911 1440 1941 Navi
1459 1920 1506 1941 vas
1521 1919 1629 1945 meum,
1653 1911 1712 1939 scio

911 1967 964 1994 quo
987 1964 1067 1995 pacto
1092 1959 1265 1995 depravatum
1288 1960 1334 1987 sit.
1357 1959 1470 1987 Lutcum
1497 1959 1571 1994 prius
1594 1963 1712 1991 erat,et

911 2012 1066 2039 perversum
1081 2010 1132 2032 est.
1149 2004 1262 2041 Reﬁngo
1276 2004 1339 2032 illud
1355 2013 1401 2039 per
1413 2004 1549 2032 lavacrum
1564 2010 1711 2038 regenera-

912 2051 991 2079 tionis
1000 2072 1007 2084 ,
1019 2055 1046 2079 et
1060 2051 1136 2079 trado
1150 2051 1215 2079 illud
1227 2052 1291 2087 igni.
1305 2051 1371 2079 Vide
1385 2059 1500 2087 namque
1517 2060 1524 2079 :
1537 2050 1642 2086 accepit
1652 2050 1711 2086 pui-

911 2104 1001 2125 vcrem
1016 2097 1051 2125 de
1067 2102 1154 2131 terra,
1178 2100 1205 2125 et
1224 2093 1287 2125 fecit
1313 2097 1468 2131 liOminem;
1491 2097 1617 2125 formavit
1635 2104 1709 2125 eum.

913 2143 990 2170 Venit
1005 2143 1142 2176 diabolus,
1157 2147 1185 2171 et
1197 2143 1326 2179 pervertit
1336 2151 1409 2172 eum.
1424 2143 1568 2179 Vcnitipse
1580 2148 1608 2172 et
1620 2143 1711 2171 denuo

910 2194 1049 2224 acceptum
1073 2189 1182 2217 reﬁnxit
1195 2198 1268 2224 eum,
1284 2190 1373 2219 denuo
1395 2190 1522 2218 conﬂavit
1542 2198 1603 2218 eum
1619 2190 1647 2218 in
1660 2190 1709 2218 ba-

911 2234 1052 2268 ptismate;
1072 2243 1160 2271 neque
1172 2236 1234 2264 sivit
1248 2235 1306 2272 ejus
1320 2243 1419 2272 corpus
1440 2244 1500 2264 esse
1521 2236 1621 2264 luteum
1633 2256 1640 2269 ,
1661 2235 1710 2264 sed

911 2284 1057 2308 testaceum
1081 2281 1165 2316 ipsum
1181 2281 1278 2309 effecit.
1291 2282 1386 2309 Lutum
1403 2282 1482 2309 tradit
1505 2282 1558 2318 igni
1570 2280 1685 2317 Spiritus
1701 2290 1708 2308 :

910 2326 972 2361 Ipse
984 2335 1026 2355 vos
1041 2328 1177 2363 baptizabit
1189 2329 1215 2355 in
1231 2329 1333 2364 Spiritu
1344 2334 1431 2356 sancto
1441 2350 1449 2362 ,
1461 2333 1485 2356 et
1495 2329 1548 2365 igni
1559 2328 1665 2365 (Hattlt.
1679 2328 1708 2356 3.

911 2370 967 2409 li).
983 2373 1010 2400 in
1025 2380 1104 2408 aqua,
1119 2378 1147 2400 ut
1160 2374 1368 2407 reformaretur;
1384 2374 1410 2402 'm
1422 2375 1474 2410 igni
1486 2395 1493 2407 ,
1509 2379 1538 2402 ut
1557 2375 1710 2402 consolida-

911 2424 994 2446 retur.
1008 2419 1069 2447 Ideo
1091 2420 1220 2455 propheta
1234 2420 1298 2447 olim
1313 2421 1461 2449 vaticinans
1479 2421 1585 2449 dicebat
1600 2430 1607 2448 :
1630 2421 1708 2448 Tum-

909 2473 984 2499 quam
1004 2473 1064 2492 uasa
1084 2466 1158 2501 ﬁguli
1179 2470 1290 2494 conteres
1300 2475 1341 2494 eos
1355 2466 1441 2501 (Prol.
1453 2467 1480 2494 ‘2.
1497 2466 1538 2502 9).
1551 2467 1609 2495 Non
1623 2468 1690 2494 dixit
1700 2488 1708 2498 .

911 2515 1044 2545 tamquam
1059 2519 1119 2539 vasa
1135 2516 1249 2540 testacea
1259 2532 1268 2546 ,
1283 2520 1343 2548 qua.-
1354 2512 1451 2548 singuli
1465 2513 1603 2548 pas-sident
1619 2521 1625 2539 :
1648 2520 1710 2540 sunt

909 2556 981 2583 enim
992 2556 1033 2583 illa
1050 2564 1112 2584 vasa
1127 2558 1197 2592 ﬁguli
1208 2579 1215 2591 ,
1230 2566 1289 2593 qua:
1303 2558 1399 2593 ﬁgulus
1410 2559 1436 2586 in
1451 2564 1508 2586 rota
1524 2566 1571 2586 sua
1585 2558 1687 2593 effingit
1702 2566 1709 2585 :

909 2601 956 2628 sed
968 2609 1027 2628 vasa
1040 2602 1111 2637 figuli
1123 2603 1204 2636 lutea,
1215 2611 1306 2631 nostra
1314 2612 1377 2632 vero
1386 2610 1511 2632 testacea.
1521 2604 1709 2632 Prtenuntiand

910 2647 999 2682 itaque
1012 2648 1200 2677 conﬁationem
1215 2657 1263 2685 per
1273 2650 1406 2686 baptisma
1420 2651 1509 2678 denuo
1521 2650 1707 2686 repetendam,

909 2691 1051 2728 Tamquam
1075 2702 1149 2727 vasa,
1175 2695 1271 2730 inquit,
1287 2696 1359 2732 figuli
1381 2701 1493 2724 contem
1505 2705 1557 2727 ιω.
1575 2697 1706 2733 Rcﬁngtt,

910 2739 1012 2782 inquit,
1025 2745 1051 2768 ct
1063 2742 1171 2769 conﬁat.
1186 2742 1325 2770 Descendo
1336 2743 1361 2770 iu
1373 2743 1515 2779 baptisma,
1530 2751 1559 2772 et
1569 2742 1708 2780 rellngitur

910 2784 993 2813 tinum
1010 2794 1067 2814 mea
1078 2807 1085 2820 ,
1101 2788 1189 2816 denuo
1201 2789 1300 2816 conﬁat
1315 2790 1383 2825 ignis
1406 2790 1538 2826 Spiritus,
1551 2790 1581 2819 et
1595 2789 1708 2820 ofﬁcitu!l

941 2874 959 2913 ξ.
965 2878 1025 2913 say.
1032 2878 1067 2900 sic
1078 2876 1163 2913 habet,
1174 2875 1200 2902 in
1221 2876 1311 2910 meipsn
1326 2878 1409 2911 ptmtto
1425 2883 1465 2911 te;
1476 2880 1616 2911 quomoda?
1627 2888 1670 2913 ego
1682 2880 1706 2907 [ἐ

908 2908 983 2937 gesto.
997 2909 1045 2937 non
1056 2907 1139 2932 audet.

940 2936 976 2969 (α)
987 2936 1087 2976 .Similia
1098 2938 1220 2976 trahentur
1242 2947 1315 2974 supra
1326 2942 1350 2967 in
1365 2943 1496 2971 Catecbesi
1524 2942 1553 2970 ad
1569 2941 1699 2969 illuminat:

908 2968 961 2999 dos,
972 2971 1035 2997 circa
1047 2969 1164 2996 medium.
