4104 6550
675 473 771 529 £07

672 597 927 646 testacea.
956 590 1107 660 Quod
1130 600 1303 649 autem
1334 594 1447 649 haec
1476 608 1581 649 non
1604 609 1666 649 ex
1687 595 1936 664 jactantia
1962 593 2242 664 prodeunt,

668 682 791 736 audi
829 678 1019 739 Jobum
1052 702 1064 740 :
1094 683 1236 739 Fecit
1286 694 1451 739 autem
1489 702 1579 740 nos
1626 687 1786 741 Iulum
1837 686 1970 757 (Job
2034 686 2121 742 10.
2148 686 2244 757 9);

672 773 866 829 Paulus
881 784 1056 830 autem
1077 792 1091 829 :
1112 774 1365 831 [labentes
1384 786 1552 830 autem
1575 778 1862 832 thesaurum
1882 778 2015 831 Iuntc
2038 778 2090 830 in
2112 778 2243 831 uasis

670 870 898 923 testaceis
942 868 1017 943 (Ξ.
1063 869 1181 925 Cor.
1209 869 1262 925 4.
1290 871 1369 940 7).
1403 873 1471 926 At
1506 852 1628 927 vide
1671 882 1817 927 testa:
1860 871 2242 926 fortitudinem.

667 956 782 1010 Non
808 959 949 1013 enim
988 959 1041 1013 in
1081 960 1201 1030 igne
1222 971 1368 1017 cocta
1392 970 1493 1028 est,
1523 962 1615 1017 sed
1645 963 1694 1017 in
1719 963 1936 1031 Spiritu.
1966 962 2243 1029 Quomodo

670 1055 954 1103 testaceum
985 1060 1067 1105 est
1091 1050 1114 1103 τ
1142 1050 1417 1120 Quinquies
1444 1054 1790 1122 quadragenas
1806 1069 1908 1105 una
1930 1053 2090 1106 minus
2110 1069 2245 1106 acre»

669 1141 718 1207 pi
748 1156 767 1194 :
793 1151 866 1195 ter
899 1141 1048 1213 virgis
1077 1158 1234 1198 cwsus
1257 1160 1365 1197 sum
1386 1186 1399 1206 ,
1426 1144 1579 1198 semel
1602 1144 1852 1215 lapidatus
1878 1161 1985 1197 sum
2014 1142 2088 1215 (ὲ.
2120 1142 2238 1198 Cor.

668 1231 756 1283 11.
783 1230 873 1285 24.
906 1231 996 1303 25)
1021 1274 1037 1299 ,
1091 1240 1146 1288 et
1188 1239 1472 1289 testacequ
1500 1249 1595 1289 vas
1626 1250 1731 1288 non
1758 1232 2084 1289 confractum
2138 1242 2240 1287 est.

668 1318 834 1375 Nocte
856 1332 903 1375 et
921 1324 1003 1377 die
1024 1324 1075 1377 in
1097 1324 1349 1394 profundo
1376 1326 1529 1379 maris
1554 1326 1647 1394 fui.
1681 1324 1734 1379 In
1767 1324 2026 1394 profundo
2054 1325 2168 1391 fuit,
2188 1334 2241 1379 et

665 1426 757 1467 vas
786 1423 1070 1470 testaceum
1098 1432 1200 1470 non
1230 1418 1457 1471 solutum
1485 1426 1567 1471 est
1599 1437 1611 1469 :
1646 1416 1972 1488 naufragium
2000 1419 2152 1481 lt-cit,
2187 1426 2240 1472 ct

666 1501 941 1559 thesaurus
970 1520 1071 1558 non
1099 1507 1272 1574 periit.
1296 1505 1454 1561 Navis
1476 1508 1747 1563 submersa
1774 1518 1874 1574 est,
1892 1517 1946 1562 et
1974 1524 2108 1562 onus
2124 1510 2239 1578 ejus

664 1593 943 1664 navigavit.
997 1594 1244 1651 Habentes
1280 1609 1447 1651 autem
1489 1598 1795 1652 thesaurum.
1826 1598 1993 1665 Quem
2027 1600 2239 1653 thesau-

662 1701 779 1740 rum
804 1685 828 1740 i
865 1686 1093 1757 Spiritus
1122 1699 1474 1744 commeatum
1497 1731 1512 1753 ,
1540 1690 1795 1761 justitiam
1814 1733 1831 1757 ,
1859 1692 2237 1747 sanctiﬁcatio-

662 1788 818 1843 nem,
862 1777 1301 1847 redemptionem.
1360 1780 1563 1850 Quem,
1611 1797 1827 1852 quarso,
1885 1783 2236 1838 thesaurum?

661 1865 727 1920 In
764 1868 963 1924 nomine
999 1868 1124 1924 Iesu
1166 1871 1376 1937 Christi,
1404 1888 1553 1943 surge
1591 1882 1638 1927 et
1667 1874 1867 1928 ambula
1890 1874 2022 1943 (Act.
2064 1875 2116 1928 5.
2154 1872 2231 1942 ti).

659 1957 851 2023 As'nea,
877 1970 1024 2014 sanat
1050 1972 1097 2014 te
1120 1960 1271 2015 Jesus
1301 1961 1529 2017 Christus
1559 1962 1693 2034 (Act.
1726 1964 1779 2019 9.
1808 1964 1926 2035 '54).
1958 1963 2066 2017 Tibi
2085 1965 2231 2030 dico,

660 2051 877 2120 maligne
902 2052 1125 2120 spiritus,
1157 2055 1238 2107 exi
1261 2056 1323 2107 ab
1342 2070 1399 2108 eo
1417 2055 1549 2127 (Act.
1587 2056 1667 2110 16.
1706 2057 1823 2125 18).

730 2142 816 2197 12.
848 2144 944 2209 Qui
971 2160 1114 2199 verus
1143 2146 1435 2210 thesaurus;
1463 2147 1553 2200 dos
1580 2163 1780 2216 sponsw
1805 2147 2011 2201 Christi.
2040 2176 2110 2187 —-
2140 2146 2232 2201 Vi-

658 2234 779 2288 disti
809 2233 1115 2289 thesaurum
1143 2236 1303 2307 regiis
1328 2238 1592 2294 thesauris
1618 2238 2030 2309 splendidiorem
2054 2238 2077 2292 ?
2097 2237 2230 2304 Quid

658 2327 800 2379 enim
841 2328 942 2380 tale
985 2324 1159 2381 facere
1210 2342 1455 2397 umquam
1497 2330 1688 2397 poterit
1720 2329 1861 2399 regia
1916 2329 2229 2399 margarita,

656 2416 811 2483 quale
831 2415 989 2470 verba
1010 2416 1239 2485 apostoli
1253 2415 1533 2472 ediderunt
1551 2418 1810 2487 ?Appone
1833 2419 2107 2472 innumera
2129 2417 2233 2471 dia-

658 2508 873 2561 demata
895 2508 1117 2562 mortuis
1136 2549 1150 2572 ,
1180 2517 1232 2562 et
1252 2524 1357 2563 non
1384 2508 1756 2563 excitabuntur
1787 2527 1801 2563 :
1826 2523 1985 2563 unum
2008 2524 2071 2563 ex
2102 2523 2231 2578 apo-

659 2596 798 2650 stolo
826 2612 1097 2666 egressum
1122 2598 1343 2654 verbum
1371 2600 1619 2654 rebellem
1648 2610 1885 2654 naturam
1914 2601 2151 2667 reduxit,
2178 2609 2232 2655 et

659 2703 710 2739 Ill
738 2687 1015 2756 pristinum
1046 2697 1242 2743 statum
1281 2689 1528 2744 restituit.
1562 2689 1814 2743 [labentes
1838 2702 1999 2744 autem
2029 2696 2231 2745 thesau-

655 2792 769 2829 rum
797 2778 931 2830 hunc
973 2777 1049 2848 (2.
1073 2776 1190 2833 Car.
1217 2779 1270 2833 4.
1302 2779 1375 2846 7).
1402 2778 1446 2834 0
1468 2779 1711 2834 thesauro
1736 2780 1825 2850 qui
1858 2796 1961 2834 non
1992 2791 2235 2836 servatur

658 2865 831 2920 solum
853 2908 867 2931 ,
897 2868 988 2921 sed
1013 2868 1099 2937 qui
1125 2878 1298 2923 servat
1326 2868 1540 2923 domum
1578 2870 1625 2922 in
1656 2885 1756 2939 qua
1786 2871 2088 2925 reconditur
2113 2874 2126 2924 !
2150 2870 2257 2947 ln-.

657 2958 906 3013 teliexisti
948 2959 1073 3028 quid
1115 2960 1391 3015 dixerim?
1437 2960 1608 3030 Reges
1649 2972 1801 3016 terra:
1831 2972 1886 3016 et
1931 2963 2228 3032 principes,

657 3063 778 3102 eum
806 3048 1084 3105 thesauros
1140 3050 1363 3114 habent,
1404 3066 1619 3121 magnas
1658 3061 1970 3107 construunt
2008 3052 2228 3120 domos,

658 3155 835 3194 muros
862 3156 1071 3209 nempe,
1096 3151 1291 3204 vectes,
1322 3142 1490 3204 fores,
1517 3141 1764 3196 custodes
1784 3184 1798 3208 ,
1831 3158 1978 3197 seras
1998 3185 2011 3206 ,
2046 3152 2102 3197 ut
2142 3159 2231 3197 cu-

656 3233 914 3287 stodiatur
948 3233 1226 3288 thesaurus
1252 3252 1264 3288 :
1290 3233 1530 3288 Christus
1560 3245 1732 3289 autem
1780 3237 2103 3289 contrarimn
2150 3234 2233 3291 fe-

620 3314 621 3319 “
658 3326 759 3391 cit;
792 3340 896 3380 non
945 3326 995 3380 in
1024 3324 1264 3395 lapideo,
1294 3327 1385 3381 sed
1437 3327 1485 3379 in
1515 3336 1743 3381 testaceo
1770 3342 1893 3381 vase
1924 3326 2231 3382 thesaurum

656 3418 852 3487 posuit.
884 3418 939 3472 Si
970 3433 1190 3488 magnus
1213 3419 1492 3472 thesaurus
1517 3460 1530 3483 ,
1564 3433 1657 3472 cur
1682 3433 1772 3473 vas
1803 3417 2066 3473 inlirmum
2090 3418 2113 3471 ?
2134 3419 2230 3473 At-

656 3507 745 3577 qui
774 3508 893 3563 ideo
923 3522 1015 3563 vas
1058 3508 1321 3561 infirmum
1351 3518 1463 3572 est,
1494 3510 1612 3577 quia
1644 3524 1864 3578 magnus
1888 3517 1971 3563 est
2016 3510 2230 3564 thesau-

660 3612 753 3651 rus
782 3616 796 3652 ε
828 3613 931 3652 non
956 3598 1096 3654 enim
1123 3610 1363 3653 servatur
1392 3613 1421 3651 a
1450 3613 1573 3652 vase
1592 3638 1605 3661 ,
1638 3598 1729 3651 sed
1753 3600 1864 3667 ipse
1894 3613 1986 3651 vas
2016 3613 2233 3653 conser-

662 3698 771 3743 vat.
800 3688 911 3759 Ego
935 3693 1236 3745 thesaurum
1267 3705 1425 3760 pono,
1454 3690 1569 3760 quis
1595 3705 1714 3744 cum
1738 3690 1981 3745 suﬂ'urari
2010 3701 2182 3760 potest
2209 3691 2232 3746 ?

658 3778 816 3834 Venit
854 3780 1129 3847 diabolus,
1164 3781 1305 3835 venit
1326 3781 1472 3835 orbis
1502 3789 1679 3847 teme,
1707 3792 1969 3835 venerunt
1996 3783 2231 3838 sexcenti

659 3871 932 3941 homines,
960 3882 1012 3927 et
1056 3874 1360 3927 thesaurum
1408 3889 1512 3926 non
1540 3871 1692 3926 furati
1720 3883 1861 3927 sunt.
1892 3874 2233 3944 Flagellatum

658 3974 742 4020 est
768 3980 857 4019 vas
878 4007 892 4033 ,
926 3975 978 4019 et
999 3965 1273 4020 thesaurus
1293 3982 1394 4020 non
1418 3966 1653 4035 proditus
1676 3976 1781 4022 est.
1814 3971 2120 4021 Demersum
2152 3978 2234 4021 est

662 4056 715 4109 in
764 4071 910 4110 mare
932 4096 948 4121 ,
981 4065 1033 4110 et
1058 4056 1381 4126 naufragium
1418 4072 1520 4110 non
1567 4056 1707 4112 iecit.
1750 4057 2012 4111 Mortuum
2043 4065 2153 4125 est,
2182 4067 2236 4113 et

628 4162 634 4166 ‘
663 4146 943 4200 thesaurus
967 4156 1161 4201 manet.
1197 4148 1348 4201 Dedit
1377 4148 1532 4214 igitur
1578 4148 1957 4203 arrhabonem.
2011 4148 2233 4203 Ubinam

660 4248 782 4292 sunt
803 4240 888 4308 qui
914 4238 965 4292 in
988 4238 1212 4307 Spiritus
1230 4237 1556 4307 majestatem
1580 4238 1885 4308 blasphema
1896 4249 1951 4292 nt
1968 4239 1990 4292 ?
2006 4239 2232 4293 Mentem

660 4329 929 4384 adhibete.
960 4331 1059 4394 Qui
1092 4340 1254 4383 autem
1284 4330 1550 4398 conﬁrmat
1588 4346 1679 4383 nos
1707 4332 1955 4384 vobiscum
1996 4332 2047 4383 iu
2088 4330 2234 4383 Chri-

664 4434 796 4474 stum
826 4421 982 4487 Deus,
1024 4424 1108 4490 qui
1136 4422 1269 4475 dedit
1298 4422 1628 4475 arrltabonem
1675 4422 1898 4491 Spiritus
1926 4421 2001 4493 (‘2.
2033 4420 2147 4476 Cor.
2183 4424 2231 4476 1.

660 4512 749 4564 2|.
780 4511 891 4581 22).
920 4512 1072 4566 Scitis
1111 4528 1204 4566 vos
1239 4526 1455 4575 omnes,
1501 4512 1849 4567 arrhabonem
1901 4524 2098 4581 partem
2127 4513 2236 4566 esi-

662 4619 816 4671 guum
838 4618 956 4657 esse
984 4604 1141 4657 totius
1170 4622 1181 4655 :
1214 4604 1334 4657 audi
1363 4604 1650 4673 quomodo.
1677 4604 1798 4657 Abit
1829 4605 1945 4672 quis
1965 4614 2236 4672 empturus

664 4698 877 4747 domum
906 4695 1072 4763 pretio
1101 4697 1263 4749 multo
1288 4738 1302 4761 ,
1349 4708 1400 4749 et
1426 4696 1552 4749 dicit
1581 4714 1592 4749 :
1628 4697 1697 4749 Da
1728 4696 1854 4749 mihi
1886 4696 2235 4749 arrlmhoaem

665 4799 762 4853 pro
782 4787 1043 4839 cautione.
1079 4786 1199 4839 Abit
1228 4787 1344 4855 quis
1393 4787 1666 4839 mulierem
1697 4784 1950 4839 ducturus
1970 4827 1984 4849 ,
2013 4787 2077 4839 de
2116 4788 2238 4840 dote

665 4890 718 4930 ιιι
738 4878 803 4934 de
834 4879 1166 4933 facultatibus
1196 4879 1494 4948 paciscitur,
1525 4878 1722 4934 etdieit
1750 4897 1762 4932 :
1799 4878 1868 4931 Da
1893 4880 2018 4931 mihi
2051 4879 2237 4932 arrha-

666 4969 874 5022 bonem.
900 4970 1164 5023 Attende:
1198 4972 1247 5023 in
1280 4970 1523 5022 auctione
1552 4970 1688 5021 servi
1712 4968 1972 5031 arrhabo,
2006 4969 2239 5038 itemque

669 5062 721 5115 in
752 5063 996 5117 omnibus
1044 5064 1399 5117 connuerciis.
1429 5062 1559 5115 Cum
1607 5063 1782 5131 itaque
1824 5061 2063 5115 Christus
2090 5074 2237 5129 pacta

669 5155 941 5209 nobiscum
984 5156 1141 5207 inibat
1176 5159 1279 5225 (me
1313 5154 1506 5207 etenim
1538 5154 1670 5205 sicut
1693 5167 1937 5221 sponsam
1985 5163 2095 5204 erat
2136 5152 2238 5205 du-

669 5245 897 5317 cturus),
918 5244 1045 5298 mihi
1069 5245 1222 5298 etiam
1247 5243 1420 5298 dotem
1452 5243 1718 5306 adscribit,
1740 5258 1842 5295 non
1871 5245 2124 5310 pecunia',
2146 5244 2235 5297 scd

670 5338 957 5407 sanguinis.
997 5337 1179 5391 Dotem
1212 5351 1337 5389 vero
1360 5334 1485 5388 mihi
1514 5334 1764 5387 adscribit
1792 5334 2114 5403 largitionem
2142 5338 2230 5388 bo-

672 5445 858 5482 norum
881 5471 894 5493 ,
930 5427 1056 5493 Qua:
1083 5428 1255 5482 oculus
1280 5444 1378 5480 non
1413 5426 1531 5479 cidit
1552 5466 1566 5491 ,
1588 5434 1633 5478 et
1661 5426 1796 5478 auris
1818 5441 1915 5479 non
1941 5427 2128 5478 audivit
2148 5468 2162 5491 ,
2194 5435 2239 5478 et

670 5523 723 5573 in
753 5536 837 5574 cor
864 5520 1077 5571 hominis
1098 5536 1195 5573 non
1216 5518 1542 5572 ascenderunt
1570 5517 1643 5589 (l.
1666 5515 1785 5571 Cor.
1809 5515 1863 5569 2.
1886 5514 1960 5586 9).
1989 5514 2041 5568 In
2064 5516 2238 5569 dotcm

675 5612 831 5680 igitur
856 5611 1133 5679 adscripsit
1174 5611 1655 5675 immortalitatem,
1704 5608 1911 5663 laudem
1939 5624 2056 5662 eum
2085 5624 2241 5676 ange-

676 5703 767 5763 lis,
798 5705 1176 5755 immunitatem
1207 5720 1233 5755 a
1262 5712 1458 5767 morte,
1492 5701 1785 5756 libertatem
1812 5717 1838 5753 a
1861 5710 2072 5768 peccato
2093 5741 2106 5763 ,
2146 5700 2241 5753 he-

682 5795 955 5848 reditatem
1011 5796 1154 5863 regni
1202 5796 1460 5864 (ingentes
1506 5803 1629 5847 sunt
1670 5792 1906 5861 divitia‘).
1950 5794 2239 5859 justitiam,

682 5887 1177 5954 sanctit‘tcationem,
1220 5888 1582 5941 liberationem
1616 5902 1644 5939 a
1694 5886 2071 5955 praesentibus,
2106 5886 2242 5939 futu-

1393 478 1452 536 S.
1492 479 1766 538 JOANNIS
1804 477 2271 538 CIIRYSOSTOMI
2312 478 2627 536 ARClllEP.
2668 480 3195 541 CONSTANTINOP.

3832 491 3932 542 tua

2356 608 2539 647 rorum
2569 594 2923 667 adeptionem.
2952 595 3133 668 Magna
3163 598 3287 653 mihi
3318 600 3415 654 dos
3440 610 3571 655 erat.
3604 601 3835 658 Attende
3859 600 3934 657 di-

2352 685 2580 755 ligenter
2609 686 2775 766 :‘vide
2806 689 2929 759 quid
2977 689 3151 744 faciat.
3194 690 3349 745 Venit
3381 704 3654 762 acceptum
3688 694 3933 749 meretri-

2348 790 2499 843 cem,
2530 777 2608 831 sic
2637 793 2752 832 eam
2786 794 2919 833 voco
2947 822 2961 845 ,
3013 780 3155 850 quod
3206 792 3349 836 esset
3391 784 3592 852 impura
3614 822 3631 850 ,
3660 794 3718 838 ut
3752 787 3933 856 sponsi

2355 882 2590 922 amorem
2607 870 2832 924 ediscas.
2860 871 3031 934 Venit,
3052 874 3254 941 accepit
3270 889 3374 939 me,
3393 874 3570 929 dutetu
3591 876 3719 930 mihi
3743 878 3937 930 adscri-

2348 958 2470 1027 psit.
2496 958 2647 1026 Dicit,
2666 961 2743 1014 Do
2768 962 2860 1015 tibi
2889 962 3097 1016 divitias
3118 978 3284 1017 meas.
3298 966 3576 1030 Quemodo
3592 966 3615 1019 ?
3630 966 3933 1033 Perdidisti,

2347 1050 2550 1120 inquit,
2584 1051 2931 1123 paradisum?
2964 1055 3144 1124 accipe
3184 1056 3348 1109 illum.
3386 1056 3699 1121 Perdidisti,
3734 1058 3934 1126 inquit,

2344 1140 2608 1196 formam?
2627 1145 2809 1214 accipe
2841 1145 3000 1200 illam.
3034 1146 3155 1201 llaec
3182 1148 3359 1203 omnia
3382 1152 3563 1217 accipe
3617 1150 3816 1206 Verum
3836 1151 3937 1206 dos

2345 1248 2460 1287 mea
2492 1233 2575 1288 hic
2596 1235 2720 1288 mihi
2745 1251 2848 1288 non
2866 1237 3043 1290 datur.

2416 1324 2503 1377 15.
2538 1324 2772 1380 Adverte
2792 1327 3047 1391 animum,
3068 1340 3391 1397 quaprOpter
3418 1329 3556 1385 hanc
3582 1331 3761 1387 dotem
3791 1347 3931 1402 prte-

2342 1412 2489 1469 dicit.
2519 1414 2644 1469 Mihi
2670 1418 2719 1469 in
2744 1417 2917 1471 dotem
2950 1418 3234 1487 adscripsit
3264 1420 3709 1475 resurrectionem
3739 1436 3933 1490 corpo-

2343 1522 2460 1561 rum
2488 1517 2541 1562 et
2586 1509 3061 1579 incorruptionem.
3094 1509 3558 1565 Resurrectionem
3595 1512 3792 1581 quippe
3821 1528 3929 1566 non

2342 1602 2645 1653 necessario
2673 1602 2913 1669 sequitur
2956 1601 3314 1670 incorruptio.
3341 1601 3434 1657 scd
3464 1602 3579 1657 haec
3607 1604 3715 1656 duo
3753 1616 3928 1658 erant.

2347 1692 2419 1745 At
2436 1688 2580 1745 enim
2594 1691 2748 1747 multi
2769 1703 3265 1761 resnrrexerunt,et
3297 1708 3480 1748 rursus
3506 1692 3742 1747 defuncti
3768 1701 3926 1748 sunt:

2342 1781 2789 1851 quemadmodum
2816 1782 3048 1838 Lazarus
3081 1792 3135 1837 et
3172 1797 3396 1853 corpora
3447 1792 3775 1838 sanctorum.
3822 1783 3915 1839 Ve-

2338 1887 2455 1927 rum
2483 1872 2568 1927 hic
2590 1888 2693 1927 non
2722 1874 3002 1929 similiter:
3032 1875 3127 1929 sed
3157 1874 3603 1931 resurrectionem
3634 1875 3928 1945 promittit,

2338 1962 2821 2033 incorruptionem,
2862 1963 3090 2020 choreas
3129 1980 3251 2020 cum
3295 1965 3528 2031 angelis,
3572 1964 3693 2019 Filii
3739 1981 3932 2021 occur-

2336 2066 2451 2106 sum
2494 2053 2546 2107 in
2588 2052 2834 2117 nubibus,
2882 2052 2950 2107 Et
2986 2056 3059 2107 sic
3095 2070 3290 2124 semper
3328 2070 3445 2108 cum
3480 2052 3702 2108 Domino
3739 2056 3928 2109 erimus

2338 2145 2412 2215 (1.
2472 2143 2646 2198 Thess.
2693 2145 2748 2199 ι.
2779 2145 2893 2215 17),
2925 2149 3251 2215 ereptione-ir.
3275 2158 3303 2197 a
3334 2153 3505 2199 morte
3524 2183 3541 2207 ,
3568 2144 3870 2200 libertatem
3898 2162 3927 2198 a

2338 2246 2593 2304 peccato,
2642 2236 3033 2291 demersionem
3089 2236 3351 2291 interitus.
3401 2236 3566 2304 Quale
3619 2235 3749 2290 illud
3793 2240 3929 2291 est?

2339 2325 2527 2379 Oculus
2549 2343 2647 2380 non
2671 2328 2821 2393 vidit,
2851 2343 2940 2380 nec
2966 2327 3105 2380 auris
3126 2327 3353 2393 audivit,
3381 2342 3471 2380 nec
3494 2326 3548 2379 in
3576 2342 3664 2380 cor
3704 2327 3928 2380 hominis

2334 2417 2660 2470 σει-(πόρτακι
2696 2434 2783 2482 ca,
2827 2432 2940 2486 quia
2975 2417 3280 2487 preparavit
3318 2415 3457 2470 Deus
3503 2416 3830 2486 diligentibus
3874 2434 3929 2471 se

2337 2505 2415 2576 (1.
2446 2504 2564 2561 Cor.
2603 2506 2657 2561 2.
2702 2508 2781 2574 9).
2834 2508 3051 2563 Bonane
3107 2507 3235 2561 mihi
3287 2506 3383 2562 das
3435 2522 3553 2577 qua:
3604 2521 3709 2562 non
3751 2509 3929 2561 novi?

2336 2596 2539 2661 Etiam,
2576 2598 2648 2651 ait
2680 2616 2692 2652 :
2726 2599 2809 2651 hic
2840 2607 2891 2652 te
2928 2597 3229 2667 desponso,
3258 2596 3344 2653 hic
3372 2612 3457 2651 me
3482 2612 3619 2651 ama.
3658 2598 3769 2653 Cur
3790 2599 3926 2651 mihi

2335 2702 2443 2742 non
2478 2690 2562 2742 hic
2586 2687 2763 2743 dotem
2793 2688 2954 2743 tradis
2982 2687 3007 2740 ἲ
3046 2688 3179 2743 Cum
3218 2687 3283 2742 ad
3315 2687 3525 2741 Patrem
3556 2702 3733 2741 meum
3763 2702 3929 2741 vene-

2335 2778 2407 2831 ris
2426 2818 2440 2842 ,
2467 2793 2586 2831 cum
2610 2780 2819 2833 veneris
2843 2780 2893 2832 in
2923 2778 3067 2847 regia
3093 2778 3245 2832 atria.
3278 2777 3390 2847 Ego
3419 2776 3485 2831 ad
3513 2786 3562 2831 te
3587 2777 3739 2842 veni,
3773 2791 3842 2830 an
3871 2788 3928 2831 tu

2334 2870 2403 2923 ad
2434 2885 2517 2923 me
2546 2870 2569 2923 ?
2598 2870 2729 2923 Veni
2762 2886 2865 2924 non
2889 2880 2946 2924 ut
2972 2868 3059 2925 hic
3081 2884 3318 2937 maneas,
3352 2870 3446 2924 sed
3473 2878 3531 2923 ut
3558 2878 3609 2923 te
3628 2884 3926 2932 assumam,

2334 2970 2388 3016 et
2411 2964 2714 3015 ascendam.
2756 2962 2832 3017 Ne
2862 2962 2947 3017 hic
2986 2977 3192 3032 quaeras
3241 2960 3450 3027 dotem;
3498 2962 3676 3015 omnia
3710 2962 3762 3015 in
3794 2977 3925 3031 spe,

2334 3054 2511 3107 omnia
2563 3053 2613 3105 in
2661 3052 2784 3108 fide.
2833 3052 3045 3107 Nihilne
3098 3052 3185 3107 hic
3213 3050 3308 3107 das
3350 3051 3480 3107 mihi
3510 3052 3533 3104 ?
3564 3050 3876 3122 Respondet
3910 3068 3925 3099 :

2334 3145 2528 3213 Accipe
2552 3144 2931 3209 arrhabonem,
2951 3153 3007 3198 ut
3035 3144 3163 3197 mihi
3190 3143 3257 3198 de
3280 3143 3457 3197 futuro
3479 3142 3668 3197 credas
3697 3160 3709 3195 :
3738 3143 3929 3211 accipe

2345 3234 2591 3303 pignora,
2624 3236 2803 3302 accipe
2853 3234 3139 3303 sponsalia.
3187 3232 3312 3288 Ideo
3366 3232 3561 3287 Paulus
3604 3232 3768 3299 dicit,
3816 3231 3930 3286 De-

2333 3328 2514 3397 spondi
2540 3328 2669 3381 cnim
2692 3344 2775 3381 vos
2799 3326 2874 3397 (2.
2898 3327 3014 3381 Cor.
3041 3328 3127 3381 11.
3146 3327 3227 3396 2).

2407 3420 2571 3484 Quam
2596 3430 2793 3490 pra'stet
2820 3421 2919 3472 vita
2951 3420 3121 3488 futura
3145 3419 3396 3489 prteserui.
3422 3446 3492 3458 —
3513 3415 3619 3471 Ceu
3649 3416 3927 3486 sponsalia

2335 3512 2550 3567 tradidit
2580 3512 2733 3567 nobis
2766 3512 2905 3565 Deus
2931 3511 3207 3581 pnesentia
3246 3509 3417 3573 bona;
3461 3508 3731 3577 sponsalia
3761 3517 3815 3562 et
3842 3508 3926 3577 pi-

2333 3618 2468 3673 gnus
2497 3612 2619 3656 sunt
2645 3604 2923 3671 prmscntia
2958 3620 2972 3655 :
2997 3602 3094 3655 dos
3117 3610 3220 3654 tota
3253 3601 3358 3656 illic
3383 3610 3582 3655 manet.
3601 3598 3930 3666 Quomodo?

2335 3709 2433 3763 ego
2458 3692 2650 3747 dicam.
2683 3693 2775 3746 llic
2798 3706 3051 3771 senesco,
3086 3691 3193 3745 illic
3221 3706 3327 3744 non
3376 3704 3635 3751 senesco;
3671 3689 3756 3743 hic
3804 3705 3931 3744 mo-

2334 3786 2443 3839 rior
2462 3826 2475 3848 ,
2511 3784 2616 3838 illic
2642 3798 2751 3838 non
2780 3784 3010 3847 morior;
3042 3781 3129 3836 hic
3158 3781 3313 3836 doleo
3332 3822 3345 3845 ,
3372 3781 3479 3834 illic
3506 3795 3611 3834 non
3644 3780 3807 3844 item;
3842 3780 3933 3833 hic

2337 3886 2645 3944 paupertas.
2674 3872 2894 3927 morbus
2914 3914 2928 3937 ,
2959 3871 3161 3925 insidia:
3180 3912 3193 3935 ,
3224 3871 3331 3924 illic
3353 3870 3480 3923 nihil
3512 3868 3774 3936 ejusmodi
3798 3885 3813 3933 ;
3842 3869 3934 3922 hic

2338 3966 2570 4020 tenebrat
2590 3972 2642 4017 et
2664 3964 2751 4016 lux
2772 4004 2785 4025 ,
2810 3963 2915 4016 illic
2942 3962 3027 4015 lux
3058 3970 3297 4026 tantum;
3330 3960 3416 4013 hic
3438 3958 3641 4012 insidia:
3664 4000 3679 4024 ,
3717 3958 3827 4012 illic
3860 3958 3931 4012 Ιί-

2339 4056 2548 4120 bcrtas;
2576 4055 2660 4109 hic
2690 4054 2936 4117 morbus,
2966 4052 3068 4106 illic
3094 4052 3323 4115 sanitas;
3348 4049 3432 4103 hic
3455 4051 3554 4101 vita
3578 4090 3593 4114 ,
3617 4063 3735 4117 qua:
3767 4050 3932 4103 tinem

2342 4147 2533 4209 habet,
2559 4147 2666 4200 illic
2694 4146 2834 4210 vita,
2859 4159 2977 4213 quae
3013 4158 3117 4197 non
3146 4142 3304 4196 habet
3325 4142 3647 4204 terminum;
3684 4140 3769 4192 hic
3802 4154 3937 4207 pec-

2338 4248 2546 4301 catum,
2574 4236 2897 4304 illiejus-titia
2920 4276 2930 4296 ,
2950 4242 3221 4303 peccatum
3243 4247 3370 4285 vero
3392 4245 3712 4300 numquam;
3740 4230 3827 4283 hic
3854 4230 3931 4283 iu-

2341 4331 2501 4399 vidiq,
2527 4332 2632 4383 illic
2654 4330 2783 4382 nihil
2812 4327 3001 4381 simile.
3033 4327 3154 4380 llarc
3176 4324 3300 4378 mihi
3323 4324 3467 4387 dato,
3501 4323 3688 4392 inquit.
3718 4322 3932 4392 Exspeo

2338 4433 2449 4488 cta,
2476 4433 2529 4475 ut
2555 4430 2606 4476 et
2631 4419 2871 4475 conservi
2919 4419 2991 4471 tui
3020 4418 3147 4471 salvi
3182 4419 3308 4469 tiant
3338 4433 3350 4469 :
3385 4426 3652 4483 exspecta.
3681 4413 3783 4481 Qui
3830 4428 3937 4467 nos

2338 4514 2649 4575 confirmat,
2679 4510 2820 4564 dt-dit
2866 4509 3016 4562 nobis
3042 4507 3415 4561 arrhabonem.
3452 4504 3621 4571 Quem
3674 4505 3939 4559 arrhabo—

2342 4619 2461 4658 nem
2490 4604 2511 4656 ?
2540 4604 2790 4671 Spiritum
2824 4615 3061 4655 sanetum
3080 4640 3093 4663 ,
3120 4598 3349 4667 Spiritus
3375 4597 3541 4651 sancti
3571 4595 3795 4649 donum.
3826 4594 3939 4650 Sed

2341 4698 2406 4752 de
2428 4698 2624 4766 Spiritu
2645 4698 2851 4765 loquor.
2870 4694 3136 4748 Annulum
3153 4690 3296 4746 dedit
3311 4689 3564 4760 apostolis
3578 4688 3765 4742 dicens
3786 4706 3799 4739 :
3823 4689 3937 4741 Ac—

2342 4790 2517 4859 cipite,
2538 4798 2593 4842 et
2612 4789 2731 4842 date
2751 4785 3012 4840 omnibus.
3036 4784 3345 4838 Annulusne
3371 4782 3421 4834 in
3438 4791 3611 4850 partes
3629 4780 3895 4834 scinditur
3917 4782 3942 4831 ?

2344 4880 2399 4933 ln
2434 4888 2606 4949 partes
2623 4878 2881 4933 scinditur
2900 4918 2914 4941 ,
2938 4891 3037 4929 nec
3062 4874 3344 4938 dividitur;
3378 4873 3429 4926 in
3448 4880 3623 4940 partes
3646 4870 3939 4931 scinditur.

2344 4988 2440 5028 nec
2460 4972 2773 5027 absumitur.
2809 4971 2961 5023 Disce
2977 4968 3200 5038 Spiritus
3222 4966 3439 5020 donum.
3472 4963 3692 5031 Accepit
3715 4963 3941 5030 Petrus,

2342 5066 2542 5133 acrepit
2570 5072 2623 5116 ct
2650 5062 2845 5116 Paulus
2866 5060 3115 5128 Spiritum
3134 5068 3393 5111 sanctum.
3414 5054 3685 5109 Circuibat
3704 5055 3894 5111 orbem
3922 5096 3940 5117 ,

2345 5165 2650 5223 peccatores
2678 5167 2705 5201 a
2731 5159 2946 5220 peccato
2970 5150 3221 5203 liberabat
3250 5164 3263 5199 :
3290 5146 3510 5201 claudos
3537 5146 3809 5213 erigebat,
3836 5162 3947 5200 nu-

2348 5249 2443 5298 dos
2473 5244 2721 5297 induebat
2743 5284 2756 5307 ,
2791 5252 3026 5295 mortuos
3072 5239 3387 5298 suscitabat.
3437 5238 3677 5306 leprosos
3708 5236 3947 5291 munda-

2346 5336 2433 5389 hat
2454 5376 2467 5395 ,
2490 5334 2700 5387 diabolo
2730 5347 2789 5384 os
2809 5332 3089 5385 obturabat
3107 5371 3121 5395 ,
3154 5326 3748 5407 dmmonas‘suifocabat
3766 5369 3782 5393 ,
3809 5342 3943 5382 cum

2350 5428 2455 5480 Deo
2486 5425 2797 5493 loquebatur
2817 5465 2830 5489 ,
2866 5423 3152 5477 Ecclesium
3199 5421 3485 5490 plantavit,
3518 5419 3711 5487 templa
3735 5420 3903 5472 diruit
3926 5462 3944 5483 ,

2346 5517 2529 5571 altaria
2554 5516 2773 5580 evertit,
2828 5515 3081 5567 malitiam
3122 5512 3314 5577 solvit,
3343 5510 3592 5564 virtutem
3638 5510 3899 5577 plantavit
3926 5551 3942 5574 ,

2349 5611 2587 5664 homines
2616 5608 2828 5676 angelos
2870 5606 3009 5659 fecit.

2426 5701 2509 5753 li.
2541 5698 2660 5752 llaec
2688 5697 2863 5751 omnia
2896 5709 3124 5749 eramus.
3152 5693 3275 5746 llmc
3314 5691 3466 5745 arrha
3500 5691 3735 5759 implevit
3763 5698 3950 5743 totum

2350 5792 2532 5844 orbem
2584 5801 2860 5842 terrarum.
2904 5788 3037 5839 Cum
3091 5784 3212 5836 dico
3268 5792 3471 5844 totum,
3528 5793 3720 5832 terram
3769 5779 3947 5841 dico,

2351 5895 2597 5955 quantam
2628 5882 2705 5935 sol
2734 5880 2977 5950 respicit,
3012 5893 3155 5931 mare
3178 5920 3191 5946 ,
3232 5876 3450 5942 insulas,
3481 5886 3709 5937 montes,
3742 5874 3946 5937 saltus,
