4154 6486
714 410 819 467 ιυο

713 526 950 598 βουνούς.
985 522 1245 595 Περιῆλθε
1275 524 1523 595 καθάπερ
1552 524 1856 597 ὑπόπτερος
1884 525 1913 577 6
1943 522 2152 587 Παῦλος
2187 522 2268 577 ἑνὶ

712 611 935 680 στόματι
970 608 1233 671 παλαίων,
1261 608 1290 662 6
1344 608 1662 677 σκηνοποιος
1686 649 1700 673 ,
1744 610 1773 661 6
1806 607 2002 678 σμίλην
2030 622 2275 676 μεταχει-

711 692 1013 764 ριζόμενος,
1058 693 1151 744 καὶ
1177 690 1420 765 δέρματα
1457 692 1707 762 βάπτων·
1742 692 1837 745 καὶ
1876 689 2013 760 αῦτη
2043 692 2076 761 ἡ
2107 690 2270 759 τέχνη

708 774 936 845 κώλυμα
961 776 1027 844 τῇ
1065 774 1231 845 ἀρετῇ
1273 773 1372 826 οὐκ
1416 774 1663 841 ἐγένετο,
1719 773 1833 827 ἀλλ’
1878 776 1907 827 6
1956 771 2271 843 σκηνοποιδς

706 858 974 928 δαιμόνων
1015 856 1374 926 ἰσχυρότερος,
1412 859 1441 909 6
1473 858 1708 928 άστομος
1736 858 2038 926 φιλοσόφων
2070 855 2274 924 φιλοσο-

708 940 968 1009 φώτερος.
1009 938 1211 1001 Πὸθενς
1262 938 1460 992 Ἔλαϐε
1504 939 1593 993 τὸν
1638 939 1955 1010 ἀρραϐῶνα.
2006 937 2270 1003 ἰσάσταζε

705 1025 796 1078 τὸν
822 1022 1100 1079 δακτύλιον
1129 1021 1223 1075 καὶ
1251 1022 1598 1093 περιέφερεν.
1632 1022 1896 1075 Ἐδλεπον
1928 1021 2126 1085 πάντες
2146 1060 2160 1082 ,
2187 1022 2270 1076 ὅτι

707 1093 965 1168 Βασιλεὺς
983 1107 1260 1178 ἡρμόσατο
1292 1102 1389 1174 τὴν
1419 1103 1580 1173 φύσιν
1609 1104 1784 1175 ημῶν·
1815 1100 1951 1159 εἶδεν
1978 1107 2007 1159 6
2037 1104 2268 1176 δαίμων,

705 1190 798 1243 καὶ
830 1188 1092 1260 ἀνεχώρει
1120 1204 1134 1218 ⁸
1168 1182 1272 1241 εῐδε
1312 1187 1404 1239 τὸν
1435 1188 1749 1259 ἀρραϐῶνα.
1794 1189 1888 1244 καὶ
1916 1188 2111 1259 ἔτρεμε
2130 1229 2145 1253 ,
2175 1190 2269 1244 καὶ

702 1270 976 1341 ὑπεχώρει
1000 1286 1013 1300 ·
1058 1270 1247 1341 ίμάτια
1272 1268 1463 1322 έόλεπε
1490 1309 1505 1333 ,
1548 1270 1643 1323 καὶ
1674 1270 2046 1341 έδραπέτευεν.
2083 1270 2148 1323 Ὠ
2174 1269 2268 1323 δύ-

701 1370 861 1425 ναμις
908 1352 1251 1424 Πνεύματοςί
1287 1351 1523 1423 οὐκψυχῇ
1573 1351 1739 1406 εδωκε
1768 1351 1865 1423 τὴν
1896 1353 2165 1420 ἀξουσίαν.
2203 1354 2267 1407 οὐ

700 1435 943 1506 σώματι,
990 1433 1127 1487 6116
1174 1434 1267 1487 καί
1313 1434 1534 1504 ίματίῳ*
1584 1434 1683 1505 οὐχ
1724 1434 1958 1507 ίματίῳ,
2003 1436 2138 1489 6116
2176 1436 2268 1491 καὶ

698 1520 847 1588 σκιᾷ.
883 1517 1105 1589 Περιῄει
1134 1518 1164 1570 6
1212 1516 1448 1583 Πέτρος,
1491 1516 1586 1570 καὶ
1618 1519 1651 1587 ἡ
1692 1517 1819 1570 σκιά
1870 1517 2035 1571 αὐτοῦ
2080 1518 2267 1581 νόσους

697 1599 1027 1671 ἐφυγάδευε,
1070 1600 1166 1654 καὶ
1212 1599 1474 1670 δαίμονας
1525 1600 1841 1671 ἀπήλαυνε,
1901 1599 1997 1654 καὶ
2041 1601 2267 1672 νεκροὺς

734 1700 937 1755 γειρεν.
968 1681 1191 1754 Περιῄει
1222 1681 1436 1743 Παύλος
1462 1682 1565 1753 τὴν
1598 1683 1943 1754 οἰκουμένην,
1974 1682 2075 1745 τάς
2101 1683 2269 1737 ἀκάν-

729 1784 795 1831 ας
816 1766 1128 1837 ἀνατέμνων
1156 1765 1255 1836 τῆς
1281 1763 1553 1830 ἀσεϐείας,
1581 1765 1651 1819 16
1682 1766 1971 1837 σπέρματα
2002 1766 2269 1820 καταϐάλ-

694 1850 801 1905 λων
826 1850 927 1921 τῆς
957 1848 1254 1911 εὐσεδείας.
1283 1847 1532 1920 καθάπερ
1570 1848 1775 1925 ἀροτὴρ
1802 1851 2021 1921 ἄριστος
2047 1850 2108 1903 16
2138 1850 2267 1920 690-

693 1951 821 2006 τρον
861 1933 998 2005 ἔχων
1028 1932 1125 2003 τῆς
1170 1930 1532 1995 διδασκαλίας.
1576 1932 1685 1986 Καὶ
1723 1928 1859 2003 πρὸς
1902 1933 2058 1996 τίνας
2090 1929 2262 2005 ἦλθες

695 2017 839 2089 Πρὸς
866 2016 1106 2087 Θρᾷκας,
1130 2013 1266 2086 πρὸς
1289 2013 1519 2078 Σκύθας,
1546 2014 1681 2084 πρὸς
1704 2012 1915 2079 Ἰνδοὺς.
1949 2017 2087 2085 πρὸς
2118 2016 2268 2071 Μαύ-

696 2117 849 2173 ρους,
882 2099 1017 2171 πρὸς
1059 2097 1413 2167 Σαρδονίους,
1448 2096 1585 2168 πρὸς
1622 2097 1887 2162 Γοτθοὺς,
1931 2098 2068 2170 πρὸς
2102 2099 2296 2171 θηρία.

691 2178 879 2254 ἄγρια,
914 2182 1008 2236 καὶ
1038 2179 1299 2251 μετέϐαλε
1327 2180 1522 2234 πάντα.
1564 2180 1755 2244 Πδθενς
1807 2180 1939 2234 ’Δπδ
1966 2180 2061 2236 τοῦ
2087 2182 2262 2254 ἀρρα-

690 2264 879 2327 ϐῶνος.
937 2262 1059 2327 Πῶς
1109 2262 1422 2335 διήρκεσενς
1482 2260 1614 2315 ’Δπδ
1663 2264 1759 2333 τῆς
1805 2262 1899 2316 τοῦ
1946 2263 2264 2335 Πνεύματος

689 2346 929 2417 χάριτος.
977 2342 1246 2415 Ὶδιὼτης,
1281 2341 1507 2414 γυμνδς,
1544 2344 1905 2410 ἀνυπόδετος·
1943 2345 1973 2397 6
2003 2347 2098 2401 καὶ
2137 2347 2263 2411 δοὺς

688 2428 782 2482 16v
808 2425 1102 2499 ἀρραϐῶνα
1136 2424 1232 2480 τοῦ
1260 2424 1597 2497 Πνεύματος.
1626 2426 1725 2481 Διά
1748 2427 1907 2483 τοῦτο
1942 2429 2111 2497 λέγεις
2150 2428 2261 2484 Καὶ

694 2508 839 2579 πρὸς
869 2508 1057 2563 ταῦτα
1087 2508 1180 2574 τίς
1216 2508 1457 2574 ἰκανόςς
1495 2508 1659 2563 Ἀλλ’
1695 2510 1735 2578 ἡ
1773 2512 2052 2579 ἱκανότης
2092 2510 2263 2581 ἡμῶν

687 2594 756 2649 ἐκ
788 2592 897 2647 τοῦ
941 2590 1088 2645 Θεοῦ
1112 2630 1129 2656 ,
1159 2590 1229 2658 ὃς
1264 2590 1361 2645 καί
1406 2590 1699 2646 ἱκάνωσεν
1744 2591 1902 2662 ἡμᾶς
1943 2594 2261 2662 διακόνους

688 2668 913 2736 Καινῆς
932 2668 1247 2736 Διαθήκης,
1292 2672 1364 2724 οὐ
1399 2670 1767 2741 γράμματος,
1801 2672 1965 2727 ἀλλὰ
1995 2674 2259 2743 πνεύμαο

685 2766 810 2816 τος.
840 2747 943 2803 Ἴδε
971 2746 1025 2801 τί
1059 2746 1122 2801 τὸ
1155 2747 1379 2819 Πνεῦμα
1406 2749 1689 2820 έποίηστψ
1724 2744 1850 2822 εὗρε
1880 2751 1979 2821 τὴν
2012 2752 2117 2823 γῆν
2143 2752 2249 2805 δαι.

690 2830 864 2902 μόνων
888 2829 1183 2901 γέμουσαν,
1226 2829 1321 2883 καὶ
1367 2829 1620 2900 έποίησεν
1662 2831 1831 2903 αὐτὴν
1867 2832 2115 2904 οὐρανόν.
2164 2833 2258 2904 Μὴ

685 2912 796 2987 γάρ
827 2914 894 2968 16
938 2914 1182 2985 παρόντα
1212 2912 1452 2984 ἑννοῆτεο
1501 2913 1634 2968 ἀλλὰ
1664 2914 1961 2970 ἀναλάϐετε
1992 2915 2072 2986 τῷ
2103 2915 2256 2984 λογι-

688 2995 810 3069 σμῷ
842 2996 1001 3079 αὑτά.
1040 2996 1173 3050 Τότε
1208 2992 1276 3068 ἦν
1315 2996 1544 3079 θρῆνος,
1588 2998 1708 3051 τότε
1739 2998 2013 3069 πανταχοῦ
2060 2997 2252 3069 βωμοὶ,

686 3078 963 3151 πανταχοῦ
988 3080 1224 3143 καπνὸς,
1255 3078 1528 3150 πανταχοῦ
1575 3084 1779 3143 κνῖσαι,
1814 3080 2088 3152 πανταχοῦ
2122 3098 2256 3154 πορ-

684 3166 843 3226 νεῖαι,
874 3160 1149 3232 πανταχοῦ
1186 3160 1418 3227 τελεταὶ,
1443 3162 1717 3232 πανταχοῦ
1743 3163 1947 3225 θυσίαι,
1980 3163 2254 3235 πανταχοῦ

682 3246 935 3316 δαίμονες
968 3244 1342 3315 βακχεύοντες,
1376 3244 1648 3315 πανταχοῦ
1686 3246 1977 3317 ἀκρόπολις
2008 3246 2101 3300 τοῦ
2134 3247 2254 3301 δια-

682 3327 863 3393 βόλου,
892 3325 1172 3398 πανταχοῦ
1210 3326 1435 3396 πορνεία
1462 3328 1890 3399 στεφανουμένησ
1909 3329 2002 3383 καὶ
2025 3324 2106 3392 εἷς
2134 3324 2202 3401 ἦν
2225 3330 2255 3382 6

684 3408 915 3473 Παῦλος.
943 3409 1067 3473 Πῶς
1107 3408 1169 3462 ού
1202 3409 1623 3481 κατεποντίσθης
1660 3410 1775 3474 πῶς
1815 3410 1876 3463 ού
1915 3409 2251 3483 διεσπάσθης

683 3491 803 3555 πῶς
840 3492 1017 3563 ῆνοιξε
1052 3491 1111 3545 τὸ
1156 3492 1369 3562 στόμα,
1417 3492 1678 3561 Εἰσῆλθεν
1706 3493 1787 3556 εἰς
1835 3493 2078 3561 Θηϐαΐδα
2101 3532 2116 3556 ,
2158 3493 2255 3549 καὶ

683 3574 1059 3645 αἰχμαλώτους
1096 3573 1308 3627 έλαδεν.
1338 3573 1597 3644 Εἰσῆλθεν
1623 3576 1705 3640 εἰς
1728 3575 1823 3639 τάς
1848 3575 2133 3645 βασιλικάς
2156 3576 2255 3629 αὐ-

681 3657 798 3723 λάς,
839 3658 931 3711 καὶ
967 3656 1059 3710 16v
1101 3656 1324 3727 βασιλέα
1374 3656 1621 3727 μαθητὴν
1665 3656 1943 3728 εποίησεν.
1989 3658 2253 3729 Εἰσῆλθεν

680 3744 759 3802 εἰς
783 3739 843 3795 16
869 3740 1239 3811 δικαστήριον,
1269 3741 1364 3793 καὶ
1393 3739 1540 3809 λέγει
1569 3739 1717 3812 αύτῷ
1743 3743 1772 3794 6
1802 3741 2081 3812 δικαστής
2104 3741 2250 3811 Hap‘

680 3824 891 3894 ἀλίγον
912 3840 991 3893 με
1022 3822 1243 3889 πείθεις
1270 3823 1627 3891 Χριστιανὸν
1657 3824 1963 3895 γενέσθαι*
1993 3824 2088 3878 καὶ
2114 3826 2143 3879 6
2170 3825 2251 3878 δι-

681 3906 887 3977 καστὴς
912 3905 1163 3989 μαθητὴς
1199 3904 1433 3989 ἐγένετο.
1468 3906 1729 3989 εἰσῆλθεν
1756 3907 1838 3970 είς
1878 3907 1939 3989 16
1969 3907 2251 3989 δρσμωτή-

684 4004 817 4056 ριον,
841 3988 935 4041 καὶ
962 3987 1050 4041 τὸν
1076 3986 1457 4057 δεσμοφύλακα
1481 3984 1692 4043 έλαδεν.
1720 3984 2086 4059 ’Δπῆλθενέἰς
2120 3990 2251 4062 βαρ-

680 4068 863 4140 ϐάρων
912 4068 1093 4139 νῆσον,
1145 4070 1240 4123 καὶ
1288 4068 1389 4139 τὴν
1435 4067 1550 4139 ἔχιν
1594 4068 1911 4123 διδάσκαλον
1961 4067 2238 4139 ιποίησεν.

694 4149 958 4220 ῗΔπῆλθεν
985 4150 1064 4213 εἰς
1098 4149 1187 4210 τὸν
1216 4150 1386 4222 δῆμον
1418 4151 1526 4205 τῶν
1556 4151 1858 4223 Ῥωμαίων,
1884 4152 1977 4209 καὶ
1995 4152 2092 4224 τὴν
2114 4154 2249 4223 σύγ..

680 4233 875 4303 κλητον
918 4232 1245 4287 ἐπέσπασεν.
1314 4234 1577 4304 Ἀπῆλθεν
1613 4236 1692 4297 εἰς
1734 4236 2048 4305 ποταμοὺς,
2074 4237 2249 4307 ἀπῆλ-

679 4316 770 4379 θεν
830 4317 910 4379 εἰς
961 4317 1202 4387 ἐρήμους
1268 4317 1465 4381 τόπους
1516 4318 1788 4387 πανταχοῦ
1848 4318 1947 4388 τῆς
1992 4320 2246 4390 οἰκουμέ-

678 4416 795 4468 νης.
840 4398 914 4452 Ού
950 4398 1058 4467 γῆ,
1106 4398 1167 4451 οὐ
1213 4397 1454 4453 θάλασσα
1502 4399 1727 4471 ἄμοιρος
1774 4400 1937 4453 αὑτοῦ
1981 4403 2096 4455 έστι
2136 4402 2247 4455 τῶν

679 4480 1113 4551 κατορθωμάτων
1134 4496 1145 4508 ·
1183 4480 1348 4533 ἔδωκε
1395 4481 1503 4551 γάρ
1534 4481 1623 4533 τὸν
1663 4482 1959 4553 ἀρραϐῶνα
1988 4483 2081 4537 τοῦ
2115 4484 2243 4539 δακ-

678 4562 888 4623 τυλίου,
922 4562 1014 4615 καὶ
1041 4562 1163 4624 δοὺς
1191 4562 1280 4615 τὸν
1327 4563 1638 4633 ἀρῤαὸὦνα,
1677 4564 1820 4631 λέγει
1840 4578 1853 4593 ⁶
1897 4565 1977 4619 T6
2014 4566 2113 4636 μὲν
2144 4566 2245 4637 ἢδη

676 4644 867 4714 δίδωμί
916 4660 1029 4708 σοι,
1080 4643 1231 4696 τὰδὲ
1278 4644 1701 4713 ἐπαγγέλλομαι.
1750 4645 1847 4698 Διά
1895 4646 2052 4701 τοῦτο
2099 4649 2247 4717 λέγει

678 4727 813 4796 αὐτῇ
862 4727 891 4779 ὸ
931 4722 1253 4797 Προφήτης·
1304 4727 1579 4793 Παρέστη
1627 4728 1665 4794 τί
1706 4728 2049 4791 βασίλισσα
2098 4730 2245 4805 μου]

677 4811 745 4863 ἐκ
772 4807 982 4872 δεξιῶν
1000 4822 1117 4863 σου
1138 4808 1207 4861 ἐν
1226 4806 1516 4878 ἱματισμῷ
1542 4808 1863 4879 διαχρύσῳ.
1893 4812 2003 4883 Οὐχ
2034 4814 2246 4883 ίμάτιον

676 4891 843 4960 λέγει,
880 4890 989 4943 ἀλλ’
1029 4890 1248 4961 ἀρετήν.
1281 4890 1379 4943 Διά
1410 4891 1564 4943 τοῦτο
1594 4893 1626 4960 ἡ
1676 4892 1865 4963 Γραφὴ
1894 4894 2127 4966 ἀλλαχοῦ
2159 4897 2244 4951 λέ-

674 4992 761 5042 γει
785 4990 798 5003 ·
839 4974 970 5039 Πῶς
997 4973 1278 5040 εἰσῆλθες
1314 4967 1429 5027 ὧδε
1460 4974 1546 5041 μὴ
1580 4974 1737 5042 ἔχων
1763 4976 1989 5045 ἔνδυμα
2022 4978 2241 5048 γάμους

676 5055 841 5108 ’Ὥστε
872 5057 971 5108 οὒκ
1009 5056 1208 5125 ἔνδυμα
1234 5055 1399 5122 λέγει,
1433 5055 1566 5109 άλλά
1594 5057 1992 5127 τὴνπορνείαν,
2030 5063 2122 5114 καὶ
2146 5063 2243 5133 τὴν

677 5138 925 5209 ῥυπαράν
962 5137 1157 5207 πρᾶξιν
1186 5138 1279 5191 καὶ
1303 5137 1626 5208 ἀκάθαρτον.
1659 5140 1866 5211 Ὠσπερ
1913 5138 2005 5197 οὖν
2033 5144 2099 5196 16
2147 5148 2243 5216 ῥυ-

676 5220 827 5291 παρά
858 5220 1046 5291 ἰμάτια
1068 5261 1081 5284 ,
1116 5221 1384 5291 ἀμαρτίασ
1416 5220 1559 5273 οῦτω
1605 5221 1672 5273 16
1716 5223 1977 5294 διάχρυσα
2003 5267 2016 5292 ,
2053 5229 2238 5299 ἀρετή.

689 5303 849 5358 Ἀλλά
873 5304 930 5355 16
966 5304 1176 5373 ἱμάτιον
1214 5302 1368 5356 τοῦτο
1394 5302 1487 5355 τοῦ
1510 5303 1772 5372 βασιλέως
1797 5301 1881 5375 ἦν·
1915 5308 2074 5371 αὐτὸς
2103 5310 2238 5380 αὐτῇ

676 5388 771 5440 καὶ
799 5387 1008 5456 ἱμάτιον
1033 5385 1245 5437 ἔδωκεν⁸
1279 5385 1457 5455 γυμνὴ
1486 5387 1591 5455 γάρ
1618 5383 1705 5456 ἦν,
1737 5389 1913 5459 γυμνὴ
1939 5392 2030 5443 καὶ
2072 5394 2240 5463 ἀσχη-

680 5468 931 5545 μονοῦσα.
966 5469 1234 5538 Πιιρέστη
1258 5469 1294 5533 ὴ
1323 5469 1667 5531 βασίλισσα
1695 5471 1763 5524 ἐκ
1791 5470 2005 5535 δεξιῶν
2033 5488 2148 5530 σου
2171 5478 2239 5528 ὲν

679 5551 969 5620 ἰματισμῷ
996 5552 1315 5619 διαχρύσῳ.
1346 5552 1455 5620 Οὐχ
1487 5553 1673 5619 ἱμάτια
1693 5553 1858 5617 λέγει,
1884 5554 1999 5608 611‘
2018 5558 2237 5628 ἀρετήν’

677 5634 776 5686 οὐκ
807 5630 978 5696 εἶπεν,
1007 5636 1064 5686 ὲν
1091 5632 1291 5706 χρυσῷ.
1324 5634 1581 5703 Πρόσεχσ
1606 5638 1697 5689 καὶ
1722 5638 1856 5708 αὑτὴ
1883 5641 1913 5709 ἡ
1943 5639 2085 5703 λέξις
2112 5643 2236 5694 πολ-

680 5716 775 5784 λὴν
818 5717 925 5785 ἔχει
956 5718 1231 5785 εὐγένειαν
1268 5719 1571 5785 νοημάτων.
1613 5720 1723 5771 Οὐκ
1745 5714 1887 5783 εἷπε,
1914 5725 1970 5772 ὲν
2017 5724 2201 5793 χρυσῷ
2222 5768 2235 5785 ,

676 5798 831 5865 (1116,
868 5802 1189 5868 Διαχρύσῳ.
1241 5802 1430 5852 Ἄκουε
1464 5803 1712 5865 τλνετῶς.
1744 5802 1814 5853 T6
1848 5805 2077 5870 χρυσοῦν
2111 5810 2233 5878 Ξμάο

1392 408 1451 463 8.
1489 405 1771 464 JOANNIS
1808 404 2294 465 CIIRYSOSTOMI
2331 403 2649 464 ARCHIEP.
2686 403 3233 466 CONSTANTINOP.

2370 538 2483 577 τιον
2516 523 2634 577 ὅλον
2671 522 2789 578 ἰστὶ
2836 523 3087 596 χρυσοῦν·
3130 523 3193 577 16
3228 524 3284 579 δὲ
3324 522 3609 594 διάχρυσον
3657 520 3795 595 μέρη
3842 525 3945 595 μὲν

2369 604 2480 675 ἔχει
2514 609 2711 677 χρυσᾶ,
2746 608 2884 679 μέρη
2914 607 2970 661 δὲ
3000 608 3219 679 σηρικά.
3252 607 3349 660 Διὰ
3376 608 3427 659 τί
3468 601 3562 659 οὖν
3594 607 3668 677 μὴ
3707 606 3943 678 χρυσοῦν

2370 689 2585 757 ίμάτιον
2629 687 2749 744 εἷπε
2794 694 2978 763 φορεῖν
3019 692 3119 761 τὴν
3170 690 3406 759 νύμφην,
3456 688 3590 742 6116
3616 688 3941 759 διάχρυσον;

2370 769 2608 840 Πρόσεχε
2637 772 2895 843 ἀκριϐῶς.
2924 774 3035 843 Τὴν
3075 773 3347 826 πολιτείαν
3383 770 3530 839 λέγει
3559 771 3658 841 τῆς
3710 771 3941 841 Ἐκκλη-

2369 852 2507 917 σίας,
2532 854 2631 924 τὴν
2660 854 2927 926 ποικίλην.
2981 854 3199 923 Ἐπειδὴ
3220 853 3328 933 γὰρ
3357 854 3419 906 οὐ
3452 853 3652 915 πάντες
3680 852 3793 923 βίου
3823 855 3946 917 ἑνός

2366 935 2550 1005 ἐσμεν,
2579 936 2693 989 611'
2728 939 2757 990 6
2794 938 2891 1006 μιν
2920 936 3233 1007 παρθενίαν,
3269 939 3299 990 6
3333 935 3390 988 δὲ
3429 935 3677 1005 χηρείαν,
3713 939 3743 989 6
3770 936 3826 989 δὲ
3849 937 3942 989 εύ-

2368 1017 2580 1072 σέδειαν
2598 1018 2780 1072 άσκεί·
2803 1019 3016 1090 ἰμάτιον
3035 1020 3133 1091 τῆς
3168 1017 3487 1089 Ἐκκλησίας
3506 1020 3541 1089 η
3570 1017 3812 1073 πολιτεία
3839 1018 3943 1086 τῆς

2380 1099 2717 1164 Ἐκκλησίας.

2438 1118 2785 1254 Ζξὲηέἒιδὴ
2801 1178 2895 1238 οῦν
2914 1182 3028 1254 ᾔδει
3048 1186 3077 1238 6
3094 1183 3368 1254 Δεσπότης
3391 1183 3425 1253 ἡ
3434 1182 3567 1254 μῶν,
3594 1183 3677 1237 ὅτι
3708 1182 3774 1237 ἂν
3805 1182 3936 1253 μίαν

2366 1263 2485 1317 666v
2520 1264 2684 1336 τέμη,
2718 1264 2902 1319 πολλοὶ
2938 1265 3152 1337 ἔχουσιν
3177 1256 3427 1337 ὀκνῆσαι.
3460 1266 3709 1329 ποικίλας
3737 1266 3937 1337 ἔτεμεν

2364 1344 2537 1410 ὁδούς.
2566 1349 2640 1401 Οὐ
2673 1346 2899 1402 δύνασαι
2931 1347 3019 1402 διά
3045 1348 3341 1419 παρθενίας
3376 1348 3670 1415 εἰσελθεϊνς
3710 1347 3935 1403 Ετσελθε

2364 1427 2453 1482 διὰ
2494 1431 2847 1501 μονογαμίας.
2897 1431 2972 1484 υύ
3005 1431 3229 1486 δύνασαι
3279 1430 3369 1484 διά
3404 1430 3771 1501 μονογαμίας;
3815 1432 3935 1485 Κᾶν

2363 1508 2453 1563 διά
2477 1511 2921 1583 δευτερογαμίας.
2957 1512 3289 1567 Οὐ.δύνασαι
3316 1512 3405 1567 διά
3437 1513 3790 1586 σωφροσύνης
3815 1514 3933 1565 εἰσ-

2375 1591 2580 1655 ελοείνς
2630 1594 2851 1647 Εἰσελθε
2894 1595 2960 1649 δι’
3024 1593 3409 1667 έλεημοσύνης.
3461 1596 3536 1649 Ού
3586 1595 3810 1649 δύνασαι
3864 1595 3934 1649 δι’

2363 1674 2758 1747 ιλεημοσύνηςς
2787 1677 3008 1731 Εἰσελθε
3032 1678 3118 1731 διὰ
3143 1680 3414 1750 νηστείας.
3446 1680 3523 1732 υὺ
3550 1679 3771 1733 δύνασαι
3801 1679 3934 1733 ταύ-

2362 1777 2494 1832 τηνς
2521 1761 2691 1834 Δεῦρο
2720 1764 2954 1835 ἐκείνην.
2985 1766 3059 1819 ού
3094 1766 3314 1821 δύνασαι
3338 1766 3586 1839 έκείνηνς
3613 1766 3782 1838 Δεῦρο
3804 1767 3937 1820 ταύ-

2362 1865 2482 1919 την.
2506 1850 2604 1901 Διά
2630 1850 2787 1904 τοῦτο
2822 1852 2924 1905 οὐκ
2957 1851 3123 1919 Εδειεε
3156 1854 3218 1906 16
3254 1854 3469 1919 ἰμάτιον
3506 1852 3758 1924 χρυσοῦν,
3795 1853 3935 1907 6116

2360 1933 2666 2005 διάχρυσον.
2715 1937 2788 1990 Ἦ
2841 1940 3042 2009 σηρική
3087 1939 3256 2003 ἐστιν,
3292 1941 3327 2011 ἢ
3373 1939 3631 2010 πορφυρά
3677 1941 3845 2004 ἐστιν,
3892 1940 3928 2014 ﬂ

2361 2020 2539 2089 χρυσᾶ
2562 2020 2740 2094 εστιν.
2777 2021 2851 2075 οὐ
2883 2021 3106 2075 δύνασαι
3148 2018 3288 2075 εῐναι
3319 2022 3591 2095 χρυσοῦςς
3638 2021 3800 2075 Γενοῦ
3835 2039 3934 2092 ση-

2365 2102 2533 2171 ρικός.
2558 2102 2790 2173 Δέχομαι
2812 2120 2893 2169 σε,
2925 2103 3087 2174 μόνον
3116 2108 3174 2159 ὲν
3194 2105 3271 2175 τῷ
3293 2104 3514 2176 ίματίῳ.
3535 2104 3634 2158 Διά
3662 2104 3816 2159 τοῦτο
3837 2107 3937 2160 καὶ

2359 2182 2390 2233 6
2413 2181 2656 2248 Παῦλος·
2687 2184 2761 2237 ει
2798 2202 2889 2251 τις
2928 2185 3311 2256 ἐποικοδομεῖ
3346 2187 3445 2241 ἐπί
3502 2186 3609 2241 τὸν
3651 2188 3934 2258 θεμέλιον

2359 2264 2610 2330 τοῦτον,
2668 2267 2925 2335 χρυσὸν,
2961 2267 3250 2338 ἄργυρον,
3293 2270 3502 2335 λίθους
3555 2272 3803 2339 τιμίους.
3852 2270 3934 2328 ὒύ

2357 2345 2583 2402 δύνασαι
2637 2344 2778 2403 εἶναι
2833 2350 2858 2401 6
2916 2349 3059 2415 λίθος
3110 2352 3330 2421 τίμιος;
3366 2351 3530 2405 Γενοῦ
3584 2353 3805 2423 χρυσός.
3852 2351 3930 2406 Οὐ

2357 2430 2581 2488 δύνασαι
2608 2430 2746 2490 εἶναι
2778 2436 3015 2507 χρυσός;
3053 2437 3214 2491 Γενοῦ
3258 2437 3519 2509 ἄργυρος,
3550 2438 3708 2509 μόνον
3737 2441 3794 2492 έν
3842 2438 3933 2492 θε-

2361 2516 2549 2587 μελίῳ.
2580 2518 2691 2570 Καὶ
2715 2518 2877 2573 πάλιν
2909 2518 3168 2592 ἀλλαχοῦ·
3190 2522 3376 2587 Ἄλλη
3406 2519 3557 2585 δόξα
3596 2520 3795 2588 ἡλίου,
3826 2522 3927 2575 καί

2357 2601 2517 2671 ἄλλη
2549 2602 2698 2667 δόξα
2718 2606 3009 2675 σελήνης,
3040 2607 3137 2661 καί
3175 2606 3335 2675 άλλη
3358 2606 3507 2672 δόξα
3529 2608 3817 2670 ἀστέρων.
3850 2610 3929 2664 Οὐ

2356 2685 2580 2743 δύνασαι
2604 2684 2743 2744 εἰναι
2769 2691 2920 2761 ἣλιος
2943 2708 2957 2757 ;
2990 2692 3153 2745 Γενοῦ
3190 2695 3411 2765 σελήνη.
3442 2693 3518 2747 Οῦ
3543 2694 3764 2749 δύνασαι
3786 2690 3931 2751 εἶναι

2360 2774 2587 2847 σελήνης
2619 2776 2781 2831 Γενοῦ
2797 2780 2934 2851 ἀστή
2944 2796 2992 2850 ρ.
3015 2780 3087 2834 Οὐ
3113 2779 3336 2835 δύνασαι
3365 2777 3500 2834 εἰναι
3510 2782 3697 2853 -μέγας
3714 2783 3928 2855 άπήρς

2353 2860 2517 2915 Γενοῦ
2550 2862 2653 2917 κᾶν
2684 2865 2912 2936 μικρὸς,
2947 2868 3107 2936 μόνον
3144 2868 3203 2919 ὲν
3232 2865 3311 2938 τῷ
3335 2867 3567 2939 οὐρανῷ.
3597 2868 3671 2923 Ού
3692 2868 3920 2925 δύνασαι

2353 2945 2490 3003 εἶναι
2510 2950 2808 3017 παρθένοςς
2842 2953 3095 3024 Γάμησον
3114 2956 3250 3026 μετὰ
3280 2958 3652 3029 σωφροσύνης,
3678 2960 3837 3028 μόνον
3865 2961 3930 3013 ἀν

2352 3039 2417 3108 τῇ
2458 3036 2773 3110 Ἐκκλησία.
2803 3040 2878 3092 οὐ
2896 3040 3117 3094 δύνασαι
3142 3037 3277 3095 εἶναι
3303 3042 3565 3115 ἀκτήμων
3587 3061 3602 3110 ;
3650 3043 3926 3117 Ἐλέησον,

2355 3121 2514 3195 μόνον
2531 3126 2588 3177 ἰν
2602 3128 2666 3196 τῇ
2698 3126 3012 3199 Ἐκκλησία,
3032 3129 3191 3199 μόνον
3213 3132 3270 3183 ὲν
3291 3128 3369 3200 τῷ
3397 3129 3613 3201 ίματίῳ,
3641 3131 3800 3201 μόνον
3820 3130 3930 3187 ὑπὸ

2350 3210 2450 3278 τὴν
2468 3209 2799 3282 βασίλισσαν.
2815 3213 3114 3285 Διάχρυσον
3128 3215 3188 3269 τὸ
3205 3216 3439 3285 ἱμάτιον,
3457 3216 3697 3271 ποικίλον
3718 3217 3777 3271 16
3798 3218 3928 3290 ἰμά-

2351 3314 2482 3352 τιον.
2507 3298 2620 3353 Ούκ
2642 3301 2914 3355 ἀποκλείω
2941 3319 3023 3356 σοι
3050 3303 3148 3374 τὴν
3173 3302 3289 3357 ὀδόν
3309 3318 3323 3333 ·
3351 3306 3383 3375 ὴ
3418 3303 3651 3374 ἀφθονία
3676 3304 3783 3377 γὰρ
3809 3305 3923 3363 τῶν

2351 3386 2561 3457 ἀρετῶν
2586 3386 2806 3443 εὔκολον
2834 3389 3057 3460 εποίησε
3077 3392 3176 3461 τὴν
3197 3393 3505 3463 οἰκονομίαν
3524 3392 3617 3446 τοῦ
3638 3394 3924 3463 βασιλέως.

2364 3475 2460 3528 Ἐν
2474 3475 2765 3545 Ιματισμῷ
2786 3475 3093 3545 διαχρύσῳ
3111 3478 3593 3548 περιϐεϐλημένη,
3612 3485 3926 3537 πεποικιλ-

2344 3560 2521 3629 μένη.
2551 3563 2801 3618 Ποικίλον
2830 3566 2977 3619 ἐστὶν
3007 3566 3180 3635 αὐτῆς
3215 3565 3277 3619 τὸ
3306 3567 3523 3636 ἰμάτιον
3548 3582 3563 3597 ο
3598 3569 3763 3621 καὶεί
3799 3567 3927 3637 βού-

2350 3644 2453 3711 λει,
2491 3648 2797 3714 ἀνάπτυξον
2836 3652 2899 3704 16
2932 3650 3096 3720 βάθος
3133 3650 3227 3705 τοῦ
3276 3651 3436 3721 λόγου
3465 3651 3561 3706 τοῦ
3604 3654 3925 3725 εἰρημένου,

2349 3732 2444 3785 καὶ
2470 3732 2634 3802 βλέπε
2654 3736 2716 3789 16
2742 3737 2953 3806 ἰμάτιον
2970 3737 3032 3791 16
3060 3738 3365 3808 διάχρυσον.
3405 3737 3669 3792 Ἐνταῦθα
3693 3741 3791 3811 μὲν
3810 3740 3927 3813 γάρ

2348 3820 2399 3871 οἰ
2430 3820 2529 3890 μὲν
2549 3820 2871 3891 μονάζοντές
2890 3825 3047 3887 εἰσιν,
3073 3825 3122 3876 οἰ
3143 3823 3200 3877 δι
3219 3824 3395 3895 γάμον
3419 3826 3611 3893 σεμνὸν
3633 3826 3921 3895 ἀσκοῦσιν,

2348 3908 2410 3962 οὐ
2441 3908 2575 3962 πολὺ
2606 3910 2831 3965 ἐκείνων
2859 3911 3371 3983 ἀπολιμπανόμενοι
3390 3929 3405 3945 ⁸
3432 3912 3526 3968 καὶ
3554 3916 3607 3967 οἰ
3631 3914 3731 3985 μὲν
3760 3916 3924 3985 μονό-

2348 4015 2535 4067 γαμοι,
2567 3999 2624 4053 αἰ
2650 4000 2707 4054 61
2744 4000 2911 4073 χῆραι
2938 4001 3216 4057 άνθοῦσαι.
3238 4003 3339 4057 Διά
3362 4005 3417 4059 τί
3440 4005 3800 4075 παράδεισος;
3829 4007 3923 4062 διὰ

2345 4090 2399 4143 τί
2428 4090 2701 4159 ποικίλοςς
2738 4092 2918 4163 Ἐχων
2962 4092 3099 4165 άνθη
3145 4094 3408 4167 διάφορα,
3443 4096 3537 4150 καί⁵
3575 4096 3783 4169 δένδρα,
3822 4102 3923 4155 καὶ

2347 4180 2571 4244 πολλοὺς
2605 4181 2730 4245 τοὺς
2768 4183 3131 4253 μαργαρίτας.
3166 4185 3358 4239 Πολλοὶ
3400 4188 3451 4241 οἰ
3480 4188 3730 4259 ἀστέρες,
3777 4191 3919 4246 6116

2344 4266 2426 4335 εἷς
2463 4273 2493 4325 6
2522 4273 2672 4342 ἥλιος
2692 4288 2707 4304 ⁸
2760 4274 2944 4329 πολλοί
2971 4276 3017 4328 οἱ
3052 4275 3176 4345 βίοι,
3218 4276 3356 4331 6116
3400 4274 3482 4342 εἷς
3504 4281 3535 4332 6
3558 4279 3884 4349 παράδεισος
3903 4298 3918 4313 ·

2346 4360 2496 4434 [601]
2521 4362 2702 4417 πολλοὶ
2728 4365 2777 4417 οἰ
2806 4366 2945 4430 ναοὶ,
2984 4365 3119 4419 6116
3148 4363 3229 4430 εἷς
3258 4369 3286 4421 6
3319 4368 3647 4440 παράδεισος
3675 4387 3688 4401 ·
3725 4371 3918 4425 πολλοί

2343 4454 2393 4506 οἱ
2419 4455 2555 4516 ναοὶ,
2591 4453 2727 4507 6116
2762 4454 2859 4524 μία
2886 4457 2920 4526 ὴ
2975 4458 3177 4527 μήτηρ.
3219 4456 3292 4511 T6
3323 4458 3446 4528 μὲν,
3487 4460 3665 4531 σῶμα,
3715 4462 3777 4516 16
3815 4465 3873 4518 δὲ
3898 4506 3913 4530 ,

2342 4541 2632 4611 ὀφθαλμοὶ,
2657 4542 2717 4595 τὸ
2743 4542 2821 4607 δὲ,
2847 4544 3127 4607 δάκτυλος,
3159 4544 3293 4599 ἀλλά
3319 4548 3518 4610 πάντες
3545 4544 3647 4613 εἷς.
3684 4551 3758 4605 Τὸ
3780 4554 3916 4608 αὐτὸ

2345 4629 2453 4700 γὰρ
2480 4630 2541 4683 16
2571 4631 2787 4703 μικρὸν,
2822 4632 3003 4686 καὶτὸ
3033 4633 3194 4703 μέγα,
3222 4635 3315 4689 καὶ
3346 4635 3410 4689 16
3430 4630 3612 4706 ἦττον.
3657 4639 3720 4693 Ἦ
3763 4657 3911 4712 παρα

2344 4719 2495 4783 θένος
2520 4722 2617 4792 τῆς
2639 4721 3028 4795 γεγαμημένης
3046 4724 3232 4795 χρείαν
3256 4725 3368 4796 ἔχει
3392 4743 3406 4757 ο
3432 4728 3525 4781 καὶ
3551 4727 3660 4800 γάρ
3683 4731 3731 4800 ,ἡ
3769 4749 3911 4802 παρα

2344 4810 2493 4876 θένος
2519 4813 2628 4865 ἀπὸ
2652 4815 2849 4884 γάμου,
2882 4815 2966 4867 ἵνα
2998 4816 3070 4886 μὴ
3098 4820 3408 4889 καταφρονῇ
3444 4819 3643 4891 γάμου.
3675 4822 3737 4875 Ἢ
3766 4840 3910 4894 παρ-

2344 4902 2493 4966 θένος
2528 4903 2650 4975 ῥίζα
2672 4904 2765 4957 τοῦ
2799 4904 3003 4974 γάμου.
3030 4907 3213 4961 Πάντα
3243 4908 3617 4979 συνδεδεμένα,
3646 4912 3713 4965 τά
3737 4915 3917 4988 μικρά

2340 4992 2452 5053 τοῖς
2487 4990 2775 5059 μεγάλοις.
2811 4994 2903 5046 καὶ
2932 4992 3000 5045 16
3037 4995 3247 5063 μεγάλα
3287 5000 3401 5061 τοῖς
3446 5004 3682 5071 μικροῖς.
3751 5007 3911 5072 [Iap-

2339 5080 2485 5149 ἐστη
2515 5084 2551 5149 ἡ
2579 5082 2925 5146 ,βασίλισσα
2968 5084 3037 5138 ἐκ
3084 5085 3294 5151 δεξιῶν
3337 5106 3486 5155 σου,
3521 5091 3591 5146 ἐν
3615 5090 3916 5165 ίματισμῷ

2340 5176 2642 5245 διαχρύσῳ
2682 5178 3167 5248 περιϐεϐλημένη,
3215 5185 3668 5253 πεποικιλμένη.
3699 5186 3775 5240 Τὸ
3799 5188 3910 5243 λοι-

2340 5267 2463 5329 πὸν,
2495 5267 2813 5328 Ἄκουσον,
2842 5268 3112 5336 θύγατερ.
3154 5268 3211 5323 '0
3239 5275 3601 5342 νυμφαγωγός
3627 5292 3791 5346 φησιν
3832 5278 3910 5343 ὡς

2342 5356 2552 5427 μέλλεις
2579 5354 2892 5425 ὲξέρχεσθαι
2928 5359 3064 5429 πρὸς
3095 5358 3187 5412 16v
3218 5363 3469 5431 νυμφίον,
3506 5364 3912 5436 ὁπερϐαίνοντά

2342 5463 2433 5498 σου
2470 5448 2568 5515 τὴν
2601 5446 2821 5508 οὐσίαν,
2860 5447 3256 5519 ὑπερϐαίνοντα
3280 5468 3371 5505 σου
3405 5453 3504 5524 τὴν
3542 5454 3723 5522 φύσιν.
3764 5458 3909 5529 Ἐγὼ

2338 5536 2726 5605 νυμφαγωγός.
2771 5539 3096 5605 Ἄκουσον,
3131 5542 3403 5610 θύγατερ.
3436 5545 3654 5608 Εὐθέως
3697 5547 3910 5616 ἐγίνετο

2336 5632 2367 5698 ἡ
2404 5628 2575 5697 γυνή;
2617 5628 2754 5681 Ναίο
2808 5628 2959 5683 οὐδὲν
3003 5631 3109 5702 γὰρ
3153 5636 3483 5703 σωματικόν.
3529 5638 3639 5690 Καὶ
3681 5639 3790 5709 γὰρ
3828 5639 3908 5705 ὡς

2338 5722 2563 5785 γυναῖκα
2597 5720 2890 5788 ἡρμόσατο,
2945 5724 3036 5772 καὶ
3092 5725 3166 5785 ὡς
3196 5722 3471 5796 θυγατέρα
3503 5726 3677 5793 φιλεῖ,
3712 5730 3804 5782 καὶ

2336 5811 2526 5881 δούλης
2572 5814 2804 5882 προνοεῖ,
2860 5814 2950 5865 καὶ
3006 5815 3079 5876 ὡς
3140 5814 3403 5887 παρθένου
3454 5821 3626 5889 τηρεῖ,
3686 5819 3779 5873 καὶ
3828 5822 3904 5884 ὡς
