4104 6484
175 461 262 517 ιοθ

171 574 339 630 civiles.
363 568 642 627 Circuibat
667 582 765 623 ceu
787 564 1018 619 volucris
1041 560 1235 616 Paulus
1261 571 1367 612 uno
1408 562 1612 608 tantum
1645 563 1741 604 ore

170 665 469 724 decertans,
495 657 849 714 tentoriorum
888 652 1090 724 opifex,
1120 649 1210 720 qui
1248 646 1476 702 cultrum
1521 642 1741 697 concin-

173 751 349 807 nandis
374 749 538 805 coriis
569 745 857 809 tractabat,
879 753 933 798 et
960 742 1127 812 pelles
1146 736 1436 793 consuebat
1495 733 1598 787 hoc
1617 729 1742 784 arti-

175 843 337 898 ficium
359 855 468 895 non
495 838 598 893 fuit
627 836 834 890 virtutis
860 832 1330 903 impedimentum:
1373 824 1465 878 sed
1497 822 1745 878 tentorio-

175 951 276 988 rum
305 932 485 1004 epifex
510 930 847 986 daemonibus
889 925 1076 980 fortior
1101 929 1249 984 erat,
1291 915 1604 976 infacundus
1629 913 1745 983 phi-

176 1023 396 1094 tosOpbis
446 1022 703 1093 argutior.
751 1016 1076 1076 Undenam'l
1112 1012 1331 1082 Accepit
1356 1007 1744 1070 arrhabonem,

173 1115 387 1186 gestavit
423 1113 682 1168 annulum
723 1119 778 1165 et
817 1106 1163 1164 circumtulit.
1207 1103 1469 1158 Videbam
1507 1110 1746 1153 omncsa

176 1205 307 1274 Rege
355 1203 740 1273 desponsatam
786 1209 1025 1253 naturam
1070 1207 1336 1259 nostram;
1381 1191 1594 1247 videbat
1638 1186 1748 1243 ἁλε-

175 1307 288 1348 mon
310 1335 325 1359 ,
355 1302 412 1347 et
455 1289 769 1347 recedebat:
805 1287 1020 1342 videbat
1057 1284 1442 1347 arrhabonem,
1472 1289 1528 1335 et
1555 1287 1748 1333 treme-

175 1385 286 1450 bat,
323 1397 495 1452 seque
540 1379 868 1437 subducebat
901 1377 1256 1432 :vestimeuta
1276 1371 1526 1436 videbat,
1566 1377 1620 1424 et
1665 1366 1747 1420 lu-

172 1488 282 1544 gam
309 1463 566 1527 faciebat.
605 1469 913 1526 Ovirtutem
945 1467 1176 1537 Spiritus
1207 1466 1222 1519 ι
1252 1462 1368 1518 Non
1393 1463 1583 1515 anima:
1602 1457 1750 1513 dedit

176 1575 484 1637 ptitestatem
511 1607 524 1629 ,
554 1579 658 1618 non
685 1561 894 1632 corpori
925 1569 1163 1622 tantum;
1195 1557 1290 1613 sed
1319 1566 1373 1610 et
1398 1553 1745 1616 vestimento,

177 1672 266 1714 nec
284 1658 548 1712 vcstimen
558 1664 610 1709 to
629 1655 800 1709 solum
821 1695 837 1718 ,
859 1651 954 1708 sed
977 1651 1198 1705 umbrae.
1229 1647 1498 1704 Circuibat
1520 1645 1710 1700 Petrus
1730 1685 1746 1710 ,

176 1758 223 1802 et
241 1748 426 1801 umbra
457 1746 572 1815 ejus
600 1744 814 1799 morbos
858 1742 1099 1812 fugabat.
1147 1739 1418 1795 dmmonas
1462 1734 1745 1805 abigebat,

177 1851 405 1894 mrtuos
436 1838 746 1894 suscitabat.
774 1835 1041 1890 Circuibat
1069 1832 1264 1888 Paulus
1291 1830 1475 1885 orbem
1498 1870 1514 1896 ,
1556 1827 1747 1896 impie-

177 1932 287 1984 tatis
326 1930 516 1998 spinas
541 1941 821 1990 resecans,
843 1927 1049 1981 semina
1090 1922 1305 1993 pietatis
1327 1921 1570 1990 iaciens;
1614 1918 1751 1972 sicut

173 2030 342 2074 arator
365 2019 634 2089 optimus,
690 2027 926 2071 aratrum
969 2016 1224 2070 doctrinae
1274 2020 1524 2067 tractans.
1573 2009 1640 2064 Et
1683 2008 1748 2062 ad

175 2124 420 2179 quosnam
453 2107 639 2162 venit?
673 2107 753 2162 Ad
774 2107 1006 2162 Thracas
1026 2148 1041 2172 ,
1074 2103 1300 2176 Scythas
1324 2145 1340 2170 ,
1371 2101 1567 2169 Indos,
1607 2099 1752 2154 Mau-

179 2213 287 2266 ros,
316 2198 548 2264 Sardos,
577 2199 811 2264 Gothos,
861 2199 926 2252 ad
972 2199 1108 2252 feras
1150 2205 1422 2267 agrestes,
1469 2203 1525 2248 et
1570 2193 1748 2247 omnia

175 2293 400 2351 mulavit.
432 2291 712 2352 Undenam
742 2286 862 2346 tEx
884 2289 1200 2344 arrhaboue.
1224 2286 1502 2355 Quomodo
1538 2284 1605 2340 ad
1637 2285 1750 2339 haec

175 2385 407 2442 sufﬁcere
437 2387 650 2458 potuit?
671 2387 770 2442 Per
789 2381 1012 2457 gratiam
1036 2379 1282 2455 Spiritus.
1316 2377 1510 2443 ldiota.
1543 2375 1747 2440 nudus,

174 2478 514 2534 discalceatus
544 2495 558 2531 :
591 2481 679 2550 qui
723 2479 884 2534 dabat
926 2477 1283 2533 arrhabonem
1325 2470 1576 2546 Spiritus.
1623 2467 1750 2524 Ideo

173 2568 320 2623 dicit:
347 2568 416 2623 Et
432 2571 505 2623 ad
527 2571 632 2624 hac
650 2571 762 2640 quis
787 2571 996 2624 idoneus
1019 2567 1094 2639 (2.
1121 2569 1238 2624 Cor.
1269 2569 1324 2622 2.
1349 2567 1441 2637 16)
1463 2567 1486 2620 ?
1510 2562 1616 2622 Sed
1635 2573 1748 2634 su]-

173 2660 376 2726 ﬁcientia
396 2671 575 2716 nostra
604 2677 666 2715 ex
687 2661 792 2716 Deo
813 2671 920 2728 est,
951 2661 1038 2730 qui
1059 2670 1104 2714 et
1129 2661 1334 2714 idoneos
1364 2676 1455 2714 nos
1495 2660 1612 2729 fecit
1649 2660 1746 2711 mi-

173 2749 338 2802 nislros
379 2748 523 2805 Νοτὶ
574 2750 914 2816 Testamenti,
958 2767 1061 2806 non
1090 2752 1281 2818 literte,
1306 2751 1394 2806 sed
1421 2749 1646 2820 Spiritus
1669 2750 1745 2822 (2.

173 2839 276 2893 Cor.
301 2841 353 2896 5.
387 2842 442 2896 5.
473 2841 556 2911 6).
588 2841 720 2897 Vide
745 2843 869 2914 quid
894 2841 1078 2898 fecerit
1103 2843 1333 2913 Spiritus
1364 2861 1378 2898 :
1406 2843 1605 2898 invenit
1639 2852 1746 2898 tero

179 2945 276 2984 ram
292 2931 628 2988 darmonibus
653 2934 880 3005 plenam,
895 2945 948 2990 et
965 2935 1128 3004 ipsam
1145 2935 1332 2989 cazlum
1359 2934 1500 2989 fecit.
1530 2935 1606 2990 Ne
1623 2951 1752 3002 pra:-

175 3021 326 3075 sentia
355 3025 762 3094 cogitetiszsed
803 3026 888 3080 illa
933 3027 1252 3096 cogitatione
1307 3028 1550 3094 repetite.
1598 3026 1748 3081 Tunc

173 3111 328 3167 luctus
345 3125 484 3183 erat,
509 3126 634 3172 tunc
655 3117 847 3187 ubique
877 3119 1083 3185 altaria,
1109 3119 1304 3189 ubique
1333 3119 1527 3183 fumus,
1553 3121 1748 3191 ubique

171 3205 398 3276 uideres,
451 3209 650 3278 ubique
691 3210 1099 3277 fornicationes,
1144 3211 1338 3282 ubique
1390 3213 1744 3280 initiationes,

173 3299 346 3371 ubique
391 3301 696 3369 Sacrificia,
746 3303 942 3374 ubique
995 3305 1266 3360 daemones
1321 3305 1741 3373 debacchantes,

170 3389 343 3460 ubique
378 3406 476 3446 arx
512 3391 742 3460 diaboli,
787 3394 984 3465 ubique
1028 3395 1306 3452 fornicatio
1349 3397 1742 3452 coronabatur:

170 3495 389 3553 unusque
434 3483 637 3538 Paulus
680 3494 812 3539 erat.
841 3485 1118 3554 Quomodo
1147 3501 1250 3541 non
1281 3488 1590 3544 submersus
1614 3496 1697 3543 est
1723 3488 1746 3540 ’ἔ

170 3573 416 3639 quomodo
439 3589 549 3628 non
581 3575 880 3645 discerptus
917 3577 1232 3647 ?quomodo
1271 3592 1332 3632 os
1376 3579 1582 3647 aperuit
1609 3579 1633 3632 τ
1663 3578 1747 3632 Iu-

167 3678 362 3728 gressus
385 3675 471 3720 est
497 3667 551 3720 in
577 3665 921 3732 Thebaidem,
951 3679 1004 3722 et
1027 3669 1267 3736 captivos
1297 3669 1437 3723 fecit.
1472 3668 1744 3739 Ingressus

165 3765 232 3807 εει
257 3755 307 3809 in
332 3757 510 3811 aulam
552 3760 783 3829 regiam,
818 3769 871 3815 et
897 3777 1072 3831 regem
1103 3761 1226 3816 fecit
1267 3761 1606 3832 discipulum.
1655 3763 1743 3818 In-

165 3861 358 3914 gressus
377 3857 460 3903 est
484 3847 553 3902 ad
579 3850 838 3916 tribunal,
863 3861 915 3906 et
936 3851 1062 3906 dicit
1083 3852 1132 3905 ei
1154 3851 1317 3921 judex
1353 3870 1364 3904 :
1392 3852 1583 3906 Parum
1605 3854 1744 3909 abest

164 3936 269 4000 quin
309 3942 530 3992 suadeas
580 3940 702 3992 mihi
729 3950 781 3992 ut
819 3941 940 4008 [iam
978 3939 1293 3996 Christianus
1324 3941 1458 4014 (Act.
1487 3942 1575 3997 26.
1602 3943 1696 4014 28)
1724 3962 1738 3996 :

160 4026 407 4098 judexque
453 4027 635 4084 factus
680 4039 763 4083 est.
800 4030 1111 4100 discipufus.
1140 4030 1416 4102 Ingressus
1443 4044 1527 4088 est
1554 4049 1740 4090 carce-

163 4131 261 4170 rem
284 4158 298 4181 ,
323 4130 376 4172 et
402 4120 644 4174 carceris
671 4121 941 4176 custodem
971 4123 1112 4192 cepit
1145 4124 1281 4192 (Act.
1317 4125 1426 4194 lli).
1462 4125 1738 4197 Ingressus

164 4208 207 4258 in
230 4208 578 4265 barbarorum
608 4211 829 4265 insulam
848 4254 863 4278 ,
893 4213 1125 4282 viperam
1149 4215 1271 4269 fecit
1304 4215 1577 4270 doctorem
1602 4217 1734 4287 (Act.

160 4297 261 4368 28).
291 4301 436 4356 Abiit
460 4302 532 4357 ad
579 4302 875 4358 Romanum
918 4306 1203 4376 populum,
1233 4316 1287 4362 et
1315 4317 1554 4364 senatum
1585 4311 1648 4364 ad
1678 4326 1738 4367 se

163 4394 417 4456 pertraxit.
453 4393 607 4448 Abiit
634 4394 700 4449 ad
724 4395 939 4450 ﬂumina
962 4439 978 4463 ,
1005 4397 1071 4451 ad
1098 4398 1305 4453 deserta
1335 4401 1446 4454 loca
1475 4415 1736 4470 quocum-

158 4498 247 4548 que
283 4499 374 4553 per
398 4486 616 4540 orbem.
639 4485 755 4540 Non
785 4497 921 4542 terra
943 4528 961 4555 ,
1002 4504 1105 4543 non
1132 4506 1279 4544 mare
1302 4492 1419 4560 ejus
1450 4493 1733 4561 prascluro-

159 4589 258 4626 rum
296 4574 604 4630 officiorum
641 4591 831 4645 expers
862 4579 993 4632 luit:
1027 4579 1172 4634 dedit
1209 4582 1348 4635 enim
1377 4584 1732 4639 arrhabOucm

157 4665 350 4731 annuli,
404 4667 646 4737 datoque
687 4669 983 4724 arrhabone
1025 4671 1099 4724 ait
1131 4689 1143 4724 :
1173 4671 1298 4726 Ilaec
1352 4673 1443 4728 tibi
1492 4674 1602 4744 jam
1630 4675 1730 4737 ilo,

155 4767 326 4812 cetera
348 4761 629 4829 polliceor.
673 4761 1024 4828 Quamobrem
1055 4764 1182 4818 dicit
1215 4765 1265 4819 ei
1293 4767 1547 4835 propheta
1586 4786 1598 4821 :
1627 4769 1733 4820 Att-

156 4848 263 4899 stitit
283 4851 456 4919 regina
478 4867 511 4903 α
542 4853 734 4906 dextris
760 4854 854 4908 tuis
884 4855 934 4906 in
957 4857 1133 4907 vestitu
1154 4857 1395 4910 deaurato
1429 4857 1596 4926 (Psal.
1639 4861 1727 4914 Η.

159 4937 254 5004 10).
281 4939 395 4995 Non
418 4943 802 4998 vestimentum
824 4943 984 5013 dicit,
1012 4947 1107 5000 sed
1139 4947 1408 5002 virtutem.
1442 4948 1565 5004 Ideo
1588 4949 1731 5006 Scri-

155 5042 288 5096 plura
311 5034 434 5089 alibi
457 5037 536 5090 ait
562 5054 574 5089 :
601 5035 861 5102 Quomodo
884 5039 980 5092 ltuc
1002 5041 1202 5093 intrasti
1225 5058 1324 5095 non
1342 5042 1527 5096 habens
1549 5052 1729 5097 vestem

152 5126 406 5191 nuptialem
431 5125 653 5198 (Matth.
682 5127 769 5182 22.
803 5130 932 5199 I2)?
963 5130 1143 5201 Itaque
1184 5147 1288 5186 non
1318 5144 1515 5189 vestem
1564 5136 1725 5202 dicit,

152 5217 230 5268 sed
259 5215 704 5285 fornicationem,
736 5230 790 5276 et
835 5223 1146 5278 ohsemnum
1197 5226 1565 5297 impuruuupie
1591 5229 1724 5283 faci-

153 5320 253 5361 nus.
301 5308 766 5377 Quemadmodum
823 5314 1037 5368 sordida
1082 5318 1396 5374 vestimenta
1449 5332 1723 5388 peccatqu

152 5405 256 5451 sunt
280 5416 294 5452 :
319 5400 398 5454 sic
421 5410 478 5454 et
509 5416 705 5467 aurea,
738 5403 923 5457 virtus.
957 5405 1058 5459 Sed
1111 5411 1485 5465 vestimentum
1515 5412 1613 5466 hoc
1642 5430 1725 5469 re-

152 5484 217 5551 gis
236 5498 345 5543 erat
372 5508 386 5544 :
421 5490 540 5560 ipse
561 5496 812 5548 vestitum
840 5495 914 5550 illi
942 5496 1087 5551 dedit
1122 5520 1133 5553 :
1170 5501 1308 5554 nuda
1336 5503 1534 5571 quippe
1576 5515 1690 5557 erat
1709 5547 1721 5570 ,

153 5579 268 5634 atria
317 5592 371 5637 et
412 5585 646 5654 turpiter
696 5585 1010 5644 deformata.
1053 5593 1254 5646 Adstitit
1285 5597 1720 5663 regiuaadea'lris

151 5667 235 5721 luis
256 5670 303 5724 in
323 5674 501 5727 vestitu
524 5675 794 5730 deaurato.
826 5677 939 5733 Non
966 5683 1276 5738 vestimenta
1306 5685 1462 5749 dicit,
1491 5687 1584 5740 sed
1616 5689 1719 5742 vir-

153 5767 292 5851 ltttcm
317 5784 331 5820 :
354 5782 458 5821 non
488 5767 649 5835 dixit,
672 5769 725 5824 In
751 5786 899 5826 auro.
922 5775 1143 5829 Attende
1171 5797 1182 5831 :
1208 5783 1304 5833 ves
1340 5779 1451 5835 lucc
1475 5798 1718 5851 magnam

152 5849 288 5912 habet
312 5861 702 5919 sententiarum
760 5864 1108 5924 nobilitatem.
1141 5869 1253 5926 Non
1285 5871 1444 5943 dixit,
1475 5873 1528 5929 In
1560 5849 1709 5943 auro,

767 447 1036 506 HOMILIA
1079 446 1163 500 DE
1200 440 1424 498 CAPTO
1463 430 1806 492 EU'I‘llUl’IO
1847 428 1934 484 ET
1964 426 2052 481 DE
2092 419 2492 479 DlVlTIAIlUM
2538 413 2895 472 VANI'I’ATE.

3340 406 3442 466 Olli

1846 544 1971 608 sed,
2002 541 2284 596 Deaurato.
2319 538 2558 594 Sulcrter
2585 534 2726 589 audi.
2763 533 2998 593 Aureum
3022 524 3401 584 vestimentum
3428 562 3440 582 ,

1851 645 2016 692 totam
2046 645 2126 690 est
2144 647 2363 690 aureum
2385 645 2399 693 ;
2422 628 2734 682 deauratum
2777 636 2906 677 vero
2938 615 3195 690 quasdam
3217 626 3439 668 aureas.

1848 726 2104 798 quasdam
2151 724 2354 778 sericas
2405 728 2582 790 partes
2614 715 2794 769 habet.
2827 711 2933 767 Cur
2980 721 3108 777 ergo
3155 719 3260 758 non
3310 701 3446 756 dixit

1849 792 2100 888 sponsam
2131 815 2270 869 ferre
2293 826 2511 868 aureum
2543 809 2944 868 vestimentum,
2964 799 3058 854 sed
3088 792 3448 852 deauratum?

1850 884 2080 968 Attende
2129 904 2430 972 diligenter.
2479 895 2954 954 Conversalionem
2999 888 3254 945 Ecclesia:
3283 884 3445 944 dicit,

1849 1015 1969 1075 quae
1993 998 2139 1054 varia
2159 1006 2262 1052 est.
2289 995 2420 1066 Quia
2448 1009 2553 1048 non
2576 1005 2733 1048 unam
2764 1000 2951 1042 omnes
2974 983 3217 1040 ducimus
3245 982 3406 1040 vitam
3430 996 3445 1042 ;

1779 1096 1790 1105 ’
1966 1091 2106 1150 alius
2133 1087 2491 1158 virginitatem
2511 1126 2525 1148 ,
2553 1084 2690 1138 alius
2716 1080 3026 1136 viduitatem
3049 1118 3063 1141 ,
3096 1074 3232 1127 alius
3272 1073 3443 1141 pieta-

1853 1195 1958 1242 tem
1981 1192 2196 1241 exercet
2223 1200 2236 1235 :
2266 1181 2643 1236 vestimentum
2686 1172 2937 1230 Ecclesiae
2984 1177 3067 1224 est
3110 1167 3450 1220 conversatio

1853 1277 2128 1332 Ecclesiae.

1925 1371 2010 1426 15.
2045 1369 2154 1424 Vite
2177 1377 2292 1423 sunt
2322 1365 2474 1419 variae
2496 1363 2566 1417 ad
2590 1361 2909 1416 salutem.——
2929 1355 3063 1409 Cum
3093 1352 3252 1424 igitur
3275 1350 3440 1403 sciret

1856 1465 2112 1520 Dominus
2145 1471 2349 1525 noster,
2380 1460 2426 1514 si
2467 1472 2626 1511 unam
2657 1454 2923 1523 posuisset
2973 1451 3132 1512 viam,
3165 1446 3362 1499 multos
3393 1444 3445 1496 in

1853 1553 2080 1626 segnitie
2127 1554 2365 1606 victuros
2409 1547 2573 1603 fuisse
2599 1586 2612 1608 ,
2651 1544 2848 1598 multas
2880 1539 3106 1606 instituit
3153 1537 3286 1589 vias.
3333 1534 3449 1588 Non

1855 1656 2008 1717 potes
2036 1661 2130 1716 per
2160 1642 2516 1709 virginitatem
2541 1635 2788 1706 ingredi?
2815 1632 2954 1687 Intra
2987 1645 3080 1698 per
3105 1627 3320 1681 unicum
3347 1641 3450 1676 ma-

1857 1737 2183 1792 trimonium.
2216 1731 2330 1786 Non
2358 1739 2509 1799 potes
2540 1743 2633 1798 per
2664 1724 2921 1779 unicum?
2949 1719 3231 1789 Ingredere
3259 1719 3449 1773 saltem

1854 1844 1951 1899 per
1980 1827 2292 1883 secundum.
2319 1822 2434 1878 Non
2453 1831 2606 1890 potes
2623 1835 2717 1889 per
2737 1813 3145 1872 continentiam?
3169 1809 3452 1880 Ingredere

1857 1936 1951 1991 per
1977 1919 2396 1989 eleemosynam.
2429 1913 2546 1968 Non
2578 1922 2731 1982 potes
2767 1923 2864 1980 per
2900 1900 3341 1974 eleemosynam?
3368 1900 3446 1955 In-

1858 2020 1936 2066 tra
1969 2026 2064 2081 per
2084 2008 2369 2078 jejunium.
2402 2005 2514 2060 Non
2543 2013 2695 2072 potes
2734 2003 2835 2054 hoc
2864 1997 3066 2052 modo?
3101 1996 3194 2049 IIIo
3238 1994 3450 2048 saltem.

1855 2099 1971 2156 Non
2005 2108 2154 2170 potes
2201 2097 2332 2152 illo?
2371 2097 2495 2151 Alio
2543 2092 2846 2164 ingredere.
2891 2090 3016 2144 Ideo
3072 2103 3177 2142 non
3220 2086 3450 2140 ostendit

1855 2209 2081 2249 aureum
2107 2193 2508 2256 vestimentum,
2539 2189 2634 2244 sed
2666 2187 2999 2242 deauratum.
3034 2186 3138 2238 Aut
3165 2183 3333 2237 serica
3364 2198 3428 2237 ve

1856 2285 1955 2341 stis
1978 2294 2083 2351 est,
2117 2283 2198 2338 vel
2227 2296 2490 2354 purpurea
2518 2323 2532 2346 ,
2561 2280 2640 2334 vel
2673 2292 2854 2333 aurea.
2883 2276 2998 2330 Non
3030 2284 3178 2346 potes
3209 2289 3329 2328 esse
3359 2287 3446 2326 au-

1857 2379 2018 2435 reus?
2051 2377 2180 2436 Esto
2197 2376 2421 2436 sericus.
2452 2373 2698 2448 Susoipin
2719 2381 2788 2436 te,
2815 2379 3020 2427 tantum
3040 2370 3090 2427 in
3114 2367 3452 2426 vestimento.

1856 2472 1983 2534 Ideo
2007 2474 2200 2532 Paulus
2233 2495 2245 2528 :
2277 2475 2338 2532 Si
2365 2475 2475 2544 quis
2500 2474 2722 2542 wdifrcat
2743 2487 2892 2536 super
2921 2469 3306 2538 fundamentum
3336 2465 3449 2518 hoc.

1855 2587 2059 2637 aurum,
2090 2578 2376 2640 argentum,
2426 2567 2620 2636 lapides
2651 2564 2898 2633 pretiosos
2947 2562 2963 2630 (
2995 2561 3044 2613 I.
3084 2556 3198 2612 Cor.
3232 2559 3285 2610 ὅ.
3324 2556 3448 2617 I2).

1858 2663 1973 2718 Non
2007 2671 2158 2732 potes
2183 2676 2302 2717 esse
2334 2659 2466 2728 lapis
2491 2654 2798 2728 pretiosus?
2827 2653 2955 2715 Esto
2986 2665 3198 2706 aurum.
3225 2647 3337 2702 Non
3361 2663 3448 2716 po-

1855 2765 1937 2811 tes
1978 2771 2099 2811 esse
2146 2752 2375 2808 aurum?
2408 2752 2536 2805 Esto
2588 2756 2886 2817 argentum,
2933 2754 3136 2798 tantum
3178 2743 3228 2796 in
3262 2740 3448 2795 funda-

1856 2849 2065 2895 mento.
2098 2839 2164 2892 Et
2193 2837 2319 2890 alibi
2348 2849 2560 2890 rursum
2595 2851 2609 2888 :
2652 2832 2767 2885 Alia
2797 2831 3004 2884 claritas
3033 2828 3182 2892 solis,
3212 2827 3316 2880 alia
3344 2828 3446 2878 cla.

1853 2932 1979 2985 ritas
2009 2931 2160 2994 luna’,
2193 2938 2238 2982 et
2265 2929 2370 2982 alia
2397 2926 2604 2980 claritas
2631 2923 2896 2978 stellarum
2924 2922 2942 2992 (
2975 2922 3023 2975 l.
3057 2919 3175 2973 Cor.
3209 2917 3295 2972 l5.
3337 2918 3429 2984 41)

1853 3021 1972 3076 Non
1996 3029 2149 3091 potes
2172 3034 2295 3075 esse
2320 3017 2440 3073 sol‘!
2468 3015 2601 3071 Esto
2633 3015 2778 3069 luna.
2808 3013 2921 3067 Non
2953 3021 3106 3081 potes
3134 3024 3256 3065 esse
3287 3009 3408 3062 lttnn

1854 3111 1985 3166 Esto
2017 3110 2194 3164 stella.
2221 3108 2338 3164 Non
2367 3117 2520 3178 potes
2561 3120 2681 3160 esse
2728 3119 2916 3173 magna
2965 3101 3210 3171 mundam
3258 3100 3406 3154 stella

1859 3204 1988 3258 Esto
2021 3202 2212 3258 saltem
2245 3217 2442 3272 parva,
2475 3207 2679 3254 tantum
2727 3198 2803 3252 sis
2850 3197 2901 3250 in
2931 3196 3084 3250 catlo.
3136 3193 3252 3248 Non
3299 3207 3448 3264 petes

1852 3311 1972 3351 esse
1997 3295 2186 3365 virgo?
2231 3294 2453 3364 Nuptias
2503 3291 2761 3370 contrahe
2805 3305 2926 3346 cum
2957 3289 3304 3352 continentia,
3356 3289 3448 3342 sed

1853 3398 2055 3443 tantum
2085 3388 2136 3442 iu
2169 3387 2428 3442 Ecclesia.
2469 3384 2585 3439 Non
2617 3394 2767 3454 potes
2797 3397 2918 3437 esse
2958 3379 3280 3448 inOps?Pac
3307 3379 3444 3433 eice-

1853 3494 2152 3550 mosynam,
2188 3477 2479 3532 tantum'in
2508 3473 2768 3540 Ecclesia,
2789 3481 2992 3527 tantum
3025 3471 3078 3525 in
3105 3469 3447 3530 vestimento,

1853 3583 2057 3627 tantum
2086 3571 2186 3626 sub
2211 3571 2415 3641 regina.
2454 3569 2776 3623 Dcauratum
2813 3565 3215 3630 vestimentum,
3242 3563 3449 3619 varium

1851 3665 2248 3720 vestimentum.
2277 3663 2390 3717 Non
2418 3663 2510 3717 tibi
2542 3659 2768 3716 occlude
2800 3659 2938 3713 viam
2974 3675 2988 3712 :
3022 3658 3276 3712 virtutum
3305 3657 3448 3711 enim

1849 3759 2002 3829 cepia
2033 3758 2192 3828 [legis
2217 3756 2672 3827 dispensationem
2714 3753 2924 3809 facilem
2949 3752 3144 3807 reddit.
3174 3749 3239 3805 In
3265 3751 3446 3805 vestitu

1849 3850 2093 3903 deaurato
2149 3848 2465 3902 circumdata
2488 3889 2504 3913 ,
2554 3846 2792 3900 varietate
2837 3854 3038 3899 ornata.
3096 3843 3309 3896 Varium
3365 3851 3446 3895 cst

1847 3941 1966 4009 ejus
1997 3940 2412 3995 vestimentum:
2447 3953 2508 3993 ac
2555 3939 2600 3992 si
2635 3938 2750 4002 vis,
2784 3934 3105 4006 profundum
3147 3933 3305 4002 hujus
3334 3947 3446 3989 ser-

1849 4033 2024 4086 monis
2053 4032 2281 4100 explica,
2311 4047 2373 4086 ac
2399 4031 2520 4085 vide
2542 4029 2792 4085 vestitum
2819 4027 3156 4084 deauratum.
3188 4027 3286 4081 llic
3301 4027 3443 4081 enim

1846 4132 1972 4177 sunt
1997 4123 2266 4185 monachi,
2291 4122 2380 4176 alii
2414 4121 2728 4178 houorabile
2754 4119 3086 4175 connubium
3117 4118 3322 4184 colunt,
3344 4133 3444 4172 nec

1846 4215 2071 4270 multum
2095 4215 2161 4267 ab
2193 4215 2298 4268 illis
2325 4214 2558 4278 distant;
2591 4213 2683 4267 alii
2709 4228 2844 4266 unas
2864 4222 3181 4267 contraxere
3207 4212 3441 4280 nuptias,

1843 4306 1962 4359 alia:
1993 4304 2166 4359 vidua:
2198 4314 2322 4359 sunt
2375 4313 2535 4358 tutate
2583 4303 2857 4358 ﬂorentes.
2898 4301 3076 4368 Quare
3127 4302 3445 4372 paradisus?

1846 4411 2009 4456 auare
2026 4397 2239 4450 varius?
2261 4396 2473 4450 [labens
2504 4395 2711 4450 scilicet
2741 4397 2919 4449 varios
2942 4394 3119 4459 flores,
3141 4403 3196 4449 et
3218 4395 3444 4449 arbores

1843 4499 1897 4542 et
1927 4489 2122 4542 multas
2176 4489 2510 4562 margaritas.
2562 4487 2738 4542 Multa:
2788 4488 2974 4552 stt-lla',
3009 4486 3101 4541 sed
3143 4502 3280 4541 unus
3318 4489 3439 4550 snl;

1843 4581 2007 4634 multa
2036 4579 2248 4633 vivendi
2295 4594 2491 4649 genera
2519 4621 2533 4644 ,
2588 4578 2684 4633 sed
2731 4595 2868 4633 unus
2922 4579 3240 4648 paradisus;
3275 4581 3442 4633 multa

1843 4673 2060 4744 templa,
2085 4672 2178 4727 sed
2212 4689 2347 4726 unus
2382 4672 2660 4744 paradisus
2691 4692 2702 4726 :
2739 4676 2901 4728 multa
2944 4675 3138 4744 templa
3164 4716 3179 4740 ,
3213 4675 3308 4729 sed
3337 4691 3439 4728 una

1843 4776 2033 4818 mater.
2066 4765 2197 4818 Illud
2229 4775 2310 4819 Csl
2336 4783 2551 4835 corpus,
2579 4767 2707 4821 illud
2740 4767 2902 4833 oculi,
2932 4767 3059 4821 illud
3083 4767 3278 4837 digitus
3301 4811 3314 4831 ,
3344 4768 3438 4822 sed

1841 4872 2028 4911 omnes
2059 4874 2213 4910 lllttlS.
2250 4856 2482 4926 Idipsum
2513 4858 2654 4911 enim
2685 4869 2766 4914 est
2789 4873 3008 4928 parvum
3031 4901 3046 4924 ,
3081 4867 3134 4912 ct
3163 4874 3438 4929 magnum,

1840 4958 1893 5002 et
1920 4950 2116 5003 minus.
2151 4950 2308 5019 \‘irgo
2336 4966 2469 5020 Opus
2498 4949 2657 5004 habet
2707 4967 2767 5004 ea
2791 4991 2806 5015 ,
2835 4965 2953 5020 qua:
2988 4959 3152 5019 nupta
3177 4959 3289 5003 est:
3313 4966 3436 5002 nam

1840 5041 1988 5110 virgo
2017 5057 2080 5093 ex
2114 5043 2310 5108 nuptiis
2334 5083 2348 5107 ,
2401 5056 2468 5096 ne
2517 5041 2726 5110 nuptias
2755 5050 3092 5110 aSpernctur.
3150 5041 3307 5110 \‘irgo
3353 5052 3438 5098 est

1840 5135 1987 5187 radix
2015 5136 2339 5203 nuptiarum.
2393 5136 2582 5190 Omnia
2607 5137 2943 5206 copulantur,
2979 5152 3137 5205 parva
3188 5137 3393 5204 magnis
3419 5180 3432 5198 ,

1843 5234 1898 5278 et
1926 5241 2116 5295 magna
2140 5228 2334 5295 parvis.
2357 5228 2568 5282 Adstitit
2596 5230 2770 5299 regina
2796 5247 2824 5280 τι
2846 5229 3034 5282 dea'tris
3061 5230 3160 5282 luis
3188 5229 3437 5282 iut'estitu

1837 5320 2081 5374 deaurato
2111 5324 2445 5387 circumdata,
2469 5323 2714 5377 varietate
2751 5334 2931 5376 ornata
2971 5324 2986 5392 (
3024 5322 3170 5377 ἔλσαι.
3201 5323 3289 5375 lii.
3321 5322 3434 5391 10).

1834 5415 1985 5480 Quod
2013 5417 2276 5487 reliquum
2317 5426 2402 5474 est
2426 5458 2440 5483 ,
2475 5417 2629 5484 Audi,
2659 5417 2770 5487 ﬁlia
2800 5418 2816 5486 (
2846 5415 2989 5470 Psal.
3027 5416 3115 5469 44.
3141 5417 3175 5470 4
3202 5416 3244 5485 ).
3300 5415 3433 5469 Pro—

1836 5510 2008 5563 nubus
2049 5511 2142 5576 ait,
2176 5520 2226 5564 te
2257 5526 2596 5580 cgressuram
2637 5525 2759 5566 esse
2801 5509 2869 5563 ad
2909 5524 3190 5578 sponsum,
3243 5509 3331 5578 qui
3380 5521 3433 5563 ct

1833 5602 2126 5656 substantia
2151 5612 2204 5657 et
2232 5614 2420 5657 natura
2463 5603 2532 5658 sit
2571 5602 2726 5672 longe
2777 5602 3042 5672 superior.
3077 5602 3188 5669 Ego
3216 5617 3309 5669 pro
3337 5616 3432 5653 uu—

1835 5693 1951 5749 bus.
2003 5697 2158 5762 Audi,
2217 5696 2347 5765 ﬁlia.
2394 5696 2652 5751 Statimne
2707 5695 2840 5749 facta
2885 5704 2969 5749 est
3000 5695 3175 5748 uxor?
3207 5694 3375 5747 Etiam
3415 5712 3427 5747 :

1833 5787 1962 5842 nihil
1990 5790 2132 5842 enim
2163 5789 2248 5844 hic
2274 5789 2839 5858 corporeum.Etenim
2871 5799 2928 5842 ut
2950 5803 3169 5842 uxorem
3192 5787 3426 5854 despon-

1831 5880 1986 5947 savit,
2023 5890 2074 5933 ut
2109 5880 2267 5935 filiam
2289 5879 2478 5950 diligit,
2513 5888 2568 5934 ut
2597 5879 2845 5934 ancillam
2877 5888 3046 5946 curat,
3082 5889 3135 5933 ut
3165 5878 3423 5947 virginem
