  <div class='ocr_page' id='page_1' title='image "/cluster/home/n/w/nwhite01/storage/ocr_20150623/52/uva.x030486926/037.png"; bbox 0 0 4104 6480; ppageno 0'>
   <div class='ocr_carea' id='block_1_1' title="bbox 650 427 3138 491">
    <p class='ocr_par' dir='ltr' id='par_1_1' title="bbox 650 427 3138 491">
     <span class='ocr_line' id='line_1_1' title="bbox 650 427 3138 491; baseline -0.001 -3"><span class='ocrx_word' id='word_1_1' title='bbox 650 434 738 489; x_wconf 77' lang='grc' dir='ltr'><strong>ιιι</strong></span> <span class='ocrx_word' id='word_1_2' title='bbox 1353 428 1408 484; x_wconf 90' lang='lat' dir='ltr'><strong>S.</strong></span> <span class='ocrx_word' id='word_1_3' title='bbox 1447 427 1725 488; x_wconf 67' lang='lat' dir='ltr'><strong>JOANNIS</strong></span> <span class='ocrx_word' id='word_1_4' title='bbox 1749 427 2219 489; x_wconf 65' lang='lat' dir='ltr'><strong>CHRYSOSTOHI</strong></span> <span class='ocrx_word' id='word_1_5' title='bbox 2258 430 2573 490; x_wconf 79' lang='lat' dir='ltr'><strong>ARClllEP.</strong></span> <span class='ocrx_word' id='word_1_6' title='bbox 2607 431 3138 491; x_wconf 67' lang='lat' dir='ltr'><strong>CONSTANTLVOP.</strong></span> 
     </span>
    </p>
   </div>
   <div class='ocr_carea' id='block_1_2' title="bbox 648 544 2221 616">
    <p class='ocr_par' dir='ltr' id='par_1_2' title="bbox 648 544 2221 616">
     <span class='ocr_line' id='line_1_2' title="bbox 648 544 2221 616; baseline -0.004 -11"><span class='ocrx_word' id='word_1_7' title='bbox 648 560 848 616; x_wconf 65' lang='lat' dir='ltr'><strong>set-vat,</strong></span> <span class='ocrx_word' id='word_1_8' title='bbox 879 557 936 602; x_wconf 92' lang='lat' dir='ltr'><strong>ut</strong></span> <span class='ocrx_word' id='word_1_9' title='bbox 962 544 1171 601; x_wconf 99' lang='lat' dir='ltr'><strong>hortum</strong></span> <span class='ocrx_word' id='word_1_10' title='bbox 1217 552 1371 600; x_wconf 81' lang='lat' dir='ltr'><strong>muro</strong></span> <span class='ocrx_word' id='word_1_11' title='bbox 1399 544 1581 615; x_wconf 88' lang='lat' dir='ltr'><strong>cingit,</strong></span> <span class='ocrx_word' id='word_1_12' title='bbox 1614 554 1673 601; x_wconf 90' lang='lat' dir='ltr'><strong>ut</strong></span> <span class='ocrx_word' id='word_1_13' title='bbox 1700 546 1997 603; x_wconf 85' lang='lat' dir='ltr'><strong>membrum</strong></span> <span class='ocrx_word' id='word_1_14' title='bbox 2040 544 2182 600; x_wconf 84' lang='lat' dir='ltr'><strong>fovet</strong></span> <span class='ocrx_word' id='word_1_15' title='bbox 2206 586 2221 611; x_wconf 84' lang='lat'><strong>,</strong></span> 
     </span>
    </p>
   </div>
   <div class='ocr_carea' id='block_1_3' title="bbox 656 636 2226 709">
    <p class='ocr_par' dir='ltr' id='par_1_3' title="bbox 656 636 2226 709">
     <span class='ocr_line' id='line_1_3' title="bbox 656 636 2226 709; baseline -0.001 -16"><span class='ocrx_word' id='word_1_16' title='bbox 656 651 715 695; x_wconf 90' lang='lat' dir='ltr'><strong>ut</strong></span> <span class='ocrx_word' id='word_1_17' title='bbox 739 646 896 709; x_wconf 88' lang='lat' dir='ltr'><strong>caput</strong></span> <span class='ocrx_word' id='word_1_18' title='bbox 926 636 1187 708; x_wconf 76' lang='lat' dir='ltr'><strong>providet,</strong></span> <span class='ocrx_word' id='word_1_19' title='bbox 1216 648 1271 690; x_wconf 94' lang='lat' dir='ltr'><strong>ut</strong></span> <span class='ocrx_word' id='word_1_20' title='bbox 1296 636 1445 692; x_wconf 82' lang='lat' dir='ltr'><strong>radix</strong></span> <span class='ocrx_word' id='word_1_21' title='bbox 1475 637 1717 706; x_wconf 90' lang='lat' dir='ltr'><strong>pullulat,</strong></span> <span class='ocrx_word' id='word_1_22' title='bbox 1744 647 1803 693; x_wconf 89' lang='lat' dir='ltr'><strong>ut</strong></span> <span class='ocrx_word' id='word_1_23' title='bbox 1828 648 2005 709; x_wconf 91' lang='lat' dir='ltr'><strong>pastor</strong></span> <span class='ocrx_word' id='word_1_24' title='bbox 2026 638 2226 709; x_wconf 87' lang='lat' dir='ltr'><strong>pascit,</strong></span> 
     </span>
    </p>
   </div>
   <div class='ocr_carea' id='block_1_4' title="bbox 652 728 2228 801">
    <p class='ocr_par' dir='ltr' id='par_1_4' title="bbox 652 728 2228 801">
     <span class='ocr_line' id='line_1_4' title="bbox 652 728 2228 801; baseline -0.001 -18"><span class='ocrx_word' id='word_1_25' title='bbox 652 742 708 784; x_wconf 87' lang='lat' dir='ltr'><strong>ut</strong></span> <span class='ocrx_word' id='word_1_26' title='bbox 756 744 985 801; x_wconf 84' lang='lat' dir='ltr'><strong>sponsus</strong></span> <span class='ocrx_word' id='word_1_27' title='bbox 1018 728 1304 799; x_wconf 87' lang='lat' dir='ltr'><strong>desponsat</strong></span> <span class='ocrx_word' id='word_1_28' title='bbox 1326 769 1341 796; x_wconf 91' lang='lat'><strong>,</strong></span> <span class='ocrx_word' id='word_1_29' title='bbox 1372 736 1432 784; x_wconf 92' lang='lat' dir='ltr'><strong>ut</strong></span> <span class='ocrx_word' id='word_1_30' title='bbox 1472 730 1896 800; x_wconf 89' lang='lat' dir='ltr'><strong>propitiatorium</strong></span> <span class='ocrx_word' id='word_1_31' title='bbox 1924 729 2189 785; x_wconf 91' lang='lat' dir='ltr'><strong>condonat</strong></span> <span class='ocrx_word' id='word_1_32' title='bbox 2213 770 2228 797; x_wconf 91' lang='lat'><strong>,</strong></span> 
     </span>
    </p>
   </div>
   <div class='ocr_carea' id='block_1_5' title="bbox 653 819 2229 891">
    <p class='ocr_par' dir='ltr' id='par_1_5' title="bbox 653 819 2229 891">
     <span class='ocr_line' id='line_1_5' title="bbox 653 819 2229 891; baseline 0 -18"><span class='ocrx_word' id='word_1_33' title='bbox 653 829 710 874; x_wconf 92' lang='lat' dir='ltr'><strong>ut</strong></span> <span class='ocrx_word' id='word_1_34' title='bbox 735 822 853 876; x_wconf 89' lang='lat' dir='ltr'><strong>ovis</strong></span> <span class='ocrx_word' id='word_1_35' title='bbox 882 819 1209 886; x_wconf 83' lang='lat' dir='ltr'><strong>immolatur,</strong></span> <span class='ocrx_word' id='word_1_36' title='bbox 1242 829 1301 874; x_wconf 93' lang='lat' dir='ltr'><strong>ut</strong></span> <span class='ocrx_word' id='word_1_37' title='bbox 1350 834 1581 891; x_wconf 88' lang='lat' dir='ltr'><strong>sponsus</strong></span> <span class='ocrx_word' id='word_1_38' title='bbox 1626 821 1679 875; x_wconf 93' lang='lat' dir='ltr'><strong>in</strong></span> <span class='ocrx_word' id='word_1_39' title='bbox 1732 820 1929 876; x_wconf 89' lang='lat' dir='ltr'><strong>decore</strong></span> <span class='ocrx_word' id='word_1_40' title='bbox 1978 834 2229 891; x_wconf 81' lang='lat' dir='ltr'><strong>sponsam</strong></span> 
     </span>
    </p>
   </div>
   <div class='ocr_carea' id='block_1_6' title="bbox 652 910 2231 982">
    <p class='ocr_par' dir='ltr' id='par_1_6' title="bbox 652 910 2231 982">
     <span class='ocr_line' id='line_1_6' title="bbox 652 910 2231 982; baseline 0.003 -18"><span class='ocrx_word' id='word_1_41' title='bbox 652 921 952 975; x_wconf 86' lang='lat' dir='ltr'><strong>conservat,</strong></span> <span class='ocrx_word' id='word_1_42' title='bbox 980 920 1035 966; x_wconf 89' lang='lat' dir='ltr'><strong>et</strong></span> <span class='ocrx_word' id='word_1_43' title='bbox 1062 920 1121 965; x_wconf 92' lang='lat' dir='ltr'><strong>ut</strong></span> <span class='ocrx_word' id='word_1_44' title='bbox 1146 911 1225 965; x_wconf 90' lang='lat' dir='ltr'><strong>vir</strong></span> <span class='ocrx_word' id='word_1_45' title='bbox 1250 910 1349 981; x_wconf 84' lang='lat' dir='ltr'><strong>ipsi</strong></span> <span class='ocrx_word' id='word_1_46' title='bbox 1380 911 1645 982; x_wconf 76' lang='lat' dir='ltr'><strong>providet.</strong></span> <span class='ocrx_word' id='word_1_47' title='bbox 1671 911 1816 967; x_wconf 76' lang='lat' dir='ltr'><strong>Multi</strong></span> <span class='ocrx_word' id='word_1_48' title='bbox 1844 921 1968 968; x_wconf 90' lang='lat' dir='ltr'><strong>sunt</strong></span> <span class='ocrx_word' id='word_1_49' title='bbox 1995 912 2231 981; x_wconf 78' lang='lat' dir='ltr'><strong>variique</strong></span> 
     </span>
    </p>
   </div>
   <div class='ocr_carea' id='block_1_7' title="bbox 653 1003 2229 1076">
    <p class='ocr_par' dir='ltr' id='par_1_7' title="bbox 653 1003 2229 1076">
     <span class='ocr_line' id='line_1_7' title="bbox 653 1003 2229 1076; baseline -0.001 -17"><span class='ocrx_word' id='word_1_50' title='bbox 653 1020 863 1069; x_wconf 83' lang='lat' dir='ltr'><strong>sensus,</strong></span> <span class='ocrx_word' id='word_1_51' title='bbox 892 1015 951 1058; x_wconf 89' lang='lat' dir='ltr'><strong>ut</strong></span> <span class='ocrx_word' id='word_1_52' title='bbox 976 1005 1059 1059; x_wconf 91' lang='lat' dir='ltr'><strong>vel</strong></span> <span class='ocrx_word' id='word_1_53' title='bbox 1090 1004 1309 1059; x_wconf 90' lang='lat' dir='ltr'><strong>minima</strong></span> <span class='ocrx_word' id='word_1_54' title='bbox 1340 1006 1751 1076; x_wconf 82' lang='lat' dir='ltr'><strong>dispensationis</strong></span> <span class='ocrx_word' id='word_1_55' title='bbox 1794 1014 1945 1076; x_wconf 86' lang='lat' dir='ltr'><strong>parte</strong></span> <span class='ocrx_word' id='word_1_56' title='bbox 1973 1003 2229 1060; x_wconf 83' lang='lat' dir='ltr'><strong>fruamur.</strong></span> 
     </span>
    </p>
   </div>
   <div class='ocr_carea' id='block_1_8' title="bbox 653 1084 2230 1171">
    <p class='ocr_par' dir='ltr' id='par_1_8' title="bbox 653 1084 2230 1171">
     <span class='ocr_line' id='line_1_8' title="bbox 653 1084 2230 1171; baseline 0.001 -20"><span class='ocrx_word' id='word_1_57' title='bbox 653 1084 806 1163; x_wconf 82' lang='lat' dir='ltr'><strong>Audi,</strong></span> <span class='ocrx_word' id='word_1_58' title='bbox 828 1097 960 1167; x_wconf 90' lang='lat' dir='ltr'><strong>ﬁlia,</strong></span> <span class='ocrx_word' id='word_1_59' title='bbox 990 1108 1036 1153; x_wconf 81' lang='lat' dir='ltr'><strong>et</strong></span> <span class='ocrx_word' id='word_1_60' title='bbox 1064 1098 1174 1151; x_wconf 81' lang='lat' dir='ltr'><strong>vide</strong></span> <span class='ocrx_word' id='word_1_61' title='bbox 1195 1140 1211 1165; x_wconf 92' lang='lat'><strong>,</strong></span> <span class='ocrx_word' id='word_1_62' title='bbox 1230 1108 1284 1154; x_wconf 90' lang='lat' dir='ltr'><strong>et</strong></span> <span class='ocrx_word' id='word_1_63' title='bbox 1311 1099 1563 1167; x_wconf 70' lang='lat' dir='ltr'><strong>nuptialia</strong></span> <span class='ocrx_word' id='word_1_64' title='bbox 1590 1098 1987 1171; x_wconf 86' lang='lat' dir='ltr'><strong>spiritualiaque</strong></span> <span class='ocrx_word' id='word_1_65' title='bbox 2020 1098 2230 1168; x_wconf 84' lang='lat' dir='ltr'><strong>negotia</strong></span> 
     </span>
    </p>
   </div>
   <div class='ocr_carea' id='block_1_9' title="bbox 657 1189 2229 1259">
    <p class='ocr_par' dir='ltr' id='par_1_9' title="bbox 657 1189 2229 1259">
     <span class='ocr_line' id='line_1_9' title="bbox 657 1189 2229 1259; baseline 0 -16"><span class='ocrx_word' id='word_1_66' title='bbox 657 1190 879 1259; x_wconf 90' lang='lat' dir='ltr'><strong>respice.</strong></span> <span class='ocrx_word' id='word_1_67' title='bbox 912 1189 1067 1255; x_wconf 81' lang='lat' dir='ltr'><strong>Audi,</strong></span> <span class='ocrx_word' id='word_1_68' title='bbox 1100 1190 1230 1259; x_wconf 84' lang='lat' dir='ltr'><strong>ﬁlia.</strong></span> <span class='ocrx_word' id='word_1_69' title='bbox 1277 1189 1400 1244; x_wconf 72' lang='lat' dir='ltr'><strong>Haec</strong></span> <span class='ocrx_word' id='word_1_70' title='bbox 1428 1189 1573 1259; x_wconf 69' lang='lat' dir='ltr'><strong>prius</strong></span> <span class='ocrx_word' id='word_1_71' title='bbox 1601 1189 1902 1245; x_wconf 69' lang='lat' dir='ltr'><strong>daemonum</strong></span> <span class='ocrx_word' id='word_1_72' title='bbox 1932 1189 2038 1244; x_wconf 85' lang='lat' dir='ltr'><strong>lilia</strong></span> <span class='ocrx_word' id='word_1_73' title='bbox 2074 1198 2186 1244; x_wconf 89' lang='lat' dir='ltr'><strong>erat</strong></span> <span class='ocrx_word' id='word_1_74' title='bbox 2213 1229 2229 1255; x_wconf 89' lang='lat'><strong>,</strong></span> 
     </span>
    </p>
   </div>
   <div class='ocr_carea' id='block_1_10' title="bbox 660 1281 2233 1354">
    <p class='ocr_par' dir='ltr' id='par_1_10' title="bbox 660 1281 2233 1354">
     <span class='ocr_line' id='line_1_10' title="bbox 660 1281 2233 1354; baseline 0 -18"><span class='ocrx_word' id='word_1_75' title='bbox 660 1283 768 1337; x_wconf 84' lang='lat' dir='ltr'><strong>ﬁlia</strong></span> <span class='ocrx_word' id='word_1_76' title='bbox 801 1291 956 1337; x_wconf 68' lang='lat' dir='ltr'><strong>terra:</strong></span> <span class='ocrx_word' id='word_1_77' title='bbox 981 1324 995 1347; x_wconf 94' lang='lat'><strong>,</strong></span> <span class='ocrx_word' id='word_1_78' title='bbox 1048 1282 1160 1351; x_wconf 88' lang='lat' dir='ltr'><strong>ipsa</strong></span> <span class='ocrx_word' id='word_1_79' title='bbox 1208 1282 1398 1338; x_wconf 82' lang='lat' dir='ltr'><strong>tellure</strong></span> <span class='ocrx_word' id='word_1_80' title='bbox 1444 1282 1695 1354; x_wconf 81' lang='lat' dir='ltr'><strong>indigna;</strong></span> <span class='ocrx_word' id='word_1_81' title='bbox 1740 1293 1794 1339; x_wconf 90' lang='lat' dir='ltr'><strong>et</strong></span> <span class='ocrx_word' id='word_1_82' title='bbox 1826 1298 1965 1339; x_wconf 92' lang='lat' dir='ltr'><strong>nunc</strong></span> <span class='ocrx_word' id='word_1_83' title='bbox 1995 1281 2125 1337; x_wconf 90' lang='lat' dir='ltr'><strong>facta</strong></span> <span class='ocrx_word' id='word_1_84' title='bbox 2151 1290 2233 1337; x_wconf 89' lang='lat' dir='ltr'><strong>cst</strong></span> 
     </span>
    </p>
   </div>
   <div class='ocr_carea' id='block_1_11' title="bbox 655 1372 2229 1449">
    <p class='ocr_par' dir='ltr' id='par_1_11' title="bbox 655 1372 2229 1449">
     <span class='ocr_line' id='line_1_11' title="bbox 655 1372 2229 1449; baseline -0.001 -22"><span class='ocrx_word' id='word_1_85' title='bbox 655 1375 759 1427; x_wconf 90' lang='lat' dir='ltr'><strong>tilia</strong></span> <span class='ocrx_word' id='word_1_86' title='bbox 782 1375 939 1445; x_wconf 87' lang='lat' dir='ltr'><strong>regis.</strong></span> <span class='ocrx_word' id='word_1_87' title='bbox 960 1372 1212 1449; x_wconf 82' lang='lat' dir='ltr'><strong>ld&#39;autem</strong></span> <span class='ocrx_word' id='word_1_88' title='bbox 1230 1374 1393 1430; x_wconf 89' lang='lat' dir='ltr'><strong>voluit</strong></span> <span class='ocrx_word' id='word_1_89' title='bbox 1410 1374 1523 1444; x_wconf 84' lang='lat' dir='ltr'><strong>ejus</strong></span> <span class='ocrx_word' id='word_1_90' title='bbox 1542 1384 1768 1431; x_wconf 83' lang='lat' dir='ltr'><strong>amator.</strong></span> <span class='ocrx_word' id='word_1_91' title='bbox 1790 1374 1889 1443; x_wconf 86' lang='lat' dir='ltr'><strong>Qui</strong></span> <span class='ocrx_word' id='word_1_92' title='bbox 1907 1384 2045 1429; x_wconf 87' lang='lat' dir='ltr'><strong>amat</strong></span> <span class='ocrx_word' id='word_1_93' title='bbox 2063 1374 2229 1441; x_wconf 89' lang='lat' dir='ltr'><strong>enim,</strong></span> 
     </span>
    </p>
   </div>
   <div class='ocr_carea' id='block_1_12' title="bbox 655 1464 2234 1537">
    <p class='ocr_par' dir='ltr' id='par_1_12' title="bbox 655 1464 2234 1537">
     <span class='ocr_line' id='line_1_12' title="bbox 655 1464 2234 1537; baseline -0.002 -17"><span class='ocrx_word' id='word_1_94' title='bbox 655 1468 880 1521; x_wconf 83' lang='lat' dir='ltr'><strong>fortnam</strong></span> <span class='ocrx_word' id='word_1_95' title='bbox 922 1482 1023 1522; x_wconf 90' lang='lat' dir='ltr'><strong>non</strong></span> <span class='ocrx_word' id='word_1_96' title='bbox 1055 1467 1313 1537; x_wconf 85' lang='lat' dir='ltr'><strong>requirit;</strong></span> <span class='ocrx_word' id='word_1_97' title='bbox 1343 1482 1494 1520; x_wconf 87' lang='lat' dir='ltr'><strong>amor</strong></span> <span class='ocrx_word' id='word_1_98' title='bbox 1541 1482 1647 1521; x_wconf 93' lang='lat' dir='ltr'><strong>non</strong></span> <span class='ocrx_word' id='word_1_99' title='bbox 1679 1466 1895 1536; x_wconf 87' lang='lat' dir='ltr'><strong>respicit</strong></span> <span class='ocrx_word' id='word_1_100' title='bbox 1925 1464 2234 1521; x_wconf 85' lang='lat' dir='ltr'><strong>deformita-</strong></span> 
     </span>
    </p>
   </div>
   <div class='ocr_carea' id='block_1_13' title="bbox 658 1559 2234 1630">
    <p class='ocr_par' dir='ltr' id='par_1_13' title="bbox 658 1559 2234 1630">
     <span class='ocr_line' id='line_1_13' title="bbox 658 1559 2234 1630; baseline 0 -18"><span class='ocrx_word' id='word_1_101' title='bbox 658 1566 803 1624; x_wconf 84' lang='lat' dir='ltr'><strong>tem;</strong></span> <span class='ocrx_word' id='word_1_102' title='bbox 858 1560 977 1615; x_wconf 88' lang='lat' dir='ltr'><strong>ideo</strong></span> <span class='ocrx_word' id='word_1_103' title='bbox 1026 1570 1204 1613; x_wconf 86' lang='lat' dir='ltr'><strong>autem</strong></span> <span class='ocrx_word' id='word_1_104' title='bbox 1253 1570 1470 1615; x_wconf 90' lang='lat' dir='ltr'><strong>vocatur</strong></span> <span class='ocrx_word' id='word_1_105' title='bbox 1518 1569 1635 1630; x_wconf 75' lang='grc' dir='ltr'>ιρως</span> <span class='ocrx_word' id='word_1_106' title='bbox 1674 1601 1688 1625; x_wconf 84' lang='grc'>,</span> <span class='ocrx_word' id='word_1_107' title='bbox 1753 1560 1874 1629; x_wconf 88' lang='lat' dir='ltr'><strong>quia</strong></span> <span class='ocrx_word' id='word_1_108' title='bbox 1927 1559 2234 1629; x_wconf 85' lang='lat' dir='ltr'><strong>plerumque</strong></span> 
     </span>
    </p>
   </div>
   <div class='ocr_carea' id='block_1_14' title="bbox 655 1650 2233 1709">
    <p class='ocr_par' dir='ltr' id='par_1_14' title="bbox 655 1650 2233 1709">
     <span class='ocr_line' id='line_1_14' title="bbox 655 1650 2233 1709; baseline -0.003 -3"><span class='ocrx_word' id='word_1_109' title='bbox 655 1652 954 1709; x_wconf 74' lang='lat' dir='ltr'><strong>deformem</strong></span> <span class='ocrx_word' id='word_1_110' title='bbox 978 1662 1143 1708; x_wconf 88' lang='lat' dir='ltr'><strong>amat.</strong></span> <span class='ocrx_word' id='word_1_111' title='bbox 1168 1652 1259 1708; x_wconf 85' lang='lat' dir='ltr'><strong>Sic</strong></span> <span class='ocrx_word' id='word_1_112' title='bbox 1286 1661 1339 1706; x_wconf 88' lang='lat' dir='ltr'><strong>et</strong></span> <span class='ocrx_word' id='word_1_113' title='bbox 1359 1652 1607 1707; x_wconf 80' lang='lat' dir='ltr'><strong>Christus</strong></span> <span class='ocrx_word' id='word_1_114' title='bbox 1638 1651 1762 1706; x_wconf 85' lang='lat' dir='ltr'><strong>fecit</strong></span> <span class='ocrx_word' id='word_1_115' title='bbox 1794 1670 1805 1705; x_wconf 90' lang='lat'><strong>:</strong></span> <span class='ocrx_word' id='word_1_116' title='bbox 1830 1650 2124 1706; x_wconf 87' lang='lat' dir='ltr'><strong>deformem</strong></span> <span class='ocrx_word' id='word_1_117' title='bbox 2154 1650 2233 1703; x_wconf 81' lang='lat' dir='ltr'><strong>vi-</strong></span> 
     </span>
    </p>
   </div>
   <div class='ocr_carea' id='block_1_15' title="bbox 655 1742 2233 1813">
    <p class='ocr_par' dir='ltr' id='par_1_15' title="bbox 655 1742 2233 1813">
     <span class='ocr_line' id='line_1_15' title="bbox 655 1742 2233 1813; baseline -0.001 -16"><span class='ocrx_word' id='word_1_118' title='bbox 655 1742 773 1813; x_wconf 90' lang='lat' dir='ltr'><strong>dit(</strong></span> <span class='ocrx_word' id='word_1_119' title='bbox 802 1758 908 1798; x_wconf 92' lang='lat' dir='ltr'><strong>non</strong></span> <span class='ocrx_word' id='word_1_120' title='bbox 938 1744 1078 1799; x_wconf 90' lang='lat' dir='ltr'><strong>enim</strong></span> <span class='ocrx_word' id='word_1_121' title='bbox 1111 1744 1253 1799; x_wconf 85' lang='lat' dir='ltr'><strong>illam</strong></span> <span class='ocrx_word' id='word_1_122' title='bbox 1284 1743 1576 1799; x_wconf 83' lang='lat' dir='ltr'><strong>formosam</strong></span> <span class='ocrx_word' id='word_1_123' title='bbox 1600 1743 1823 1798; x_wconf 80' lang='lat' dir='ltr'><strong>dixerim</strong></span> <span class='ocrx_word' id='word_1_124' title='bbox 1853 1746 1891 1813; x_wconf 86' lang='lat'><strong>),</strong></span> <span class='ocrx_word' id='word_1_125' title='bbox 1924 1752 1979 1799; x_wconf 91' lang='lat' dir='ltr'><strong>et</strong></span> <span class='ocrx_word' id='word_1_126' title='bbox 2012 1742 2233 1796; x_wconf 87' lang='lat' dir='ltr'><strong>adama-</strong></span> 
     </span>
    </p>
   </div>
   <div class='ocr_carea' id='block_1_16' title="bbox 656 1833 2236 1905">
    <p class='ocr_par' dir='ltr' id='par_1_16' title="bbox 656 1833 2236 1905">
     <span class='ocr_line' id='line_1_16' title="bbox 656 1833 2236 1905; baseline 0.003 -20"><span class='ocrx_word' id='word_1_127' title='bbox 656 1835 733 1887; x_wconf 88' lang='lat' dir='ltr'><strong>vit</strong></span> <span class='ocrx_word' id='word_1_128' title='bbox 768 1852 781 1888; x_wconf 91' lang='lat'><strong>:</strong></span> <span class='ocrx_word' id='word_1_129' title='bbox 823 1833 1069 1905; x_wconf 85' lang='lat' dir='ltr'><strong>illamque</strong></span> <span class='ocrx_word' id='word_1_130' title='bbox 1094 1836 1327 1901; x_wconf 89' lang='lat' dir='ltr'><strong>innovat,</strong></span> <span class='ocrx_word' id='word_1_131' title='bbox 1355 1844 1411 1889; x_wconf 90' lang='lat' dir='ltr'><strong>ut</strong></span> <span class='ocrx_word' id='word_1_132' title='bbox 1460 1850 1563 1889; x_wconf 92' lang='lat' dir='ltr'><strong>non</strong></span> <span class='ocrx_word' id='word_1_133' title='bbox 1600 1835 1790 1889; x_wconf 87' lang='lat' dir='ltr'><strong>haheat</strong></span> <span class='ocrx_word' id='word_1_134' title='bbox 1819 1834 2076 1889; x_wconf 84' lang='lat' dir='ltr'><strong>maculam</strong></span> <span class='ocrx_word' id='word_1_135' title='bbox 2097 1876 2112 1901; x_wconf 88' lang='lat'><strong>,</strong></span> <span class='ocrx_word' id='word_1_136' title='bbox 2144 1844 2236 1889; x_wconf 88' lang='lat' dir='ltr'><strong>aut</strong></span> 
     </span>
    </p>
   </div>
   <div class='ocr_carea' id='block_1_17' title="bbox 658 1926 2233 1997">
    <p class='ocr_par' dir='ltr' id='par_1_17' title="bbox 658 1926 2233 1997">
     <span class='ocr_line' id='line_1_17' title="bbox 658 1926 2233 1997; baseline 0.001 -17"><span class='ocrx_word' id='word_1_137' title='bbox 658 1941 863 1997; x_wconf 78' lang='lat' dir='ltr'><strong>rugam.</strong></span> <span class='ocrx_word' id='word_1_138' title='bbox 893 1926 939 1982; x_wconf 91' lang='grc' dir='ltr'>Ο</span> <span class='ocrx_word' id='word_1_139' title='bbox 968 1942 1219 1997; x_wconf 77' lang='lat' dir='ltr'><strong>sponsum</strong></span> <span class='ocrx_word' id='word_1_140' title='bbox 1250 1938 1531 1983; x_wconf 89' lang='lat' dir='ltr'><strong>ornantem</strong></span> <span class='ocrx_word' id='word_1_141' title='bbox 1557 1928 1945 1983; x_wconf 81' lang='lat' dir='ltr'><strong>deformitatem</strong></span> <span class='ocrx_word' id='word_1_142' title='bbox 1984 1942 2193 1997; x_wconf 77' lang='lat' dir='ltr'><strong>sponsa:</strong></span> <span class='ocrx_word' id='word_1_143' title='bbox 2218 1928 2233 1981; x_wconf 81' lang='grc' dir='ltr'><strong>ι</strong></span> 
     </span>
    </p>
   </div>
   <div class='ocr_carea' id='block_1_18' title="bbox 657 2016 2233 2087">
    <p class='ocr_par' dir='ltr' id='par_1_18' title="bbox 657 2016 2233 2087">
     <span class='ocr_line' id='line_1_18' title="bbox 657 2016 2233 2087; baseline 0.001 -17"><span class='ocrx_word' id='word_1_144' title='bbox 657 2017 813 2085; x_wconf 87' lang='lat' dir='ltr'><strong>Audi,</strong></span> <span class='ocrx_word' id='word_1_145' title='bbox 862 2018 991 2087; x_wconf 90' lang='lat' dir='ltr'><strong>ﬁlia,</strong></span> <span class='ocrx_word' id='word_1_146' title='bbox 1039 2018 1197 2085; x_wconf 87' lang='lat' dir='ltr'><strong>audi,</strong></span> <span class='ocrx_word' id='word_1_147' title='bbox 1224 2030 1270 2073; x_wconf 86' lang='lat' dir='ltr'><strong>et</strong></span> <span class='ocrx_word' id='word_1_148' title='bbox 1319 2018 1448 2073; x_wconf 81' lang='lat' dir='ltr'><strong>uide.</strong></span> <span class='ocrx_word' id='word_1_149' title='bbox 1498 2018 1611 2073; x_wconf 92' lang='lat' dir='ltr'><strong>Duo</strong></span> <span class='ocrx_word' id='word_1_150' title='bbox 1633 2016 1778 2084; x_wconf 87' lang='lat' dir='ltr'><strong>dicit,</strong></span> <span class='ocrx_word' id='word_1_151' title='bbox 1809 2017 1976 2086; x_wconf 87' lang='lat' dir='ltr'><strong>Audi,</strong></span> <span class='ocrx_word' id='word_1_152' title='bbox 2004 2027 2059 2073; x_wconf 94' lang='lat' dir='ltr'><strong>et</strong></span> <span class='ocrx_word' id='word_1_153' title='bbox 2090 2016 2233 2071; x_wconf 81' lang='lat' dir='ltr'><strong>Vide.</strong></span> 
     </span>
    </p>
   </div>
   <div class='ocr_carea' id='block_1_19' title="bbox 662 2108 2233 2177">
    <p class='ocr_par' dir='ltr' id='par_1_19' title="bbox 662 2108 2233 2177">
     <span class='ocr_line' id='line_1_19' title="bbox 662 2108 2233 2177; baseline -0.002 -12"><span class='ocrx_word' id='word_1_154' title='bbox 662 2108 776 2165; x_wconf 86' lang='lat' dir='ltr'><strong>Duo</strong></span> <span class='ocrx_word' id='word_1_155' title='bbox 802 2109 917 2165; x_wconf 62' lang='lat' dir='ltr'><strong>hac</strong></span> <span class='ocrx_word' id='word_1_156' title='bbox 945 2125 1010 2163; x_wconf 83' lang='lat' dir='ltr'><strong>ex</strong></span> <span class='ocrx_word' id='word_1_157' title='bbox 1041 2118 1095 2164; x_wconf 89' lang='lat' dir='ltr'><strong>te</strong></span> <span class='ocrx_word' id='word_1_158' title='bbox 1122 2118 1265 2177; x_wconf 84' lang='lat' dir='ltr'><strong>sunt,</strong></span> <span class='ocrx_word' id='word_1_159' title='bbox 1297 2109 1421 2164; x_wconf 89' lang='lat' dir='ltr'><strong>illud</strong></span> <span class='ocrx_word' id='word_1_160' title='bbox 1451 2108 1519 2163; x_wconf 91' lang='lat' dir='ltr'><strong>ab</strong></span> <span class='ocrx_word' id='word_1_161' title='bbox 1545 2109 1738 2175; x_wconf 89' lang='lat' dir='ltr'><strong>oculis,</strong></span> <span class='ocrx_word' id='word_1_162' title='bbox 1769 2109 1868 2164; x_wconf 89' lang='lat' dir='ltr'><strong>hoc</strong></span> <span class='ocrx_word' id='word_1_163' title='bbox 1896 2110 1962 2164; x_wconf 92' lang='lat' dir='ltr'><strong>ab</strong></span> <span class='ocrx_word' id='word_1_164' title='bbox 1997 2108 2233 2165; x_wconf 84' lang='lat' dir='ltr'><strong>auribus.</strong></span> 
     </span>
    </p>
   </div>
   <div class='ocr_carea' id='block_1_20' title="bbox 658 2198 2237 2273">
    <p class='ocr_par' dir='ltr' id='par_1_20' title="bbox 658 2198 2237 2273">
     <span class='ocr_line' id='line_1_20' title="bbox 658 2198 2237 2273; baseline -0.001 -18"><span class='ocrx_word' id='word_1_165' title='bbox 658 2202 919 2267; x_wconf 76' lang='lat' dir='ltr'><strong>Quoniam</strong></span> <span class='ocrx_word' id='word_1_166' title='bbox 946 2200 1109 2273; x_wconf 88' lang='lat' dir='ltr'><strong>igitur</strong></span> <span class='ocrx_word' id='word_1_167' title='bbox 1134 2200 1232 2257; x_wconf 82' lang='lat' dir='ltr'><strong>dos</strong></span> <span class='ocrx_word' id='word_1_168' title='bbox 1256 2200 1372 2271; x_wconf 82' lang='lat' dir='ltr'><strong>ejus</strong></span> <span class='ocrx_word' id='word_1_169' title='bbox 1399 2201 1451 2255; x_wconf 92' lang='lat' dir='ltr'><strong>in</strong></span> <span class='ocrx_word' id='word_1_170' title='bbox 1476 2199 1660 2255; x_wconf 88' lang='lat' dir='ltr'><strong>auditu</strong></span> <span class='ocrx_word' id='word_1_171' title='bbox 1691 2209 1805 2256; x_wconf 89' lang='lat' dir='ltr'><strong>erat</strong></span> <span class='ocrx_word' id='word_1_172' title='bbox 1835 2199 1853 2270; x_wconf 92' lang='lat'>(</span> <span class='ocrx_word' id='word_1_173' title='bbox 1882 2198 1925 2253; x_wconf 91' lang='lat' dir='ltr'><strong>si</strong></span> <span class='ocrx_word' id='word_1_174' title='bbox 1950 2198 2038 2269; x_wconf 90' lang='lat' dir='ltr'><strong>qui</strong></span> <span class='ocrx_word' id='word_1_175' title='bbox 2065 2215 2131 2253; x_wconf 87' lang='lat' dir='ltr'><strong>ex</strong></span> <span class='ocrx_word' id='word_1_176' title='bbox 2153 2213 2237 2254; x_wconf 48' lang='lat' dir='ltr'><strong>vo.</strong></span> 
     </span>
    </p>
   </div>
   <div class='ocr_carea' id='block_1_21' title="bbox 660 2292 2232 2365">
    <p class='ocr_par' dir='ltr' id='par_1_21' title="bbox 660 2292 2232 2365">
     <span class='ocr_line' id='line_1_21' title="bbox 660 2292 2232 2365; baseline -0.004 -14"><span class='ocrx_word' id='word_1_177' title='bbox 660 2295 742 2351; x_wconf 84' lang='lat' dir='ltr'><strong>bis</strong></span> <span class='ocrx_word' id='word_1_178' title='bbox 770 2295 976 2350; x_wconf 86' lang='lat' dir='ltr'><strong>acutius</strong></span> <span class='ocrx_word' id='word_1_179' title='bbox 1002 2293 1312 2365; x_wconf 73' lang='lat' dir='ltr'><strong>prmvident,</strong></span> <span class='ocrx_word' id='word_1_180' title='bbox 1338 2302 1647 2364; x_wconf 77' lang='lat' dir='ltr'><strong>exspectent</strong></span> <span class='ocrx_word' id='word_1_181' title='bbox 1677 2302 1853 2347; x_wconf 89' lang='lat' dir='ltr'><strong>tamen</strong></span> <span class='ocrx_word' id='word_1_182' title='bbox 1880 2292 2232 2347; x_wconf 83' lang='lat' dir='ltr'><strong>infirmiores:</strong></span> 
     </span>
    </p>
   </div>
   <div class='ocr_carea' id='block_1_22' title="bbox 658 2384 2242 2457">
    <p class='ocr_par' dir='ltr' id='par_1_22' title="bbox 658 2384 2242 2457">
     <span class='ocr_line' id='line_1_22' title="bbox 658 2384 2242 2457; baseline -0.003 -16"><span class='ocrx_word' id='word_1_183' title='bbox 658 2396 714 2441; x_wconf 86' lang='lat' dir='ltr'><strong>et</strong></span> <span class='ocrx_word' id='word_1_184' title='bbox 733 2402 827 2442; x_wconf 87' lang='lat' dir='ltr'><strong>vos</strong></span> <span class='ocrx_word' id='word_1_185' title='bbox 854 2385 1012 2444; x_wconf 84' lang='lat' dir='ltr'><strong>laudo</strong></span> <span class='ocrx_word' id='word_1_186' title='bbox 1038 2395 1489 2457; x_wconf 68' lang='lat' dir='ltr'><strong>prmoceupantes,</strong></span> <span class='ocrx_word' id='word_1_187' title='bbox 1517 2394 1570 2441; x_wconf 89' lang='lat' dir='ltr'><strong>et</strong></span> <span class='ocrx_word' id='word_1_188' title='bbox 1598 2384 1702 2441; x_wconf 89' lang='lat' dir='ltr'><strong>illis</strong></span> <span class='ocrx_word' id='word_1_189' title='bbox 1724 2387 1937 2456; x_wconf 85' lang='lat' dir='ltr'><strong>ignosco</strong></span> <span class='ocrx_word' id='word_1_190' title='bbox 1965 2384 2242 2454; x_wconf 85' lang='lat' dir='ltr'><strong>sequenti-</strong></span> 
     </span>
    </p>
   </div>
   <div class='ocr_carea' id='block_1_23' title="bbox 663 2473 2235 2549">
    <p class='ocr_par' dir='ltr' id='par_1_23' title="bbox 663 2473 2235 2549">
     <span class='ocr_line' id='line_1_23' title="bbox 663 2473 2235 2549; baseline -0.003 -17"><span class='ocrx_word' id='word_1_191' title='bbox 663 2478 764 2533; x_wconf 91' lang='lat' dir='ltr'><strong>bus</strong></span> <span class='ocrx_word' id='word_1_192' title='bbox 790 2477 829 2548; x_wconf 91' lang='lat'><strong>).</strong></span> <span class='ocrx_word' id='word_1_193' title='bbox 862 2478 1113 2549; x_wconf 84' lang='lat' dir='ltr'><strong>quoniam</strong></span> <span class='ocrx_word' id='word_1_194' title='bbox 1143 2476 1242 2532; x_wconf 88' lang='lat' dir='ltr'><strong>dos</strong></span> <span class='ocrx_word' id='word_1_195' title='bbox 1263 2476 1377 2547; x_wconf 93' lang='lat' dir='ltr'><strong>ejus</strong></span> <span class='ocrx_word' id='word_1_196' title='bbox 1407 2477 1458 2531; x_wconf 91' lang='lat' dir='ltr'><strong>in</strong></span> <span class='ocrx_word' id='word_1_197' title='bbox 1487 2474 1671 2531; x_wconf 86' lang='lat' dir='ltr'><strong>auditu</strong></span> <span class='ocrx_word' id='word_1_198' title='bbox 1694 2484 1809 2530; x_wconf 90' lang='lat' dir='ltr'><strong>erat</strong></span> <span class='ocrx_word' id='word_1_199' title='bbox 1840 2473 2005 2546; x_wconf 90' lang='lat' dir='ltr'><strong>(quid</strong></span> <span class='ocrx_word' id='word_1_200' title='bbox 2034 2482 2114 2528; x_wconf 90' lang='lat' dir='ltr'><strong>est</strong></span> <span class='ocrx_word' id='word_1_201' title='bbox 2137 2515 2151 2539; x_wconf 90' lang='lat'><strong>,</strong></span> <span class='ocrx_word' id='word_1_202' title='bbox 2183 2474 2235 2527; x_wconf 91' lang='lat' dir='ltr'><strong>in</strong></span> 
     </span>
    </p>
   </div>
   <div class='ocr_carea' id='block_1_24' title="bbox 660 2564 2239 2640">
    <p class='ocr_par' dir='ltr' id='par_1_24' title="bbox 660 2564 2239 2640">
     <span class='ocr_line' id='line_1_24' title="bbox 660 2564 2239 2640; baseline -0.002 -18"><span class='ocrx_word' id='word_1_203' title='bbox 660 2569 879 2625; x_wconf 80' lang='lat' dir='ltr'><strong>auditu?</strong></span> <span class='ocrx_word' id='word_1_204' title='bbox 909 2568 965 2624; x_wconf 85' lang='lat' dir='ltr'><strong>In</strong></span> <span class='ocrx_word' id='word_1_205' title='bbox 1016 2568 1117 2623; x_wconf 84' lang='lat' dir='ltr'><strong>fide</strong></span> <span class='ocrx_word' id='word_1_206' title='bbox 1148 2585 1161 2621; x_wconf 88' lang='lat'><strong>:</strong></span> <span class='ocrx_word' id='word_1_207' title='bbox 1193 2567 1329 2622; x_wconf 83' lang='lat' dir='ltr'><strong>Nam</strong></span> <span class='ocrx_word' id='word_1_208' title='bbox 1349 2568 1476 2637; x_wconf 89' lang='lat' dir='ltr'><strong>ﬁdes</strong></span> <span class='ocrx_word' id='word_1_209' title='bbox 1494 2584 1557 2623; x_wconf 78' lang='lat' dir='ltr'><strong>ea:</strong></span> <span class='ocrx_word' id='word_1_210' title='bbox 1574 2568 1751 2621; x_wconf 81' lang='lat' dir='ltr'><strong>auditu</strong></span> <span class='ocrx_word' id='word_1_211' title='bbox 1774 2565 1795 2640; x_wconf 94' lang='lat'>[</span> <span class='ocrx_word' id='word_1_212' title='bbox 1816 2566 1965 2621; x_wconf 81' lang='lat' dir='ltr'><strong>Rom.</strong></span> <span class='ocrx_word' id='word_1_213' title='bbox 1999 2566 2086 2622; x_wconf 73' lang='grc'><strong>10.</strong></span> <span class='ocrx_word' id='word_1_214' title='bbox 2112 2564 2239 2640; x_wconf 66' lang='lat'><strong>17.]</strong></span> 
     </span>
    </p>
   </div>
   <div class='ocr_carea' id='block_1_25' title="bbox 663 2656 2238 2732">
    <p class='ocr_par' dir='ltr' id='par_1_25' title="bbox 663 2656 2238 2732">
     <span class='ocr_line' id='line_1_25' title="bbox 663 2656 2238 2732; baseline -0.003 -17"><span class='ocrx_word' id='word_1_215' title='bbox 663 2659 722 2715; x_wconf 90' lang='lat' dir='ltr'><strong>In</strong></span> <span class='ocrx_word' id='word_1_216' title='bbox 749 2660 869 2724; x_wconf 80' lang='lat' dir='ltr'><strong>fide,</strong></span> <span class='ocrx_word' id='word_1_217' title='bbox 905 2674 1008 2715; x_wconf 93' lang='lat' dir='ltr'><strong>non</strong></span> <span class='ocrx_word' id='word_1_218' title='bbox 1041 2658 1093 2713; x_wconf 89' lang='lat' dir='ltr'><strong>in</strong></span> <span class='ocrx_word' id='word_1_219' title='bbox 1124 2658 1373 2713; x_wconf 87' lang='lat' dir='ltr'><strong>fruitione</strong></span> <span class='ocrx_word' id='word_1_220' title='bbox 1394 2700 1407 2725; x_wconf 95' lang='lat'><strong>,</strong></span> <span class='ocrx_word' id='word_1_221' title='bbox 1445 2674 1543 2715; x_wconf 91' lang='lat' dir='ltr'><strong>nec</strong></span> <span class='ocrx_word' id='word_1_222' title='bbox 1569 2658 1621 2713; x_wconf 90' lang='lat' dir='ltr'><strong>in</strong></span> <span class='ocrx_word' id='word_1_223' title='bbox 1663 2657 1996 2728; x_wconf 87' lang='lat' dir='ltr'><strong>experientia</strong></span> <span class='ocrx_word' id='word_1_224' title='bbox 2019 2656 2165 2712; x_wconf 90' lang='lat' dir='ltr'><strong>omni</strong></span> <span class='ocrx_word' id='word_1_225' title='bbox 2195 2660 2238 2732; x_wconf 81' lang='lat'><strong>),</strong></span> 
     </span>
    </p>
   </div>
   <div class='ocr_carea' id='block_1_26' title="bbox 666 2747 2239 2820">
    <p class='ocr_par' dir='ltr' id='par_1_26' title="bbox 666 2747 2239 2820">
     <span class='ocr_line' id='line_1_26' title="bbox 666 2747 2239 2820; baseline 0.002 -21"><span class='ocrx_word' id='word_1_226' title='bbox 666 2750 812 2818; x_wconf 88' lang='lat' dir='ltr'><strong>prius</strong></span> <span class='ocrx_word' id='word_1_227' title='bbox 839 2748 976 2814; x_wconf 89' lang='lat' dir='ltr'><strong>dixi,</strong></span> <span class='ocrx_word' id='word_1_228' title='bbox 998 2750 1170 2820; x_wconf 90' lang='lat' dir='ltr'><strong>ipsum</strong></span> <span class='ocrx_word' id='word_1_229' title='bbox 1199 2748 1252 2803; x_wconf 90' lang='lat' dir='ltr'><strong>in</strong></span> <span class='ocrx_word' id='word_1_230' title='bbox 1282 2747 1414 2804; x_wconf 88' lang='lat' dir='ltr'><strong>duas</strong></span> <span class='ocrx_word' id='word_1_231' title='bbox 1447 2759 1623 2819; x_wconf 84' lang='lat' dir='ltr'><strong>partes</strong></span> <span class='ocrx_word' id='word_1_232' title='bbox 1643 2748 1887 2803; x_wconf 82' lang='lat' dir='ltr'><strong>divisisse</strong></span> <span class='ocrx_word' id='word_1_233' title='bbox 1903 2747 2083 2803; x_wconf 89' lang='lat' dir='ltr'><strong>dotem</strong></span> <span class='ocrx_word' id='word_1_234' title='bbox 2102 2747 2239 2817; x_wconf 89' lang='lat' dir='ltr'><strong>ejus,</strong></span> 
     </span>
    </p>
   </div>
   <div class='ocr_carea' id='block_1_27' title="bbox 661 2838 2243 2912">
    <p class='ocr_par' dir='ltr' id='par_1_27' title="bbox 661 2838 2243 2912">
     <span class='ocr_line' id='line_1_27' title="bbox 661 2838 2243 2912; baseline -0.001 -17"><span class='ocrx_word' id='word_1_235' title='bbox 661 2851 716 2895; x_wconf 85' lang='lat' dir='ltr'><strong>et</strong></span> <span class='ocrx_word' id='word_1_236' title='bbox 742 2840 843 2895; x_wconf 79' lang='lat' dir='ltr'><strong>alia</strong></span> <span class='ocrx_word' id='word_1_237' title='bbox 874 2840 973 2912; x_wconf 84' lang='lat' dir='ltr'><strong>ipsi</strong></span> <span class='ocrx_word' id='word_1_238' title='bbox 1016 2838 1228 2895; x_wconf 81' lang='lat' dir='ltr'><strong>dedisse</strong></span> <span class='ocrx_word' id='word_1_239' title='bbox 1257 2854 1354 2911; x_wconf 88' lang='lat' dir='ltr'><strong>pro</strong></span> <span class='ocrx_word' id='word_1_240' title='bbox 1379 2840 1697 2904; x_wconf 89' lang='lat' dir='ltr'><strong>arrhabone,</strong></span> <span class='ocrx_word' id='word_1_241' title='bbox 1725 2839 1829 2894; x_wconf 89' lang='lat' dir='ltr'><strong>alia</strong></span> <span class='ocrx_word' id='word_1_242' title='bbox 1858 2853 1983 2895; x_wconf 86' lang='lat' dir='ltr'><strong>vero</strong></span> <span class='ocrx_word' id='word_1_243' title='bbox 2012 2838 2064 2894; x_wconf 92' lang='lat' dir='ltr'><strong>in</strong></span> <span class='ocrx_word' id='word_1_244' title='bbox 2105 2838 2243 2894; x_wconf 80' lang='lat' dir='ltr'><strong>futu~</strong></span> 
     </span>
    </p>
   </div>
   <div class='ocr_carea' id='block_1_28' title="bbox 664 2930 2241 3004">
    <p class='ocr_par' dir='ltr' id='par_1_28' title="bbox 664 2930 2241 3004">
     <span class='ocr_line' id='line_1_28' title="bbox 664 2930 2241 3004; baseline -0.003 -15"><span class='ocrx_word' id='word_1_245' title='bbox 664 2950 781 2997; x_wconf 75' lang='lat' dir='ltr'><strong>rum</strong></span> <span class='ocrx_word' id='word_1_246' title='bbox 812 2942 1020 3004; x_wconf 88' lang='lat' dir='ltr'><strong>tempus</strong></span> <span class='ocrx_word' id='word_1_247' title='bbox 1049 2932 1336 3003; x_wconf 92' lang='lat' dir='ltr'><strong>pollicitum</strong></span> <span class='ocrx_word' id='word_1_248' title='bbox 1366 2948 1506 2989; x_wconf 86' lang='lat' dir='ltr'><strong>esse.</strong></span> <span class='ocrx_word' id='word_1_249' title='bbox 1546 2931 1683 3001; x_wconf 87' lang='lat' dir='ltr'><strong>Quid</strong></span> <span class='ocrx_word' id='word_1_250' title='bbox 1710 2932 1808 3003; x_wconf 92' lang='lat' dir='ltr'><strong>ipsi</strong></span> <span class='ocrx_word' id='word_1_251' title='bbox 1836 2930 2241 2987; x_wconf 85' lang='lat' dir='ltr'><strong>dedit?Pecca-</strong></span> 
     </span>
    </p>
   </div>
   <div class='ocr_carea' id='block_1_29' title="bbox 666 3021 2237 3093">
    <p class='ocr_par' dir='ltr' id='par_1_29' title="bbox 666 3021 2237 3093">
     <span class='ocr_line' id='line_1_29' title="bbox 666 3021 2237 3093; baseline -0.003 -13"><span class='ocrx_word' id='word_1_252' title='bbox 666 3034 840 3081; x_wconf 89' lang='lat' dir='ltr'><strong>torum</strong></span> <span class='ocrx_word' id='word_1_253' title='bbox 867 3027 1076 3081; x_wconf 75' lang='lat' dir='ltr'><strong>veniam</strong></span> <span class='ocrx_word' id='word_1_254' title='bbox 1110 3064 1125 3088; x_wconf 94' lang='lat'><strong>,</strong></span> <span class='ocrx_word' id='word_1_255' title='bbox 1178 3023 1417 3093; x_wconf 77' lang='lat' dir='ltr'><strong>supplicii</strong></span> <span class='ocrx_word' id='word_1_256' title='bbox 1468 3024 1833 3079; x_wconf 83' lang='lat' dir='ltr'><strong>remissionem</strong></span> <span class='ocrx_word' id='word_1_257' title='bbox 1864 3064 1880 3088; x_wconf 90' lang='lat'><strong>,</strong></span> <span class='ocrx_word' id='word_1_258' title='bbox 1934 3021 2193 3092; x_wconf 84' lang='lat' dir='ltr'><strong>justitiam</strong></span> <span class='ocrx_word' id='word_1_259' title='bbox 2222 3063 2237 3089; x_wconf 91' lang='lat'><strong>,</strong></span> 
     </span>
    </p>
   </div>
   <div class='ocr_carea' id='block_1_30' title="bbox 664 3114 2237 3186">
    <p class='ocr_par' dir='ltr' id='par_1_30' title="bbox 664 3114 2237 3186">
     <span class='ocr_line' id='line_1_30' title="bbox 664 3114 2237 3186; baseline -0.002 -15"><span class='ocrx_word' id='word_1_260' title='bbox 664 3115 1162 3181; x_wconf 77' lang='lat' dir='ltr'><strong>sanctificationem,</strong></span> <span class='ocrx_word' id='word_1_261' title='bbox 1200 3115 1640 3186; x_wconf 86' lang='lat' dir='ltr'><strong>redemptionem,</strong></span> <span class='ocrx_word' id='word_1_262' title='bbox 1669 3128 1863 3185; x_wconf 91' lang='lat' dir='ltr'><strong>corpus</strong></span> <span class='ocrx_word' id='word_1_263' title='bbox 1893 3114 2237 3181; x_wconf 90' lang='lat' dir='ltr'><strong>dominicum,</strong></span> 
     </span>
    </p>
   </div>
   <div class='ocr_carea' id='block_1_31' title="bbox 667 3205 2239 3277">
    <p class='ocr_par' dir='ltr' id='par_1_31' title="bbox 667 3205 2239 3277">
     <span class='ocr_line' id='line_1_31' title="bbox 667 3205 2239 3277; baseline -0.001 -16"><span class='ocrx_word' id='word_1_264' title='bbox 667 3221 907 3263; x_wconf 83' lang='lat' dir='ltr'><strong>mensam</strong></span> <span class='ocrx_word' id='word_1_265' title='bbox 932 3207 1162 3262; x_wconf 84' lang='lat' dir='ltr'><strong>divinam</strong></span> <span class='ocrx_word' id='word_1_266' title='bbox 1194 3221 1255 3260; x_wconf 90' lang='lat' dir='ltr'><strong>ac</strong></span> <span class='ocrx_word' id='word_1_267' title='bbox 1292 3205 1649 3277; x_wconf 84' lang='lat' dir='ltr'><strong>spiritualem,</strong></span> <span class='ocrx_word' id='word_1_268' title='bbox 1700 3212 2029 3261; x_wconf 87' lang='lat' dir='ltr'><strong>mortuorum</strong></span> <span class='ocrx_word' id='word_1_269' title='bbox 2059 3221 2239 3261; x_wconf 89' lang='lat' dir='ltr'><strong>resur-</strong></span> 
     </span>
    </p>
   </div>
   <div class='ocr_carea' id='block_1_32' title="bbox 666 3295 2240 3367">
    <p class='ocr_par' dir='ltr' id='par_1_32' title="bbox 666 3295 2240 3367">
     <span class='ocr_line' id='line_1_32' title="bbox 666 3295 2240 3367; baseline -0.001 -16"><span class='ocrx_word' id='word_1_270' title='bbox 666 3298 979 3353; x_wconf 88' lang='lat' dir='ltr'><strong>rectionem.</strong></span> <span class='ocrx_word' id='word_1_271' title='bbox 1026 3295 1152 3351; x_wconf 71' lang='lat' dir='ltr'><strong>Hacc</strong></span> <span class='ocrx_word' id='word_1_272' title='bbox 1193 3296 1389 3367; x_wconf 82' lang='lat' dir='ltr'><strong>quippe</strong></span> <span class='ocrx_word' id='word_1_273' title='bbox 1436 3296 1614 3350; x_wconf 85' lang='lat' dir='ltr'><strong>omnia</strong></span> <span class='ocrx_word' id='word_1_274' title='bbox 1658 3295 1956 3351; x_wconf 84' lang='lat' dir='ltr'><strong>habuerunt</strong></span> <span class='ocrx_word' id='word_1_275' title='bbox 1992 3295 2240 3366; x_wconf 85' lang='lat' dir='ltr'><strong>apostoli.</strong></span> 
     </span>
    </p>
   </div>
   <div class='ocr_carea' id='block_1_33' title="bbox 665 3386 2241 3460">
    <p class='ocr_par' dir='ltr' id='par_1_33' title="bbox 665 3386 2241 3460">
     <span class='ocr_line' id='line_1_33' title="bbox 665 3386 2241 3460; baseline -0.002 -17"><span class='ocrx_word' id='word_1_276' title='bbox 665 3388 843 3460; x_wconf 85' lang='lat' dir='ltr'><strong>itaque</strong></span> <span class='ocrx_word' id='word_1_277' title='bbox 880 3388 981 3443; x_wconf 88' lang='lat' dir='ltr'><strong>alia</strong></span> <span class='ocrx_word' id='word_1_278' title='bbox 1018 3387 1199 3453; x_wconf 89' lang='lat' dir='ltr'><strong>dedit,</strong></span> <span class='ocrx_word' id='word_1_279' title='bbox 1248 3387 1351 3442; x_wconf 88' lang='lat' dir='ltr'><strong>alia</strong></span> <span class='ocrx_word' id='word_1_280' title='bbox 1380 3386 1665 3457; x_wconf 86' lang='lat' dir='ltr'><strong>promisit:</strong></span> <span class='ocrx_word' id='word_1_281' title='bbox 1703 3386 1804 3441; x_wconf 89' lang='lat' dir='ltr'><strong>alia</strong></span> <span class='ocrx_word' id='word_1_282' title='bbox 1834 3386 1886 3442; x_wconf 91' lang='lat' dir='ltr'><strong>in</strong></span> <span class='ocrx_word' id='word_1_283' title='bbox 1916 3386 2241 3456; x_wconf 86' lang='lat' dir='ltr'><strong>experientia</strong></span> 
     </span>
    </p>
   </div>
   <div class='ocr_carea' id='block_1_34' title="bbox 666 3477 2240 3549">
    <p class='ocr_par' dir='ltr' id='par_1_34' title="bbox 666 3477 2240 3549">
     <span class='ocr_line' id='line_1_34' title="bbox 666 3477 2240 3549; baseline -0.001 -15"><span class='ocrx_word' id='word_1_284' title='bbox 666 3490 900 3536; x_wconf 85' lang='lat' dir='ltr'><strong>erantet</strong></span> <span class='ocrx_word' id='word_1_285' title='bbox 932 3480 1204 3546; x_wconf 89' lang='lat' dir='ltr'><strong>fruitioue,</strong></span> <span class='ocrx_word' id='word_1_286' title='bbox 1228 3479 1329 3533; x_wconf 89' lang='lat' dir='ltr'><strong>alia</strong></span> <span class='ocrx_word' id='word_1_287' title='bbox 1369 3479 1421 3533; x_wconf 92' lang='lat' dir='ltr'><strong>in</strong></span> <span class='ocrx_word' id='word_1_288' title='bbox 1466 3493 1562 3549; x_wconf 85' lang='lat' dir='ltr'><strong>spe</strong></span> <span class='ocrx_word' id='word_1_289' title='bbox 1586 3487 1641 3534; x_wconf 91' lang='lat' dir='ltr'><strong>et</strong></span> <span class='ocrx_word' id='word_1_290' title='bbox 1676 3477 1800 3535; x_wconf 83' lang='lat' dir='ltr'><strong>fide.</strong></span> <span class='ocrx_word' id='word_1_291' title='bbox 1852 3479 1987 3533; x_wconf 78' lang='lat' dir='ltr'><strong>Audi</strong></span> <span class='ocrx_word' id='word_1_292' title='bbox 2029 3478 2240 3532; x_wconf 86' lang='lat' dir='ltr'><strong>iterum.</strong></span> 
     </span>
    </p>
   </div>
   <div class='ocr_carea' id='block_1_35' title="bbox 667 3568 2243 3640">
    <p class='ocr_par' dir='ltr' id='par_1_35' title="bbox 667 3568 2243 3640">
     <span class='ocr_line' id='line_1_35' title="bbox 667 3568 2243 3640; baseline -0.003 -14"><span class='ocrx_word' id='word_1_293' title='bbox 667 3570 805 3639; x_wconf 83' lang='lat' dir='ltr'><strong>Quid</strong></span> <span class='ocrx_word' id='word_1_294' title='bbox 832 3570 1018 3626; x_wconf 87' lang='lat' dir='ltr'><strong>dedit?</strong></span> <span class='ocrx_word' id='word_1_295' title='bbox 1044 3570 1331 3640; x_wconf 74' lang='lat' dir='ltr'><strong>Baptisms,</strong></span> <span class='ocrx_word' id='word_1_296' title='bbox 1359 3569 1701 3623; x_wconf 84' lang='lat' dir='ltr'><strong>sacrificium.</strong></span> <span class='ocrx_word' id='word_1_297' title='bbox 1735 3568 1859 3623; x_wconf 68' lang='lat' dir='ltr'><strong>llazc</strong></span> <span class='ocrx_word' id='word_1_298' title='bbox 1888 3568 1939 3622; x_wconf 93' lang='lat' dir='ltr'><strong>in</strong></span> <span class='ocrx_word' id='word_1_299' title='bbox 1966 3568 2243 3637; x_wconf 66' lang='lat' dir='ltr'><strong>experieuo</strong></span> 
     </span>
    </p>
   </div>
   <div class='ocr_carea' id='block_1_36' title="bbox 671 3661 2241 3733">
    <p class='ocr_par' dir='ltr' id='par_1_36' title="bbox 671 3661 2241 3733">
     <span class='ocr_line' id='line_1_36' title="bbox 671 3661 2241 3733; baseline -0.003 -14"><span class='ocrx_word' id='word_1_300' title='bbox 671 3666 763 3719; x_wconf 88' lang='lat' dir='ltr'><strong>tia.</strong></span> <span class='ocrx_word' id='word_1_301' title='bbox 796 3663 927 3720; x_wconf 79' lang='lat' dir='ltr'><strong>Vide</strong></span> <span class='ocrx_word' id='word_1_302' title='bbox 972 3674 1173 3718; x_wconf 88' lang='lat' dir='ltr'><strong>autem.</strong></span> <span class='ocrx_word' id='word_1_303' title='bbox 1227 3661 1364 3729; x_wconf 83' lang='lat' dir='ltr'><strong>Quid</strong></span> <span class='ocrx_word' id='word_1_304' title='bbox 1396 3662 1681 3733; x_wconf 84' lang='lat' dir='ltr'><strong>promisit?</strong></span> <span class='ocrx_word' id='word_1_305' title='bbox 1732 3661 2194 3717; x_wconf 82' lang='lat' dir='ltr'><strong>Resurrcctionem</strong></span> <span class='ocrx_word' id='word_1_306' title='bbox 2224 3700 2241 3728; x_wconf 90' lang='lat'><strong>,</strong></span> 
     </span>
    </p>
   </div>
   <div class='ocr_carea' id='block_1_37' title="bbox 667 3751 2241 3825">
    <p class='ocr_par' dir='ltr' id='par_1_37' title="bbox 667 3751 2241 3825">
     <span class='ocr_line' id='line_1_37' title="bbox 667 3751 2241 3825; baseline -0.001 -16"><span class='ocrx_word' id='word_1_307' title='bbox 667 3769 953 3825; x_wconf 86' lang='lat' dir='ltr'><strong>corporum</strong></span> <span class='ocrx_word' id='word_1_308' title='bbox 993 3753 1446 3825; x_wconf 88' lang='lat' dir='ltr'><strong>incorruptionem</strong></span> <span class='ocrx_word' id='word_1_309' title='bbox 1469 3793 1487 3820; x_wconf 90' lang='lat'><strong>,</strong></span> <span class='ocrx_word' id='word_1_310' title='bbox 1540 3754 1795 3809; x_wconf 90' lang='lat' dir='ltr'><strong>unionem</strong></span> <span class='ocrx_word' id='word_1_311' title='bbox 1831 3767 1953 3807; x_wconf 86' lang='lat' dir='ltr'><strong>eum</strong></span> <span class='ocrx_word' id='word_1_312' title='bbox 1999 3751 2200 3823; x_wconf 76' lang='lat' dir='ltr'><strong>angelis</strong></span> <span class='ocrx_word' id='word_1_313' title='bbox 2225 3793 2241 3820; x_wconf 94' lang='lat'><strong>,</strong></span> 
     </span>
    </p>
   </div>
   <div class='ocr_carea' id='block_1_38' title="bbox 668 3844 2241 3916">
    <p class='ocr_par' dir='ltr' id='par_1_38' title="bbox 668 3844 2241 3916">
     <span class='ocr_line' id='line_1_38' title="bbox 668 3844 2241 3916; baseline -0.003 -15"><span class='ocrx_word' id='word_1_314' title='bbox 668 3847 895 3903; x_wconf 84' lang='lat' dir='ltr'><strong>choreas</strong></span> <span class='ocrx_word' id='word_1_315' title='bbox 920 3860 1043 3902; x_wconf 93' lang='lat' dir='ltr'><strong>cum</strong></span> <span class='ocrx_word' id='word_1_316' title='bbox 1074 3846 1406 3916; x_wconf 84' lang='lat' dir='ltr'><strong>archangelis</strong></span> <span class='ocrx_word' id='word_1_317' title='bbox 1426 3886 1441 3913; x_wconf 90' lang='lat'><strong>,</strong></span> <span class='ocrx_word' id='word_1_318' title='bbox 1463 3846 1624 3901; x_wconf 81' lang='lat' dir='ltr'><strong>vitam</strong></span> <span class='ocrx_word' id='word_1_319' title='bbox 1655 3844 1709 3903; x_wconf 89' lang='lat' dir='ltr'><strong>in</strong></span> <span class='ocrx_word' id='word_1_320' title='bbox 1738 3845 1904 3916; x_wconf 85' lang='lat' dir='ltr'><strong>ipsius</strong></span> <span class='ocrx_word' id='word_1_321' title='bbox 1928 3844 2198 3900; x_wconf 88' lang='lat' dir='ltr'><strong>consortio</strong></span> <span class='ocrx_word' id='word_1_322' title='bbox 2224 3885 2241 3911; x_wconf 90' lang='lat'><strong>,</strong></span> 
     </span>
    </p>
   </div>
   <div class='ocr_carea' id='block_1_39' title="bbox 667 3934 2247 4004">
    <p class='ocr_par' dir='ltr' id='par_1_39' title="bbox 667 3934 2247 4004">
     <span class='ocr_line' id='line_1_39' title="bbox 667 3934 2247 4004; baseline -0.001 -12"><span class='ocrx_word' id='word_1_323' title='bbox 667 3940 829 3992; x_wconf 86' lang='lat' dir='ltr'><strong>vitam</strong></span> <span class='ocrx_word' id='word_1_324' title='bbox 885 3937 1257 4004; x_wconf 86' lang='lat' dir='ltr'><strong>immortalem,</strong></span> <span class='ocrx_word' id='word_1_325' title='bbox 1307 3936 1445 3991; x_wconf 87' lang='lat' dir='ltr'><strong>bona</strong></span> <span class='ocrx_word' id='word_1_326' title='bbox 1492 3936 1620 4004; x_wconf 74' lang='lat' dir='ltr'><strong>Quae</strong></span> <span class='ocrx_word' id='word_1_327' title='bbox 1661 3936 1835 3991; x_wconf 78' lang='lat' dir='ltr'><strong>oculus</strong></span> <span class='ocrx_word' id='word_1_328' title='bbox 1888 3951 1986 3989; x_wconf 88' lang='lat' dir='ltr'><strong>non</strong></span> <span class='ocrx_word' id='word_1_329' title='bbox 2026 3934 2170 4000; x_wconf 79' lang='lat' dir='ltr'><strong>uidit,</strong></span> <span class='ocrx_word' id='word_1_330' title='bbox 2199 3943 2247 3991; x_wconf 83' lang='lat' dir='ltr'><strong>et</strong></span> 
     </span>
    </p>
   </div>
   <div class='ocr_carea' id='block_1_40' title="bbox 671 4028 2247 4097">
    <p class='ocr_par' dir='ltr' id='par_1_40' title="bbox 671 4028 2247 4097">
     <span class='ocr_line' id='line_1_40' title="bbox 671 4028 2247 4097; baseline -0.002 -14"><span class='ocrx_word' id='word_1_331' title='bbox 671 4031 810 4085; x_wconf 82' lang='lat' dir='ltr'><strong>auris</strong></span> <span class='ocrx_word' id='word_1_332' title='bbox 853 4047 955 4085; x_wconf 82' lang='lat' dir='ltr'><strong>non</strong></span> <span class='ocrx_word' id='word_1_333' title='bbox 1000 4031 1192 4084; x_wconf 83' lang='lat' dir='ltr'><strong>audivit</strong></span> <span class='ocrx_word' id='word_1_334' title='bbox 1216 4070 1233 4097; x_wconf 90' lang='lat'><strong>,</strong></span> <span class='ocrx_word' id='word_1_335' title='bbox 1295 4038 1341 4085; x_wconf 88' lang='lat' dir='ltr'><strong>et</strong></span> <span class='ocrx_word' id='word_1_336' title='bbox 1395 4030 1450 4083; x_wconf 80' lang='lat' dir='ltr'><strong>in</strong></span> <span class='ocrx_word' id='word_1_337' title='bbox 1504 4045 1593 4083; x_wconf 87' lang='lat' dir='ltr'><strong>cor</strong></span> <span class='ocrx_word' id='word_1_338' title='bbox 1640 4028 1857 4083; x_wconf 79' lang='lat' dir='ltr'><strong>hominis</strong></span> <span class='ocrx_word' id='word_1_339' title='bbox 1914 4044 2014 4083; x_wconf 86' lang='lat' dir='ltr'><strong>non</strong></span> <span class='ocrx_word' id='word_1_340' title='bbox 2074 4044 2247 4082; x_wconf 86' lang='lat' dir='ltr'><strong>ascen-</strong></span> 
     </span>
    </p>
   </div>
   <div class='ocr_carea' id='block_1_41' title="bbox 668 4116 2243 4193">
    <p class='ocr_par' dir='ltr' id='par_1_41' title="bbox 668 4116 2243 4193">
     <span class='ocr_line' id='line_1_41' title="bbox 668 4116 2243 4193; baseline -0.004 -16"><span class='ocrx_word' id='word_1_341' title='bbox 668 4124 851 4177; x_wconf 82' lang='lat' dir='ltr'><strong>derunt</strong></span> <span class='ocrx_word' id='word_1_342' title='bbox 874 4162 892 4189; x_wconf 86' lang='lat'><strong>,</strong></span> <span class='ocrx_word' id='word_1_343' title='bbox 933 4138 1044 4193; x_wconf 83' lang='lat' dir='ltr'><strong>qua:</strong></span> <span class='ocrx_word' id='word_1_344' title='bbox 1078 4121 1380 4191; x_wconf 67' lang='lat' dir='ltr'><strong>praeparavit</strong></span> <span class='ocrx_word' id='word_1_345' title='bbox 1410 4119 1548 4176; x_wconf 85' lang='lat' dir='ltr'><strong>Deus</strong></span> <span class='ocrx_word' id='word_1_346' title='bbox 1572 4118 1893 4191; x_wconf 78' lang='lat' dir='ltr'><strong>diligentibus</strong></span> <span class='ocrx_word' id='word_1_347' title='bbox 1935 4120 2026 4188; x_wconf 85' lang='lat' dir='ltr'><strong>se(</strong></span> <span class='ocrx_word' id='word_1_348' title='bbox 2052 4120 2101 4173; x_wconf 75' lang='lat' dir='ltr'><strong>i.</strong></span> <span class='ocrx_word' id='word_1_349' title='bbox 2127 4116 2243 4173; x_wconf 70' lang='lat' dir='ltr'><strong>Cur.</strong></span> 
     </span>
    </p>
   </div>
   <div class='ocr_carea' id='block_1_42' title="bbox 668 4215 859 4287">
    <p class='ocr_par' dir='ltr' id='par_1_42' title="bbox 668 4215 859 4287">
     <span class='ocr_line' id='line_1_42' title="bbox 668 4215 859 4287; baseline -0.031 -16"><span class='ocrx_word' id='word_1_350' title='bbox 668 4215 859 4287; x_wconf 75' lang='lat'><strong>2.9).</strong></span> 
     </span>
    </p>
   </div>
   <div class='ocr_carea' id='block_1_43' title="bbox 744 4303 2245 4380">
    <p class='ocr_par' dir='ltr' id='par_1_43' title="bbox 744 4303 2245 4380">
     <span class='ocr_line' id='line_1_43' title="bbox 744 4303 2245 4380; baseline -0.003 -17"><span class='ocrx_word' id='word_1_351' title='bbox 744 4306 832 4363; x_wconf 74' lang='grc'><strong>10.</strong></span> <span class='ocrx_word' id='word_1_352' title='bbox 864 4306 1142 4380; x_wconf 82' lang='lat' dir='ltr'><strong>Intelligite</strong></span> <span class='ocrx_word' id='word_1_353' title='bbox 1167 4306 1217 4362; x_wconf 91' lang='lat' dir='ltr'><strong>id</strong></span> <span class='ocrx_word' id='word_1_354' title='bbox 1240 4347 1256 4372; x_wconf 87' lang='lat'><strong>,</strong></span> <span class='ocrx_word' id='word_1_355' title='bbox 1294 4305 1436 4377; x_wconf 91' lang='lat' dir='ltr'><strong>quod</strong></span> <span class='ocrx_word' id='word_1_356' title='bbox 1464 4304 1690 4372; x_wconf 83' lang='lat' dir='ltr'><strong>dicitur,</strong></span> <span class='ocrx_word' id='word_1_357' title='bbox 1719 4319 1787 4362; x_wconf 90' lang='lat' dir='ltr'><strong>ne</strong></span> <span class='ocrx_word' id='word_1_358' title='bbox 1817 4303 2048 4375; x_wconf 87' lang='lat' dir='ltr'><strong>perdatis</strong></span> <span class='ocrx_word' id='word_1_359' title='bbox 2072 4303 2199 4359; x_wconf 91' lang='lat' dir='ltr'><strong>illud</strong></span> <span class='ocrx_word' id='word_1_360' title='bbox 2232 4322 2245 4359; x_wconf 91' lang='lat'>:</span> 
     </span>
    </p>
   </div>
   <div class='ocr_carea' id='block_1_44' title="bbox 675 4395 2249 4473">
    <p class='ocr_par' dir='ltr' id='par_1_44' title="bbox 675 4395 2249 4473">
     <span class='ocr_line' id='line_1_44' title="bbox 675 4395 2249 4473; baseline -0.002 -20"><span class='ocrx_word' id='word_1_361' title='bbox 675 4398 795 4455; x_wconf 88' lang='lat' dir='ltr'><strong>ideo</strong></span> <span class='ocrx_word' id='word_1_362' title='bbox 821 4397 1027 4466; x_wconf 87' lang='lat' dir='ltr'><strong>laboro,</strong></span> <span class='ocrx_word' id='word_1_363' title='bbox 1061 4406 1119 4452; x_wconf 91' lang='lat' dir='ltr'><strong>ut</strong></span> <span class='ocrx_word' id='word_1_364' title='bbox 1157 4396 1483 4466; x_wconf 89' lang='lat' dir='ltr'><strong>intelligatis.</strong></span> <span class='ocrx_word' id='word_1_365' title='bbox 1514 4395 1571 4451; x_wconf 91' lang='lat' dir='ltr'><strong>In</strong></span> <span class='ocrx_word' id='word_1_366' title='bbox 1596 4395 1730 4451; x_wconf 87' lang='lat' dir='ltr'><strong>duas</strong></span> <span class='ocrx_word' id='word_1_367' title='bbox 1754 4396 1912 4466; x_wconf 78' lang='lat' dir='ltr'><strong>igitur</strong></span> <span class='ocrx_word' id='word_1_368' title='bbox 1936 4404 2110 4465; x_wconf 88' lang='lat' dir='ltr'><strong>partes</strong></span> <span class='ocrx_word' id='word_1_369' title='bbox 2133 4404 2249 4473; x_wconf 78' lang='lat' dir='ltr'><strong>erat</strong></span> 
     </span>
    </p>
   </div>
   <div class='ocr_carea' id='block_1_45' title="bbox 673 4488 2249 4561">
    <p class='ocr_par' dir='ltr' id='par_1_45' title="bbox 673 4488 2249 4561">
     <span class='ocr_line' id='line_1_45' title="bbox 673 4488 2249 4561; baseline -0.003 -14"><span class='ocrx_word' id='word_1_370' title='bbox 673 4491 770 4547; x_wconf 89' lang='lat' dir='ltr'><strong>dos</strong></span> <span class='ocrx_word' id='word_1_371' title='bbox 789 4489 904 4561; x_wconf 86' lang='lat' dir='ltr'><strong>ejus</strong></span> <span class='ocrx_word' id='word_1_372' title='bbox 922 4489 1125 4555; x_wconf 85' lang='lat' dir='ltr'><strong>divisa;</strong></span> <span class='ocrx_word' id='word_1_373' title='bbox 1159 4490 1210 4544; x_wconf 93' lang='lat' dir='ltr'><strong>iu</strong></span> <span class='ocrx_word' id='word_1_374' title='bbox 1234 4489 1535 4559; x_wconf 61' lang='lat' dir='ltr'><strong>praesentia,</strong></span> <span class='ocrx_word' id='word_1_375' title='bbox 1562 4498 1618 4544; x_wconf 91' lang='lat' dir='ltr'><strong>et</strong></span> <span class='ocrx_word' id='word_1_376' title='bbox 1642 4490 1693 4543; x_wconf 94' lang='lat' dir='ltr'><strong>in</strong></span> <span class='ocrx_word' id='word_1_377' title='bbox 1720 4488 1932 4555; x_wconf 83' lang='lat' dir='ltr'><strong>futura;</strong></span> <span class='ocrx_word' id='word_1_378' title='bbox 1965 4489 2016 4544; x_wconf 90' lang='lat' dir='ltr'><strong>in</strong></span> <span class='ocrx_word' id='word_1_379' title='bbox 2039 4504 2101 4544; x_wconf 88' lang='lat' dir='ltr'><strong>ea</strong></span> <span class='ocrx_word' id='word_1_380' title='bbox 2129 4504 2249 4560; x_wconf 80' lang='lat' dir='ltr'><strong>qua:</strong></span> 
     </span>
    </p>
   </div>
   <div class='ocr_carea' id='block_1_46' title="bbox 675 4581 2249 4652">
    <p class='ocr_par' dir='ltr' id='par_1_46' title="bbox 675 4581 2249 4652">
     <span class='ocr_line' id='line_1_46' title="bbox 675 4581 2249 4652; baseline -0.002 -15"><span class='ocrx_word' id='word_1_381' title='bbox 675 4584 825 4650; x_wconf 80' lang='lat' dir='ltr'><strong>visu,</strong></span> <span class='ocrx_word' id='word_1_382' title='bbox 871 4592 925 4640; x_wconf 90' lang='lat' dir='ltr'><strong>et</strong></span> <span class='ocrx_word' id='word_1_383' title='bbox 960 4583 1021 4637; x_wconf 90' lang='lat' dir='ltr'><strong>in</strong></span> <span class='ocrx_word' id='word_1_384' title='bbox 1050 4598 1111 4638; x_wconf 87' lang='lat' dir='ltr'><strong>ea</strong></span> <span class='ocrx_word' id='word_1_385' title='bbox 1142 4597 1259 4652; x_wconf 76' lang='lat' dir='ltr'><strong>qua:</strong></span> <span class='ocrx_word' id='word_1_386' title='bbox 1286 4582 1466 4637; x_wconf 89' lang='lat' dir='ltr'><strong>auditu</strong></span> <span class='ocrx_word' id='word_1_387' title='bbox 1510 4581 1870 4651; x_wconf 90' lang='lat' dir='ltr'><strong>percipiuntur</strong></span> <span class='ocrx_word' id='word_1_388' title='bbox 1910 4599 1923 4634; x_wconf 88' lang='lat'><strong>:</strong></span> <span class='ocrx_word' id='word_1_389' title='bbox 1956 4581 2007 4634; x_wconf 91' lang='lat' dir='ltr'><strong>in</strong></span> <span class='ocrx_word' id='word_1_390' title='bbox 2042 4596 2101 4635; x_wconf 78' lang='lat' dir='ltr'><strong>ea</strong></span> <span class='ocrx_word' id='word_1_391' title='bbox 2132 4595 2249 4649; x_wconf 71' lang='lat' dir='ltr'><strong>qua:</strong></span> 
     </span>
    </p>
   </div>
   <div class='ocr_carea' id='block_1_47' title="bbox 676 4671 2249 4745">
    <p class='ocr_par' dir='ltr' id='par_1_47' title="bbox 676 4671 2249 4745">
     <span class='ocr_line' id='line_1_47' title="bbox 676 4671 2249 4745; baseline -0.005 -13"><span class='ocrx_word' id='word_1_392' title='bbox 676 4677 903 4743; x_wconf 84' lang='lat' dir='ltr'><strong>dantur,</strong></span> <span class='ocrx_word' id='word_1_393' title='bbox 943 4675 1075 4732; x_wconf 91' lang='lat' dir='ltr'><strong>etin</strong></span> <span class='ocrx_word' id='word_1_394' title='bbox 1102 4690 1164 4731; x_wconf 91' lang='lat' dir='ltr'><strong>ea</strong></span> <span class='ocrx_word' id='word_1_395' title='bbox 1184 4689 1302 4745; x_wconf 61' lang='lat' dir='ltr'><strong>quas</strong></span> <span class='ocrx_word' id='word_1_396' title='bbox 1325 4673 1612 4729; x_wconf 87' lang='lat' dir='ltr'><strong>creduntur</strong></span> <span class='ocrx_word' id='word_1_397' title='bbox 1642 4690 1653 4725; x_wconf 88' lang='lat'><strong>:</strong></span> <span class='ocrx_word' id='word_1_398' title='bbox 1685 4674 1736 4728; x_wconf 92' lang='lat' dir='ltr'><strong>in</strong></span> <span class='ocrx_word' id='word_1_399' title='bbox 1766 4687 1829 4727; x_wconf 86' lang='lat' dir='ltr'><strong>ea</strong></span> <span class='ocrx_word' id='word_1_400' title='bbox 1853 4687 1972 4742; x_wconf 65' lang='lat' dir='ltr'><strong>quae</strong></span> <span class='ocrx_word' id='word_1_401' title='bbox 1998 4671 2049 4727; x_wconf 92' lang='lat' dir='ltr'><strong>in</strong></span> <span class='ocrx_word' id='word_1_402' title='bbox 2079 4686 2249 4741; x_wconf 61' lang='lat' dir='ltr'><strong>expc-</strong></span> 
     </span>
    </p>
   </div>
   <div class='ocr_carea' id='block_1_48' title="bbox 678 4763 2253 4836">
    <p class='ocr_par' dir='ltr' id='par_1_48' title="bbox 678 4763 2253 4836">
     <span class='ocr_line' id='line_1_48' title="bbox 678 4763 2253 4836; baseline -0.003 -15"><span class='ocrx_word' id='word_1_403' title='bbox 678 4767 865 4824; x_wconf 87' lang='lat' dir='ltr'><strong>ricntia</strong></span> <span class='ocrx_word' id='word_1_404' title='bbox 883 4810 899 4834; x_wconf 89' lang='lat'><strong>,</strong></span> <span class='ocrx_word' id='word_1_405' title='bbox 925 4775 979 4823; x_wconf 89' lang='lat' dir='ltr'><strong>et</strong></span> <span class='ocrx_word' id='word_1_406' title='bbox 1018 4768 1070 4822; x_wconf 92' lang='lat' dir='ltr'><strong>in</strong></span> <span class='ocrx_word' id='word_1_407' title='bbox 1096 4780 1158 4821; x_wconf 88' lang='lat' dir='ltr'><strong>ea</strong></span> <span class='ocrx_word' id='word_1_408' title='bbox 1184 4781 1301 4836; x_wconf 71' lang='lat' dir='ltr'><strong>qua:</strong></span> <span class='ocrx_word' id='word_1_409' title='bbox 1330 4766 1382 4820; x_wconf 89' lang='lat' dir='ltr'><strong>in</strong></span> <span class='ocrx_word' id='word_1_410' title='bbox 1412 4764 1659 4820; x_wconf 89' lang='lat' dir='ltr'><strong>fruitione</strong></span> <span class='ocrx_word' id='word_1_411' title='bbox 1687 4780 1700 4816; x_wconf 92' lang='lat'><strong>:</strong></span> <span class='ocrx_word' id='word_1_412' title='bbox 1731 4764 1783 4819; x_wconf 89' lang='lat' dir='ltr'><strong>in</strong></span> <span class='ocrx_word' id='word_1_413' title='bbox 1811 4778 1873 4819; x_wconf 90' lang='lat' dir='ltr'><strong>ea</strong></span> <span class='ocrx_word' id='word_1_414' title='bbox 1897 4777 2015 4833; x_wconf 79' lang='lat' dir='ltr'><strong>quze</strong></span> <span class='ocrx_word' id='word_1_415' title='bbox 2042 4763 2092 4817; x_wconf 91' lang='lat' dir='ltr'><strong>in</strong></span> <span class='ocrx_word' id='word_1_416' title='bbox 2118 4778 2253 4833; x_wconf 73' lang='lat' dir='ltr'><strong>pne-</strong></span> 
     </span>
    </p>
   </div>
   <div class='ocr_carea' id='block_1_49' title="bbox 678 4852 2254 4927">
    <p class='ocr_par' dir='ltr' id='par_1_49' title="bbox 678 4852 2254 4927">
     <span class='ocr_line' id='line_1_49' title="bbox 678 4852 2254 4927; baseline -0.005 -11"><span class='ocrx_word' id='word_1_417' title='bbox 678 4859 813 4919; x_wconf 85' lang='lat' dir='ltr'><strong>scnti</strong></span> <span class='ocrx_word' id='word_1_418' title='bbox 841 4861 981 4925; x_wconf 86' lang='lat' dir='ltr'><strong>vita,</strong></span> <span class='ocrx_word' id='word_1_419' title='bbox 1028 4866 1082 4913; x_wconf 91' lang='lat' dir='ltr'><strong>et</strong></span> <span class='ocrx_word' id='word_1_420' title='bbox 1120 4859 1172 4913; x_wconf 91' lang='lat' dir='ltr'><strong>in</strong></span> <span class='ocrx_word' id='word_1_421' title='bbox 1207 4872 1270 4912; x_wconf 90' lang='lat' dir='ltr'><strong>ea</strong></span> <span class='ocrx_word' id='word_1_422' title='bbox 1299 4872 1417 4927; x_wconf 76' lang='lat' dir='ltr'><strong>qu&#39;e</strong></span> <span class='ocrx_word' id='word_1_423' title='bbox 1456 4863 1576 4927; x_wconf 90' lang='lat' dir='ltr'><strong>post</strong></span> <span class='ocrx_word' id='word_1_424' title='bbox 1611 4854 2075 4911; x_wconf 88' lang='lat' dir='ltr'><strong>resurrectionem.</strong></span> <span class='ocrx_word' id='word_1_425' title='bbox 2125 4852 2254 4909; x_wconf 73' lang='lat' dir='ltr'><strong>Hmc</strong></span> 
     </span>
    </p>
   </div>
   <div class='ocr_carea' id='block_1_50' title="bbox 678 4946 2251 5019">
    <p class='ocr_par' dir='ltr' id='par_1_50' title="bbox 678 4946 2251 5019">
     <span class='ocr_line' id='line_1_50' title="bbox 678 4946 2251 5019; baseline -0.005 -13"><span class='ocrx_word' id='word_1_426' title='bbox 678 4951 845 5017; x_wconf 82' lang='lat' dir='ltr'><strong>vides,</strong></span> <span class='ocrx_word' id='word_1_427' title='bbox 874 4950 963 5005; x_wconf 88' lang='lat' dir='ltr'><strong>illa</strong></span> <span class='ocrx_word' id='word_1_428' title='bbox 990 4948 1158 5007; x_wconf 86' lang='lat' dir='ltr'><strong>audis.</strong></span> <span class='ocrx_word' id='word_1_429' title='bbox 1192 4948 1324 5003; x_wconf 73' lang='lat' dir='ltr'><strong>Vide</strong></span> <span class='ocrx_word' id='word_1_430' title='bbox 1352 4948 1507 5019; x_wconf 82' lang='lat' dir='ltr'><strong>igitur</strong></span> <span class='ocrx_word' id='word_1_431' title='bbox 1526 4946 1651 5018; x_wconf 90' lang='lat' dir='ltr'><strong>quid</strong></span> <span class='ocrx_word' id='word_1_432' title='bbox 1680 4946 1819 5001; x_wconf 85' lang='lat' dir='ltr'><strong>dicat</strong></span> <span class='ocrx_word' id='word_1_433' title='bbox 1848 4946 1944 5011; x_wconf 89' lang='lat' dir='ltr'><strong>illi,</strong></span> <span class='ocrx_word' id='word_1_434' title='bbox 1973 4954 2030 4999; x_wconf 88' lang='lat' dir='ltr'><strong>ut</strong></span> <span class='ocrx_word' id='word_1_435' title='bbox 2056 4960 2124 5000; x_wconf 89' lang='lat' dir='ltr'><strong>ne</strong></span> <span class='ocrx_word' id='word_1_436' title='bbox 2151 4960 2251 5013; x_wconf 79' lang='lat' dir='ltr'><strong>pu-</strong></span> 
     </span>
    </p>
   </div>
   <div class='ocr_carea' id='block_1_51' title="bbox 680 5040 2253 5113">
    <p class='ocr_par' dir='ltr' id='par_1_51' title="bbox 680 5040 2253 5113">
     <span class='ocr_line' id='line_1_51' title="bbox 680 5040 2253 5113; baseline -0.003 -16"><span class='ocrx_word' id='word_1_437' title='bbox 680 5051 818 5099; x_wconf 84' lang='lat' dir='ltr'><strong>taret</strong></span> <span class='ocrx_word' id='word_1_438' title='bbox 856 5041 999 5113; x_wconf 87' lang='lat' dir='ltr'><strong>quod</strong></span> <span class='ocrx_word' id='word_1_439' title='bbox 1037 5041 1151 5097; x_wconf 61' lang='lat' dir='ltr'><strong>haec</strong></span> <span class='ocrx_word' id='word_1_440' title='bbox 1177 5041 1349 5097; x_wconf 88' lang='lat' dir='ltr'><strong>solum</strong></span> <span class='ocrx_word' id='word_1_441' title='bbox 1389 5040 1723 5109; x_wconf 87' lang='lat' dir='ltr'><strong>accepisset:</strong></span> <span class='ocrx_word' id='word_1_442' title='bbox 1748 5040 1847 5094; x_wconf 90' lang='lat' dir='ltr'><strong>etsi</strong></span> <span class='ocrx_word' id='word_1_443' title='bbox 1878 5053 2065 5109; x_wconf 85' lang='lat' dir='ltr'><strong>magna</strong></span> <span class='ocrx_word' id='word_1_444' title='bbox 2099 5047 2253 5093; x_wconf 90' lang='lat' dir='ltr'><strong>erant</strong></span> 
     </span>
    </p>
   </div>
   <div class='ocr_carea' id='block_1_52' title="bbox 679 5131 2251 5201">
    <p class='ocr_par' dir='ltr' id='par_1_52' title="bbox 679 5131 2251 5201">
     <span class='ocr_line' id='line_1_52' title="bbox 679 5131 2251 5201; baseline -0.004 -11"><span class='ocrx_word' id='word_1_445' title='bbox 679 5145 733 5190; x_wconf 91' lang='lat' dir='ltr'><strong>ct</strong></span> <span class='ocrx_word' id='word_1_446' title='bbox 754 5133 1058 5199; x_wconf 81' lang='lat' dir='ltr'><strong>ineffabilia,</strong></span> <span class='ocrx_word' id='word_1_447' title='bbox 1104 5142 1158 5188; x_wconf 91' lang='lat' dir='ltr'><strong>et</strong></span> <span class='ocrx_word' id='word_1_448' title='bbox 1197 5142 1432 5187; x_wconf 89' lang='lat' dir='ltr'><strong>mentem</strong></span> <span class='ocrx_word' id='word_1_449' title='bbox 1471 5146 1682 5187; x_wconf 89' lang='lat' dir='ltr'><strong>onmem</strong></span> <span class='ocrx_word' id='word_1_450' title='bbox 1729 5132 2051 5201; x_wconf 88' lang='lat' dir='ltr'><strong>superantia.</strong></span> <span class='ocrx_word' id='word_1_451' title='bbox 2096 5131 2251 5199; x_wconf 84' lang='lat' dir='ltr'><strong>Audi,</strong></span> 
     </span>
    </p>
   </div>
   <div class='ocr_carea' id='block_1_53' title="bbox 681 5221 2249 5295">
    <p class='ocr_par' dir='ltr' id='par_1_53' title="bbox 681 5221 2249 5295">
     <span class='ocr_line' id='line_1_53' title="bbox 681 5221 2249 5295; baseline -0.003 -15"><span class='ocrx_word' id='word_1_452' title='bbox 681 5226 827 5295; x_wconf 83' lang='lat' dir='ltr'><strong>ﬁlia,</strong></span> <span class='ocrx_word' id='word_1_453' title='bbox 867 5234 914 5279; x_wconf 84' lang='lat' dir='ltr'><strong>et</strong></span> <span class='ocrx_word' id='word_1_454' title='bbox 957 5224 1067 5279; x_wconf 83' lang='lat' dir='ltr'><strong>vide</strong></span> <span class='ocrx_word' id='word_1_455' title='bbox 1093 5239 1113 5280; x_wconf 90' lang='lat'><strong><em>:</em></strong></span> <span class='ocrx_word' id='word_1_456' title='bbox 1137 5223 1258 5279; x_wconf 84' lang='lat' dir='ltr'><strong>audi</strong></span> <span class='ocrx_word' id='word_1_457' title='bbox 1295 5223 1383 5279; x_wconf 88' lang='lat' dir='ltr'><strong>illa</strong></span> <span class='ocrx_word' id='word_1_458' title='bbox 1405 5266 1419 5288; x_wconf 87' lang='lat'><strong>,</strong></span> <span class='ocrx_word' id='word_1_459' title='bbox 1467 5232 1523 5279; x_wconf 92' lang='lat' dir='ltr'><strong>et</strong></span> <span class='ocrx_word' id='word_1_460' title='bbox 1548 5222 1663 5278; x_wconf 83' lang='lat' dir='ltr'><strong>haec</strong></span> <span class='ocrx_word' id='word_1_461' title='bbox 1691 5221 1841 5288; x_wconf 84' lang='lat' dir='ltr'><strong>vide;</strong></span> <span class='ocrx_word' id='word_1_462' title='bbox 1873 5230 1931 5276; x_wconf 92' lang='lat' dir='ltr'><strong>ut</strong></span> <span class='ocrx_word' id='word_1_463' title='bbox 1965 5238 2031 5277; x_wconf 90' lang='lat' dir='ltr'><strong>ne</strong></span> <span class='ocrx_word' id='word_1_464' title='bbox 2065 5222 2249 5276; x_wconf 87' lang='lat' dir='ltr'><strong>dicas:</strong></span> 
     </span>
    </p>
   </div>
   <div class='ocr_carea' id='block_1_54' title="bbox 681 5312 2254 5400">
    <p class='ocr_par' dir='ltr' id='par_1_54' title="bbox 681 5312 2254 5400">
     <span class='ocr_line' id='line_1_54' title="bbox 681 5312 2254 5400; baseline -0.002 -30"><span class='ocrx_word' id='word_1_465' title='bbox 681 5316 919 5400; x_wconf 74' lang='lat' dir='ltr'><strong>Rursum</strong></span> <span class='ocrx_word' id='word_1_466' title='bbox 936 5314 989 5371; x_wconf 91' lang='lat' dir='ltr'><strong>in</strong></span> <span class='ocrx_word' id='word_1_467' title='bbox 1030 5315 1165 5386; x_wconf 79' lang='lat' dir='ltr'><strong>spe?</strong></span> <span class='ocrx_word' id='word_1_468' title='bbox 1192 5330 1399 5371; x_wconf 89' lang='lat' dir='ltr'><strong>rursum</strong></span> <span class='ocrx_word' id='word_1_469' title='bbox 1430 5315 1483 5369; x_wconf 92' lang='lat' dir='ltr'><strong>in</strong></span> <span class='ocrx_word' id='word_1_470' title='bbox 1514 5313 1661 5370; x_wconf 84' lang='lat' dir='ltr'><strong>fide?</strong></span> <span class='ocrx_word' id='word_1_471' title='bbox 1699 5330 1908 5369; x_wconf 91' lang='lat' dir='ltr'><strong>rursum</strong></span> <span class='ocrx_word' id='word_1_472' title='bbox 1940 5313 1991 5369; x_wconf 93' lang='lat' dir='ltr'><strong>in</strong></span> <span class='ocrx_word' id='word_1_473' title='bbox 2030 5312 2254 5368; x_wconf 84' lang='lat' dir='ltr'><strong>futuro?</strong></span> 
     </span>
    </p>
   </div>
   <div class='ocr_carea' id='block_1_55' title="bbox 683 5404 2249 5478">
    <p class='ocr_par' dir='ltr' id='par_1_55' title="bbox 683 5404 2249 5478">
     <span class='ocr_line' id='line_1_55' title="bbox 683 5404 2249 5478; baseline -0.001 -17"><span class='ocrx_word' id='word_1_474' title='bbox 683 5408 749 5462; x_wconf 88' lang='lat' dir='ltr'><strong>Et</strong></span> <span class='ocrx_word' id='word_1_475' title='bbox 772 5406 891 5463; x_wconf 74' lang='lat' dir='ltr'><strong>vide</strong></span> <span class='ocrx_word' id='word_1_476' title='bbox 922 5407 1067 5462; x_wconf 59' lang='lat' dir='ltr'><strong>salia</strong></span> <span class='ocrx_word' id='word_1_477' title='bbox 1106 5407 1176 5462; x_wconf 92' lang='lat' dir='ltr'><strong>do</strong></span> <span class='ocrx_word' id='word_1_478' title='bbox 1198 5447 1213 5472; x_wconf 93' lang='lat'><strong>,</strong></span> <span class='ocrx_word' id='word_1_479' title='bbox 1244 5407 1349 5463; x_wconf 87' lang='lat' dir='ltr'><strong>alia</strong></span> <span class='ocrx_word' id='word_1_480' title='bbox 1379 5406 1669 5478; x_wconf 83' lang='lat' dir='ltr'><strong>promitto:</strong></span> <span class='ocrx_word' id='word_1_481' title='bbox 1699 5405 1788 5459; x_wconf 90' lang='lat' dir='ltr'><strong>illa</strong></span> <span class='ocrx_word' id='word_1_482' title='bbox 1830 5404 2011 5474; x_wconf 88' lang='lat' dir='ltr'><strong>itaque</strong></span> <span class='ocrx_word' id='word_1_483' title='bbox 2054 5405 2105 5459; x_wconf 92' lang='lat' dir='ltr'><strong>in</strong></span> <span class='ocrx_word' id='word_1_484' title='bbox 2136 5418 2249 5474; x_wconf 90' lang='lat' dir='ltr'><strong>spe,</strong></span> 
     </span>
    </p>
   </div>
   <div class='ocr_carea' id='block_1_56' title="bbox 684 5496 2251 5569">
    <p class='ocr_par' dir='ltr' id='par_1_56' title="bbox 684 5496 2251 5569">
     <span class='ocr_line' id='line_1_56' title="bbox 684 5496 2251 5569; baseline -0.006 -11"><span class='ocrx_word' id='word_1_485' title='bbox 684 5498 799 5558; x_wconf 68' lang='lat' dir='ltr'><strong>hinc</strong></span> <span class='ocrx_word' id='word_1_486' title='bbox 822 5514 948 5556; x_wconf 79' lang='lat' dir='ltr'><strong>vero</strong></span> <span class='ocrx_word' id='word_1_487' title='bbox 977 5500 1154 5569; x_wconf 87' lang='lat' dir='ltr'><strong>accipe</strong></span> <span class='ocrx_word' id='word_1_488' title='bbox 1185 5498 1424 5568; x_wconf 79' lang='lat' dir='ltr'><strong>pignora,</strong></span> <span class='ocrx_word' id='word_1_489' title='bbox 1456 5498 1569 5553; x_wconf 63' lang='lat' dir='ltr'><strong>haec</strong></span> <span class='ocrx_word' id='word_1_490' title='bbox 1595 5497 1777 5566; x_wconf 88' lang='lat' dir='ltr'><strong>accipe</strong></span> <span class='ocrx_word' id='word_1_491' title='bbox 1798 5501 1850 5551; x_wconf 88' lang='lat' dir='ltr'><strong>in</strong></span> <span class='ocrx_word' id='word_1_492' title='bbox 1878 5496 2251 5563; x_wconf 87' lang='lat' dir='ltr'><strong>arrhabonem,</strong></span> 
     </span>
    </p>
   </div>
   <div class='ocr_carea' id='block_1_57' title="bbox 686 5589 2254 5665">
    <p class='ocr_par' dir='ltr' id='par_1_57' title="bbox 686 5589 2254 5665">
     <span class='ocr_line' id='line_1_57' title="bbox 686 5589 2254 5665; baseline -0.003 -17"><span class='ocrx_word' id='word_1_493' title='bbox 686 5594 797 5651; x_wconf 78' lang='lat' dir='ltr'><strong>haec</strong></span> <span class='ocrx_word' id='word_1_494' title='bbox 820 5595 870 5649; x_wconf 93' lang='lat' dir='ltr'><strong>in</strong></span> <span class='ocrx_word' id='word_1_495' title='bbox 888 5595 1155 5665; x_wconf 88' lang='lat' dir='ltr'><strong>specimen</strong></span> <span class='ocrx_word' id='word_1_496' title='bbox 1182 5591 1385 5662; x_wconf 69' lang='lat' dir='ltr'><strong>accipe.</strong></span> <span class='ocrx_word' id='word_1_497' title='bbox 1406 5591 1666 5647; x_wconf 87' lang='lat' dir='ltr'><strong>Promitto</strong></span> <span class='ocrx_word' id='word_1_498' title='bbox 1687 5591 1779 5646; x_wconf 87' lang='lat' dir='ltr'><strong>tibi</strong></span> <span class='ocrx_word' id='word_1_499' title='bbox 1807 5604 2027 5661; x_wconf 80' lang='lat' dir='ltr'><strong>regnum</strong></span> <span class='ocrx_word' id='word_1_500' title='bbox 2057 5607 2068 5642; x_wconf 93' lang='lat'>:</span> <span class='ocrx_word' id='word_1_501' title='bbox 2094 5589 2254 5644; x_wconf 86' lang='lat' dir='ltr'><strong>crede</strong></span> 
     </span>
    </p>
   </div>
   <div class='ocr_carea' id='block_1_58' title="bbox 686 5680 2257 5756">
    <p class='ocr_par' dir='ltr' id='par_1_58' title="bbox 686 5680 2257 5756">
     <span class='ocr_line' id='line_1_58' title="bbox 686 5680 2257 5756; baseline -0.006 -15"><span class='ocrx_word' id='word_1_502' title='bbox 686 5702 752 5741; x_wconf 79' lang='lat' dir='ltr'><strong>ex</strong></span> <span class='ocrx_word' id='word_1_503' title='bbox 780 5686 1144 5756; x_wconf 67' lang='lat' dir='ltr'><strong>prmsentibus,</strong></span> <span class='ocrx_word' id='word_1_504' title='bbox 1171 5684 1330 5741; x_wconf 90' lang='lat' dir='ltr'><strong>crede</strong></span> <span class='ocrx_word' id='word_1_505' title='bbox 1349 5683 1498 5739; x_wconf 87' lang='lat' dir='ltr'><strong>mihi.</strong></span> <span class='ocrx_word' id='word_1_506' title='bbox 1526 5682 1766 5754; x_wconf 79' lang='lat' dir='ltr'><strong>Regnum</strong></span> <span class='ocrx_word' id='word_1_507' title='bbox 1798 5680 1929 5736; x_wconf 88' lang='lat' dir='ltr'><strong>mihi</strong></span> <span class='ocrx_word' id='word_1_508' title='bbox 1956 5680 2257 5751; x_wconf 83' lang='lat' dir='ltr'><strong>promittis?</strong></span> 
     </span>
    </p>
   </div>
   <div class='ocr_carea' id='block_1_59' title="bbox 690 5772 2253 5847">
    <p class='ocr_par' dir='ltr' id='par_1_59' title="bbox 690 5772 2253 5847">
     <span class='ocr_line' id='line_1_59' title="bbox 690 5772 2253 5847; baseline -0.003 -15"><span class='ocrx_word' id='word_1_509' title='bbox 690 5779 881 5832; x_wconf 77' lang='lat' dir='ltr'><strong>Etiam.</strong></span> <span class='ocrx_word' id='word_1_510' title='bbox 923 5777 1071 5844; x_wconf 90' lang='lat' dir='ltr'><strong>Quod</strong></span> <span class='ocrx_word' id='word_1_511' title='bbox 1103 5777 1271 5847; x_wconf 85' lang='lat' dir='ltr'><strong>majus</strong></span> <span class='ocrx_word' id='word_1_512' title='bbox 1295 5787 1409 5832; x_wconf 85' lang='lat' dir='ltr'><strong>erat</strong></span> <span class='ocrx_word' id='word_1_513' title='bbox 1438 5777 1531 5831; x_wconf 84' lang='lat' dir='ltr'><strong>tibi</strong></span> <span class='ocrx_word' id='word_1_514' title='bbox 1560 5775 1682 5832; x_wconf 88' lang='lat' dir='ltr'><strong>dedi</strong></span> <span class='ocrx_word' id='word_1_515' title='bbox 1709 5817 1723 5839; x_wconf 92' lang='lat'><strong>,</strong></span> <span class='ocrx_word' id='word_1_516' title='bbox 1754 5790 1945 5845; x_wconf 85' lang='lat' dir='ltr'><strong>nempe</strong></span> <span class='ocrx_word' id='word_1_517' title='bbox 1972 5772 2253 5829; x_wconf 88' lang='lat' dir='ltr'><strong>Dominum</strong></span> 
     </span>
    </p>
   </div>
   <div class='ocr_carea' id='block_1_60' title="bbox 689 5867 2253 5943">
    <p class='ocr_par' dir='ltr' id='par_1_60' title="bbox 689 5867 2253 5943">
     <span class='ocr_line' id='line_1_60' title="bbox 689 5867 2253 5943; baseline -0.004 -16"><span class='ocrx_word' id='word_1_518' title='bbox 689 5874 873 5943; x_wconf 70' lang='lat' dir='ltr'><strong>regni,</strong></span> <span class='ocrx_word' id='word_1_519' title='bbox 911 5875 1008 5940; x_wconf 70' lang='lat' dir='ltr'><strong>Qui</strong></span> <span class='ocrx_word' id='word_1_520' title='bbox 1038 5874 1241 5943; x_wconf 76' lang='lat' dir='ltr'><strong>proprio</strong></span> <span class='ocrx_word' id='word_1_521' title='bbox 1270 5870 1406 5928; x_wconf 77' lang='lat' dir='ltr'><strong>Filio</strong></span> <span class='ocrx_word' id='word_1_522' title='bbox 1449 5888 1547 5929; x_wconf 76' lang='lat' dir='ltr'><strong>non</strong></span> <span class='ocrx_word' id='word_1_523' title='bbox 1583 5870 1834 5942; x_wconf 78' lang='lat' dir='ltr'><strong>pepercit,</strong></span> <span class='ocrx_word' id='word_1_524' title='bbox 1879 5870 1967 5926; x_wconf 74' lang='lat' dir='ltr'><strong>sed</strong></span> <span class='ocrx_word' id='word_1_525' title='bbox 1994 5885 2087 5937; x_wconf 86' lang='lat' dir='ltr'><strong>pro</strong></span> <span class='ocrx_word' id='word_1_526' title='bbox 2116 5867 2253 5923; x_wconf 83' lang='lat' dir='ltr'><strong>nobis</strong></span> 
     </span>
    </p>
   </div>
   <div class='ocr_carea' id='block_1_61' title="bbox 3805 425 3914 481">
    <p class='ocr_par' dir='ltr' id='par_1_61' title="bbox 3805 425 3914 481">
     <span class='ocr_line' id='line_1_61' title="bbox 3805 425 3914 481; baseline -0.028 0"><span class='ocrx_word' id='word_1_527' title='bbox 3805 425 3914 481; x_wconf 69' lang='grc' dir='ltr'>ΗΞ</span> 
     </span>
    </p>
   </div>
   <div class='ocr_carea' id='block_1_62' title="bbox 2333 544 3919 619">
    <p class='ocr_par' dir='ltr' id='par_1_62' title="bbox 2333 544 3919 619">
     <span class='ocr_line' id='line_1_62' title="bbox 2333 544 3919 619; baseline -0.001 -18"><span class='ocrx_word' id='word_1_528' title='bbox 2333 544 2563 602; x_wconf 84' lang='lat' dir='ltr'><strong>omnibus</strong></span> <span class='ocrx_word' id='word_1_529' title='bbox 2606 548 2815 603; x_wconf 83' lang='lat' dir='ltr'><strong>tradidit</strong></span> <span class='ocrx_word' id='word_1_530' title='bbox 2853 567 2996 615; x_wconf 84' lang='lat' dir='ltr'><strong>eum;</strong></span> <span class='ocrx_word' id='word_1_531' title='bbox 3037 550 3285 619; x_wconf 83' lang='lat' dir='ltr'><strong>quomodo</strong></span> <span class='ocrx_word' id='word_1_532' title='bbox 3328 566 3428 603; x_wconf 81' lang='lat' dir='ltr'><strong>non</strong></span> <span class='ocrx_word' id='word_1_533' title='bbox 3475 550 3623 603; x_wconf 82' lang='lat' dir='ltr'><strong>etiam</strong></span> <span class='ocrx_word' id='word_1_534' title='bbox 3671 564 3789 602; x_wconf 83' lang='lat' dir='ltr'><strong>cum</strong></span> <span class='ocrx_word' id='word_1_535' title='bbox 3829 548 3919 603; x_wconf 86' lang='lat' dir='ltr'><strong>illo</strong></span> 
     </span>
    </p>
   </div>
   <div class='ocr_carea' id='block_1_63' title="bbox 2333 638 3920 715">
    <p class='ocr_par' dir='ltr' id='par_1_63' title="bbox 2333 638 3920 715">
     <span class='ocr_line' id='line_1_63' title="bbox 2333 638 3920 715; baseline 0.004 -25"><span class='ocrx_word' id='word_1_536' title='bbox 2333 639 2504 692; x_wconf 76' lang='lat' dir='ltr'><strong>oninia</strong></span> <span class='ocrx_word' id='word_1_537' title='bbox 2531 638 2673 695; x_wconf 83' lang='lat' dir='ltr'><strong>nobis</strong></span> <span class='ocrx_word' id='word_1_538' title='bbox 2692 641 2896 696; x_wconf 84' lang='lat' dir='ltr'><strong>donabit</strong></span> <span class='ocrx_word' id='word_1_539' title='bbox 2924 640 3095 713; x_wconf 85' lang='lat' dir='ltr'><strong>(Rom.</strong></span> <span class='ocrx_word' id='word_1_540' title='bbox 3124 641 3175 697; x_wconf 84' lang='lat'><strong>8.</strong></span> <span class='ocrx_word' id='word_1_541' title='bbox 3212 640 3343 715; x_wconf 72' lang='lat'><strong>52)?</strong></span> <span class='ocrx_word' id='word_1_542' title='bbox 3371 640 3920 701; x_wconf 79' lang='lat' dir='ltr'><strong>Resurreclionemne</strong></span> 
     </span>
    </p>
   </div>
   <div class='ocr_carea' id='block_1_64' title="bbox 2333 728 3919 803">
    <p class='ocr_par' dir='ltr' id='par_1_64' title="bbox 2333 728 3919 803">
     <span class='ocr_line' id='line_1_64' title="bbox 2333 728 3919 803; baseline 0.003 -22"><span class='ocrx_word' id='word_1_543' title='bbox 2333 728 2428 783; x_wconf 88' lang='lat' dir='ltr'><strong>das</strong></span> <span class='ocrx_word' id='word_1_544' title='bbox 2452 732 2777 799; x_wconf 85' lang='lat' dir='ltr'><strong>corporum?</strong></span> <span class='ocrx_word' id='word_1_545' title='bbox 2825 732 3019 787; x_wconf 85' lang='lat' dir='ltr'><strong>Etiam.</strong></span> <span class='ocrx_word' id='word_1_546' title='bbox 3071 732 3222 801; x_wconf 86' lang='lat' dir='ltr'><strong>Quod</strong></span> <span class='ocrx_word' id='word_1_547' title='bbox 3261 733 3431 803; x_wconf 86' lang='lat' dir='ltr'><strong>majus</strong></span> <span class='ocrx_word' id='word_1_548' title='bbox 3476 742 3592 787; x_wconf 74' lang='lat' dir='ltr'><strong>erat</strong></span> <span class='ocrx_word' id='word_1_549' title='bbox 3635 732 3727 787; x_wconf 87' lang='lat' dir='ltr'><strong>tibi</strong></span> <span class='ocrx_word' id='word_1_550' title='bbox 3767 731 3919 787; x_wconf 85' lang='lat' dir='ltr'><strong>dedi.</strong></span> 
     </span>
    </p>
   </div>
   <div class='ocr_carea' id='block_1_65' title="bbox 2333 819 3923 894">
    <p class='ocr_par' dir='ltr' id='par_1_65' title="bbox 2333 819 3923 894">
     <span class='ocr_line' id='line_1_65' title="bbox 2333 819 3923 894; baseline 0.002 -20"><span class='ocrx_word' id='word_1_551' title='bbox 2333 819 2611 887; x_wconf 84' lang='lat' dir='ltr'><strong>Quodnam</strong></span> <span class='ocrx_word' id='word_1_552' title='bbox 2639 822 2807 877; x_wconf 86' lang='lat' dir='ltr'><strong>illud?</strong></span> <span class='ocrx_word' id='word_1_553' title='bbox 2830 824 2982 893; x_wconf 87' lang='lat' dir='ltr'><strong>Quod</strong></span> <span class='ocrx_word' id='word_1_554' title='bbox 3020 825 3265 879; x_wconf 90' lang='lat' dir='ltr'><strong>libereris</strong></span> <span class='ocrx_word' id='word_1_555' title='bbox 3284 840 3311 877; x_wconf 92' lang='lat' dir='ltr'><strong>a</strong></span> <span class='ocrx_word' id='word_1_556' title='bbox 3342 835 3578 894; x_wconf 85' lang='lat' dir='ltr'><strong>peccato.</strong></span> <span class='ocrx_word' id='word_1_557' title='bbox 3620 824 3739 893; x_wconf 90' lang='lat' dir='ltr'><strong>Quo</strong></span> <span class='ocrx_word' id='word_1_558' title='bbox 3762 833 3923 894; x_wconf 82' lang='lat' dir='ltr'><strong>pacto</strong></span> 
     </span>
    </p>
   </div>
   <div class='ocr_carea' id='block_1_66' title="bbox 2334 913 3920 985">
    <p class='ocr_par' dir='ltr' id='par_1_66' title="bbox 2334 913 3920 985">
     <span class='ocr_line' id='line_1_66' title="bbox 2334 913 3920 985; baseline 0.001 -20"><span class='ocrx_word' id='word_1_559' title='bbox 2334 913 2505 980; x_wconf 88' lang='lat' dir='ltr'><strong>majus</strong></span> <span class='ocrx_word' id='word_1_560' title='bbox 2547 923 2628 968; x_wconf 87' lang='lat' dir='ltr'><strong>est</strong></span> <span class='ocrx_word' id='word_1_561' title='bbox 2676 915 2842 969; x_wconf 77' lang='lat' dir='ltr'><strong>illud?</strong></span> <span class='ocrx_word' id='word_1_562' title='bbox 2889 915 3020 984; x_wconf 84' lang='lat' dir='ltr'><strong>Quia</strong></span> <span class='ocrx_word' id='word_1_563' title='bbox 3077 924 3350 985; x_wconf 86' lang='lat' dir='ltr'><strong>peceatum</strong></span> <span class='ocrx_word' id='word_1_564' title='bbox 3399 925 3629 970; x_wconf 89' lang='lat' dir='ltr'><strong>mortem</strong></span> <span class='ocrx_word' id='word_1_565' title='bbox 3683 916 3920 985; x_wconf 75' lang='lat' dir='ltr'><strong>peperit.</strong></span> 
     </span>
    </p>
   </div>
   <div class='ocr_carea' id='block_1_67' title="bbox 2334 1004 3924 1065">
    <p class='ocr_par' dir='ltr' id='par_1_67' title="bbox 2334 1004 3924 1065">
     <span class='ocr_line' id='line_1_67' title="bbox 2334 1004 3924 1065; baseline 0.002 -6"><span class='ocrx_word' id='word_1_566' title='bbox 2334 1004 2552 1060; x_wconf 75' lang='lat' dir='ltr'><strong>Matrem</strong></span> <span class='ocrx_word' id='word_1_567' title='bbox 2580 1007 2821 1065; x_wconf 84' lang='lat' dir='ltr'><strong>interfeci</strong></span> <span class='ocrx_word' id='word_1_568' title='bbox 2860 1020 2915 1063; x_wconf 88' lang='lat' dir='ltr'><strong>et</strong></span> <span class='ocrx_word' id='word_1_569' title='bbox 2945 1008 3105 1063; x_wconf 82' lang='lat' dir='ltr'><strong>illium</strong></span> <span class='ocrx_word' id='word_1_570' title='bbox 3133 1025 3238 1064; x_wconf 91' lang='lat' dir='ltr'><strong>non</strong></span> <span class='ocrx_word' id='word_1_571' title='bbox 3268 1007 3628 1063; x_wconf 80' lang='lat' dir='ltr'><strong>interficiam?</strong></span> <span class='ocrx_word' id='word_1_572' title='bbox 3662 1008 3924 1062; x_wconf 67' lang='lat' dir='ltr'><strong>iudicem</strong></span> 
     </span>
    </p>
   </div>
   <div class='ocr_carea' id='block_1_68' title="bbox 2334 1096 3920 1171">
    <p class='ocr_par' dir='ltr' id='par_1_68' title="bbox 2334 1096 3920 1171">
     <span class='ocr_line' id='line_1_68' title="bbox 2334 1096 3920 1171; baseline 0.001 -21"><span class='ocrx_word' id='word_1_573' title='bbox 2334 1096 2524 1153; x_wconf 87' lang='lat' dir='ltr'><strong>arefeet</strong></span> <span class='ocrx_word' id='word_1_574' title='bbox 2546 1141 2560 1166; x_wconf 96' lang='lat'><strong>,</strong></span> <span class='ocrx_word' id='word_1_575' title='bbox 2601 1108 2657 1155; x_wconf 89' lang='lat' dir='ltr'><strong>et</strong></span> <span class='ocrx_word' id='word_1_576' title='bbox 2694 1099 2918 1155; x_wconf 88' lang='lat' dir='ltr'><strong>fructum</strong></span> <span class='ocrx_word' id='word_1_577' title='bbox 2949 1117 3053 1156; x_wconf 92' lang='lat' dir='ltr'><strong>non</strong></span> <span class='ocrx_word' id='word_1_578' title='bbox 3086 1100 3457 1157; x_wconf 83' lang='lat' dir='ltr'><strong>tollam?Audi</strong></span> <span class='ocrx_word' id='word_1_579' title='bbox 3477 1144 3491 1167; x_wconf 88' lang='lat'><strong>,</strong></span> <span class='ocrx_word' id='word_1_580' title='bbox 3521 1102 3661 1171; x_wconf 85' lang='lat' dir='ltr'><strong>ﬁlia,</strong></span> <span class='ocrx_word' id='word_1_581' title='bbox 3697 1110 3745 1155; x_wconf 82' lang='lat' dir='ltr'><strong>et</strong></span> <span class='ocrx_word' id='word_1_582' title='bbox 3784 1100 3920 1151; x_wconf 69' lang='lat' dir='ltr'><strong>uide.</strong></span> 
     </span>
    </p>
   </div>
   <div class='ocr_carea' id='block_1_69' title="bbox 2336 1190 3926 1266">
    <p class='ocr_par' dir='ltr' id='par_1_69' title="bbox 2336 1190 3926 1266">
     <span class='ocr_line' id='line_1_69' title="bbox 2336 1190 3926 1266; baseline 0.003 -22"><span class='ocrx_word' id='word_1_583' title='bbox 2336 1190 2472 1260; x_wconf 92' lang='lat' dir='ltr'><strong>Quid</strong></span> <span class='ocrx_word' id='word_1_584' title='bbox 2504 1192 2756 1249; x_wconf 86' lang='lat' dir='ltr'><strong>videam?</strong></span> <span class='ocrx_word' id='word_1_585' title='bbox 2789 1194 3025 1251; x_wconf 79' lang='lat' dir='ltr'><strong>Mortuos</strong></span> <span class='ocrx_word' id='word_1_586' title='bbox 3062 1197 3345 1251; x_wconf 88' lang='lat' dir='ltr'><strong>suscitatos</strong></span> <span class='ocrx_word' id='word_1_587' title='bbox 3365 1240 3380 1263; x_wconf 88' lang='lat'><strong>,</strong></span> <span class='ocrx_word' id='word_1_588' title='bbox 3426 1198 3665 1266; x_wconf 89' lang='lat' dir='ltr'><strong>leprosos</strong></span> <span class='ocrx_word' id='word_1_589' title='bbox 3690 1194 3926 1249; x_wconf 82' lang='lat' dir='ltr'><strong>munda-</strong></span> 
     </span>
    </p>
   </div>
   <div class='ocr_carea' id='block_1_70' title="bbox 2338 1286 3926 1361">
    <p class='ocr_par' dir='ltr' id='par_1_70' title="bbox 2338 1286 3926 1361">
     <span class='ocr_line' id='line_1_70' title="bbox 2338 1286 3926 1361; baseline 0.003 -22"><span class='ocrx_word' id='word_1_590' title='bbox 2338 1293 2439 1350; x_wconf 88' lang='lat' dir='ltr'><strong>tos,</strong></span> <span class='ocrx_word' id='word_1_591' title='bbox 2467 1302 2622 1342; x_wconf 88' lang='lat' dir='ltr'><strong>mare.</strong></span> <span class='ocrx_word' id='word_1_592' title='bbox 2645 1286 2906 1343; x_wconf 88' lang='lat' dir='ltr'><strong>frenatum</strong></span> <span class='ocrx_word' id='word_1_593' title='bbox 2931 1331 2946 1355; x_wconf 93' lang='lat'><strong>,</strong></span> <span class='ocrx_word' id='word_1_594' title='bbox 2977 1290 3319 1361; x_wconf 74' lang='lat' dir='ltr'><strong>paralyticum</strong></span> <span class='ocrx_word' id='word_1_595' title='bbox 3364 1291 3415 1344; x_wconf 90' lang='lat' dir='ltr'><strong>in</strong></span> <span class='ocrx_word' id='word_1_596' title='bbox 3444 1290 3677 1360; x_wconf 78' lang='lat' dir='ltr'><strong>vigorem</strong></span> <span class='ocrx_word' id='word_1_597' title='bbox 3699 1292 3926 1344; x_wconf 82' lang='lat' dir='ltr'><strong>restitu-</strong></span> 
     </span>
    </p>
   </div>
   <div class='ocr_carea' id='block_1_71' title="bbox 2338 1380 3923 1457">
    <p class='ocr_par' dir='ltr' id='par_1_71' title="bbox 2338 1380 3923 1457">
     <span class='ocr_line' id='line_1_71' title="bbox 2338 1380 3923 1457; baseline 0.003 -26"><span class='ocrx_word' id='word_1_598' title='bbox 2338 1387 2448 1433; x_wconf 91' lang='lat' dir='ltr'><strong>tum</strong></span> <span class='ocrx_word' id='word_1_599' title='bbox 2473 1421 2489 1447; x_wconf 96' lang='lat'><strong>,</strong></span> <span class='ocrx_word' id='word_1_600' title='bbox 2540 1380 2841 1450; x_wconf 81' lang='lat' dir='ltr'><strong>pamdisum</strong></span> <span class='ocrx_word' id='word_1_601' title='bbox 2872 1393 3110 1453; x_wconf 88' lang='lat' dir='ltr'><strong>apertum</strong></span> <span class='ocrx_word' id='word_1_602' title='bbox 3135 1425 3149 1449; x_wconf 89' lang='lat'><strong>,</strong></span> <span class='ocrx_word' id='word_1_603' title='bbox 3199 1398 3362 1452; x_wconf 87' lang='lat' dir='ltr'><strong>panes</strong></span> <span class='ocrx_word' id='word_1_604' title='bbox 3388 1382 3615 1438; x_wconf 86' lang='lat' dir='ltr'><strong>ubertim</strong></span> <span class='ocrx_word' id='word_1_605' title='bbox 3641 1392 3923 1457; x_wconf 83' lang='lat' dir='ltr'><strong>erogatos,</strong></span> 
     </span>
    </p>
   </div>
   <div class='ocr_carea' id='block_1_72' title="bbox 2337 1474 3922 1542">
    <p class='ocr_par' dir='ltr' id='par_1_72' title="bbox 2337 1474 3922 1542">
     <span class='ocr_line' id='line_1_72' title="bbox 2337 1474 3922 1542; baseline -0.001 -16"><span class='ocrx_word' id='word_1_606' title='bbox 2337 1482 2554 1542; x_wconf 86' lang='lat' dir='ltr'><strong>peccata</strong></span> <span class='ocrx_word' id='word_1_607' title='bbox 2581 1474 2751 1529; x_wconf 87' lang='lat' dir='ltr'><strong>soluta</strong></span> <span class='ocrx_word' id='word_1_608' title='bbox 2772 1516 2786 1541; x_wconf 88' lang='lat'><strong>,</strong></span> <span class='ocrx_word' id='word_1_609' title='bbox 2815 1474 3057 1529; x_wconf 91' lang='lat' dir='ltr'><strong>claudum</strong></span> <span class='ocrx_word' id='word_1_610' title='bbox 3086 1474 3451 1531; x_wconf 87' lang='lat' dir='ltr'><strong>subsilieutem</strong></span> <span class='ocrx_word' id='word_1_611' title='bbox 3478 1514 3494 1539; x_wconf 90' lang='lat'><strong>,</strong></span> <span class='ocrx_word' id='word_1_612' title='bbox 3522 1474 3785 1528; x_wconf 85' lang='lat' dir='ltr'><strong>latronem</strong></span> <span class='ocrx_word' id='word_1_613' title='bbox 3824 1488 3922 1542; x_wconf 84' lang='lat' dir='ltr'><strong>pa-</strong></span> 
     </span>
    </p>
   </div>
   <div class='ocr_carea' id='block_1_73' title="bbox 2337 1564 3922 1637">
    <p class='ocr_par' dir='ltr' id='par_1_73' title="bbox 2337 1564 3922 1637">
     <span class='ocr_line' id='line_1_73' title="bbox 2337 1564 3922 1637; baseline -0.001 -18"><span class='ocrx_word' id='word_1_614' title='bbox 2337 1564 2497 1620; x_wconf 80' lang='lat' dir='ltr'><strong>radisi</strong></span> <span class='ocrx_word' id='word_1_615' title='bbox 2542 1567 2712 1621; x_wconf 89' lang='lat' dir='ltr'><strong>civem</strong></span> <span class='ocrx_word' id='word_1_616' title='bbox 2761 1566 2957 1621; x_wconf 83' lang='lat' dir='ltr'><strong>factum</strong></span> <span class='ocrx_word' id='word_1_617' title='bbox 2985 1608 2999 1631; x_wconf 90' lang='lat'><strong>,</strong></span> <span class='ocrx_word' id='word_1_618' title='bbox 3050 1567 3387 1637; x_wconf 83' lang='lat' dir='ltr'><strong>publicanum</strong></span> <span class='ocrx_word' id='word_1_619' title='bbox 3434 1566 3486 1619; x_wconf 90' lang='lat' dir='ltr'><strong>in</strong></span> <span class='ocrx_word' id='word_1_620' title='bbox 3532 1564 3922 1635; x_wconf 76' lang='lat' dir='ltr'><strong>evangelistam</strong></span> 
     </span>
    </p>
   </div>
   <div class='ocr_carea' id='block_1_74' title="bbox 2339 1655 3923 1730">
    <p class='ocr_par' dir='ltr' id='par_1_74' title="bbox 2339 1655 3923 1730">
     <span class='ocr_line' id='line_1_74' title="bbox 2339 1655 3923 1730; baseline -0.004 -15"><span class='ocrx_word' id='word_1_621' title='bbox 2339 1670 2627 1726; x_wconf 86' lang='lat' dir='ltr'><strong>mutatum,</strong></span> <span class='ocrx_word' id='word_1_622' title='bbox 2655 1664 2989 1717; x_wconf 88' lang='lat' dir='ltr'><strong>meretricem</strong></span> <span class='ocrx_word' id='word_1_623' title='bbox 3021 1662 3226 1730; x_wconf 81' lang='lat' dir='ltr'><strong>virgine</strong></span> <span class='ocrx_word' id='word_1_624' title='bbox 3257 1660 3721 1716; x_wconf 87' lang='lat' dir='ltr'><strong>continentiorem.</strong></span> <span class='ocrx_word' id='word_1_625' title='bbox 3751 1655 3923 1723; x_wconf 80' lang='lat' dir='ltr'><strong>Audi.</strong></span> 
     </span>
    </p>
   </div>
   <div class='ocr_carea' id='block_1_75' title="bbox 2338 1748 3928 1820">
    <p class='ocr_par' dir='ltr' id='par_1_75' title="bbox 2338 1748 3928 1820">
     <span class='ocr_line' id='line_1_75' title="bbox 2338 1748 3928 1820; baseline -0.006 -12"><span class='ocrx_word' id='word_1_626' title='bbox 2338 1763 2391 1808; x_wconf 91' lang='lat' dir='ltr'><strong>et</strong></span> <span class='ocrx_word' id='word_1_627' title='bbox 2419 1754 2556 1809; x_wconf 89' lang='lat' dir='ltr'><strong>vide.</strong></span> <span class='ocrx_word' id='word_1_628' title='bbox 2606 1754 2742 1809; x_wconf 77' lang='lat' dir='ltr'><strong>Audi</strong></span> <span class='ocrx_word' id='word_1_629' title='bbox 2785 1755 2872 1809; x_wconf 90' lang='lat' dir='ltr'><strong>illa</strong></span> <span class='ocrx_word' id='word_1_630' title='bbox 2901 1794 2917 1817; x_wconf 92' lang='lat'><strong>,</strong></span> <span class='ocrx_word' id='word_1_631' title='bbox 2962 1754 3077 1808; x_wconf 79' lang='lat' dir='ltr'><strong>[nec</strong></span> <span class='ocrx_word' id='word_1_632' title='bbox 3124 1753 3264 1807; x_wconf 87' lang='lat' dir='ltr'><strong>vide.</strong></span> <span class='ocrx_word' id='word_1_633' title='bbox 3310 1754 3353 1807; x_wconf 83' lang='lat' dir='ltr'><strong>A</strong></span> <span class='ocrx_word' id='word_1_634' title='bbox 3384 1748 3731 1820; x_wconf 68' lang='lat' dir='ltr'><strong>prtesentihus</strong></span> <span class='ocrx_word' id='word_1_635' title='bbox 3760 1762 3928 1817; x_wconf 86' lang='lat' dir='ltr'><strong>argu-</strong></span> 
     </span>
    </p>
   </div>
   <div class='ocr_carea' id='block_1_76' title="bbox 2338 1832 3925 1914">
    <p class='ocr_par' dir='ltr' id='par_1_76' title="bbox 2338 1832 3925 1914">
     <span class='ocr_line' id='line_1_76' title="bbox 2338 1832 3925 1914; baseline -0.004 -17"><span class='ocrx_word' id='word_1_636' title='bbox 2338 1852 2573 1899; x_wconf 89' lang='lat' dir='ltr'><strong>mentum</strong></span> <span class='ocrx_word' id='word_1_637' title='bbox 2620 1844 2803 1914; x_wconf 84' lang='lat' dir='ltr'><strong>accipe</strong></span> <span class='ocrx_word' id='word_1_638' title='bbox 2834 1861 2847 1899; x_wconf 91' lang='lat'>:</span> <span class='ocrx_word' id='word_1_639' title='bbox 2877 1844 2945 1899; x_wconf 85' lang='lat' dir='ltr'><strong>de</strong></span> <span class='ocrx_word' id='word_1_640' title='bbox 2991 1844 3095 1898; x_wconf 78' lang='lat' dir='ltr'><strong>illis</strong></span> <span class='ocrx_word' id='word_1_641' title='bbox 3137 1844 3297 1899; x_wconf 86' lang='lat' dir='ltr'><strong>etiam</strong></span> <span class='ocrx_word' id='word_1_642' title='bbox 3348 1832 3566 1913; x_wconf 77' lang='lat' dir='ltr'><strong>pignora</strong></span> <span class='ocrx_word' id='word_1_643' title='bbox 3605 1839 3727 1894; x_wconf 87' lang='lat' dir='ltr'><strong>dedi</strong></span> <span class='ocrx_word' id='word_1_644' title='bbox 3772 1837 3871 1892; x_wconf 88' lang='lat' dir='ltr'><strong>tibi</strong></span> <span class='ocrx_word' id='word_1_645' title='bbox 3908 1854 3925 1891; x_wconf 87' lang='lat'><strong>:</strong></span> 
     </span>
    </p>
   </div>
   <div class='ocr_carea' id='block_1_77' title="bbox 2339 1930 3930 2006">
    <p class='ocr_par' dir='ltr' id='par_1_77' title="bbox 2339 1930 3930 2006">
     <span class='ocr_line' id='line_1_77' title="bbox 2339 1930 3930 2006; baseline -0.006 -15"><span class='ocrx_word' id='word_1_646' title='bbox 2339 1936 2454 1991; x_wconf 73' lang='lat' dir='ltr'><strong>hzuc</strong></span> <span class='ocrx_word' id='word_1_647' title='bbox 2482 1938 2585 1992; x_wconf 88' lang='lat' dir='ltr'><strong>illis</strong></span> <span class='ocrx_word' id='word_1_648' title='bbox 2611 1938 2831 1992; x_wconf 88' lang='lat' dir='ltr'><strong>meliora</strong></span> <span class='ocrx_word' id='word_1_649' title='bbox 2857 1946 2999 1991; x_wconf 87' lang='lat' dir='ltr'><strong>sunt.</strong></span> <span class='ocrx_word' id='word_1_650' title='bbox 3051 1936 3255 2006; x_wconf 82' lang='lat' dir='ltr'><strong>Ecquid</strong></span> <span class='ocrx_word' id='word_1_651' title='bbox 3296 1934 3509 1989; x_wconf 86' lang='lat' dir='ltr'><strong>tandem</strong></span> <span class='ocrx_word' id='word_1_652' title='bbox 3537 1932 3746 1987; x_wconf 85' lang='lat' dir='ltr'><strong>dictura</strong></span> <span class='ocrx_word' id='word_1_653' title='bbox 3767 1945 3830 1985; x_wconf 83' lang='lat' dir='ltr'><strong>es</strong></span> <span class='ocrx_word' id='word_1_654' title='bbox 3860 1932 3879 1961; x_wconf 76' lang='grc'>⁸</span> <span class='ocrx_word' id='word_1_655' title='bbox 3902 1930 3930 1982; x_wconf 80' lang='lat'><strong>?</strong></span> 
     </span>
    </p>
   </div>
   <div class='ocr_carea' id='block_1_78' title="bbox 2339 2021 3931 2097">
    <p class='ocr_par' dir='ltr' id='par_1_78' title="bbox 2339 2021 3931 2097">
     <span class='ocr_line' id='line_1_78' title="bbox 2339 2021 3931 2097; baseline -0.005 -13"><span class='ocrx_word' id='word_1_656' title='bbox 2339 2029 2452 2084; x_wconf 82' lang='lat' dir='ltr'><strong>Mea</strong></span> <span class='ocrx_word' id='word_1_657' title='bbox 2476 2029 2592 2085; x_wconf 74' lang='lat' dir='ltr'><strong>hmc</strong></span> <span class='ocrx_word' id='word_1_658' title='bbox 2614 2038 2755 2084; x_wconf 86' lang='lat' dir='ltr'><strong>sunt.</strong></span> <span class='ocrx_word' id='word_1_659' title='bbox 2785 2030 2938 2094; x_wconf 80' lang='lat' dir='ltr'><strong>Audi,</strong></span> <span class='ocrx_word' id='word_1_660' title='bbox 2967 2029 3094 2097; x_wconf 78' lang='lat' dir='ltr'><strong>ﬁlia,</strong></span> <span class='ocrx_word' id='word_1_661' title='bbox 3115 2038 3162 2081; x_wconf 84' lang='lat' dir='ltr'><strong>ct</strong></span> <span class='ocrx_word' id='word_1_662' title='bbox 3186 2028 3317 2081; x_wconf 80' lang='lat' dir='ltr'><strong>uide.</strong></span> <span class='ocrx_word' id='word_1_663' title='bbox 3343 2025 3468 2080; x_wconf 68' lang='lat' dir='ltr'><strong>[an</strong></span> <span class='ocrx_word' id='word_1_664' title='bbox 3487 2023 3583 2079; x_wconf 89' lang='lat' dir='ltr'><strong>dos</strong></span> <span class='ocrx_word' id='word_1_665' title='bbox 3608 2031 3752 2077; x_wconf 88' lang='lat' dir='ltr'><strong>sunt.</strong></span> <span class='ocrx_word' id='word_1_666' title='bbox 3780 2021 3931 2089; x_wconf 82' lang='lat' dir='ltr'><strong>Quid</strong></span> 
     </span>
    </p>
   </div>
   <div class='ocr_carea' id='block_1_79' title="bbox 2340 2110 3934 2191">
    <p class='ocr_par' dir='ltr' id='par_1_79' title="bbox 2340 2110 3934 2191">
     <span class='ocr_line' id='line_1_79' title="bbox 2340 2110 3934 2191; baseline -0.007 -15"><span class='ocrx_word' id='word_1_667' title='bbox 2340 2119 2502 2177; x_wconf 90' lang='lat' dir='ltr'><strong>infert</strong></span> <span class='ocrx_word' id='word_1_668' title='bbox 2526 2120 2765 2191; x_wconf 90' lang='lat' dir='ltr'><strong>sponsa?</strong></span> <span class='ocrx_word' id='word_1_669' title='bbox 2797 2120 3103 2175; x_wconf 74' lang='lat' dir='ltr'><strong>Videamus.</strong></span> <span class='ocrx_word' id='word_1_670' title='bbox 3147 2118 3209 2173; x_wconf 79' lang='lat' dir='ltr'><strong>Et</strong></span> <span class='ocrx_word' id='word_1_671' title='bbox 3240 2127 3293 2171; x_wconf 91' lang='lat' dir='ltr'><strong>tu</strong></span> <span class='ocrx_word' id='word_1_672' title='bbox 3322 2116 3520 2171; x_wconf 88' lang='lat' dir='ltr'><strong>inferas</strong></span> <span class='ocrx_word' id='word_1_673' title='bbox 3554 2128 3786 2183; x_wconf 85' lang='lat' dir='ltr'><strong>quoque.</strong></span> <span class='ocrx_word' id='word_1_674' title='bbox 3823 2110 3934 2165; x_wconf 84' lang='lat' dir='ltr'><strong>Ec-</strong></span> 
     </span>
    </p>
   </div>
   <div class='ocr_carea' id='block_1_80' title="bbox 2340 2200 3933 2282">
    <p class='ocr_par' dir='ltr' id='par_1_80' title="bbox 2340 2200 3933 2282">
     <span class='ocr_line' id='line_1_80' title="bbox 2340 2200 3933 2282; baseline -0.006 -16"><span class='ocrx_word' id='word_1_675' title='bbox 2340 2211 2464 2282; x_wconf 90' lang='lat' dir='ltr'><strong>quid</strong></span> <span class='ocrx_word' id='word_1_676' title='bbox 2500 2220 2553 2266; x_wconf 93' lang='lat' dir='ltr'><strong>tu</strong></span> <span class='ocrx_word' id='word_1_677' title='bbox 2580 2211 2792 2266; x_wconf 89' lang='lat' dir='ltr'><strong>tandem</strong></span> <span class='ocrx_word' id='word_1_678' title='bbox 2813 2252 2829 2277; x_wconf 91' lang='lat'><strong>,</strong></span> <span class='ocrx_word' id='word_1_679' title='bbox 2874 2221 2930 2265; x_wconf 91' lang='lat' dir='ltr'><strong>ut</strong></span> <span class='ocrx_word' id='word_1_680' title='bbox 2970 2226 3037 2264; x_wconf 90' lang='lat' dir='ltr'><strong>ne</strong></span> <span class='ocrx_word' id='word_1_681' title='bbox 3080 2222 3298 2264; x_wconf 88' lang='lat' dir='ltr'><strong>maneas</strong></span> <span class='ocrx_word' id='word_1_682' title='bbox 3329 2204 3613 2261; x_wconf 84' lang='lat' dir='ltr'><strong>indotata?</strong></span> <span class='ocrx_word' id='word_1_683' title='bbox 3656 2202 3767 2273; x_wconf 79' lang='lat' dir='ltr'><strong>Ego</strong></span> <span class='ocrx_word' id='word_1_684' title='bbox 3793 2200 3933 2272; x_wconf 90' lang='lat' dir='ltr'><strong>quid</strong></span> 
     </span>
    </p>
   </div>
   <div class='ocr_carea' id='block_1_81' title="bbox 2342 2293 3936 2373">
    <p class='ocr_par' dir='ltr' id='par_1_81' title="bbox 2342 2293 3936 2373">
     <span class='ocr_line' id='line_1_81' title="bbox 2342 2293 3936 2373; baseline -0.005 -17"><span class='ocrx_word' id='word_1_685' title='bbox 2342 2302 2539 2373; x_wconf 91' lang='lat' dir='ltr'><strong>possim</strong></span> <span class='ocrx_word' id='word_1_686' title='bbox 2571 2301 2766 2369; x_wconf 84' lang='lat' dir='ltr'><strong>inferre</strong></span> <span class='ocrx_word' id='word_1_687' title='bbox 2787 2301 2853 2354; x_wconf 88' lang='lat' dir='ltr'><strong>ab</strong></span> <span class='ocrx_word' id='word_1_688' title='bbox 2876 2300 3154 2364; x_wconf 86' lang='lat' dir='ltr'><strong>altaribus,</strong></span> <span class='ocrx_word' id='word_1_689' title='bbox 3191 2314 3221 2351; x_wconf 89' lang='lat' dir='ltr'><strong>a</strong></span> <span class='ocrx_word' id='word_1_690' title='bbox 3251 2297 3455 2362; x_wconf 89' lang='lat' dir='ltr'><strong>nidore,</strong></span> <span class='ocrx_word' id='word_1_691' title='bbox 3486 2311 3514 2348; x_wconf 89' lang='lat' dir='ltr'><strong>a</strong></span> <span class='ocrx_word' id='word_1_692' title='bbox 3543 2294 3887 2349; x_wconf 67' lang='lat' dir='ltr'><strong>dmmonibus</strong></span> <span class='ocrx_word' id='word_1_693' title='bbox 3909 2293 3936 2347; x_wconf 79' lang='lat'><strong>?</strong></span> 
     </span>
    </p>
   </div>
   <div class='ocr_carea' id='block_1_82' title="bbox 2340 2381 3931 2469">
    <p class='ocr_par' dir='ltr' id='par_1_82' title="bbox 2340 2381 3931 2469">
     <span class='ocr_line' id='line_1_82' title="bbox 2340 2381 3931 2469; baseline -0.006 -25"><span class='ocrx_word' id='word_1_694' title='bbox 2340 2391 2465 2463; x_wconf 90' lang='lat' dir='ltr'><strong>quid</strong></span> <span class='ocrx_word' id='word_1_695' title='bbox 2488 2389 2819 2445; x_wconf 88' lang='lat' dir='ltr'><strong>inferendum</strong></span> <span class='ocrx_word' id='word_1_696' title='bbox 2847 2390 3059 2445; x_wconf 84' lang='lat' dir='ltr'><strong>habeo?</strong></span> <span class='ocrx_word' id='word_1_697' title='bbox 3088 2388 3268 2469; x_wconf 82' lang='lat' dir='ltr'><strong>Quid?</strong></span> <span class='ocrx_word' id='word_1_698' title='bbox 3293 2386 3625 2441; x_wconf 82' lang='lat' dir='ltr'><strong>Voluntatem</strong></span> <span class='ocrx_word' id='word_1_699' title='bbox 3656 2392 3711 2439; x_wconf 91' lang='lat' dir='ltr'><strong>et</strong></span> <span class='ocrx_word' id='word_1_700' title='bbox 3738 2381 3931 2437; x_wconf 82' lang='lat' dir='ltr'><strong>fidem.</strong></span> 
     </span>
    </p>
   </div>
   <div class='ocr_carea' id='block_1_83' title="bbox 2340 2473 3933 2551">
    <p class='ocr_par' dir='ltr' id='par_1_83' title="bbox 2340 2473 3933 2551">
     <span class='ocr_line' id='line_1_83' title="bbox 2340 2473 3933 2551; baseline -0.006 -16"><span class='ocrx_word' id='word_1_701' title='bbox 2340 2482 2495 2549; x_wconf 80' lang='lat' dir='ltr'><strong>Audi,</strong></span> <span class='ocrx_word' id='word_1_702' title='bbox 2526 2481 2655 2551; x_wconf 89' lang='lat' dir='ltr'><strong>ﬁlia,</strong></span> <span class='ocrx_word' id='word_1_703' title='bbox 2686 2492 2731 2535; x_wconf 88' lang='lat' dir='ltr'><strong>et</strong></span> <span class='ocrx_word' id='word_1_704' title='bbox 2757 2481 2886 2535; x_wconf 84' lang='lat' dir='ltr'><strong>vide.</strong></span> <span class='ocrx_word' id='word_1_705' title='bbox 2921 2479 3124 2551; x_wconf 86' lang='lat' dir='ltr'><strong>Ecquid</strong></span> <span class='ocrx_word' id='word_1_706' title='bbox 3142 2477 3221 2533; x_wconf 83' lang='lat' dir='ltr'><strong>vis</strong></span> <span class='ocrx_word' id='word_1_707' title='bbox 3250 2476 3469 2532; x_wconf 86' lang='lat' dir='ltr'><strong>faciam?</strong></span> <span class='ocrx_word' id='word_1_708' title='bbox 3499 2473 3803 2535; x_wconf 83' lang='lat' dir='ltr'><strong>Obliviscere</strong></span> <span class='ocrx_word' id='word_1_709' title='bbox 3829 2489 3933 2542; x_wconf 82' lang='lat' dir='ltr'><strong>po-</strong></span> 
     </span>
    </p>
   </div>
   <div class='ocr_carea' id='block_1_84' title="bbox 2344 2565 3934 2648">
    <p class='ocr_par' dir='ltr' id='par_1_84' title="bbox 2344 2565 3934 2648">
     <span class='ocr_line' id='line_1_84' title="bbox 2344 2565 3934 2648; baseline -0.007 -18"><span class='ocrx_word' id='word_1_710' title='bbox 2344 2579 2521 2648; x_wconf 85' lang='lat' dir='ltr'><strong>pulum</strong></span> <span class='ocrx_word' id='word_1_711' title='bbox 2548 2586 2688 2630; x_wconf 84' lang='lat' dir='ltr'><strong>tuum</strong></span> <span class='ocrx_word' id='word_1_712' title='bbox 2715 2573 2885 2645; x_wconf 83' lang='lat' dir='ltr'><strong>(Psal.</strong></span> <span class='ocrx_word' id='word_1_713' title='bbox 2912 2574 2999 2629; x_wconf 64' lang='grc'><strong>44.</strong></span> <span class='ocrx_word' id='word_1_714' title='bbox 3026 2572 3138 2644; x_wconf 74' lang='lat' dir='ltr'><strong>il).</strong></span> <span class='ocrx_word' id='word_1_715' title='bbox 3171 2570 3338 2637; x_wconf 86' lang='lat' dir='ltr'><strong>Quem</strong></span> <span class='ocrx_word' id='word_1_716' title='bbox 3368 2566 3667 2647; x_wconf 83' lang='lat' dir='ltr'><strong>pepulum?</strong></span> <span class='ocrx_word' id='word_1_717' title='bbox 3709 2565 3934 2619; x_wconf 64' lang='lat' dir='ltr'><strong>Darmo—</strong></span> 
     </span>
    </p>
   </div>
   <div class='ocr_carea' id='block_1_85' title="bbox 2344 2656 3935 2737">
    <p class='ocr_par' dir='ltr' id='par_1_85' title="bbox 2344 2656 3935 2737">
     <span class='ocr_line' id='line_1_85' title="bbox 2344 2656 3935 2737; baseline -0.011 -11"><span class='ocrx_word' id='word_1_718' title='bbox 2344 2685 2440 2727; x_wconf 89' lang='lat' dir='ltr'><strong>nas</strong></span> <span class='ocrx_word' id='word_1_719' title='bbox 2462 2712 2477 2737; x_wconf 90' lang='lat'><strong>,</strong></span> <span class='ocrx_word' id='word_1_720' title='bbox 2509 2668 2682 2735; x_wconf 89' lang='lat' dir='ltr'><strong>idola,</strong></span> <span class='ocrx_word' id='word_1_721' title='bbox 2717 2667 2942 2733; x_wconf 90' lang='lat' dir='ltr'><strong>fumum,</strong></span> <span class='ocrx_word' id='word_1_722' title='bbox 2988 2664 3254 2728; x_wconf 86' lang='lat' dir='ltr'><strong>nidorem,</strong></span> <span class='ocrx_word' id='word_1_723' title='bbox 3299 2661 3634 2731; x_wconf 89' lang='lat' dir='ltr'><strong>sanguinem.</strong></span> <span class='ocrx_word' id='word_1_724' title='bbox 3683 2656 3754 2720; x_wconf 77' lang='lat' dir='ltr'><strong>Et</strong></span> <span class='ocrx_word' id='word_1_725' title='bbox 3790 2657 3935 2722; x_wconf 76' lang='lat' dir='ltr'><strong>ride,</strong></span> 
     </span>
    </p>
   </div>
   <div class='ocr_carea' id='block_1_86' title="bbox 2343 2747 3937 2833">
    <p class='ocr_par' dir='ltr' id='par_1_86' title="bbox 2343 2747 3937 2833">
     <span class='ocr_line' id='line_1_86' title="bbox 2343 2747 3937 2833; baseline -0.013 -13"><span class='ocrx_word' id='word_1_726' title='bbox 2343 2775 2391 2820; x_wconf 83' lang='lat' dir='ltr'><strong>et</strong></span> <span class='ocrx_word' id='word_1_727' title='bbox 2414 2763 2697 2819; x_wconf 76' lang='lat' dir='ltr'><strong>obliviscere</strong></span> <span class='ocrx_word' id='word_1_728' title='bbox 2725 2760 2969 2833; x_wconf 78' lang='lat' dir='ltr'><strong>populum</strong></span> <span class='ocrx_word' id='word_1_729' title='bbox 2990 2770 3127 2812; x_wconf 82' lang='lat' dir='ltr'><strong>tuum</strong></span> <span class='ocrx_word' id='word_1_730' title='bbox 3147 2797 3163 2823; x_wconf 94' lang='lat'><strong>,</strong></span> <span class='ocrx_word' id='word_1_731' title='bbox 3194 2766 3239 2810; x_wconf 87' lang='lat' dir='ltr'><strong>et</strong></span> <span class='ocrx_word' id='word_1_732' title='bbox 3269 2756 3474 2809; x_wconf 83' lang='lat' dir='ltr'><strong>domum</strong></span> <span class='ocrx_word' id='word_1_733' title='bbox 3508 2752 3667 2823; x_wconf 80' lang='lat' dir='ltr'><strong>patris</strong></span> <span class='ocrx_word' id='word_1_734' title='bbox 3691 2750 3786 2802; x_wconf 86' lang='lat' dir='ltr'><strong>tui.</strong></span> <span class='ocrx_word' id='word_1_735' title='bbox 3836 2747 3937 2802; x_wconf 86' lang='lat' dir='ltr'><strong>Di-</strong></span> 
     </span>
    </p>
   </div>
   <div class='ocr_carea' id='block_1_87' title="bbox 2344 2839 3937 2925">
    <p class='ocr_par' dir='ltr' id='par_1_87' title="bbox 2344 2839 3937 2925">
     <span class='ocr_line' id='line_1_87' title="bbox 2344 2839 3937 2925; baseline -0.011 -13"><span class='ocrx_word' id='word_1_736' title='bbox 2344 2858 2497 2913; x_wconf 91' lang='lat' dir='ltr'><strong>mitte</strong></span> <span class='ocrx_word' id='word_1_737' title='bbox 2523 2864 2725 2925; x_wconf 87' lang='lat' dir='ltr'><strong>patrem</strong></span> <span class='ocrx_word' id='word_1_738' title='bbox 2750 2892 2765 2919; x_wconf 91' lang='lat'><strong>,</strong></span> <span class='ocrx_word' id='word_1_739' title='bbox 2797 2860 2852 2907; x_wconf 89' lang='lat' dir='ltr'><strong>et</strong></span> <span class='ocrx_word' id='word_1_740' title='bbox 2879 2849 2946 2905; x_wconf 88' lang='lat' dir='ltr'><strong>ad</strong></span> <span class='ocrx_word' id='word_1_741' title='bbox 2972 2865 3058 2904; x_wconf 89' lang='lat' dir='ltr'><strong>me</strong></span> <span class='ocrx_word' id='word_1_742' title='bbox 3082 2848 3221 2903; x_wconf 87' lang='lat' dir='ltr'><strong>veni.</strong></span> <span class='ocrx_word' id='word_1_743' title='bbox 3255 2846 3369 2915; x_wconf 82' lang='lat' dir='ltr'><strong>Ego</strong></span> <span class='ocrx_word' id='word_1_744' title='bbox 3394 2844 3608 2898; x_wconf 79' lang='lat' dir='ltr'><strong>Patrem</strong></span> <span class='ocrx_word' id='word_1_745' title='bbox 3633 2839 3842 2906; x_wconf 86' lang='lat' dir='ltr'><strong>dimisi,</strong></span> <span class='ocrx_word' id='word_1_746' title='bbox 3876 2851 3937 2895; x_wconf 87' lang='lat' dir='ltr'><strong>et</strong></span> 
     </span>
    </p>
   </div>
   <div class='ocr_carea' id='block_1_88' title="bbox 2343 2929 3944 3012">
    <p class='ocr_par' dir='ltr' id='par_1_88' title="bbox 2343 2929 3944 3012">
     <span class='ocr_line' id='line_1_88' title="bbox 2343 2929 3944 3012; baseline -0.012 -9"><span class='ocrx_word' id='word_1_747' title='bbox 2343 2947 2411 3003; x_wconf 88' lang='lat' dir='ltr'><strong>ad</strong></span> <span class='ocrx_word' id='word_1_748' title='bbox 2441 2957 2490 3002; x_wconf 89' lang='lat' dir='ltr'><strong>te</strong></span> <span class='ocrx_word' id='word_1_749' title='bbox 2515 2945 2634 2999; x_wconf 83' lang='lat' dir='ltr'><strong>veni</strong></span> <span class='ocrx_word' id='word_1_750' title='bbox 2660 2986 2675 3012; x_wconf 94' lang='lat'><strong>,</strong></span> <span class='ocrx_word' id='word_1_751' title='bbox 2722 2952 2774 2997; x_wconf 92' lang='lat' dir='ltr'><strong>ct</strong></span> <span class='ocrx_word' id='word_1_752' title='bbox 2803 2953 2857 2997; x_wconf 95' lang='lat' dir='ltr'><strong>tu</strong></span> <span class='ocrx_word' id='word_1_753' title='bbox 2882 2955 2988 2997; x_wconf 92' lang='lat' dir='ltr'><strong>non</strong></span> <span class='ocrx_word' id='word_1_754' title='bbox 3019 2936 3254 2994; x_wconf 87' lang='lat' dir='ltr'><strong>dimittes</strong></span> <span class='ocrx_word' id='word_1_755' title='bbox 3300 2936 3511 2991; x_wconf 79' lang='lat' dir='ltr'><strong>Patrem</strong></span> <span class='ocrx_word' id='word_1_756' title='bbox 3540 2931 3728 2986; x_wconf 88' lang='lat' dir='ltr'><strong>tuum?</strong></span> <span class='ocrx_word' id='word_1_757' title='bbox 3755 2929 3944 2985; x_wconf 54' lang='lat' dir='ltr'><strong>Cate—</strong></span> 
     </span>
    </p>
   </div>
   <div class='ocr_carea' id='block_1_89' title="bbox 2343 3022 3939 3103">
    <p class='ocr_par' dir='ltr' id='par_1_89' title="bbox 2343 3022 3939 3103">
     <span class='ocr_line' id='line_1_89' title="bbox 2343 3022 3939 3103; baseline -0.013 -7"><span class='ocrx_word' id='word_1_758' title='bbox 2343 3055 2460 3099; x_wconf 88' lang='lat' dir='ltr'><strong>rum</strong></span> <span class='ocrx_word' id='word_1_759' title='bbox 2484 3037 2609 3094; x_wconf 91' lang='lat' dir='ltr'><strong>illud</strong></span> <span class='ocrx_word' id='word_1_760' title='bbox 2634 3077 2650 3103; x_wconf 94' lang='lat'><strong>,</strong></span> <span class='ocrx_word' id='word_1_761' title='bbox 2678 3034 2887 3099; x_wconf 92' lang='lat' dir='ltr'><strong>dimisi,</strong></span> <span class='ocrx_word' id='word_1_762' title='bbox 2913 3032 2981 3087; x_wconf 88' lang='lat' dir='ltr'><strong>de</strong></span> <span class='ocrx_word' id='word_1_763' title='bbox 3008 3030 3143 3086; x_wconf 85' lang='lat' dir='ltr'><strong>Filio</strong></span> <span class='ocrx_word' id='word_1_764' title='bbox 3182 3028 3381 3085; x_wconf 91' lang='lat' dir='ltr'><strong>dictum</strong></span> <span class='ocrx_word' id='word_1_765' title='bbox 3402 3067 3417 3095; x_wconf 92' lang='lat'><strong>,</strong></span> <span class='ocrx_word' id='word_1_766' title='bbox 3446 3040 3513 3080; x_wconf 92' lang='lat' dir='ltr'><strong>ne</strong></span> <span class='ocrx_word' id='word_1_767' title='bbox 3540 3026 3611 3082; x_wconf 87' lang='lat' dir='ltr'><strong>ita</strong></span> <span class='ocrx_word' id='word_1_768' title='bbox 3639 3022 3939 3092; x_wconf 84' lang='lat' dir='ltr'><strong>intelligas,</strong></span> 
     </span>
    </p>
   </div>
   <div class='ocr_carea' id='block_1_90' title="bbox 2344 3114 3944 3201">
    <p class='ocr_par' dir='ltr' id='par_1_90' title="bbox 2344 3114 3944 3201">
     <span class='ocr_line' id='line_1_90' title="bbox 2344 3114 3944 3201; baseline -0.009 -17"><span class='ocrx_word' id='word_1_769' title='bbox 2344 3130 2492 3201; x_wconf 85' lang='lat' dir='ltr'><strong>quasi</strong></span> <span class='ocrx_word' id='word_1_770' title='bbox 2538 3125 2817 3181; x_wconf 89' lang='lat' dir='ltr'><strong>dimiserit.</strong></span> <span class='ocrx_word' id='word_1_771' title='bbox 2870 3123 2952 3178; x_wconf 78' lang='lat' dir='ltr'><strong>Me</strong></span> <span class='ocrx_word' id='word_1_772' title='bbox 2988 3120 3081 3175; x_wconf 86' lang='lat' dir='ltr'><strong>tibi</strong></span> <span class='ocrx_word' id='word_1_773' title='bbox 3108 3116 3453 3187; x_wconf 83' lang='lat' dir='ltr'><strong>attemperavi</strong></span> <span class='ocrx_word' id='word_1_774' title='bbox 3480 3158 3494 3182; x_wconf 96' lang='lat'><strong>,</strong></span> <span class='ocrx_word' id='word_1_775' title='bbox 3523 3114 3944 3184; x_wconf 83' lang='lat' dir='ltr'><strong>dispensatione</strong></span> 
     </span>
    </p>
   </div>
   <div class='ocr_carea' id='block_1_91' title="bbox 2345 3205 3945 3283">
    <p class='ocr_par' dir='ltr' id='par_1_91' title="bbox 2345 3205 3945 3283">
     <span class='ocr_line' id='line_1_91' title="bbox 2345 3205 3945 3283; baseline -0.009 -8"><span class='ocrx_word' id='word_1_776' title='bbox 2345 3235 2473 3275; x_wconf 89' lang='lat' dir='ltr'><strong>usus</strong></span> <span class='ocrx_word' id='word_1_777' title='bbox 2498 3233 2636 3283; x_wconf 88' lang='lat' dir='ltr'><strong>sum,</strong></span> <span class='ocrx_word' id='word_1_778' title='bbox 2665 3229 2879 3271; x_wconf 88' lang='lat' dir='ltr'><strong>carnem</strong></span> <span class='ocrx_word' id='word_1_779' title='bbox 2910 3210 3192 3282; x_wconf 89' lang='lat' dir='ltr'><strong>assumpsi.</strong></span> <span class='ocrx_word' id='word_1_780' title='bbox 3224 3209 3336 3263; x_wconf 85' lang='lat' dir='ltr'><strong>lloc</strong></span> <span class='ocrx_word' id='word_1_781' title='bbox 3358 3205 3560 3278; x_wconf 87' lang='lat' dir='ltr'><strong>sponsi,</strong></span> <span class='ocrx_word' id='word_1_782' title='bbox 3584 3206 3689 3259; x_wconf 85' lang='lat' dir='ltr'><strong>hoc</strong></span> <span class='ocrx_word' id='word_1_783' title='bbox 3715 3218 3945 3274; x_wconf 65' lang='lat' dir='ltr'><strong>sponsae</strong></span> 
     </span>
    </p>
   </div>
   <div class='ocr_carea' id='block_1_92' title="bbox 2344 3294 3946 3377">
    <p class='ocr_par' dir='ltr' id='par_1_92' title="bbox 2344 3294 3946 3377">
     <span class='ocr_line' id='line_1_92' title="bbox 2344 3294 3946 3377; baseline -0.01 -10"><span class='ocrx_word' id='word_1_784' title='bbox 2344 3321 2425 3368; x_wconf 87' lang='lat' dir='ltr'><strong>est</strong></span> <span class='ocrx_word' id='word_1_785' title='bbox 2453 3351 2468 3376; x_wconf 90' lang='lat'><strong>,</strong></span> <span class='ocrx_word' id='word_1_786' title='bbox 2496 3320 2554 3364; x_wconf 91' lang='lat' dir='ltr'><strong>ut</strong></span> <span class='ocrx_word' id='word_1_787' title='bbox 2582 3308 2944 3377; x_wconf 88' lang='lat' dir='ltr'><strong>relinquamus</strong></span> <span class='ocrx_word' id='word_1_788' title='bbox 2970 3311 3246 3373; x_wconf 88' lang='lat' dir='ltr'><strong>parentes,</strong></span> <span class='ocrx_word' id='word_1_789' title='bbox 3279 3306 3335 3353; x_wconf 90' lang='lat' dir='ltr'><strong>et</strong></span> <span class='ocrx_word' id='word_1_790' title='bbox 3362 3311 3460 3352; x_wconf 90' lang='lat' dir='ltr'><strong>nos</strong></span> <span class='ocrx_word' id='word_1_791' title='bbox 3486 3304 3672 3350; x_wconf 92' lang='lat' dir='ltr'><strong>mutuo</strong></span> <span class='ocrx_word' id='word_1_792' title='bbox 3709 3294 3946 3365; x_wconf 87' lang='lat' dir='ltr'><strong>copule-</strong></span> 
     </span>
    </p>
   </div>
   <div class='ocr_carea' id='block_1_93' title="bbox 2346 3388 3943 3470">
    <p class='ocr_par' dir='ltr' id='par_1_93' title="bbox 2346 3388 3943 3470">
     <span class='ocr_line' id='line_1_93' title="bbox 2346 3388 3943 3470; baseline -0.013 -10"><span class='ocrx_word' id='word_1_793' title='bbox 2346 3420 2485 3460; x_wconf 88' lang='lat' dir='ltr'><strong>mur.</strong></span> <span class='ocrx_word' id='word_1_794' title='bbox 2529 3402 2696 3467; x_wconf 86' lang='lat' dir='ltr'><strong>Audi,</strong></span> <span class='ocrx_word' id='word_1_795' title='bbox 2728 3398 2857 3470; x_wconf 88' lang='lat' dir='ltr'><strong>ﬁlia,</strong></span> <span class='ocrx_word' id='word_1_796' title='bbox 2887 3407 2933 3451; x_wconf 83' lang='lat' dir='ltr'><strong>et</strong></span> <span class='ocrx_word' id='word_1_797' title='bbox 2958 3395 3088 3459; x_wconf 76' lang='lat' dir='ltr'><strong>vide,</strong></span> <span class='ocrx_word' id='word_1_798' title='bbox 3119 3402 3164 3448; x_wconf 84' lang='lat' dir='ltr'><strong>et</strong></span> <span class='ocrx_word' id='word_1_799' title='bbox 3190 3390 3478 3446; x_wconf 74' lang='lat' dir='ltr'><strong>obliviscere</strong></span> <span class='ocrx_word' id='word_1_800' title='bbox 3496 3388 3743 3460; x_wconf 82' lang='lat' dir='ltr'><strong>papulum</strong></span> <span class='ocrx_word' id='word_1_801' title='bbox 3769 3397 3943 3453; x_wconf 75' lang='lat' dir='ltr'><strong>tuum,</strong></span> 
     </span>
    </p>
   </div>
   <div class='ocr_carea' id='block_1_94' title="bbox 2346 3478 3945 3565">
    <p class='ocr_par' dir='ltr' id='par_1_94' title="bbox 2346 3478 3945 3565">
     <span class='ocr_line' id='line_1_94' title="bbox 2346 3478 3945 3565; baseline -0.013 -13"><span class='ocrx_word' id='word_1_802' title='bbox 2346 3507 2393 3555; x_wconf 85' lang='lat' dir='ltr'><strong>et</strong></span> <span class='ocrx_word' id='word_1_803' title='bbox 2414 3497 2617 3549; x_wconf 85' lang='lat' dir='ltr'><strong>domum</strong></span> <span class='ocrx_word' id='word_1_804' title='bbox 2641 3490 2800 3565; x_wconf 84' lang='lat' dir='ltr'><strong>patris</strong></span> <span class='ocrx_word' id='word_1_805' title='bbox 2827 3489 2916 3543; x_wconf 86' lang='lat' dir='ltr'><strong>tui.</strong></span> <span class='ocrx_word' id='word_1_806' title='bbox 2965 3482 3167 3556; x_wconf 82' lang='lat' dir='ltr'><strong>Ecquid</strong></span> <span class='ocrx_word' id='word_1_807' title='bbox 3205 3481 3335 3537; x_wconf 88' lang='lat' dir='ltr'><strong>mihi</strong></span> <span class='ocrx_word' id='word_1_808' title='bbox 3372 3480 3498 3545; x_wconf 87' lang='lat' dir='ltr'><strong>das,</strong></span> <span class='ocrx_word' id='word_1_809' title='bbox 3529 3479 3575 3533; x_wconf 90' lang='lat' dir='ltr'><strong>si</strong></span> <span class='ocrx_word' id='word_1_810' title='bbox 3604 3478 3945 3533; x_wconf 79' lang='lat' dir='ltr'><strong>obliviscar?</strong></span> 
     </span>
    </p>
   </div>
   <div class='ocr_carea' id='block_1_95' title="bbox 2346 3568 3949 3656">
    <p class='ocr_par' dir='ltr' id='par_1_95' title="bbox 2346 3568 3949 3656">
     <span class='ocr_line' id='line_1_95' title="bbox 2346 3568 3949 3656; baseline -0.012 -12"><span class='ocrx_word' id='word_1_811' title='bbox 2346 3586 2416 3644; x_wconf 81' lang='lat' dir='ltr'><strong>Et</strong></span> <span class='ocrx_word' id='word_1_812' title='bbox 2435 3584 2750 3656; x_wconf 76' lang='lat' dir='ltr'><strong>concupiscet</strong></span> <span class='ocrx_word' id='word_1_813' title='bbox 2788 3596 2881 3635; x_wconf 76' lang='lat' dir='ltr'><strong>res:</strong></span> <span class='ocrx_word' id='word_1_814' title='bbox 2915 3577 3146 3632; x_wconf 81' lang='lat' dir='ltr'><strong>decorem</strong></span> <span class='ocrx_word' id='word_1_815' title='bbox 3175 3584 3313 3628; x_wconf 84' lang='lat' dir='ltr'><strong>tuum</strong></span> <span class='ocrx_word' id='word_1_816' title='bbox 3339 3570 3502 3640; x_wconf 85' lang='lat' dir='ltr'><strong>(Ibid.</strong></span> <span class='ocrx_word' id='word_1_817' title='bbox 3529 3585 3578 3625; x_wconf 75' lang='grc' dir='ltr'><strong>ν.</strong></span> <span class='ocrx_word' id='word_1_818' title='bbox 3612 3568 3726 3640; x_wconf 70' lang='grc'><strong>12).</strong></span> <span class='ocrx_word' id='word_1_819' title='bbox 3759 3568 3949 3625; x_wconf 80' lang='lat' dir='ltr'><strong>Habes</strong></span> 
     </span>
    </p>
   </div>
   <div class='ocr_carea' id='block_1_96' title="bbox 2346 3660 3949 3734">
    <p class='ocr_par' dir='ltr' id='par_1_96' title="bbox 2346 3660 3949 3734">
     <span class='ocr_line' id='line_1_96' title="bbox 2346 3660 3949 3734; baseline -0.012 0"><span class='ocrx_word' id='word_1_820' title='bbox 2346 3688 2637 3734; x_wconf 86' lang='lat' dir='ltr'><strong>amatorem</strong></span> <span class='ocrx_word' id='word_1_821' title='bbox 2667 3674 2969 3731; x_wconf 84' lang='lat' dir='ltr'><strong>Dominum.</strong></span> <span class='ocrx_word' id='word_1_822' title='bbox 2990 3670 3048 3727; x_wconf 89' lang='lat' dir='ltr'><strong>Si</strong></span> <span class='ocrx_word' id='word_1_823' title='bbox 3077 3668 3224 3723; x_wconf 87' lang='lat' dir='ltr'><strong>illum</strong></span> <span class='ocrx_word' id='word_1_824' title='bbox 3252 3673 3543 3721; x_wconf 89' lang='lat' dir='ltr'><strong>amatorem</strong></span> <span class='ocrx_word' id='word_1_825' title='bbox 3567 3660 3790 3729; x_wconf 81' lang='lat' dir='ltr'><strong>habeas,</strong></span> <span class='ocrx_word' id='word_1_826' title='bbox 3820 3678 3949 3732; x_wconf 74' lang='lat' dir='ltr'><strong>qua:</strong></span> 
     </span>
    </p>
   </div>
   <div class='ocr_carea' id='block_1_97' title="bbox 2347 3751 3950 3836">
    <p class='ocr_par' dir='ltr' id='par_1_97' title="bbox 2347 3751 3950 3836">
     <span class='ocr_line' id='line_1_97' title="bbox 2347 3751 3950 3836; baseline -0.013 -8"><span class='ocrx_word' id='word_1_827' title='bbox 2347 3772 2491 3829; x_wconf 89' lang='lat' dir='ltr'><strong>illius</strong></span> <span class='ocrx_word' id='word_1_828' title='bbox 2536 3778 2661 3826; x_wconf 86' lang='lat' dir='ltr'><strong>sunt</strong></span> <span class='ocrx_word' id='word_1_829' title='bbox 2699 3767 2882 3836; x_wconf 90' lang='lat' dir='ltr'><strong>utique</strong></span> <span class='ocrx_word' id='word_1_830' title='bbox 2921 3761 3126 3819; x_wconf 85' lang='lat' dir='ltr'><strong>babes:</strong></span> <span class='ocrx_word' id='word_1_831' title='bbox 3156 3759 3201 3814; x_wconf 87' lang='lat' dir='ltr'><strong>si</strong></span> <span class='ocrx_word' id='word_1_832' title='bbox 3233 3766 3408 3812; x_wconf 90' lang='lat' dir='ltr'><strong>tamen</strong></span> <span class='ocrx_word' id='word_1_833' title='bbox 3434 3752 3577 3825; x_wconf 89' lang='lat' dir='ltr'><strong>quod</strong></span> <span class='ocrx_word' id='word_1_834' title='bbox 3616 3751 3829 3807; x_wconf 89' lang='lat' dir='ltr'><strong>dictum</strong></span> <span class='ocrx_word' id='word_1_835' title='bbox 3858 3760 3950 3807; x_wconf 88' lang='lat' dir='ltr'><strong>est</strong></span> 
     </span>
    </p>
   </div>
   <div class='ocr_carea' id='block_1_98' title="bbox 2348 3845 3946 3935">
    <p class='ocr_par' dir='ltr' id='par_1_98' title="bbox 2348 3845 3946 3935">
     <span class='ocr_line' id='line_1_98' title="bbox 2348 3845 3946 3935; baseline -0.013 -16"><span class='ocrx_word' id='word_1_836' title='bbox 2348 3864 2563 3935; x_wconf 85' lang='lat' dir='ltr'><strong>possitis</strong></span> <span class='ocrx_word' id='word_1_837' title='bbox 2614 3858 2908 3929; x_wconf 79' lang='lat' dir='ltr'><strong>intelligere</strong></span> <span class='ocrx_word' id='word_1_838' title='bbox 2941 3873 2955 3909; x_wconf 91' lang='lat'>:</span> <span class='ocrx_word' id='word_1_839' title='bbox 2988 3851 3197 3908; x_wconf 84' lang='lat' dir='ltr'><strong>subtilis</strong></span> <span class='ocrx_word' id='word_1_840' title='bbox 3245 3850 3441 3922; x_wconf 84' lang='lat' dir='ltr'><strong>quippe</strong></span> <span class='ocrx_word' id='word_1_841' title='bbox 3486 3854 3570 3902; x_wconf 87' lang='lat' dir='ltr'><strong>est</strong></span> <span class='ocrx_word' id='word_1_842' title='bbox 3619 3845 3946 3911; x_wconf 85' lang='lat' dir='ltr'><strong>sententia;</strong></span> 
     </span>
    </p>
   </div>
   <div class='ocr_carea' id='block_1_99' title="bbox 2348 3946 3460 4023">
    <p class='ocr_par' dir='ltr' id='par_1_99' title="bbox 2348 3946 3460 4023">
     <span class='ocr_line' id='line_1_99' title="bbox 2348 3946 3460 4023; baseline -0.018 -12"><span class='ocrx_word' id='word_1_843' title='bbox 2348 3956 2578 4023; x_wconf 87' lang='lat' dir='ltr'><strong>voloque</strong></span> <span class='ocrx_word' id='word_1_844' title='bbox 2594 3950 2901 4008; x_wconf 69' lang='lat' dir='ltr'><strong>Iudaeorum</strong></span> <span class='ocrx_word' id='word_1_845' title='bbox 2920 3946 3151 4015; x_wconf 89' lang='lat' dir='ltr'><strong>linguam</strong></span> <span class='ocrx_word' id='word_1_846' title='bbox 3178 3952 3460 3997; x_wconf 82' lang='lat' dir='ltr'><strong>censuere.</strong></span> 
     </span>
    </p>
   </div>
   <div class='ocr_carea' id='block_1_100' title="bbox 2423 4026 3952 4109">
    <p class='ocr_par' dir='ltr' id='par_1_100' title="bbox 2423 4026 3952 4109">
     <span class='ocr_line' id='line_1_100' title="bbox 2423 4026 3952 4109; baseline -0.013 -8"><span class='ocrx_word' id='word_1_847' title='bbox 2423 4042 2761 4102; x_wconf 82' lang='lat' dir='ltr'><strong>Pulchritudo</strong></span> <span class='ocrx_word' id='word_1_848' title='bbox 2801 4037 3028 4109; x_wconf 87' lang='lat' dir='ltr'><strong>corporis</strong></span> <span class='ocrx_word' id='word_1_849' title='bbox 3061 4050 3126 4090; x_wconf 70' lang='lat' dir='ltr'><strong>ex</strong></span> <span class='ocrx_word' id='word_1_850' title='bbox 3158 4041 3389 4095; x_wconf 82' lang='lat' dir='ltr'><strong>natura;</strong></span> <span class='ocrx_word' id='word_1_851' title='bbox 3434 4029 3618 4083; x_wconf 75' lang='lat' dir='ltr'><strong>animle</strong></span> <span class='ocrx_word' id='word_1_852' title='bbox 3654 4042 3720 4082; x_wconf 77' lang='lat' dir='ltr'><strong>ea:</strong></span> <span class='ocrx_word' id='word_1_853' title='bbox 3756 4026 3952 4081; x_wconf 76' lang='lat' dir='ltr'><strong>virtute</strong></span> 
     </span>
    </p>
   </div>
   <div class='ocr_carea' id='block_1_101' title="bbox 2353 4118 3948 4208">
    <p class='ocr_par' dir='ltr' id='par_1_101' title="bbox 2353 4118 3948 4208">
     <span class='ocr_line' id='line_1_101' title="bbox 2353 4118 3948 4208; baseline -0.012 -16"><span class='ocrx_word' id='word_1_854' title='bbox 2353 4136 2705 4208; x_wconf 80' lang='lat' dir='ltr'><strong>proﬁciscitur.</strong></span> <span class='ocrx_word' id='word_1_855' title='bbox 2733 4161 2807 4173; x_wconf 89' lang='lat'><strong><em>—</em></strong></span> <span class='ocrx_word' id='word_1_856' title='bbox 2832 4128 2935 4187; x_wconf 85' lang='lat' dir='ltr'><strong>Sed</strong></span> <span class='ocrx_word' id='word_1_857' title='bbox 2965 4126 3052 4182; x_wconf 86' lang='lat' dir='ltr'><strong>hic</strong></span> <span class='ocrx_word' id='word_1_858' title='bbox 3070 4133 3303 4181; x_wconf 86' lang='lat' dir='ltr'><strong>mentem</strong></span> <span class='ocrx_word' id='word_1_859' title='bbox 3322 4120 3572 4177; x_wconf 81' lang='lat' dir='ltr'><strong>adhibete</strong></span> <span class='ocrx_word' id='word_1_860' title='bbox 3603 4137 3618 4173; x_wconf 93' lang='lat'><strong>:</strong></span> <span class='ocrx_word' id='word_1_861' title='bbox 3648 4118 3765 4173; x_wconf 85' lang='lat' dir='ltr'><strong>sive</strong></span> <span class='ocrx_word' id='word_1_862' title='bbox 3792 4118 3948 4173; x_wconf 82' lang='lat' dir='ltr'><strong>enim</strong></span> 
     </span>
    </p>
   </div>
   <div class='ocr_carea' id='block_1_102' title="bbox 2351 4215 3952 4301">
    <p class='ocr_par' dir='ltr' id='par_1_102' title="bbox 2351 4215 3952 4301">
     <span class='ocr_line' id='line_1_102' title="bbox 2351 4215 3952 4301; baseline -0.011 -17"><span class='ocrx_word' id='word_1_863' title='bbox 2351 4231 2469 4301; x_wconf 88' lang='lat' dir='ltr'><strong>quis</strong></span> <span class='ocrx_word' id='word_1_864' title='bbox 2494 4229 2708 4294; x_wconf 86' lang='lat' dir='ltr'><strong>audiat,</strong></span> <span class='ocrx_word' id='word_1_865' title='bbox 2737 4226 2855 4281; x_wconf 88' lang='lat' dir='ltr'><strong>sive</strong></span> <span class='ocrx_word' id='word_1_866' title='bbox 2879 4236 2985 4278; x_wconf 88' lang='lat' dir='ltr'><strong>non</strong></span> <span class='ocrx_word' id='word_1_867' title='bbox 3005 4261 3021 4286; x_wconf 96' lang='lat'><strong>,</strong></span> <span class='ocrx_word' id='word_1_868' title='bbox 3064 4233 3166 4289; x_wconf 87' lang='lat' dir='ltr'><strong>ego</strong></span> <span class='ocrx_word' id='word_1_869' title='bbox 3193 4215 3337 4274; x_wconf 83' lang='lat' dir='ltr'><strong>fodio</strong></span> <span class='ocrx_word' id='word_1_870' title='bbox 3355 4256 3372 4282; x_wconf 94' lang='lat'><strong>,</strong></span> <span class='ocrx_word' id='word_1_871' title='bbox 3396 4228 3497 4284; x_wconf 90' lang='lat' dir='ltr'><strong>ego</strong></span> <span class='ocrx_word' id='word_1_872' title='bbox 3527 4221 3725 4267; x_wconf 86' lang='lat' dir='ltr'><strong>terram</strong></span> <span class='ocrx_word' id='word_1_873' title='bbox 3756 4220 3952 4267; x_wconf 79' lang='lat' dir='ltr'><strong>aratro</strong></span> 
     </span>
    </p>
   </div>
   <div class='ocr_carea' id='block_1_103' title="bbox 2350 4302 3951 4385">
    <p class='ocr_par' dir='ltr' id='par_1_103' title="bbox 2350 4302 3951 4385">
     <span class='ocr_line' id='line_1_103' title="bbox 2350 4302 3951 4385; baseline -0.017 -7"><span class='ocrx_word' id='word_1_874' title='bbox 2350 4320 2555 4379; x_wconf 90' lang='lat' dir='ltr'><strong>scindo.</strong></span> <span class='ocrx_word' id='word_1_875' title='bbox 2601 4317 2769 4382; x_wconf 88' lang='lat' dir='ltr'><strong>Audi,</strong></span> <span class='ocrx_word' id='word_1_876' title='bbox 2812 4314 2956 4385; x_wconf 88' lang='lat' dir='ltr'><strong>ﬁlia,</strong></span> <span class='ocrx_word' id='word_1_877' title='bbox 2992 4320 3041 4367; x_wconf 83' lang='lat' dir='ltr'><strong>et</strong></span> <span class='ocrx_word' id='word_1_878' title='bbox 3077 4308 3224 4375; x_wconf 80' lang='lat' dir='ltr'><strong>uide,</strong></span> <span class='ocrx_word' id='word_1_879' title='bbox 3272 4315 3319 4361; x_wconf 88' lang='lat' dir='ltr'><strong>et</strong></span> <span class='ocrx_word' id='word_1_880' title='bbox 3361 4302 3651 4359; x_wconf 80' lang='lat' dir='ltr'><strong>obliviscere</strong></span> <span class='ocrx_word' id='word_1_881' title='bbox 3689 4302 3951 4371; x_wconf 78' lang='lat' dir='ltr'><strong>populum</strong></span> 
     </span>
    </p>
   </div>
   <div class='ocr_carea' id='block_1_104' title="bbox 2350 4394 3951 4478">
    <p class='ocr_par' dir='ltr' id='par_1_104' title="bbox 2350 4394 3951 4478">
     <span class='ocr_line' id='line_1_104' title="bbox 2350 4394 3951 4478; baseline -0.013 -8"><span class='ocrx_word' id='word_1_882' title='bbox 2350 4424 2493 4470; x_wconf 86' lang='lat' dir='ltr'><strong>tuum</strong></span> <span class='ocrx_word' id='word_1_883' title='bbox 2511 4454 2526 4478; x_wconf 92' lang='lat'><strong>,</strong></span> <span class='ocrx_word' id='word_1_884' title='bbox 2548 4420 2595 4466; x_wconf 87' lang='lat' dir='ltr'><strong>et</strong></span> <span class='ocrx_word' id='word_1_885' title='bbox 2626 4410 2831 4464; x_wconf 85' lang='lat' dir='ltr'><strong>domum</strong></span> <span class='ocrx_word' id='word_1_886' title='bbox 2856 4405 3013 4475; x_wconf 83' lang='lat' dir='ltr'><strong>patris</strong></span> <span class='ocrx_word' id='word_1_887' title='bbox 3038 4402 3143 4468; x_wconf 86' lang='lat' dir='ltr'><strong>tui,</strong></span> <span class='ocrx_word' id='word_1_888' title='bbox 3172 4409 3218 4455; x_wconf 85' lang='lat' dir='ltr'><strong>et</strong></span> <span class='ocrx_word' id='word_1_889' title='bbox 3253 4395 3565 4465; x_wconf 76' lang='lat' dir='ltr'><strong>concupiscet</strong></span> <span class='ocrx_word' id='word_1_890' title='bbox 3596 4410 3686 4449; x_wconf 79' lang='lat' dir='ltr'><strong>rea:</strong></span> <span class='ocrx_word' id='word_1_891' title='bbox 3704 4394 3951 4449; x_wconf 83' lang='lat' dir='ltr'><strong>decorem</strong></span> 
     </span>
    </p>
   </div>
   <div class='ocr_carea' id='block_1_105' title="bbox 2353 4484 3952 4563">
    <p class='ocr_par' dir='ltr' id='par_1_105' title="bbox 2353 4484 3952 4563">
     <span class='ocr_line' id='line_1_105' title="bbox 2353 4484 3952 4563; baseline -0.011 -4"><span class='ocrx_word' id='word_1_892' title='bbox 2353 4513 2514 4559; x_wconf 86' lang='lat' dir='ltr'><strong>tuum.</strong></span> <span class='ocrx_word' id='word_1_893' title='bbox 2546 4500 2645 4555; x_wconf 84' lang='lat' dir='ltr'><strong>Hic</strong></span> <span class='ocrx_word' id='word_1_894' title='bbox 2659 4499 2908 4553; x_wconf 90' lang='lat' dir='ltr'><strong>decorem</strong></span> <span class='ocrx_word' id='word_1_895' title='bbox 2931 4535 2945 4559; x_wconf 92' lang='lat'><strong>,</strong></span> <span class='ocrx_word' id='word_1_896' title='bbox 2970 4493 3061 4563; x_wconf 87' lang='lat' dir='ltr'><strong>qui</strong></span> <span class='ocrx_word' id='word_1_897' title='bbox 3090 4503 3309 4547; x_wconf 86' lang='lat' dir='ltr'><strong>sensum</strong></span> <span class='ocrx_word' id='word_1_898' title='bbox 3342 4493 3537 4550; x_wconf 87' lang='lat' dir='ltr'><strong>movet,</strong></span> <span class='ocrx_word' id='word_1_899' title='bbox 3568 4484 3828 4555; x_wconf 85' lang='lat' dir='ltr'><strong>intelligit</strong></span> <span class='ocrx_word' id='word_1_900' title='bbox 3850 4484 3952 4541; x_wconf 76' lang='lat' dir='ltr'><strong>Ju-</strong></span> 
     </span>
    </p>
   </div>
   <div class='ocr_carea' id='block_1_106' title="bbox 2354 4581 3543 4660">
    <p class='ocr_par' dir='ltr' id='par_1_106' title="bbox 2354 4581 3543 4660">
     <span class='ocr_line' id='line_1_106' title="bbox 2354 4581 3543 4660; baseline -0.015 -10"><span class='ocrx_word' id='word_1_901' title='bbox 2354 4595 2535 4659; x_wconf 68' lang='lat' dir='ltr'><strong>dreus;</strong></span> <span class='ocrx_word' id='word_1_902' title='bbox 2565 4607 2670 4647; x_wconf 93' lang='lat' dir='ltr'><strong>non</strong></span> <span class='ocrx_word' id='word_1_903' title='bbox 2702 4587 3051 4660; x_wconf 87' lang='lat' dir='ltr'><strong>spiritualem,</strong></span> <span class='ocrx_word' id='word_1_904' title='bbox 3080 4581 3175 4640; x_wconf 89' lang='lat' dir='ltr'><strong>sed</strong></span> <span class='ocrx_word' id='word_1_905' title='bbox 3202 4594 3543 4652; x_wconf 90' lang='lat' dir='ltr'><strong>corporeum.</strong></span> 
     </span>
    </p>
   </div>
   <div class='ocr_carea' id='block_1_107' title="bbox 2427 4668 3955 4747">
    <p class='ocr_par' dir='ltr' id='par_1_107' title="bbox 2427 4668 3955 4747">
     <span class='ocr_line' id='line_1_107' title="bbox 2427 4668 3955 4747; baseline -0.01 -7"><span class='ocrx_word' id='word_1_906' title='bbox 2427 4686 2513 4741; x_wconf 76' lang='lat' dir='ltr'><strong>i7.</strong></span> <span class='ocrx_word' id='word_1_907' title='bbox 2544 4682 2774 4739; x_wconf 80' lang='lat' dir='ltr'><strong>Attende</strong></span> <span class='ocrx_word' id='word_1_908' title='bbox 2797 4721 2813 4747; x_wconf 92' lang='lat'><strong>,</strong></span> <span class='ocrx_word' id='word_1_909' title='bbox 2845 4678 3113 4733; x_wconf 82' lang='lat' dir='ltr'><strong>discamus</strong></span> <span class='ocrx_word' id='word_1_910' title='bbox 3150 4688 3270 4744; x_wconf 63' lang='lat' dir='ltr'><strong>quas</strong></span> <span class='ocrx_word' id='word_1_911' title='bbox 3315 4672 3385 4728; x_wconf 92' lang='lat' dir='ltr'><strong>sit</strong></span> <span class='ocrx_word' id='word_1_912' title='bbox 3416 4682 3670 4739; x_wconf 88' lang='lat' dir='ltr'><strong>corporea</strong></span> <span class='ocrx_word' id='word_1_913' title='bbox 3701 4668 3955 4739; x_wconf 83' lang='lat' dir='ltr'><strong>pulchri-</strong></span> 
     </span>
    </p>
   </div>
   <div class='ocr_carea' id='block_1_108' title="bbox 2358 4761 3953 4845">
    <p class='ocr_par' dir='ltr' id='par_1_108' title="bbox 2358 4761 3953 4845">
     <span class='ocr_line' id='line_1_108' title="bbox 2358 4761 3953 4845; baseline -0.011 -11"><span class='ocrx_word' id='word_1_914' title='bbox 2358 4779 2503 4842; x_wconf 89' lang='lat' dir='ltr'><strong>tudo,</strong></span> <span class='ocrx_word' id='word_1_915' title='bbox 2535 4785 2589 4831; x_wconf 89' lang='lat' dir='ltr'><strong>et</strong></span> <span class='ocrx_word' id='word_1_916' title='bbox 2613 4789 2730 4845; x_wconf 64' lang='lat' dir='ltr'><strong>qua</strong></span> <span class='ocrx_word' id='word_1_917' title='bbox 2760 4769 3071 4842; x_wconf 90' lang='lat' dir='ltr'><strong>spiritualis.</strong></span> <span class='ocrx_word' id='word_1_918' title='bbox 3116 4766 3211 4820; x_wconf 87' lang='lat' dir='ltr'><strong>Est</strong></span> <span class='ocrx_word' id='word_1_919' title='bbox 3238 4764 3434 4829; x_wconf 88' lang='lat' dir='ltr'><strong>anima,</strong></span> <span class='ocrx_word' id='word_1_920' title='bbox 3466 4771 3547 4817; x_wconf 88' lang='lat' dir='ltr'><strong>est</strong></span> <span class='ocrx_word' id='word_1_921' title='bbox 3573 4774 3798 4830; x_wconf 87' lang='lat' dir='ltr'><strong>corpus,</strong></span> <span class='ocrx_word' id='word_1_922' title='bbox 3824 4761 3953 4817; x_wconf 72' lang='lat' dir='ltr'><strong>dua:</strong></span> 
     </span>
    </p>
   </div>
   <div class='ocr_carea' id='block_1_109' title="bbox 2354 4851 3949 4929">
    <p class='ocr_par' dir='ltr' id='par_1_109' title="bbox 2354 4851 3949 4929">
     <span class='ocr_line' id='line_1_109' title="bbox 2354 4851 3949 4929; baseline -0.02 -3"><span class='ocrx_word' id='word_1_923' title='bbox 2354 4868 2664 4927; x_wconf 64' lang='lat' dir='ltr'><strong>substantia:</strong></span> <span class='ocrx_word' id='word_1_924' title='bbox 2682 4871 2838 4928; x_wconf 89' lang='lat' dir='ltr'><strong>sunt;</strong></span> <span class='ocrx_word' id='word_1_925' title='bbox 2877 4870 2960 4917; x_wconf 87' lang='lat' dir='ltr'><strong>est</strong></span> <span class='ocrx_word' id='word_1_926' title='bbox 2989 4855 3321 4929; x_wconf 87' lang='lat' dir='ltr'><strong>pulchritudo</strong></span> <span class='ocrx_word' id='word_1_927' title='bbox 3339 4851 3579 4922; x_wconf 88' lang='lat' dir='ltr'><strong>corporis</strong></span> <span class='ocrx_word' id='word_1_928' title='bbox 3597 4891 3613 4917; x_wconf 92' lang='lat'><strong>,</strong></span> <span class='ocrx_word' id='word_1_929' title='bbox 3640 4859 3695 4904; x_wconf 87' lang='lat' dir='ltr'><strong>et</strong></span> <span class='ocrx_word' id='word_1_930' title='bbox 3724 4860 3809 4906; x_wconf 86' lang='lat' dir='ltr'><strong>est</strong></span> <span class='ocrx_word' id='word_1_931' title='bbox 3833 4854 3949 4922; x_wconf 78' lang='lat' dir='ltr'><strong>pul.</strong></span> 
     </span>
    </p>
   </div>
   <div class='ocr_carea' id='block_1_110' title="bbox 2355 4940 3959 5020">
    <p class='ocr_par' dir='ltr' id='par_1_110' title="bbox 2355 4940 3959 5020">
     <span class='ocr_line' id='line_1_110' title="bbox 2355 4940 3959 5020; baseline -0.019 -3"><span class='ocrx_word' id='word_1_932' title='bbox 2355 4958 2599 5018; x_wconf 87' lang='lat' dir='ltr'><strong>chritudo</strong></span> <span class='ocrx_word' id='word_1_933' title='bbox 2615 4956 2825 5012; x_wconf 66' lang='lat' dir='ltr'><strong>animae.</strong></span> <span class='ocrx_word' id='word_1_934' title='bbox 2848 4952 2978 5020; x_wconf 74' lang='lat' dir='ltr'><strong>Quae</strong></span> <span class='ocrx_word' id='word_1_935' title='bbox 2993 4959 3073 5006; x_wconf 87' lang='lat' dir='ltr'><strong>est</strong></span> <span class='ocrx_word' id='word_1_936' title='bbox 3092 4944 3428 5019; x_wconf 93' lang='lat' dir='ltr'><strong>pulchritudo</strong></span> <span class='ocrx_word' id='word_1_937' title='bbox 3443 4940 3722 5012; x_wconf 87' lang='lat' dir='ltr'><strong>corporis?</strong></span> <span class='ocrx_word' id='word_1_938' title='bbox 3745 4942 3959 5014; x_wconf 77' lang='lat' dir='ltr'><strong>Super-</strong></span> 
     </span>
    </p>
   </div>
   <div class='ocr_carea' id='block_1_111' title="bbox 2355 5037 3957 5111">
    <p class='ocr_par' dir='ltr' id='par_1_111' title="bbox 2355 5037 3957 5111">
     <span class='ocr_line' id='line_1_111' title="bbox 2355 5037 3957 5111; baseline -0.012 0"><span class='ocrx_word' id='word_1_939' title='bbox 2355 5055 2535 5111; x_wconf 89' lang='lat' dir='ltr'><strong>cilium</strong></span> <span class='ocrx_word' id='word_1_940' title='bbox 2563 5058 2839 5106; x_wconf 87' lang='lat' dir='ltr'><strong>extensum</strong></span> <span class='ocrx_word' id='word_1_941' title='bbox 2863 5086 2879 5109; x_wconf 90' lang='lat'><strong>,</strong></span> <span class='ocrx_word' id='word_1_942' title='bbox 2927 5042 3211 5097; x_wconf 87' lang='lat' dir='ltr'><strong>subridens</strong></span> <span class='ocrx_word' id='word_1_943' title='bbox 3248 5038 3417 5110; x_wconf 86' lang='lat' dir='ltr'><strong>gratia</strong></span> <span class='ocrx_word' id='word_1_944' title='bbox 3455 5037 3735 5091; x_wconf 91' lang='lat' dir='ltr'><strong>oculorum</strong></span> <span class='ocrx_word' id='word_1_945' title='bbox 3764 5076 3780 5102; x_wconf 86' lang='lat'><strong>,</strong></span> <span class='ocrx_word' id='word_1_946' title='bbox 3810 5052 3957 5107; x_wconf 81' lang='lat' dir='ltr'><strong>gena</strong></span> 
     </span>
    </p>
   </div>
   <div class='ocr_carea' id='block_1_112' title="bbox 2358 5132 3956 5210">
    <p class='ocr_par' dir='ltr' id='par_1_112' title="bbox 2358 5132 3956 5210">
     <span class='ocr_line' id='line_1_112' title="bbox 2358 5132 3956 5210; baseline -0.011 -8"><span class='ocrx_word' id='word_1_947' title='bbox 2358 5148 2552 5202; x_wconf 90' lang='lat' dir='ltr'><strong>rubens</strong></span> <span class='ocrx_word' id='word_1_948' title='bbox 2574 5186 2587 5210; x_wconf 88' lang='lat'><strong>,</strong></span> <span class='ocrx_word' id='word_1_949' title='bbox 2630 5142 2766 5196; x_wconf 88' lang='lat' dir='ltr'><strong>labia</strong></span> <span class='ocrx_word' id='word_1_950' title='bbox 2797 5138 3023 5210; x_wconf 91' lang='lat' dir='ltr'><strong>puniceo</strong></span> <span class='ocrx_word' id='word_1_951' title='bbox 3049 5135 3247 5199; x_wconf 87' lang='lat' dir='ltr'><strong>colore,</strong></span> <span class='ocrx_word' id='word_1_952' title='bbox 3279 5132 3473 5187; x_wconf 89' lang='lat' dir='ltr'><strong>collum</strong></span> <span class='ocrx_word' id='word_1_953' title='bbox 3502 5138 3765 5195; x_wconf 88' lang='lat' dir='ltr'><strong>erectum,</strong></span> <span class='ocrx_word' id='word_1_954' title='bbox 3791 5145 3956 5185; x_wconf 88' lang='lat' dir='ltr'><strong>coma</strong></span> 
     </span>
    </p>
   </div>
   <div class='ocr_carea' id='block_1_113' title="bbox 2360 5222 3956 5297">
    <p class='ocr_par' dir='ltr' id='par_1_113' title="bbox 2360 5222 3956 5297">
     <span class='ocr_line' id='line_1_113' title="bbox 2360 5222 3956 5297; baseline -0.01 -6"><span class='ocrx_word' id='word_1_955' title='bbox 2360 5237 2547 5293; x_wconf 88' lang='lat' dir='ltr'><strong>leniter</strong></span> <span class='ocrx_word' id='word_1_956' title='bbox 2592 5232 2889 5295; x_wconf 84' lang='lat' dir='ltr'><strong>ﬂuctuans,</strong></span> <span class='ocrx_word' id='word_1_957' title='bbox 2939 5228 3085 5297; x_wconf 89' lang='lat' dir='ltr'><strong>digiti</strong></span> <span class='ocrx_word' id='word_1_958' title='bbox 3129 5222 3423 5296; x_wconf 67' lang='lat' dir='ltr'><strong>praelongi,</strong></span> <span class='ocrx_word' id='word_1_959' title='bbox 3460 5228 3667 5275; x_wconf 85' lang='lat' dir='ltr'><strong>statura</strong></span> <span class='ocrx_word' id='word_1_960' title='bbox 3710 5232 3956 5285; x_wconf 87' lang='lat' dir='ltr'><strong>arrecta,</strong></span> 
     </span>
    </p>
   </div>
   <div class='ocr_carea' id='block_1_114' title="bbox 2359 5311 3958 5385">
    <p class='ocr_par' dir='ltr' id='par_1_114' title="bbox 2359 5311 3958 5385">
     <span class='ocr_line' id='line_1_114' title="bbox 2359 5311 3958 5385; baseline -0.013 -3"><span class='ocrx_word' id='word_1_961' title='bbox 2359 5327 2559 5383; x_wconf 84' lang='lat' dir='ltr'><strong>candor</strong></span> <span class='ocrx_word' id='word_1_962' title='bbox 2585 5323 2948 5379; x_wconf 88' lang='lat' dir='ltr'><strong>efflorescens.</strong></span> <span class='ocrx_word' id='word_1_963' title='bbox 2996 5320 3119 5373; x_wconf 66' lang='lat' dir='ltr'><strong>llmc</strong></span> <span class='ocrx_word' id='word_1_964' title='bbox 3162 5312 3503 5385; x_wconf 90' lang='lat' dir='ltr'><strong>pulchritudo</strong></span> <span class='ocrx_word' id='word_1_965' title='bbox 3531 5311 3780 5379; x_wconf 90' lang='lat' dir='ltr'><strong>corporis</strong></span> <span class='ocrx_word' id='word_1_966' title='bbox 3812 5314 3958 5368; x_wconf 81' lang='lat' dir='ltr'><strong>vela</strong></span> 
     </span>
    </p>
   </div>
   <div class='ocr_carea' id='block_1_115' title="bbox 2341 5395 3957 5481">
    <p class='ocr_par' dir='ltr' id='par_1_115' title="bbox 2341 5395 3957 5481">
     <span class='ocr_line' id='line_1_115' title="bbox 2341 5395 3957 5481; baseline -0.012 -6"><span class='ocrx_word' id='word_1_967' title='bbox 2341 5395 2548 5474; x_wconf 59' lang='lat' dir='ltr'><strong>’natura</strong></span> <span class='ocrx_word' id='word_1_968' title='bbox 2572 5456 2590 5481; x_wconf 89' lang='lat'><strong>,</strong></span> <span class='ocrx_word' id='word_1_969' title='bbox 2628 5417 2713 5471; x_wconf 84' lang='lat' dir='ltr'><strong>vel</strong></span> <span class='ocrx_word' id='word_1_970' title='bbox 2738 5430 2767 5468; x_wconf 89' lang='lat' dir='ltr'><strong>a</strong></span> <span class='ocrx_word' id='word_1_971' title='bbox 2808 5413 3081 5465; x_wconf 87' lang='lat' dir='ltr'><strong>voluntate</strong></span> <span class='ocrx_word' id='word_1_972' title='bbox 3102 5407 3353 5462; x_wconf 85' lang='lat' dir='ltr'><strong>efllcitur.</strong></span> <span class='ocrx_word' id='word_1_973' title='bbox 3408 5404 3463 5457; x_wconf 91' lang='lat' dir='ltr'><strong>In</strong></span> <span class='ocrx_word' id='word_1_974' title='bbox 3488 5401 3738 5458; x_wconf 88' lang='lat' dir='ltr'><strong>confesso</strong></span> <span class='ocrx_word' id='word_1_975' title='bbox 3767 5412 3957 5458; x_wconf 87' lang='lat' dir='ltr'><strong>autem</strong></span> 
     </span>
    </p>
   </div>
   <div class='ocr_carea' id='block_1_116' title="bbox 2361 5490 3960 5572">
    <p class='ocr_par' dir='ltr' id='par_1_116' title="bbox 2361 5490 3960 5572">
     <span class='ocr_line' id='line_1_116' title="bbox 2361 5490 3960 5572; baseline -0.011 -6"><span class='ocrx_word' id='word_1_976' title='bbox 2361 5522 2443 5567; x_wconf 83' lang='lat' dir='ltr'><strong>est</strong></span> <span class='ocrx_word' id='word_1_977' title='bbox 2471 5526 2499 5565; x_wconf 93' lang='lat' dir='ltr'><strong>a</strong></span> <span class='ocrx_word' id='word_1_978' title='bbox 2542 5518 2728 5563; x_wconf 88' lang='lat' dir='ltr'><strong>natura</strong></span> <span class='ocrx_word' id='word_1_979' title='bbox 2770 5502 3053 5572; x_wconf 83' lang='lat' dir='ltr'><strong>proﬁcisci.</strong></span> <span class='ocrx_word' id='word_1_980' title='bbox 3108 5496 3338 5554; x_wconf 79' lang='lat' dir='ltr'><strong>Attende</strong></span> <span class='ocrx_word' id='word_1_981' title='bbox 3386 5504 3444 5549; x_wconf 91' lang='lat' dir='ltr'><strong>ut</strong></span> <span class='ocrx_word' id='word_1_982' title='bbox 3494 5490 3960 5563; x_wconf 86' lang='lat' dir='ltr'><strong>philosophorum</strong></span> 
     </span>
    </p>
   </div>
   <div class='ocr_carea' id='block_1_117' title="bbox 2429 5865 3143 5932">
    <p class='ocr_par' dir='ltr' id='par_1_117' title="bbox 2429 5865 3143 5932">
     <span class='ocr_line' id='line_1_117' title="bbox 2429 5865 3143 5932; baseline -0.02 -10"><span class='ocrx_word' id='word_1_983' title='bbox 2429 5876 2442 5905; x_wconf 75' lang='grc' dir='ltr'>ί</span> <span class='ocrx_word' id='word_1_984' title='bbox 2482 5869 2639 5932; x_wconf 78' lang='lat' dir='ltr'><strong>Savil.,</strong></span> <span class='ocrx_word' id='word_1_985' title='bbox 2666 5867 2838 5932; x_wconf 81' lang='lat' dir='ltr'><strong>etquid</strong></span> <span class='ocrx_word' id='word_1_986' title='bbox 2863 5866 2949 5926; x_wconf 76' lang='lat' dir='ltr'><strong>vis,</strong></span> <span class='ocrx_word' id='word_1_987' title='bbox 2976 5865 3143 5925; x_wconf 81' lang='lat' dir='ltr'><strong>inquit.</strong></span> 
     </span>
    </p>
   </div>
  </div>
