4104 6484
161 409 261 465 IIS
1053 403 1192 464 CUM
1229 405 1663 465 SATURNINUS
1693 408 1782 464 ΕΤ
1819 409 2282 480 AURELIANUS,
2327 412 2479 470 ETC.

163 525 243 580 vel
271 539 299 577 a
329 521 604 577 voluntate
657 520 908 577 efﬁcitur.
955 520 1132 577 Palam
1175 531 1258 576 est
1298 537 1328 575 a
1366 531 1552 576 natura
1587 521 1749 577 efﬁci.

161 616 282 672 Nam
303 615 564 670 deformis
579 615 798 670 etiamsn
822 614 1112 668 innumeris
1128 623 1307 669 utatur
1325 614 1582 679 artiﬁciis,
1609 613 1752 684 quod

162 709 218 760 ad
245 722 444 777 corpus
468 706 694 771 attinet,
723 703 956 760 formosa
991 703 1130 760 efﬁci
1157 705 1341 774 nequit
1365 722 1378 757 :
1407 705 1602 760 etenim
1632 719 1752 774 qua:

160 811 271 854 sunt
295 815 327 854 a
355 807 546 854 natura
567 840 583 865 ,
617 799 840 853 immota
862 807 1098 862 manent,
1122 796 1340 852 deﬁnita
1369 799 1629 862 terminis,
1660 797 1748 867 qui

161 891 417 960 praeteriri
456 900 751 960 nequeunt.
799 890 928 957 Quae
951 889 1111 960 igitur
1138 887 1354 959 pulchra
1384 898 1464 944 est
1489 930 1504 953 ,
1535 902 1749 957 semper

158 991 232 1036 est
255 981 507 1051 pulchra,
537 982 640 1036 etsi
670 981 815 1036 nullo
838 989 1019 1035 utatur
1044 981 1269 1036 artiﬁcio
1294 997 1308 1045 ;
1335 980 1594 1035 deformis
1619 995 1748 1035 vero

158 1086 208 1128 se
237 1071 533 1127 formosam
565 1071 744 1128 facere
772 1072 954 1142 nequit
978 1112 992 1137 ,
1037 1087 1138 1127 nec
1168 1071 1399 1125 formosa
1426 1070 1745 1126 deformem.

157 1165 327 1232 Quare
349 1163 374 1217 ἲ
396 1162 532 1230 Quia
565 1171 771 1217 natura:
797 1173 920 1216 sunt
945 1163 1080 1218 haec.
1111 1162 1372 1217 Vidistine
1401 1176 1530 1232 ergo
1555 1175 1750 1230 corpo-

157 1269 292 1311 ream
322 1253 820 1326 pulchritudinem?
856 1253 1054 1308 Eamus
1087 1254 1230 1308 intus
1255 1253 1320 1308 ad
1347 1253 1584 1308 animam
1610 1271 1622 1307 :
1651 1269 1748 1309 an-

155 1347 264 1400 cilla
306 1345 586 1401 dominam
635 1345 810 1399 adeat.
868 1344 948 1400 Ad
998 1346 1231 1399 animam
1272 1345 1550 1400 ducamus.
1612 1345 1749 1400 Vide

156 1437 599 1510 pulchritudinem
632 1437 776 1492 illam
803 1478 819 1502 ,
867 1438 975 1492 imo
1017 1439 1194 1508 potius
1235 1437 1386 1501 audi;
1438 1453 1546 1492 non
1594 1447 1748 1508 potes

155 1535 286 1587 enim
313 1533 468 1586 illam
495 1530 679 1586 videre
708 1549 721 1585 :
752 1530 1034 1585 invisibilis
1060 1530 1256 1600 quippe
1280 1538 1381 1585 est.
1434 1530 1569 1584 Audi
1598 1530 1744 1584 illam

155 1622 604 1692 pulchritudinem
670 1621 805 1689 Quid
844 1621 1003 1692 igitur
1027 1631 1111 1675 est
1137 1622 1328 1676 animm
1358 1621 1747 1690 pulchritudo?

154 1713 546 1783 Temperantia,
577 1713 865 1775 modeStia,
893 1713 1254 1784 eleemosyna,
1277 1714 1494 1782 caritas,
1524 1712 1746 1768 fratrum

155 1820 296 1859 amor
323 1845 341 1870 ,
395 1804 727 1874 benignitas,
777 1803 1124 1873 obsequentia
1168 1805 1275 1858 Deo
1302 1807 1570 1875 praestita,
1608 1805 1750 1875 legis

156 1897 456 1952 observatio
477 1937 492 1963 ,
517 1894 747 1965 justitia,
774 1896 1026 1951 contritio
1049 1897 1232 1952 animi.
1267 1897 1394 1952 Hil‘c
1411 1898 1606 1953 anima:
1627 1898 1744 1968 pul-

154 1987 417 2044 chritudo.
452 1987 577 2042 Hmc
599 1987 778 2058 itaque
803 1996 1007 2041 natura:
1033 2003 1138 2042 non
1168 1996 1312 2055 sunt,
1339 1988 1434 2044 sed
1463 1989 1742 2060 propositi.

156 2079 222 2135 Es
248 2081 336 2150 qui
368 2093 480 2134 non
513 2078 675 2133 habet
697 2119 713 2144 ,
738 2077 960 2149 adipisci
999 2090 1210 2150 potest:
1236 2081 1325 2150 qui
1357 2080 1552 2144 habet,
1585 2082 1630 2136 si
1655 2097 1748 2136 su-

157 2174 272 2243 pine
296 2188 358 2229 se
381 2181 567 2244 gerat,
609 2173 790 2243 utique
818 2173 1009 2243 perdit.
1051 2173 1118 2229 Ut
1147 2174 1290 2229 enim
1317 2173 1384 2228 de
1409 2187 1636 2243 corpore
1665 2173 1747 2228 di-

154 2267 332 2322 cebam
359 2307 378 2332 ,
411 2265 713 2324 deformem
739 2282 847 2321 non
887 2281 1044 2336 posse
1074 2267 1365 2322 formosam
1402 2267 1517 2323 ﬁeri
1543 2285 1557 2320 :
1586 2268 1664 2324 sic
1691 2277 1747 2323 et

155 2359 216 2415 de
239 2359 419 2414 anima
447 2360 781 2414 contrarium
809 2358 967 2426 dico,
1015 2357 1311 2414 deformem
1356 2358 1589 2414 animam
1638 2358 1747 2414 for-

155 2464 351 2506 mosam
374 2451 494 2506 ﬁeri
515 2465 691 2521 posse.
724 2450 858 2518 Quid
883 2451 1024 2507 enim
1055 2452 1230 2506 anima
1249 2451 1399 2506 Pauli
1429 2451 1742 2517 deformius,

155 2543 358 2607 quando
385 2543 736 2613 blasphemus
760 2555 815 2599 et
840 2544 1263 2600 contumeliosus
1285 2545 1440 2599 erat?
1465 2545 1589 2615 quid
1617 2559 1746 2601 vero

156 2634 436 2690 formosius
467 2634 576 2701 illa,
605 2650 725 2690 cum
752 2636 956 2692 diceret
985 2654 999 2692 :
1027 2635 1228 2690 Bonum
1256 2645 1506 2690 certamen
1531 2637 1741 2702 certavi,

156 2743 346 2781 rursum
365 2727 736 2793 consummavi,
764 2727 918 2796 ﬁdem
936 2728 1131 2782 servavi
1152 2726 1228 2799 (2.
1251 2725 1381 2781 Tim.
1409 2727 1464 2782 4.
1492 2727 1587 2798 7)?
1607 2727 1742 2795 Quid

154 2815 441 2873 deformius
477 2818 656 2873 anima
694 2817 953 2874 latronis?
998 2819 1126 2890 quid
1156 2827 1340 2875 contra
1365 2817 1650 2874 formosius
1679 2835 1742 2874 ea

155 2923 265 2964 cum
286 2909 522 2977 audivit,
550 2910 711 2966 Amen
735 2951 750 2975 ,
773 2911 886 2965 dico
911 2911 1020 2977 tibi,
1051 2910 1202 2965 hodie
1218 2927 1414 2964 mecum
1442 2911 1542 2965 eris
1567 2911 1620 2964 in
1649 2928 1742 2981 pa-

156 3003 316 3057 radiso
359 3002 538 3074 (Luc.
577 3003 672 3059 23.
716 3003 856 3074 45)?
905 3004 1042 3072 Quid
1088 3004 1382 3059 deformius
1434 3004 1738 3074 publicano,

157 3093 358 3162 quando
383 3093 666 3165 rapiebat?
721 3095 848 3165 quid
877 3110 1009 3150 vero
1043 3093 1327 3150 formosius
1350 3094 1441 3148 illo
1465 3135 1481 3159 ,
1526 3093 1744 3165 quando

154 3185 414 3256 propriam
437 3184 611 3240 edidit
628 3185 947 3240 sententiam
970 3186 994 3239 ?
1019 3184 1183 3241 Vides
1209 3195 1261 3241 te
1290 3183 1516 3240 formam
1546 3199 1742 3255 corpo-

156 3280 224 3333 ris
246 3291 353 3334 non
398 3290 562 3349 posse
610 3285 820 3332 mutare
852 3294 866 3330 :
899 3291 1007 3332 non
1055 3277 1198 3332 enim
1243 3277 1297 3332 id
1321 3275 1613 3331 voluntatis
1636 3285 1740 3343 est,

155 3369 242 3425 sed
280 3377 505 3426 naturaz.
553 3367 765 3425 Anima:
795 3383 924 3426 vero
966 3369 1131 3424 decor
1158 3384 1224 3424 ex
1273 3369 1549 3438 proposito
1586 3367 1742 3423 nobis

157 3470 502 3530 comparatur.
534 3462 834 3532 Accepistis
862 3461 1222 3518 deﬁnitiones.
1250 3461 1394 3530 Quas
1420 3460 1592 3517 vero?
1619 3460 1743 3516 Pul-

156 3553 498 3610 chritudincm
535 3555 733 3610 anima:
759 3570 826 3610 ex
863 3555 1210 3626 obsequentia
1250 3567 1378 3626 erga
1418 3552 1585 3607 Deum
1617 3566 1742 3622 pro-

3353 434 3459 494 ιιι

1864 523 2047 579 ﬁcisci.
2075 524 2130 580 Si
2161 526 2305 582 enim
2333 527 2592 584 deformis
2623 531 2798 587 anima
2838 533 2948 589 Deo
2975 537 3458 608 obtemperaverit,

1858 614 2256 672 deformitatem
2281 621 2449 688 ponit,
2468 629 2522 674 et
2554 621 2784 678 formosa
2801 625 3053 686 efﬁcitur.
3075 627 3253 692 Saule.
3275 631 3459 699 Saulr,

1856 707 1984 776 quid
2006 724 2084 761 me
2113 710 2426 778 persequeris
2451 712 2476 764 ?
2526 711 2628 767 Ille
2654 730 2769 767 vero
2795 755 2810 780 ,
2853 715 2921 769 Et
2944 720 3056 789 quis
3082 738 3133 776 es
3155 763 3172 785 ,
3199 723 3417 780 Domine

1860 801 1972 870 Ego
2014 817 2128 856 sum
2170 803 2323 857 Jcsus
2350 805 2489 874 (Act.
2519 805 2571 861 9.
2607 807 2660 862 4.
2712 808 2793 877 5).
2841 809 2907 864 Ει
2937 810 3212 877 obcdivit.
3241 826 3294 870 et
3324 819 3459 872 obe-

1856 893 2056 949 dientia
2083 893 2378 952 deformem
2406 899 2639 954 animam
2670 898 2963 958 formosam
2990 903 3187 960 effecit.
3219 906 3459 963 Rursum

1875 985 2168 1055 publicano
2196 985 2329 1040 dicit
2365 1006 2378 1042 :
2420 986 2566 1053 Veni,
2597 1005 2808 1058 sequere
2837 1007 2917 1044 me
2951 991 3159 1061 (Matth.
3187 991 3242 1047 9.
3274 993 3349 1061 9).
3392 991 3460 1046 Et

1871 1075 2112 1129 surrexit
2143 1075 2485 1144 publicanus,
2523 1080 2814 1149 factusque
2841 1088 2924 1133 est
2964 1083 3246 1149 apostolus
3294 1102 3308 1137 :
3359 1083 3457 1135 de-

1869 1161 2065 1216 formis
2084 1165 2266 1218 anitna
2290 1163 2530 1222 formosa
2553 1168 2742 1222 eﬁ'ecta
2761 1178 2862 1225 est.
2885 1168 3203 1240 Undgnam‘.’
3232 1170 3307 1226 Es
3333 1173 3457 1228 obe-

1867 1251 2092 1309 dientia.
2117 1252 2357 1312 Rursum
2383 1259 2756 1328 piscatoribus
2785 1263 2919 1317 dicit
2945 1279 2959 1318 :
2994 1263 3174 1318 Venite
3205 1275 3322 1334 post
3348 1283 3450 1328 me.

1866 1353 1917 1399 et
1940 1346 2136 1415 faciam
2160 1364 2247 1403 vos
2262 1349 2382 1418 fieri
2403 1353 2695 1420 piscatores
2715 1354 2985 1410 hominum
3014 1355 3234 1426 (Matth.
3259 1358 3315 1411 4.
3342 1360 3452 1425 19),

1864 1451 2042 1508 exque
2090 1440 2400 1499 obedientia
2431 1445 2674 1514 ipsorum
2707 1463 2864 1504 mens
2892 1447 3132 1506 formosa
3167 1451 3308 1506 facta
3343 1461 3450 1509 est.

1861 1527 1965 1586 Hic
1982 1533 2263 1588 videamus
2281 1549 2444 1605 quam
2463 1537 2608 1592 dicat
2626 1539 3111 1608 pulchritudinem.
3130 1544 3292 1610 Audi,
3309 1543 3452 1609 ﬁlia.

1852 1634 1900 1677 et
1930 1625 2040 1678 vide
2062 1667 2076 1691 ,
2108 1635 2154 1678 et
2181 1627 2471 1681 obliviscere
2491 1629 2740 1698 papulum
2765 1637 2906 1683 tuum
2925 1671 2940 1696 ,
2972 1639 3020 1685 et
3053 1629 3262 1685 domum
3296 1635 3457 1701 patris

1855 1716 1929 1768 tui
1949 1757 1963 1781 ,
2012 1728 2058 1769 et
2084 1717 2402 1785 concupiscet
2430 1735 2522 1773 rex
2546 1718 2777 1773 decorent
2800 1727 2962 1774 tuum.
3006 1719 3179 1789 Quem
3205 1721 3454 1779 decorem

1853 1807 2232 1876 concupiscet?
2271 1808 2469 1880 Utique
2505 1814 2716 1865 animae.
2753 1811 3073 1868 Undenam?
3120 1815 3252 1882 Quia
3291 1815 3457 1871 oblita

1851 1906 1954 1954 est.
1988 1897 2155 1964 Dicit,
2199 1899 2335 1953 Audi
2361 1899 2521 1970 igitur
2543 1942 2559 1967 ,
2592 1911 2640 1955 et
2663 1901 2973 1958 obliviscere.
3012 1903 3140 1960 Η.υο
3165 1904 3458 1962 voluntatis

1852 1998 1995 2047 sunt.
2024 1991 2179 2058 Audi,
2209 1995 2302 2048 ait.
2328 1993 2592 2050 Deformis
2611 1994 2778 2061 audit,
2801 2004 2858 2050 et
2880 1995 3191 2052 deformitas
3211 2000 3456 2068 corporis

1853 2098 1962 2138 non
1989 2085 2232 2140 solvitur.
2267 2085 2365 2140 Dic
2394 2087 2678 2155 peccatrici
2703 2086 2920 2154 animae,
2949 2087 3087 2143 Audi
3118 2109 3132 2145 :
3165 2098 3220 2145 et
3247 2090 3291 2144 si
3317 2090 3452 2146 obe-

1851 2175 1960 2230 diat
1983 2217 1999 2243 ,
2034 2176 2153 2232 vide
2176 2176 2320 2247 quali
2345 2176 2543 2234 decore
2568 2187 2813 2234 ornetur.
2841 2179 2977 2248 Quia
3001 2180 3163 2251 igitur
3191 2181 3452 2237 deformi-

1852 2275 1934 2322 tas
1972 2281 2186 2337 sponsa:
2223 2283 2331 2322 non
2371 2277 2488 2325 erat
2528 2269 2828 2338 naturalis,
2881 2269 2978 2326 sed
3004 2270 3301 2327 voluntaria
3324 2273 3456 2347 (non

1851 2357 1995 2412 enim
2033 2357 2277 2415 audierat
2306 2359 2474 2415 Deum
2497 2402 2514 2428 ,
2543 2359 2641 2416 sed
2679 2363 3026 2433 praevaricata
3049 2362 3245 2437 fuerat)
3273 2406 3290 2432 ,
3333 2365 3458 2423 ideo

1851 2446 1954 2502 alia
1984 2447 2128 2503 illam
2171 2449 2435 2506 medicina
2479 2451 2647 2508 ducit.
2701 2453 2969 2510 Deformis
3007 2453 3168 2525 igitur
3198 2454 3333 2511 facta
3371 2473 3454 2522 es.

1852 2555 1960 2594 non
2004 2556 2069 2596 ex
2108 2551 2331 2608 natura,
2372 2543 2469 2600 sed
2507 2559 2575 2600 ex
2611 2545 2887 2602 voluntate
2916 2563 2932 2599 :
2963 2554 3017 2601 et
3055 2561 3124 2602 ex
3150 2547 3455 2605 obedientia

1853 2632 2087 2688 formosa
2111 2632 2245 2688 facta
2268 2650 2346 2691 es.
2365 2635 2522 2700 Audi,
2546 2637 2678 2707 ﬁlia,
2698 2647 2746 2691 et
2761 2638 2892 2703 vide,
2911 2648 2960 2692 et
2979 2638 3271 2695 obliviscere
3285 2657 3456 2711 popu-

1852 2722 1959 2777 lum
1988 2733 2161 2790 tuum,
2195 2734 2242 2778 et
2261 2724 2471 2780 domum
2495 2730 2656 2798 patris
2683 2730 2756 2782 tui
2781 2744 2800 2782 :
2825 2739 2873 2782 et
2897 2730 3219 2800 concupiscet
3248 2747 3342 2786 rea:
3363 2732 3456 2786 deh

1852 2831 2018 2868 carem
2039 2827 2201 2868 tuum.
2239 2815 2440 2872 Deinde
2469 2827 2527 2873 ut
2553 2817 2754 2885 discas,
2783 2835 2907 2876 eum
2935 2819 3024 2876 hic
3045 2819 3177 2876 nihil
3203 2823 3458 2879 sensibile

1853 2907 2055 2974 dicere,
2084 2921 2205 2962 cum
2232 2908 2387 2964 audis
2431 2910 2881 2981 pulchritudinem
2906 2955 2923 2980 ,
2967 2929 3037 2970 ne
3061 2916 3248 2971 oculos
3280 2927 3457 2987 putes,

1852 3015 1958 3054 non
1991 3015 2198 3063 nasum,
2225 3016 2330 3055 non
2355 3016 2439 3068 os,
2463 3019 2569 3058 non
2591 3004 2789 3060 collum
2813 3020 2830 3070 ;
2856 3004 2952 3061 sed
2968 3006 3244 3078 pietatem.
3266 3009 3451 3076 ﬁdem,

1853 3095 2125 3147 Caritatem
2152 3135 2167 3159 ,
2210 3108 2329 3162 qua:
2358 3093 2502 3148 intus
2526 3104 2691 3150 sunt:
2720 3095 2899 3152 Omnis
2939 3099 3082 3152 enim
3126 3099 3294 3170 gloria
3331 3099 3458 3169 [ilice

1851 3187 1985 3255 regis
2027 3186 2088 3239 ab
2130 3187 2265 3241 intus
2291 3185 2465 3257 (Psal.
2492 3188 2583 3244 Η.
2613 3187 2726 3262 Η).
2779 3188 2884 3244 Pro
2915 3190 2998 3245 bis
3037 3206 3162 3246 vero
3202 3177 3465 3247 omnibus.

1853 3279 2050 3349 gratias
2075 3294 2295 3350 agamus
2324 3279 2435 3335 Deo
2463 3281 2654 3336 borum
2682 3281 2895 3349 datori,
2924 3283 3046 3352 quia
3079 3283 3250 3354 ipsum
3277 3284 3455 3339 solum

1851 3371 2010 3426 decet
2035 3372 2227 3442 gloria,
2259 3372 2452 3443 honor,
2485 3373 2771 3444 imperium
2799 3374 2852 3430 itt
2883 3375 3077 3431 stecula
3100 3376 3454 3433 smculorum.

1851 3465 2044 3519 Amen.

181 3747 456 3760 ———.—
473 3745 2632 3760 m~mm

742 4039 822 4100 IN
865 4039 1241 4100 IIOMILIAM
1282 4041 1439 4103 CUM
1481 4041 1968 4102 SATURNINUS
2011 4041 2105 4102 ET
2150 4043 2666 4120 AURELIANUS,
2712 4065 2846 4107 E'rc.

164 4287 381 4343 dominis
402 4306 464 4343 ea
496 4289 783 4344 calamitas
816 4290 1200 4356 depelleretur;
1245 4290 1404 4359 idque
1444 4293 1663 4344 demum
1703 4305 1734 4344 a
1774 4291 2010 4346 barbaro
2049 4291 2419 4362 impetrasset,
2456 4304 2515 4350 ιιι
2554 4295 2688 4353 satis
2729 4295 2954 4352 haberet
2994 4298 3038 4352 si
3078 4299 3420 4356 Saturninus

163 4409 211 4453 et
252 4402 582 4457 Aurelianus
634 4401 688 4455 in
743 4403 992 4457 exsilium
1036 4404 1395 4459 mitterentur.
1441 4405 1493 4458 Id
1539 4405 1737 4459 accidit
1770 4420 1916 4461 anno
1959 4407 2180 4463 circiter
2209 4409 2431 4464 ineunte
2470 4411 2596 4475 400,
2631 4422 2688 4465 ιιι
2725 4413 2973 4482 pluribus
3004 4414 3057 4468 in
3095 4415 3215 4469 Vita
3247 4413 3426 4486 Chry-

163 4521 380 4577 sostomi
415 4530 692 4576 narratur.
743 4520 863 4587 Quo
907 4531 1124 4589 peracto
1161 4523 1376 4592 negotio
1405 4524 1544 4578 lianc
1570 4524 1889 4580 concionem
1920 4525 2148 4594 habuit;
2187 4529 2279 4583 ubi
2313 4530 2380 4584 de
2416 4530 3027 4601 Constantinopolitano
3056 4535 3313 4599 tumultu,
3344 4533 3412 4588 de

164 4639 530 4694 vicissitudine
580 4639 945 4693 humanarum
989 4655 1167 4695 rerum
1194 4681 1208 4703 ,
1244 4641 1309 4694 de
1350 4641 1659 4695 divitiarum
1709 4643 1950 4697 vanitate
2001 4644 2276 4714 eleganter
2318 4662 2417 4716 pro
2466 4664 2618 4704 more
2657 4664 2759 4705 suo
2803 4651 3043 4706 disserit.
3081 4650 3428 4722 Paupertatis

164 4758 295 4810 bona
337 4757 692 4827 deprzedicat,
733 4767 917 4825 utpote
954 4777 1076 4829 qum
1112 4771 1315 4814 tantam
1356 4771 1574 4830 praestet
1613 4763 1984 4826 securitatem,
2023 4776 2291 4835 quantum
2333 4766 2534 4822 divitiae
2569 4769 2871 4837 periculum
2915 4772 3151 4840 pariunt.
3197 4770 3422 4826 Demnut

162 4878 403 4946 exemplo
437 4876 558 4931 Jobi
591 4877 657 4932 ad
692 4879 1027 4935 calamitates
1063 4881 1275 4935 fortiter
1307 4881 1556 4937 ferendas
1593 4883 1862 4948 hortatur,
1899 4894 1954 4937 et
1986 4884 2067 4937 sic
2100 4884 2423 4938 concionem
2458 4885 2683 4940 claudit.

226 4989 420 5046 Incerti
454 4992 951 5063 interpretationem
986 4995 1253 5063 Latinam,
1288 4998 1535 5068 plurimis
1572 4999 1624 5052 iu
1661 4998 1794 5054 locis
1819 5001 2187 5065 emendatam,
2223 5016 2253 5055 e
2283 5003 2505 5073 regione
2531 5000 2704 5056 Graeci
2740 5010 2920 5058 textus
2952 5002 3259 5073 posuimus.

1530 5431 2045 5529 HOMILIA,

149 5580 264 5623 CUI
311 5580 709 5625 SATURNINUS
753 5581 833 5623 ΕΤ
875 5579 1269 5626 Αυηειιλῐωε
1312 5579 1453 5622 ΔΟἸΊ
1502 5581 1734 5626 ESSENT
1785 5584 1845 5626 IN
1880 5587 2180 5629 EXSILIUM
2208 5616 2219 5633 .
2270 5589 2348 5630 ΕΤ
2392 5589 2618 5630 GAINAS
2679 5590 2983 5634 EGRESSUS
3036 5592 3219 5635 ESSET
3267 5594 3299 5635 Ε
3344 5594 3434 5636 Cl-

1305 5680 1534 5723 VITATE
1567 5685 1581 5736 ;
1631 5683 1710 5724 ετ
1739 5685 1820 5726 [ιε
1866 5688 2165 5730 ΑνιιιιιτιΑ
2203 5671 2312 5749 (a).

218 5784 270 5839 l.
298 5784 461 5839 Multo
487 5795 728 5855 tempore
752 5784 870 5838 silui
898 5825 910 5844 .
959 5794 1010 5838 et
1058 5795 1176 5856 post
1218 5786 1431 5856 longum
1477 5787 1728 5856 temporis

214 5895 286 5959 (a)
319 5899 495 5949 collata
519 5913 628 5952 cum
653 5908 736 5949 ns.
764 5907 877 5962 Reg.
912 5905 1043 5951 ωτι.

1844 5794 2074 5860 spatium
2107 5794 2169 5846 ad
2200 5794 2476 5852 raritatem
2512 5807 2740 5851 vestram
2783 5813 3028 5852 reversus
3065 5815 3180 5853 sum
3212 5819 3222 5854 :
3255 5817 3434 5856 verum

1858 5885 1907 5940 id
1942 5904 2045 5942 non
2078 5889 2268 5943 accidit
2301 5889 2404 5946 ulla
2439 5893 2516 5947 vel
2563 5892 2725 5948 animi
2764 5891 3038 5958 socordia,
3081 5893 3165 5949 vel
3197 5896 3436 5963 corporis
