4104 6510
697 442 802 500 ιιε

694 555 916 619 desidia,
941 552 1036 608 sed
1067 547 1210 604 abfui
1241 545 1495 602 tumultus
1517 555 1864 612 componens,
1895 539 2084 594 ﬂuctus
2115 549 2272 609 atque

698 653 1061 714 tempestatem
1098 640 1291 696 sedans
1318 655 1330 692 :
1364 650 1559 707 eosque
1587 633 1674 704 qui
1701 631 1810 703 jam
1839 631 2079 701 demerg't
2098 646 2275 701 cmpe-

695 747 833 799 raut,
863 735 927 787 ad
966 742 1172 802 portum
1204 730 1330 783 etin
1359 725 1702 796 tranquillum
1726 732 1970 794 porrecta
2001 736 2156 777 manu
2187 737 2272 775 re-

691 830 889 882 ducere
913 825 1147 878 studens.
1180 822 1306 875 Sum
1331 819 1472 874 enim
1495 818 1797 872 communis
1825 816 2057 869 omnium
2102 821 2270 883 pater.

693 931 860 986 coque
884 928 1100 968 necesse
1117 921 1194 967 est
1225 926 1408 965 curam
1431 924 1585 979 agere
1617 923 1719 961 non
1749 915 1946 960 tantum
1971 920 2153 960 eorum
2184 905 2273 973 qui

694 1016 864 1068 stant,
914 1004 1006 1058 sed
1036 1017 1221 1058 eorum
1253 1015 1461 1070 quoque
1499 999 1586 1068 qui
1626 998 1845 1066 collapsi
1876 1006 1997 1050 sum
2033 1014 2044 1050 :
2076 1012 2178 1049 non
2207 996 2270 1049 il-

695 1096 866 1149 lorum
899 1103 1098 1147 tantum
1123 1136 1136 1156 ,
1184 1093 1271 1161 qui
1304 1090 1549 1146 secundis
1577 1090 1824 1159 navigant
1854 1088 2024 1142 ventis
2045 1130 2059 1152 ,
2093 1087 2184 1142 sed
2219 1096 2273 1142 et

693 1189 900 1240 illorum
927 1188 1014 1256 qui
1059 1193 1370 1253 tempestate
1410 1183 1676 1252 jactantur
1704 1198 1716 1233 :
1747 1195 1851 1234 non
1882 1194 2066 1233 eorum
2112 1179 2270 1234 modo

691 1279 779 1348 qui
813 1278 864 1332 in
897 1288 1010 1331 tuto
1049 1285 1208 1342 sunt,
1240 1273 1587 1329 verumetiam
1614 1273 1822 1327 illorum
1851 1271 1935 1340 qui
1966 1270 2268 1340 periclitan-

693 1382 796 1423 tur.
826 1370 1021 1423 Harum
1047 1382 1175 1421 sane
1207 1381 1382 1420 rerum
1401 1364 1566 1434 gratia
1591 1363 1775 1433 reliqui
1803 1378 1896 1416 vos
1923 1363 1986 1417 ad
2017 1362 2269 1430 temporis

689 1463 940 1532 spatium,
973 1459 1316 1514 obambulans
1341 1501 1355 1524 ,
1387 1457 1713 1521 exhortans,
1746 1456 2037 1522 obtestans,
2068 1456 2268 1524 suppli-

692 1570 840 1618 cans,
873 1563 928 1606 ut
952 1567 979 1604 a
1008 1552 1237 1606 dominis
1260 1566 1318 1604 ea
1347 1550 1618 1604 calamitas
1643 1548 2016 1618 depelleretur.
2053 1547 2270 1603 Postea-

693 1659 847 1714 quam
873 1653 1049 1697 autem
1077 1642 1360 1698 inamcenis
1405 1641 1509 1696 illis
1543 1655 1604 1694 ac
1646 1639 1882 1694 tristibus
1910 1638 2027 1692 linis
2051 1646 2132 1692 est
2162 1639 2271 1691 im-

691 1736 924 1804 positus,
972 1733 1147 1788 denuo
1172 1748 1256 1787 me
1281 1732 1346 1786 ad
1382 1746 1477 1786 vos
1506 1731 1715 1798 recepi,
1757 1730 1845 1800 qui
1889 1729 1939 1783 in
1979 1737 2092 1782 tuto
2117 1731 2267 1794 estis,

689 1826 778 1894 qui
808 1825 970 1879 multa
1000 1839 1119 1880 cum
1154 1823 1531 1891 tranquillitate
1569 1821 1849 1890 navigatis.
1896 1819 1976 1874 Ad
2004 1820 2121 1874 illos
2150 1835 2270 1889 pro-

690 1914 857 1970 fectus
880 1929 1023 1968 eram
1045 1956 1059 1978 ,
1089 1926 1144 1967 ut
1174 1923 1540 1980 tempestatem
1567 1911 1807 1966 sedarent
1837 1929 1850 1963 :
1878 1911 1942 1964 ad
1973 1926 2062 1966 vos
2090 1926 2271 1965 rever-

687 2021 780 2060 sus
803 2019 940 2069 sum,
970 2019 1036 2057 ne
1061 2018 1162 2073 qua
1187 2011 1474 2072 tempestas
1497 2002 1784 2057 exoriatur.
1817 2001 1895 2055 Ad
1920 2001 2038 2056 illos
2063 2000 2263 2056 disces-

689 2112 860 2153 seram
888 2105 944 2151 ut
965 2110 1061 2151 eos
1086 2111 1113 2148 a
1143 2095 1397 2150 molestiis
1426 2095 1709 2150 liberarem
1745 2093 1844 2149 :ad
1878 2109 1971 2149 vos
1999 2093 2165 2160 redii,
2198 2109 2265 2148 ne

690 2191 742 2244 in
771 2189 1039 2243 molestias
1086 2187 1347 2242 incidatis.
1396 2185 1853 2254 Quemadmodum
1880 2185 2020 2239 enim
2056 2193 2268 2254 oportet

689 2281 885 2336 habere
912 2294 1112 2342 curam,
1140 2294 1244 2333 non
1269 2291 1452 2334 eorum
1475 2277 1631 2332 modo
1656 2278 1745 2347 qui
1770 2285 1933 2344 stant,
1957 2277 2050 2332 sed
2078 2291 2263 2332 eorum

689 2387 898 2443 quoque
938 2371 1027 2442 qui
1053 2371 1182 2440 lapsi
1219 2378 1341 2425 sunt
1372 2388 1384 2423 :
1414 2370 1484 2425 ita
1525 2383 1708 2424 rursus
1750 2384 1856 2423 non
1883 2369 2015 2438 lapsi
2063 2379 2264 2424 tantum

689 2464 840 2518 nobis
868 2462 1057 2517 debent
1084 2477 1201 2516 esse
1241 2476 1416 2525 curae,
1465 2459 1558 2514 sed
1589 2470 1642 2515 et
1672 2468 1871 2515 stantes
1900 2476 1914 2514 :
1946 2460 2044 2526 illi,
2076 2469 2133 2514 ut
2158 2461 2265 2514 eri-

688 2569 908 2627 gantur,
953 2558 1003 2610 hi
1025 2599 1040 2623 ,
1075 2573 1139 2612 ne
1173 2557 1363 2610 cadant
1395 2573 1408 2608 :
1443 2556 1519 2611 illi
1547 2597 1561 2621 ,
1606 2565 1664 2610 ut
1691 2557 1758 2612 ab
1783 2557 2088 2628 urgentibus
2115 2559 2266 2612 malis

690 2652 996 2715 liberentur,
1025 2649 1077 2703 hi
1096 2690 1111 2716 ,
1145 2665 1211 2704 ne
1237 2650 1507 2703 incurrant
1533 2649 1584 2703 in
1612 2663 1876 2703 aerumnas
1907 2648 2262 2704 imminentes.

688 2741 826 2795 Nihil
856 2741 996 2796 enim
1023 2751 1103 2795 est
1131 2741 1181 2794 in
1213 2740 1370 2794 rebus
1398 2740 1642 2794 humanis
1669 2740 1888 2806 stabile,
1924 2739 2051 2792 nihil
2080 2741 2266 2793 incon-

687 2846 898 2886 cussum
923 2871 937 2895 ,
967 2831 1058 2885 sed
1089 2846 1149 2885 ea
1180 2841 1304 2886 sunt
1330 2831 1478 2901 quasi
1507 2845 1654 2885 mare
1679 2831 1960 2884 vesaniens
1981 2871 1997 2897 ,
2030 2831 2265 2899 quotidie

689 2924 984 2994 parturiens
1007 2922 1275 2992 naufragia
1298 2923 1556 2992 stupenda
1585 2923 2022 2993 gravlssimaque.

757 3013 1298 3083 ConstantinOpolitani
1343 3015 1582 3068 tumultus
1621 3015 1808 3084 imago.
1837 3043 1907 3053 —-
1944 3014 2129 3068 Omnia
2181 3023 2263 3068 lu-

627 3155 644 3174 ,
688 3106 944 3160 tnultuum
971 3121 1032 3160 ac
1061 3107 1328 3160 turbarum
1360 3106 1512 3174 plena
1552 3116 1702 3168 sunt;
1747 3106 1922 3160 omnia
1965 3107 2167 3175 seopuli
2209 3117 2262 3161 et

689 3197 1012 3265 pra-cipitia;
1056 3198 1230 3250 omnia
1273 3211 1433 3265 rupes
1461 3196 1559 3248 sub
1585 3197 1737 3265 aquis
1782 3196 2040 3260 latentes;
2086 3197 2260 3250 omnia

687 3295 939 3353 terrores,
968 3285 1271 3341 discrimina
1293 3327 1306 3351 ,
1335 3287 1664 3356 suspiciones
1684 3328 1697 3352 ,
1733 3296 1990 3342 tremores
2014 3299 2068 3342 et
2096 3303 2259 3358 ango-

688 3392 792 3431 res.
817 3376 980 3430 Nemo
1009 3377 1250 3446 cuiquam
1285 3377 1415 3439 lidit,
1443 3393 1471 3430 a
1503 3393 1599 3431 suo
1628 3378 1848 3448 quisque
1880 3380 2119 3448 proximo
2148 3394 2260 3432 me—

687 3467 804 3521 tuit.
835 3467 1068 3534 Tempus
1099 3466 1337 3521 fortassis
1380 3467 1507 3520 illud
1537 3468 1585 3520 in
1629 3468 1928 3538 propinquo
1958 3479 2038 3523 est
2063 3511 2076 3532 ,
2123 3468 2263 3538 quod

689 3558 943 3628 propheta
979 3559 1219 3626 depinxit
1263 3558 1345 3612 his
1384 3558 1602 3614 verbis:
1634 3557 1719 3613 Ne
1757 3560 1997 3628 ﬁduciam
2041 3562 2263 3616 habeatis

685 3651 739 3702 in
764 3650 939 3702 amicis
965 3689 977 3712 ,
1009 3659 1053 3701 et
1079 3649 1131 3701 in
1159 3650 1469 3719 principibus
1495 3651 1648 3703 nolite
1687 3667 1830 3720 spem
1857 3668 2043 3721 ponere
2075 3652 2260 3722 (Miclt.

687 3740 740 3794 7.
773 3740 826 3806 5)
853 3755 866 3803 ;
903 3754 931 3793 a
961 3753 1057 3794 suo
1084 3741 1308 3808 quisque
1340 3741 1579 3807 proximo
1606 3751 1823 3805 cavete;
1865 3743 1904 3793 Α
1935 3744 2150 3811 conjuge
2179 3753 2263 3795 tua

687 3849 824 3898 caue,
858 3848 919 3885 ne
942 3832 1062 3900 quid
1088 3832 1164 3885 illi
1186 3833 1381 3885 credas.
1412 3832 1546 3898 Quid
1588 3834 1658 3887 ita
1687 3833 1936 3887 tandem?
1975 3833 2102 3900 Quia
2133 3845 2265 3888 tent-

689 3937 786 3992 pus
813 3923 1004 3976 malum
1036 3929 1138 3986 est,
1173 3923 1304 3986 Quia
1331 3923 1492 3975 omnis
1525 3925 1678 3992 frater
1701 3924 1972 3977 insidiatur
2004 3926 2260 3988 calcaneo,

688 4022 735 4065 et
764 4012 924 4065 omnis
952 4012 1143 4065 amicus
1173 4012 1345 4064 dolose
1371 4012 1555 4065 incedit
1586 4011 1801 4084 (Jerem.
1834 4016 1886 4068 9.
1919 4015 1997 4083 4).
2035 4014 2148 4068 Non
2183 4028 2266 4071 εει

689 4103 889 4158 amicus
915 4111 1074 4168 tutus,
1100 4118 1202 4156 non
1235 4106 1398 4156 frater
1431 4102 1633 4158 firmus.
1665 4104 1938 4159 Sublatum
1968 4113 2051 4160 est
2074 4108 2264 4162 carita-

691 4196 758 4250 tis
787 4196 1014 4260 bonum;
1059 4195 1216 4250 civile
1244 4196 1441 4249 bellum
1470 4205 1694 4266 occupat
1731 4197 1936 4264 omnia,
1977 4199 2131 4254 civile
2155 4241 2170 4264 ,
2209 4209 2265 4255 et

690 4303 794 4343 non
824 4298 1105 4357 apertum,
1149 4286 1243 4341 sed
1283 4286 1678 4341 obnntbratum.
1726 4287 2021 4344 Innutnerte
2072 4292 2262 4360 ubique

689 4380 868 4446 larvtc,
897 4380 1256 4449 simttlaueque
1286 4380 1464 4433 facies.
1489 4379 1649 4433 Multa
1670 4381 1846 4434 ovium
1869 4382 2081 4448 vellem,
2111 4384 2262 4437 innu-

690 4471 820 4524 tneri
849 4469 1040 4539 ubique
1071 4469 1176 4538 lupi
1219 4470 1316 4523 sub
1342 4470 1423 4522 his
1453 4470 1699 4524 occultati
1735 4488 1747 4523 :
1783 4481 1837 4525 ut
1861 4471 1968 4540 jam
1997 4473 2131 4526 inter
2162 4473 2260 4526 ho-

689 4573 799 4614 stes
827 4560 1013 4628 aliquis
1052 4562 1214 4612 tutius
1237 4561 1460 4622 vixerit,
1494 4575 1648 4628 quam
1680 4561 1815 4614 inter
1842 4576 1933 4614 cos
1959 4564 2046 4631 qui
2072 4563 2260 4616 viden-

693 4662 778 4706 tur
814 4651 989 4704 amici.
1021 4651 1117 4717 Qui
1147 4651 1256 4704 heri
1301 4649 1679 4716 adulabantur,
1717 4651 1803 4719 qui
1834 4666 2018 4706 manus
2050 4655 2260 4706 oscula.

693 4743 900 4806 bantur,
920 4741 1076 4796 hodie
1102 4749 1320 4808 repente
1339 4740 1594 4810 comperti
1617 4750 1739 4794 sunt
1761 4755 1877 4794 esse
1896 4743 2094 4802 hostes,
2118 4744 2264 4810 abje-

689 4834 892 4902 ctisque
924 4831 1081 4884 larvis
1108 4829 1230 4885 facti
1261 4839 1386 4884 sunt
1409 4831 1657 4884 omnibus
1686 4832 2080 4885 accusatoribus
2110 4847 2261 4886 accr-

690 4925 898 4988 biores;
933 4938 1025 4992 pro
1050 4924 1240 4992 quibus
1263 4923 1511 4978 hesterno
1537 4923 1623 4978 die
1652 4923 1848 4992 gratias
1873 4925 2130 4994 agebant,
2165 4926 2263 4981 hos

691 5029 831 5068 nunc
860 5015 1096 5067 incusant
1124 5024 1177 5068 et
1199 5014 1606 5068 calumniantur.

759 5105 814 5158 2.
846 5105 1089 5156 Adversus
1112 5105 1407 5166 avaritiam;
1437 5106 1744 5174 paupertatis
1767 5106 1914 5158 bona.
1942 5135 2010 5146 -
2030 5107 2156 5174 Quae
2181 5117 2263 5161 est

691 5196 848 5265 igitur
878 5193 1064 5248 horum
1091 5196 1325 5247 omnium
1353 5196 1550 5247 causa?
1581 5195 1924 5249 Pecuniarutn
1952 5213 2100 5250 amor
2121 5239 2135 5263 ,
2165 5213 2260 5252 vc-

690 5302 814 5340 sma
862 5286 1161 5340 divitiarum
1206 5286 1464 5353 cuiiiditas
1488 5327 1503 5350 ,
1535 5287 1747 5340 morbus
1780 5287 2116 5352 insanabilis,
2150 5289 2259 5342 for-

693 5395 792 5432 nax
834 5396 948 5448 quae
994 5395 1274 5448 numquam
1312 5379 1698 5449 exstinguitur,
1749 5381 1984 5449 tyrannis
2027 5397 2260 5451 quaqua-

694 5485 901 5524 versum
935 5486 1029 5539 per
1059 5479 1224 5524 totum
1263 5472 1444 5524 orbem
1477 5482 1732 5525 terrarum
1760 5471 1969 5526 diffusa.
2013 5474 2157 5527 llanc
2192 5477 2259 5531 ob

694 5578 903 5615 causam
939 5571 993 5616 et
1039 5577 1134 5616 nos
1172 5579 1290 5632 qua:
1328 5563 1472 5630 prius
1513 5563 1848 5628 dicebamus,
1902 5581 2040 5619 nunc
2081 5566 2259 5621 dicere

695 5667 799 5704 non
847 5653 1179 5714 desinemus,
1235 5654 1440 5706 tametsi
1487 5668 1654 5722 nuper
1699 5654 2000 5724 complures
2053 5656 2260 5710 incusa-

696 5743 819 5796 lvint
865 5757 998 5806 nos,
1051 5743 1170 5795 talia
1218 5743 1527 5810 loquentes:
1561 5743 1703 5798 Itane
1730 5759 2012 5814 numquam
2044 5747 2259 5801 desines

695 5832 944 5886 adversus
968 5833 1153 5890 divites
1181 5844 1434 5888 armatam
1465 5835 1658 5892 habere
1689 5837 1954 5906 linguam?
1982 5853 2086 5894 non
2116 5839 2256 5894 desi-

1403 431 1459 485 S.
1499 426 1774 484 JOANNIS
1810 421 2282 482 CIIRYSOSTOMI
2322 422 2636 480 ARCHIEP.
2677 425 3209 485 CONSTANTINOP.

3862 433 3970 491 UO

2387 553 2486 594 nes
2507 539 2605 595 hos
2630 542 2839 599 assidue
2881 545 3227 615 impugnare?
3266 546 3401 601 Num
3439 561 3539 618 ego
3565 561 3685 602 cum
3717 548 3823 604 illis
3858 551 3967 604 be].

2385 630 2490 684 lum
2519 633 2689 702 gero?
2718 651 2842 690 nutu
2870 637 3123 693 adversus
3151 638 3267 694 illos
3295 641 3513 695 armor?
3540 642 3620 695 An
3652 657 3760 696 non
3791 644 3969 712 potius

2385 737 2480 791 pro
2502 723 2604 778 illis
2629 736 2817 781 cuncta
2847 739 2954 782 tttm
2980 729 3120 795 dico,
3160 740 3266 782 tum
3298 730 3467 795 facio;
3501 731 3598 800 ipsi
3619 747 3748 785 vero
3780 733 3970 786 adver-

2381 827 2470 867 sus
2497 814 2702 884 seipsos
2722 817 2924 886 gladios
2953 819 3184 872 acuunt?
3214 823 3294 873 An
3326 836 3430 874 non
3457 820 3506 874 id
3535 820 3831 876 declaravit
3854 823 3967 891 ipsa

2380 918 2557 957 rerum
2587 906 2914 973 experientia
2944 950 2957 973 ,
2994 909 3134 978 quod
3174 925 3272 980 ego
3315 910 3528 980 quidem
3551 953 3564 975 ,
3599 912 3886 981 increpans
3917 927 3970 968 et

2381 994 2592 1049 assidue
2619 997 2905 1066 objurgaus
2929 1041 2941 1063 ,
2973 1001 3278 1068 quaerebam
3323 1001 3531 1055 illorum
3577 1003 3926 1058 commodum
3953 1045 3967 1066 ,

2379 1087 2473 1141 sed
2503 1087 2575 1142 illi
2603 1089 2781 1143 verius
2812 1100 2933 1144 sunt
2967 1092 3146 1147 hostes
3174 1092 3262 1162 qui
3296 1093 3450 1147 nobis
3479 1094 3592 1149 haec
3619 1095 3968 1166 loquentibus

2379 1179 2588 1247 culpam
2620 1180 2956 1251 impingunt?
2990 1184 3205 1238 Vidistis
3231 1195 3450 1240 eventus
3483 1202 3658 1242 rerum
3687 1202 3810 1244 cum
3839 1205 3963 1244 ora-

2378 1269 2522 1324 tione
2551 1280 2726 1324 nostra
2753 1287 3067 1343 congruere.
3094 1277 3129 1328 Λ
3142 1293 3170 1329 ιι
3196 1291 3298 1330 non
3323 1291 3535 1345 semper
3561 1278 3691 1343 dixi,
3716 1280 3965 1351 fugitivus

2378 1375 2496 1415 esse
2517 1361 2747 1427 divitias,
2776 1363 2842 1417 ab
2865 1364 2964 1419 hoc
2991 1365 3058 1418 ad
3091 1366 3234 1419 illum
3265 1370 3637 1422 transeuntes?
3660 1373 3837 1440 Atque
3866 1375 3966 1424 nti-

2377 1463 2498 1502 nam
2528 1450 2840 1507 transissent
2873 1453 3044 1508 solum
3065 1495 3080 1519 ,
3133 1471 3236 1509 non
3269 1458 3426 1511 etiam
3453 1459 3776 1514 occidissent
3808 1479 3822 1514 :
3858 1463 3964 1516 uti-

2377 1555 2499 1594 nam
2540 1543 2910 1600 discessissent
2935 1556 3134 1600 lantutn
3161 1589 3175 1612 ,
3221 1563 3283 1602 ac
3306 1547 3431 1602 "non
3462 1565 3492 1602 e
3536 1552 3714 1605 medio
3748 1567 3964 1622 quoque

2377 1633 2734 1688 sustulissent.
2762 1635 2911 1691 Nunc
2932 1647 3104 1692 autem
3141 1647 3486 1706 pneterqnam
3516 1640 3654 1709 quod
3679 1640 3959 1706 deserunt,

2376 1726 2533 1778 etiam
2562 1726 2738 1795 gladio
2766 1727 3001 1794 tradunt,
3031 1738 3084 1783 et
3113 1729 3164 1782 in
3195 1729 3501 1782 barathrum
3530 1731 3872 1800 pertrahunt,
3897 1749 3962 1787 eo

2375 1815 2515 1884 quod
2545 1819 2652 1870 sint
2692 1818 3005 1885 periculosa:
3033 1819 3366 1888 proditrices,
3398 1835 3624 1891 cumque
3651 1822 3715 1876 iis
3743 1823 3960 1892 potissi-

2377 1920 2518 1960 mum
2549 1906 2745 1962 bellum
2769 1919 2981 1978 gerunt,
3005 1925 3032 1963 a
3055 1911 3247 1980 quibus
3267 1920 3534 1964 amantur.
3562 1911 3792 1982 ingratae
3811 1924 3960 1980 sunt,

2374 1998 2627 2068 fugitiva),
2652 1998 2949 2066 homicidte,
2983 2001 3361 2072 implacabiles,
3395 2002 3583 2059 bestia:
3612 2005 3960 2069 incurabilcs,

2375 2093 2724 2162 prtecipilium
2752 2094 3104 2164 undequaque
3136 2106 3458 2165 prmruptum
3480 2138 3494 2162 ,
3527 2097 3781 2167 scopulus
3818 2100 3961 2152 assi-

2373 2181 2492 2238 duis
2534 2187 2721 2254 plenus
2749 2186 2994 2242 ﬂuctibus
3019 2228 3035 2249 ,
3080 2204 3227 2242 mare
3274 2189 3568 2246 innumeris
3595 2192 3768 2246 ventis
3794 2195 3963 2263 agitao

2375 2281 2507 2340 tum,
2537 2277 2744 2346 tyranni
2774 2277 2966 2332 acerbe
2988 2279 3329 2348 imperantes,
3353 2280 3583 2335 domina:
3609 2283 3801 2351 quovis
3832 2283 3961 2338 bar-

2373 2363 2503 2420 baro
2529 2366 2804 2435 stnviores,
2836 2368 3064 2424 inimica:
3093 2369 3564 2426 irreconciliabiles
3586 2413 3601 2438 ,
3629 2371 3814 2426 hostes
3861 2374 3961 2426 im-

2373 2457 2677 2526 placabiles,
2706 2476 2931 2531 quazque
2959 2477 3244 2532 numquam
3274 2477 3398 2533 erga
3428 2478 3522 2518 eos
3549 2478 3578 2515 a
3604 2464 3800 2533 quibus
3832 2480 3962 2535 pos-

2373 2549 2632 2614 sidentur,
2665 2553 2941 2608 remittunt
2969 2555 3314 2608 simultatem.

2444 2641 2497 2694 5.
2532 2644 2594 2694 At
2625 2657 2728 2695 non
2761 2643 3062 2712 hujusmodi
3095 2652 3376 2714 paupertas
3399 2683 3414 2710 ,
3459 2643 3551 2699 sed
3579 2643 3640 2698 iis
3669 2657 3789 2714 qua:
3816 2644 3961 2700 dicta

2373 2741 2498 2784 sunt
2522 2735 2809 2786 contraria.
2843 2733 2914 2787 Ea
2938 2735 3201 2804 siquidem
3227 2742 3311 2788 est
3347 2743 3515 2788 tutum
3553 2734 3756 2806 asylum
3781 2775 3795 2798 ,
3830 2751 3960 2803 por-

2374 2832 2456 2876 tus
2484 2824 2822 2892 tranquillus,
2855 2835 3108 2894 perpetua
3139 2825 3396 2880 securitas
3417 2866 3432 2889 ,
3461 2824 3664 2880 deliciae
3694 2826 3963 2895 periculo-

2371 2928 2488 2968 rum
2515 2925 2782 2982 expertes,
2811 2916 3051 2984 voluptas
3077 2917 3306 2982 sincera,
3330 2917 3434 2970 vita
3467 2917 3826 2973 turbationum
3861 2935 3960 2974 ne-

2369 3005 2498 3072 scia,
2530 3007 2634 3058 vita
2662 3006 2915 3061 fluctuum
2945 3007 3143 3077 ignara,
3167 3009 3317 3077 copia
3350 3009 3795 3079 inexpugnabilis,
3828 3010 3959 3079 phi-

2371 3096 2626 3167 losophia:
2664 3113 2876 3168 parens,
2909 3099 3116 3154 frenum
3141 3100 3477 3169 arrogantim,
3503 3101 3747 3172 supplicii
3779 3101 3962 3157 subla-

2373 3187 2466 3251 tio,
2499 3187 2648 3241 radix
2686 3188 2978 3243 modestiae.
3007 3190 3115 3243 Cur
3141 3191 3318 3257 itaque
3346 3190 3481 3245 hanc
3507 3190 3806 3262 fugientes,
3837 3193 3959 3249 illas

2372 3281 2748 3349 persequitnini
2768 3282 2790 3334 ?
2811 3282 2928 3335 illas
2957 3281 3161 3346 hostes,
3192 3283 3308 3335 illas
3340 3283 3653 3351 homicidas,
3683 3285 3801 3338 illas
3825 3301 3962 3354 qua-

2371 3373 2449 3425 vis
2495 3371 2661 3425 bestia
2720 3373 3022 3427 smviores?
3077 3373 3222 3429 Talis
3277 3375 3420 3428 enim
3469 3383 3552 3430 est
3606 3390 3959 3444 pecuniarum

2369 3478 2540 3529 amor,
2586 3463 2688 3518 tale
2717 3478 2969 3518 vesanum
3001 3466 3114 3518 auri
3145 3464 3400 3520 studium.
3446 3464 3558 3519 Cur
3603 3465 3812 3519 hostem
3859 3466 3958 3520 tibi

2371 3562 2682 3623 perpetuum
2713 3555 3146 3610 contubernalem
3177 3555 3340 3610 facis?
3366 3572 3461 3610 cur
3493 3556 3716 3610 bestiam
3751 3559 3957 3622 irritas,

2368 3660 2526 3714 quam
2571 3645 2794 3701 delinire
2832 3647 3100 3714 oportuit?
3133 3645 3201 3700 Et
3241 3661 3348 3716 quo
3378 3656 3533 3716 pacto
3559 3688 3574 3712 ,
3618 3633 3834 3716 inquis,
3866 3647 3960 3702 fiet

2371 3737 2681 3789 mansueta?
2704 3736 2759 3790 Si
2789 3737 2872 3791 vel
2905 3752 3043 3791 nunc
3068 3751 3185 3791 mea
3216 3736 3373 3790 verba
3403 3737 3659 3799 toleretis,
3687 3753 3810 3790 cum
3841 3739 3956 3792 cla-

2368 3825 2465 3880 des
2495 3825 2688 3880 adsunt
2712 3866 2726 3888 ,
2756 3841 2876 3881 cum
2913 3827 3186 3881 calamitas
3213 3828 3388 3896 viget,
3416 3841 3535 3882 cum
3569 3842 3758 3880 omnes
3791 3828 3846 3882 itt
3873 3837 3960 3881 tu—

2372 3916 2537 3969 tnulttt
2568 3925 2689 3969 sunt
2726 3932 2790 3971 ac
2817 3931 3068 3971 maerore.
3102 3916 3201 3983 Qui
3228 3917 3339 3970 lieri
3372 3917 3539 3985 possit
3567 3927 3624 3970 ut
3651 3915 3819 3970 bestia
3847 3933 3956 3971 non

2371 4012 2440 4063 sit
2465 4010 2672 4063 bestia?
2703 4009 2958 4080 Equidem
3005 4024 3219 4080 possunt
3262 4009 3404 4064 illam
3436 4001 3752 4073 immutare,
3788 4009 3833 4064 si
3860 4026 3960 4064 vos

2369 4103 2544 4158 velitis
2572 4119 2585 4156 :
2615 4117 2738 4158 nam
2767 4118 2826 4158 ea
2853 4117 3159 4157 sermonum
3180 4103 3258 4156 vis
3288 4111 3387 4157 est.
3412 4102 3528 4169 Quo
3548 4111 3706 4172 pacto
3735 4103 3898 4172 igitur
3926 4121 3955 4155 ει

2369 4194 2577 4250 feritate
2601 4209 2696 4250 sua
2726 4194 3046 4248 mutabitur?
3071 4194 3126 4249 Si
3154 4193 3497 4250 didicerimus
3519 4195 3791 4265 quomodo
3812 4211 3957 4252 εαξη

2368 4285 2615 4341 efficitur.
2648 4286 2925 4353 Quomodo
2950 4302 3077 4358 ergo
3103 4301 3243 4341 smva
3262 4287 3526 4343 eflicitur?
3546 4288 3691 4344 More
3712 4289 3952 4354 leonmn,

2370 4395 2519 4435 more
2549 4379 2830 4448 pardorum
2856 4421 2870 4445 ,
2903 4395 3052 4436 more
3089 4394 3333 4436 ursorum
3356 4423 3370 4447 ,
3403 4380 3492 4451 qtti
3515 4381 3643 4434 dum
3672 4381 3956 4438 includun-

2370 4480 2457 4523 tur
2517 4481 2939 4540 coercenturque
2996 4471 3047 4525 in
3100 4472 3374 4536 tenebris,
3427 4472 3640 4542 erigunt
3701 4475 3950 4538 animos.

2369 4573 2668 4630 acuuntque
2695 4562 2800 4615 iras
2825 4577 2837 4613 :
2869 4561 3049 4617 itidem
3077 4571 3130 4616 et
3157 4562 3353 4616 divitia:
3379 4561 3504 4616 dum
3529 4562 3880 4618 includunlur
3903 4576 3955 4620 et

2370 4652 2729 4717 defodiuntur,
2761 4653 2933 4707 acrius
2961 4655 3172 4723 rugiunt
3191 4668 3350 4723 quam
3372 4653 3573 4716 leones,
3604 4669 3666 4708 ac
3689 4664 3949 4712 terrorem

2371 4743 2602 4812 undique
2629 4743 2887 4797 incutiunt
2914 4760 2928 4807 ;
2960 4743 3100 4813 quod
3133 4744 3175 4798 si
3201 4758 3292 4797 eas
3319 4759 3348 4797 e
3377 4742 3613 4797 tenebris
3637 4743 3841 4800 educas
3862 4788 3875 4812 ,
3900 4758 3954 4802 et

2372 4835 2423 4888 in
2449 4849 2733 4904 egenorum
2759 4845 2970 4889 ventres
2995 4835 3331 4899 dissemines,
3360 4850 3426 4889 ex
3454 4835 3579 4889 feris
3607 4835 3796 4892 bestiis
3825 4839 3953 4893 fiunt

2371 4939 2530 4989 oves,
2581 4940 2643 4978 ex
2676 4925 2883 4978 insidiis
2923 4925 3167 4994 praesidia
3194 4965 3208 4991 ,
3254 4941 3320 4978 ex
3360 4927 3590 4994 scopulis
3625 4938 3850 4996 portus,
3888 4950 3951 4985 ex

2373 5015 2646 5083 naufragio
2677 5016 3044 5084 tranquillitas.
3074 5014 3509 5086 Quandoquidem
3543 5017 3644 5072 hoc
3678 5029 3736 5073 et
3762 5021 3816 5075 in
3857 5037 3950 5075 tta-

2371 5106 2523 5174 vigiis
2553 5105 2727 5159 videre
2758 5105 2879 5159 licet
2916 5123 2927 5158 :
2960 5106 3002 5157 si
3033 5105 3244 5174 quando
3273 5119 3410 5161 onus
3436 5116 3518 5160 est
3538 5106 3688 5176 justo
3715 5113 3950 5180 graviu<,

2370 5195 2625 5264 demergit
2652 5196 2894 5265 cymbam
2923 5214 2934 5246 :
2963 5212 3172 5250 rursum
3202 5212 3321 5250 cum
3339 5204 3422 5251 est
3447 5197 3812 5266 moderatum,
3843 5219 3952 5272 pro-

2371 5303 2528 5355 spero
2575 5287 2740 5341 fertur
2784 5303 2962 5341 cursu.
3007 5288 3148 5341 ldcm
3189 5305 3288 5342 usu
3334 5289 3478 5344 venit
3510 5290 3560 5343 in
3593 5297 3798 5348 nostris
3829 5296 3953 5349 auli-

2371 5381 2466 5433 bus
2499 5399 2509 5432 :
2539 5395 2656 5432 cum
2686 5379 2820 5433 ullra
2850 5396 3003 5446 quam
3051 5394 3176 5434 usus
3201 5380 3465 5449 postulat,
3503 5383 3752 5450 congeris
3795 5401 3949 5455 pecu-

2371 5475 2506 5536 nias,
2533 5473 2708 5542 exigui
2739 5472 2878 5525 vcnti
2903 5472 3076 5535 flatus,
3101 5481 3152 5526 et
3173 5473 3344 5540 quivis
3362 5487 3539 5526 rerum
3563 5472 3946 5543 inexspectata-

2372 5580 2486 5617 rum
2517 5564 2758 5617 incursus
2785 5562 3044 5630 demergit
3073 5578 3191 5616 eum
3221 5563 3346 5616 virts
3365 5562 3610 5631 cymbam
3643 5581 3654 5616 :
3690 5575 3740 5618 at
3772 5569 3818 5620 si
3851 5579 3950 5621 tan-

2372 5663 2480 5707 tum
2514 5670 2740 5720 reponas
2767 5695 2778 5712 ,
2812 5665 3062 5722 quantmn
3108 5653 3337 5720 postulat
3381 5654 3673 5708 necessitas
3696 5695 3711 5720 ,
3741 5656 3948 5710 etiamsi

2371 5745 2661 5800 vehemens
2693 5746 2845 5799 turbo
2876 5745 3100 5814 ingruat,
3141 5744 3290 5798 facile
3322 5744 3590 5813 percurris
3616 5745 3806 5801 undas.
3838 5749 3942 5804 Noli

2374 5840 2529 5907 igitur
2563 5837 2677 5906 plus
2705 5837 3101 5906 concupiscere,
3126 5852 3284 5906 quam
3313 5835 3472 5904 exigit
3506 5840 3803 5894 necessitas
3831 5881 3844 5908 ,
3883 5855 3926 5891 Ιὶι
