4154 6494
187 441 277 496 £35

180 556 293 618 τοὺς
313 550 693 620 ναυαγοῦντας
727 547 1097 621 ἀνιμώμενος,
1124 550 1255 614 τοὺς
1284 549 1604 622 γινομένους
1625 547 1760 601 ὑπο-

191 636 433 708 ϐρυχίους
484 635 627 706 πρὸς
680 634 877 705 λιμένα
912 634 1008 687 καὶ
1048 631 1292 704 γαλήνην
1348 629 1762 704 χειραγωγῆσαι

186 720 443 783 σπεύδων.
475 718 674 781 Kmqu
698 716 809 787 γάρ
829 718 947 787 είμι
968 715 1190 770 πάντων
1215 716 1421 788 πατὴρ,
1446 714 1540 769 καὶ
1566 714 1627 768 ού
1653 710 1763 764 τῶν

188 804 421 862 ἑστώτων
470 805 656 877 μόνον,
694 803 834 857 ἀλλά
876 805 969 858 καὶ
1006 803 1116 857 τῶν
1146 803 1517 857 πεπτωκότων
1548 797 1765 873 φροντί-

190 896 287 959 ζειν
318 896 655 963 ἀναγκαῖον·
679 892 803 962 οὐχὶ
836 891 944 946 τῶν
979 890 1234 962 ἐξουρίας
1260 888 1599 961 φερομένων,
1624 885 1763 940 ἀλλά

188 986 269 1040 καὶ
314 983 425 1036 τῶν
464 982 981 1053 κλυδωνιζομένων·
1033 980 1156 1051 οὐχὶ
1202 979 1310 1032 τῶν
1362 979 1420 1031 ἐν
1467 976 1760 1046 ἀσφαλείᾳ,

188 1072 305 1127 ἀλλὰ
341 1072 437 1125 καὶ
475 1072 586 1124 τῶν
629 1070 691 1124 ἐν
742 1069 1025 1132 κινδύνοις.
1058 1066 1159 1121 Διά
1187 1068 1251 1137 δὴ
1285 1067 1457 1133 ταῦτα
1496 1066 1588 1119 τὸν
1623 1081 1765 1135 παρα

189 1161 400 1213 ἐλθόντα
429 1143 795 1229 ἀπελείφθην
819 1157 1005 1221 ἐνδοὺς
1035 1156 1228 1228 χρόνον
1267 1154 1523 1227 περιιὼν,
1576 1170 1764 1225 παρα-

188 1248 377 1311 καλῶν,
412 1246 691 1317 δεόμενος,
727 1244 985 1299 ἱκετεύων
1015 1245 1130 1307 τοῖς
1159 1243 1372 1314 κυρίοις
1407 1240 1638 1311 λυθῆναι
1665 1239 1766 1310 τὴν

192 1334 489 1406 συμφοράν.
524 1332 632 1387 Καὶ
670 1332 860 1404 ἐπειδὴ
880 1330 1034 1394 τέλος
1065 1330 1261 1385 ἐλαϐεν
1301 1331 1485 1383 ἐκεῖνα
1516 1327 1585 1382 τά
1634 1344 1768 1381 σκυ-

191 1422 396 1491 θρωπά,
422 1422 591 1477 πάλιν
606 1422 747 1493 πρὸς
770 1420 914 1491 ὑμᾶς
939 1418 1244 1489 ἐπανῆλθον
1261 1417 1389 1479 τοὺς
1412 1418 1471 1469 ἐν
1496 1414 1769 1485 ἀσφαλείᾳ

190 1512 357 1573 διτας,
397 1509 529 1572 τοὺς
582 1508 724 1580 μετά
771 1506 971 1577 πολλῆς
1022 1506 1289 1569 πλέοντας
1350 1506 1450 1571 τῆς
1498 1503 1767 1573 γαλήνης.

193 1598 324 1668 "pb;
357 1596 609 1660 ἐκείνους
662 1595 944 1666 ἀφικόμην
986 1591 1128 1645 ὥστε
1157 1591 1320 1645 λῦσαι
1348 1591 1442 1644 τὸν
1491 1588 1767 1661 χειμῶνα·

192 1686 317 1755 πρὸς
354 1682 509 1754 ὑμᾶς
543 1682 874 1752 ἐπανῆλθον,
903 1681 1043 1735 ὥστε
1081 1679 1156 1751 μὴ
1201 1677 1458 1747 γενέσθαι
1499 1675 1770 1748 χειμῶνα.

193 1773 326 1843 Πρὸς
360 1771 613 1834 ἐκείνους
645 1769 869 1841 ἀπῄειν,
896 1768 984 1823 ἴνα
1014 1766 1313 1833 ἀπαλλάξω
1338 1765 1449 1819 τῶν
1473 1764 1737 1835 λυπηρῶν
1755 1780 1767 1793 -

194 1859 315 1930 πρὸς
358 1860 512 1928 ὑμᾶς
563 1856 972 1928 παρεγενόμην,
1024 1855 1113 1909 ῖνα
1156 1854 1233 1925 μὴ
1291 1852 1631 1924 περιπέσητε
1660 1854 1774 1914 τοῖς

196 1945 556 2017 σκυθρωποῖς.
602 1945 817 2015 Ὠσπερ
849 1942 972 2013 οὐχὶ
999 1940 1109 1996 τῶν
1140 1940 1393 1994 ἑστώτων
1429 1939 1513 1993 δεῖ
1553 1938 1772 2011 φροντί-

194 2034 298 2098 ζειν
337 2032 528 2105 μόνον,
562 2030 703 2085 ἀλλά
736 2030 831 2084 καὶ
862 2029 972 2084 τῶν
998 2028 1372 2083 πεπτωκότων
1393 2043 1408 2060 ·
1440 2026 1585 2080 οὕτω
1609 2025 1774 2079 πάλιν

192 2121 300 2191 οὐχὶ
326 2120 440 2173 τῶν
463 2117 837 2173 πεπτωκότων
868 2117 1050 2187 μόνον,
1075 2116 1213 2171 ἀλλά
1233 2116 1330 2170 καὶ
1353 2114 1461 2169 τῶν
1487 2113 1738 2168 ἑστώτων
1756 2130 1769 2144 ·

194 2208 411 2263 ἐκείνων
444 2207 569 2278 μὲν,
598 2206 687 2259 ἴνα
710 2204 1041 2269 ἀναστῶσιν,
1067 2204 1275 2257 τούτων
1296 2203 1377 2267 δέ,
1412 2200 1500 2255 ἴνα
1532 2200 1776 2255 καταπέ-

195 2312 384 2350 σωσιν·
423 2294 654 2348 ἐκείνων
690 2294 812 2364 μὲν,
859 2293 946 2347 ἵνα
975 2290 1336 2360 ἀπαλλαγῶσι
1371 2291 1480 2344 τῶν
1512 2289 1775 2360 κατεχόν-

194 2400 290 2436 των
315 2380 761 2447 δεινῶν,τούτων
788 2380 844 2433 δὲ
876 2380 965 2435 ἴνα
992 2379 1068 2450 μὴ
1091 2376 1433 2450 περιπέσωσι
1458 2379 1573 2439 τοῖς
1602 2392 1776 2447 προσ-

192 2469 514 2539 δοκωμένοις
583 2468 869 2538 λυπηροῖς.
940 2466 1106 2521 Οὐδὲν
1158 2465 1270 2536 γὰρ
1334 2463 1574 2535 βέϐαιον,
1622 2462 1776 2515 οὐδὲν

194 2555 447 2625 ἀκίνητον
476 2552 589 2608 τῶν
604 2553 967 2625 ἀνθρωπίνων
979 2553 1348 2623 πραγμάτων,
1368 2550 1504 2604 ἀλλά
1527 2554 1777 2621 μιμεῖται

195 2644 471 2697 θάλασσαν
524 2644 884 2714 μαινομένην,
942 2642 1037 2695 καὶ
1086 2640 1211 2694 καθ’
1262 2641 1507 2712 ἑκάστην
1566 2641 1779 2710 ἡμέραν

192 2728 363 2782 ώδίνει
400 2728 643 2797 ναυάγια
674 2726 805 2792 ξένα
838 2729 931 2781 καί
953 2726 1192 2798 χαλεπά.

260 2816 446 2871 Πάντα
481 2814 731 2885 θορύϐων
773 2815 933 2885 γέμει
964 2816 1058 2867 καὶ
1100 2812 1381 2886 ταραχῆς·
1427 2813 1607 2867 πάντα
1654 2814 1781 2866 σκό-

195 2902 343 2955 πελοι
396 2903 493 2955 καὶ
544 2900 817 2972 κρημνοί·
872 2900 1050 2954 πάντα
1098 2897 1295 2969 ὕφαλοι
1344 2900 1439 2953 καὶ
1491 2899 1782 2962 σπιλάδες·

196 2990 371 3043 πάντα
404 2988 586 3058 φόϐοι,
614 2990 713 3042 καὶ
740 2987 997 3052 κίνδυνοι,
1028 2986 1121 3040 καὶ⁵
1153 2986 1403 3056 ὑποψίαι,
1436 2986 1532 3038 καὶ
1566 2986 1782 3057 τρόμοι,

198 3078 286 3130 καὶ
318 3077 577 3145 ἀγωνίας.
609 3075 799 3139 Οὐδεὶς
822 3075 999 3129 οὐδενὶ
1030 3073 1244 3147 θαρρεῖ,
1274 3072 1368 3126 τὸν
1402 3071 1630 3143 πλησίον
1656 3072 1789 3125 ἐκα-

198 3183 321 3229 στος
358 3165 623 3221 δέδοικεν.
680 3166 919 3228 Ἐκεῖνος
948 3148 1214 3235 πάρεστιν
1242 3165 1269 3216 ό
1300 3163 1493 3234 καιρὸς
1526 3162 1691 3233 τάχα,
1726 3162 1785 3215 ὃν

196 3253 223 3304 ό
275 3252 574 3323 προφήτης
634 3252 970 3323 ὑπογράφων
1004 3251 1189 3319 ἐλεγε-
1237 3250 1335 3316 Mi;
1376 3250 1690 3302 πιστεύετε
1720 3248 1790 3301 ἐν

197 3340 417 3406 φίλοις,
451 3338 554 3391 καὶ
592 3338 690 3392 ἐπὶ
728 3337 1086 3409 ἡγουμένοις
1118 3334 1200 3405 μὴ
1226 3334 1520 3396 ἐλπίζετε·
1555 3336 1790 3398 ἕκαστος

198 3426 303 3480 ἀπὺ
332 3426 428 3478 τοῦ
459 3427 692 3497 πλησίον
718 3425 1003 3495 ἀφέξεσθε·
1034 3424 1166 3479 Ἀπὸ
1189 3424 1299 3492 τῆς
1323 3424 1651 3494 σιγγκοίτου
1674 3440 1790 3479 σου

198 3514 485 3581 φύλαξον
526 3514 632 3568 τοῦ
666 3512 993 3568 ἀναθέσθαι
1021 3525 1048 3555 ι
1087 3511 1266 3582 αὐτῇ.
1300 3511 1365 3565 Τί
1396 3512 1635 3582 δήποτες
1671 3513 1794 3566 Ὅτι

201 3602 391 3673 καιρὸς
422 3603 659 3672 πονηρός
702 3602 876 3667 ἐστιν,
929 3601 1049 3655 Ὀτι
1091 3600 1210 3667 πᾶς
1252 3600 1512 3670 ἀδελφός
1568 3602 1792 3671 πτέρνῃ

202 3687 488 3757 artem-13?,
532 3687 634 3741 καὶ
666 3687 786 3753 πᾶς
831 3689 1010 3757 φίλος
1057 3687 1275 3753 δολίως
1310 3690 1644 3756 πορεύεται.
1682 3691 1795 3744 Ούκ

203 3777 317 3827 ἐστι
345 3774 503 3843 φίλος
528 3774 803 3843 ἀσφαλὴς,
837 3775 938 3828 οὐκ
956 3774 1183 3843 ἀδελφὸς
1217 3774 1453 3846 βέϐαιος.
1501 3776 1796 3848 Ἀνῄρηται

204 3864 266 3915 τό
293 3864 397 3933 τῆς
425 3862 653 3931 ἀγάπης
680 3861 846 3915 καλόν
865 3878 878 3892 ·
916 3861 1182 3933 ἐμφύλιος
1212 3863 1429 3917 ᾶπαντα
1458 3865 1679 3936 κατέχει
1697 3866 1797 3919 πό-

203 3950 393 4021 λεμος,
442 3950 733 4019 ἐμφύλιος,
784 3951 879 4003 καὶ
903 3948 1027 4004 οὔτε
1060 3944 1218 4014 οὗτος
1247 3952 1429 4023 δῆλος,
1474 3951 1625 4025 [406]
1661 3953 1800 4009 ἀλλά

208 4038 695 4108 συνεσκιασμένος.
716 4038 900 4110 Μυρία
928 4037 1205 4109 πανταχοῦ
1228 4044 1570 4110 προσωπεῖα.
1598 4042 1802 4096 Πολλαὶ

206 4124 317 4179 τῶν
348 4125 644 4197 προϐάτων
689 4126 745 4179 αἱ
789 4126 963 4197 δοραὶ,
994 4126 1358 4199 ἀναρίθμητοι
1387 4129 1668 4199 πανταχοῦ
1704 4147 1800 4183 κε-

209 4214 526 4284 κρυμμένοι
559 4214 747 4268 λύκοι·
776 4215 870 4268 καὶ
900 4215 1309 4286 ἀσφαλέστερον
1337 4216 1402 4269 ἀν
1432 4234 1518 4280 τις
1547 4216 1606 4270 ἐν
1641 4218 1801 4270 πολε-

156 4316 165 4329 ·
216 4304 361 4369 μίοις
418 4302 622 4372 μᾶλλον
682 4301 949 4374 βιώσειεν,
1002 4302 1036 4373 ἦ
1089 4305 1148 4356 ἐν
1191 4306 1304 4368 τοῖς
1358 4304 1610 4359 δοκοῦσιν
1661 4301 1803 4360 εἶναι

215 4390 416 4457 φίλοις.
458 4392 522 4443 Oi
554 4390 685 4461 χθές
735 4391 1152 4461 θεραπεύοντες,
1198 4392 1249 4444 οί
1296 4392 1707 4461 κολακεύοντες,
1756 4397 1805 4449 οί

217 4479 411 4548 χεῖρας
458 4477 907 4548 καταφιλοῦντες,
945 4478 1142 4549 ἀθρόον
1187 4479 1282 4531 νῦν
1315 4480 1567 4551 πολέμιοι
1597 4482 1805 4551 ἀνεφά-

216 4582 424 4634 νησαν,
478 4566 595 4619 καὶ
630 4564 702 4618 τὰ
755 4570 1078 4636 προσωπεῖα
1142 4566 1422 4636 ῥίψαντες,
1485 4570 1809 4642 κατηγόρων

221 4652 477 4706 ἁπάντων
519 4653 841 4724 πικρότεροι
872 4654 1184 4723 γεγόνασιν,
1224 4655 1364 4727 ὑπὲρ
1391 4648 1466 4709 ὧν
1490 4656 1682 4728 πρώην
1708 4656 1809 4728 χά-

223 4758 379 4810 ριτας
437 4742 787 4813 ὡμολόγουν,
842 4745 988 4815 ὑπὲρ
1042 4744 1249 4799 τούτων
1295 4745 1657 4813 ἐγκαλοῦντες
1714 4746 1811 4802 καὶ

223 4829 624 4894 διαϐάλλοντες.

296 4917 362 4988 β’.
396 4918 461 4971 Τί
484 4916 578 4973 οὖν
600 4920 823 4973 πάντων
838 4918 1043 4986 αἷτιον;
1076 4919 1295 4975 Τούτων
1323 4922 1350 4974 ὁ
1376 4921 1485 4975 τῶν
1512 4924 1812 4995 χρημάτων

226 5008 386 5077 ἔρως,
420 5009 454 5078 ὴ
501 5010 630 5076 περὶ
674 5008 777 5077 τὴν
830 5010 1197 5081 φιλαργυρίαν
1252 5011 1439 5080 μανία,
1490 5012 1552 5064 τὸ
1596 5013 1814 5084 νόσημα

227 5094 467 5159 ἀνίατον,
495 5097 528 5165 ή
554 5096 785 5166 κάμινος
810 5097 843 5165 ἡ
869 5095 1139 5166 μηδέποτε
1167 5096 1524 5168 σϐεννυμένη,
1555 5101 1587 5170 ἡ
1614 5117 1816 5171 τυραν-

230 5182 308 5243 νὶς
333 5183 366 5250 ἡ
403 5181 682 5252 πανταχοῦ
712 5182 815 5252 τῆς
838 5182 1164 5253 οἰκουμένης
1197 5184 1558 5255 ἐκτεταμένη.
1614 5187 1713 5240 Διά
1750 5188 1815 5258 δὴ

227 5268 384 5320 τοῦτο
416 5270 511 5320 καὶ
540 5270 705 5338 ἡμεῖς
734 5268 771 5322 δ.
792 5268 1057 5341 πρότερον
1082 5269 1360 5340 ἐλέγομεν,
1386 5272 1480 5325 καὶ
1510 5272 1605 5326 νῦν
1633 5274 1820 5343 λέγον⁸

227 5371 316 5418 τες
343 5356 403 5410 ού
435 5356 788 5425 παυσόμεθα,
816 5357 993 5410 καίτοι
1027 5356 1214 5411 πολλοὶ
1249 5358 1442 5430 πρώην
1473 5362 1605 5432 ἡμῖν
1630 5362 1820 5416 ἐνεκά-

228 5442 375 5510 λουν,
418 5445 513 5498 καὶ
544 5445 724 5498 ταῦτα.
757 5444 941 5513 ἔλεγον
964 5461 975 5473 ⁸
1004 5443 1082 5497 Οὐ
1126 5445 1274 5519 παύῃ
1309 5448 1452 5501 κατὰ
1498 5450 1607 5503 τῶν
1654 5450 1820 5503 πλου-

230 5532 467 5587 τούντων
501 5534 861 5604 ὀπλιζόμενος
901 5537 967 5606 τῇ
998 5535 1246 5607 γλώττῃ;
1287 5537 1346 5589 ού
1393 5538 1543 5609 παύῃ
1581 5539 1821 5608 συνεχῶς

230 5623 493 5686 τοιούτοις
527 5621 827 5694 πολεμῶν;
876 5624 969 5696 Μὴ
1018 5623 1129 5694 ἐγὼ
1172 5624 1384 5690 τούτοις
1436 5627 1691 5700 πολεμῶ;
1745 5627 1822 5699 μὴ

292 5794 317 5821 ⁸
350 5792 470 5855 Reg.
493 5789 584 5840 τοῦ
601 5792 879 5859 ἀναθέσθαι,
902 5799 949 5859 ει
972 5794 1249 5859 sicjegilur
1272 5797 1399 5858 apud
1440 5796 1709 5856 Michmam,
1738 5795 1825 5845 ad-

232 5850 393 5903 ιὶίίυτι
416 5850 533 5905 Ξοιε
558 5855 702 5915 αὐτῇ.
731 5851 879 5903 Εᾱίιι.
905 5850 1193 5905 ἀνακεῖσθαι.

1084 434 1227 493 CUM
1273 432 1720 494 SATURNINUS
1758 432 1849 488 ET
1888 433 2360 502 AURELIANUS,
2399 432 2549 490 ETC.

3355 428 3459 483 "‘5

1875 547 1987 617 ἐγὼ
2019 550 2141 604 κατ’
2161 550 2345 603 αὐτῶν
2369 548 2664 617 όπλίζομαι
2685 563 2699 613 ;
2723 544 2825 600 οὐκ
2852 543 2965 614 ἐγὼ
2998 543 3095 615 μὲν
3119 541 3261 612 ὑπὲρ
3279 542 3461 599 αὐτῶν

1864 635 2041 690 πάντα
2068 638 2212 707 λέγω
2244 636 2340 690 καὶ
2374 635 2537 699 ποιῶ,
2570 634 2725 689 αὐτοὶ
2753 634 2807 687 δέ
2840 633 2963 687 κατ’
3002 631 3185 685 αὐτῶν
3221 629 3290 683 τὰ
3329 630 3461 701 ξίφη

1864 722 2170 793 ὴκόνησαν;
2197 724 2297 777 οὐκ
2323 722 2495 789 ἔδειξε
2526 722 2637 776 τῶν
2665 720 3015 793 πραγμάτων
3046 719 3079 788 ή
3115 720 3304 790 πεῖρα,
3339 716 3463 780 πῶς

1857 807 1971 877 ἐγὼ
2014 810 2135 879 μὲν,
2171 811 2199 862 ό
2229 809 2501 880 ἐπιτιμῶν
2529 808 2621 862 καὶ
2660 807 2907 877 συνεχῶς
2930 803 3202 873 ἐγκαλῶν,
3236 804 3297 857 τὸ
3319 820 3461 873 συμ-

1861 896 2026 966 φέρον
2056 896 2307 966 ἐζήτουν,
2361 894 2613 964 πολέμιοι
2654 894 2712 948 δὲ
2752 893 2955 963 μᾶλλον
2986 894 3208 957 ἐκεῖνοι,
3253 892 3303 943 ot
3328 891 3449 942 ἐπι-

1863 981 2135 1052 τιμῶντες
2160 984 2333 1037 ταῦτα
2362 983 2614 1052 λέγουσιν
2647 983 2781 1052 ἡμῖν
2805 1023 2820 1046 ,
2860 981 3031 1034 Ἴδετε
3063 980 3156 1033 ἐπὶ
3178 978 3289 1031 τῶν
3320 992 3463 1047 πρα-

1866 1070 2093 1139 γμάτων
2123 1070 2192 1123 τά
2222 1072 2444 1141 ῥήματα
2475 1068 2765 1133 ἐξελθόντα
2803 1067 2873 1120 τά
2922 1066 3193 1138 ήμέτερα.
3224 1066 3341 1119 Οὐκ
3374 1064 3464 1116 ἀεὶ

1868 1157 2077 1226 ἔλεγον,
2125 1160 2207 1211 ὅτι
2244 1159 2525 1231 δραπέτης
2570 1158 2720 1211 ἐστὶν
2751 1156 2780 1208 ὁ
2830 1155 3065 1219 πλοῦτος
3112 1153 3241 1229 ἀπὸ,
3271 1151 3462 1205 τούτου

1870 1243 2009 1313 πρὸς
2038 1244 2247 1297 ἐκεῖνον
2283 1243 2518 1314 βαίνων;
2548 1244 2657 1296 Καὶ
2687 1241 2800 1295 εἴθε
2838 1240 3121 1312 μετέϐαινε
3154 1239 3335 1309 μόνον,
3370 1238 3467 1291 καὶ

1872 1330 1947 1402 μὴ
1996 1331 2092 1385 καὶ
2146 1332 2508 1387 ἀπέκτεινεν·
2563 1332 2676 1386 εἴθε
2727 1330 3046 1401 μεθίστατο,
3103 1328 3200 1381 καὶ
3247 1328 3322 1399 μὴ
3369 1327 3465 1379 καί

1870 1416 2084 1489 ἀνῄρει.
2107 1418 2222 1471 Νῦν
2246 1419 2303 1472 δὲ
2340 1418 2436 1473 καὶ
2463 1420 2709 1490 ἐρήμους
2739 1416 3148 1486 καταλιμπάνει
3177 1414 3276 1485 τῆς
3297 1411 3463 1466 αὐτοῦ

1872 1508 2230 1578 προστασίας,
2271 1508 2368 1561 καὶ
2403 1502 2485 1579 τῷ
2532 1508 2678 1577 ξίφει
2722 1504 3080 1576 παραδίδωσι,
3128 1502 3228 1556 καὶ
3269 1501 3364 1554 ἐπὶ
3404 1499 3467 1552 τὸ

1874 1593 2148 1665 βάραθρον
2195 1598 2341 1664 ἄγει,
2375 1595 2645 1667 προδότης
2692 1592 2770 1648 ὣν
2816 1592 3076 1663 χαλεπὸς,
3126 1590 3222 1644 καὶ
3253 1587 3468 1650 τούτοις

1877 1682 2114 1752 μάλιστα
2166 1682 2443 1754 πολεμῶν,
2490 1685 2604 1746 τοῖς
2653 1680 2904 1753 φιλοῦσιν
2946 1680 3132 1733 αὐτόν.
3178 1675 3469 1748 Δραπέτης

1873 1769 2023 1823 ἐστὶν
2054 1769 2349 1841 ἀγνώμων,
2386 1769 2717 1841 ἀνδροφόνος
2756 1768 3098 1840 ἀμείλικτος,
3130 1765 3322 1837 θηρίον
3350 1763 3469 1818 ἀτι-

1875 1856 2198 1921 θάσσευτον,
2231 1858 2477 1929 κρημνὸς
2501 1856 2843 1927 πανταχόθεν
2869 1855 3167 1925 ἀπότομος,
3202 1851 3471 1914 σκόπελος

1874 1942 2143 2014 διηνεκῶν
2173 1945 2438 2015 κυμάτων
2462 1944 2673 2015 γέμων,
2706 1942 2945 2011 πέλαγος
2980 1940 3088 1997 ὑπὸ
3115 1938 3327 2011 μυρίων
3348 1938 3473 1993 ἀνέ-

1879 2049 1997 2103 μων
2036 2032 2495 2103 διακοπτόμενον,
2537 2030 2802 2103 τύραννος
2846 2028 3101 2101 χαλεπῶς
3140 2026 3470 2087 ἐπιτάττων,

1874 2119 2142 2189 δεσπότης
2190 2120 2215 2160 ιι
2282 2118 2561 2190 βαρϐάρου
2620 2118 2768 2183 τινὸς
2813 2114 3225 2187 χαλεπώτερος,
3277 2112 3473 2184 ἐχθρὸς

1875 2204 2161 2272 ἄσπονδος,
2189 2205 2451 2277 πολέμιος
2466 2205 2900 2271 ἀκατάλλακτος,
2925 2203 3183 2257 οὐδέποτε
3216 2200 3314 2272 τήν
3335 2199 3473 2271 πρὸς

1874 2292 2003 2358 τοὺς
2029 2294 2407 2365 κεκτημένους
2437 2294 2602 2349 αὐτὸν
2639 2292 2931 2347 καταλύων
2954 2291 3051 2362 εχθ
3061 2308 3181 2362 ραν.

1948 2381 2019 2450 γ’.
2056 2381 2197 2435 Ἀλλ’
2220 2382 2318 2452 οὐχ
2339 2384 2375 2452 ή
2402 2380 2564 2435 πενία
2585 2380 2851 2445 τοιοῦτον,
2874 2378 2992 2434 ἀλλ’
3007 2376 3339 2440 ἀπεναντίας
3362 2374 3475 2428 τῶν

1878 2467 2001 2538 είρη
2011 2466 2212 2538 μένων.
2234 2467 2451 2539 Χωρίον
2473 2467 2583 2539 γάρ
2608 2469 2760 2521 ἐστιν
2782 2467 3006 2531 ἄσυλον,
3029 2466 3197 2536 λιμὴν
3216 2464 3472 2533 γαληνὸς.

1878 2553 2151 2623 ἀσφάλεια
2186 2555 2466 2626 διηνεκὴς,
2516 2554 2698 2627 τρυφὴ
2746 2552 3007 2608 κινδύνων
3050 2550 3472 2622 ἀπηλλαγμένη,

1878 2640 2045 2712 ήδονὴ
2088 2642 2421 2713 εἰλικρινὴς,
2475 2642 2590 2713 βίος
2634 2643 2933 2714 άτάραχος,
2985 2638 3101 2708 ζωὴ
3136 2637 3474 2707 ἀκύμαντος.

1882 2728 2115 2799 εὐπορία
2148 2730 2603 2800 άκαταμάχητος,
2638 2729 2963 2798 φιλοσοφίας
3002 2727 3209 2798 μήτηρ,
3258 2722 3475 2794 χαλινὸς

1882 2813 2162 2877 ἀπονοίας,
2199 2814 2487 2884 ἀναίρεσις
2532 2815 2830 2880 κολάσεως,
2869 2813 2995 2884 ῥίζα
3038 2808 3477 2879 ταπεινοφροσύ-

1884 2918 2003 2971 νης.
2038 2901 2197 2965 Τίνος
2226 2896 2319 2955 οὖν
2357 2902 2569 2966 ἕνεκεν,
2606 2901 2730 2973 είπέ
2775 2918 2891 2972 μοι,
2918 2898 3125 2969 ταύτην
3164 2897 3480 2966 φεύγοντες,

1885 2988 2107 3061 ἐκείνην
2142 2988 2369 3042 διώκετε
2402 2990 2502 3060 τὴν
2537 2989 2825 3060 πολεμίαν,
2875 2988 2977 3059 τὴν
3002 2985 3353 3058 ἀνδροφόνον,
3380 2982 3479 3055 τὴν

1887 3075 2081 3146 θηρίου
2116 3077 2320 3140 παντὸς
2349 3075 2777 3147 χαλεπωτέραν;
2824 3073 3081 3129 Τοιοῦτον
3136 3073 3249 3144 γάρ
3283 3074 3317 3143 ή
3351 3072 3475 3142 φιλο

1886 3163 2143 3235 αργυρία·
2162 3163 2400 3218 τοιοῦτον
2424 3166 2455 3234 ή
2478 3165 2609 3235 περὶ
2634 3164 2706 3217 τὰ
2729 3164 2992 3235 χρήματα
3022 3162 3212 3233 μανία.
3235 3160 3301 3214 Τί
3325 3158 3483 3213 πολέ-

1898 3269 2022 3323 μιον
2052 3250 2499 3320 συγκατοικίζεις
2522 3252 2706 3323 σαυτῷ
2732 3252 2955 3321 διηνεκῆ
2986 3249 3313 3313 διαπαντόςς
3339 3248 3392 3299 τί
3422 3246 3484 3299 τὸ

1891 3338 2083 3410 θηρίον
2128 3340 2455 3411 άγριαίνεις,
2478 3340 2505 3392 ὃ
2543 3338 2886 3394 τιθασσεύειν
2930 3338 3084 3403 δέονς
3127 3337 3237 3391 Καὶ
3266 3336 3383 3399 πῶς
3417 3335 3485 3388 ἂν

1892 3428 2124 3497 γένοιτο,
2159 3430 2347 3500 φησὶν,
2386 3428 2671 3501 χειροῆθες
2695 3446 2709 3493 ;
2733 3430 2797 3482 EE
2828 3429 2938 3481 τῶν
2974 3428 3125 3500 ἐμῶν
3155 3424 3483 3497 ἀνάσχοισθε

1893 3517 2092 3585 λόγων,
2125 3518 2226 3571 κᾶν
2260 3516 2355 3571 νῦν
2394 3518 2485 3569 ὅτε
2510 3517 2579 3570 τὰ
2610 3516 2884 3588 πτώματα
2916 3516 3137 3579 ἔναυλα,
3169 3515 3259 3568 ὅτε
3286 3516 3320 3585 ή
3348 3530 3490 3583 συμ-

1896 3605 2043 3678 φορά
2090 3604 2441 3676 ἀκμάζουσα,
2475 3606 2565 3659 ὅτε
2599 3604 2803 3668 πάντες
2828 3606 2886 3657 ἐν
2917 3603 3133 3674 θορύϐῳ
3184 3603 3279 3656 καὶ
3316 3617 3489 3672 κατη-

1896 3696 2047 3765 φείᾳ.
2077 3689 2232 3765 [407]
2258 3691 2383 3756 Πῶς
2412 3688 2507 3746 οῦν
2534 3692 2596 3745 τὸ
2634 3691 2822 3763 θηρίον
2845 3691 3136 3762 ἀπαλλαγῇ
3169 3688 3265 3743 τοῦ
3298 3688 3492 3760 θηρίον

1898 3779 2075 3845 εἷναι;
2123 3780 2362 3851 δύναμαι
2405 3779 2514 3849 γάρ
2558 3779 2693 3833 αὐτὸ
2738 3778 3125 3850 μεταϐάλλειν,
3178 3776 3275 3831 ἐὰν
3327 3776 3489 3846 ὑμεῖς

1900 3870 2198 3941 θελήσητε·
2229 3866 2456 3937 τοιαύτη
2496 3866 2658 3939 γάρή
2695 3867 2804 3921 τῶν
2834 3867 3010 3936 λόγων
3052 3866 3225 3937 ἰσχύς.
3258 3863 3388 3927 Πῶς
3422 3862 3491 3917 ἂν

1899 3953 1993 4012 οὖν
2017 3954 2385 4029 μεταύληθείη
2413 3954 2513 4024 τῆς
2536 3954 2868 4026 θηριωδίας;
2908 3955 3035 4008 Ἑάν
3061 3955 3346 4025 μάθωμεν,
3375 3951 3494 4015 πῶς

1900 4046 2112 4115 γίνεται
2146 4042 2404 4114 χαλεπόν.
2443 4042 2569 4107 Πῶς
2603 4037 2696 4095 οὖν
2735 4041 2949 4109 γίνεται
2975 4041 3247 4112 χαλεπόν;
3280 4041 3495 4109 Ὥσπερ

1899 4136 1947 4187 οί
1976 4132 2213 4196 λέοντες,
2244 4130 2435 4199 ὥσπερ
2471 4131 2530 4182 αί
2575 4129 2903 4201 παρδάλεις,
2958 4128 3147 4200 ὥσπερ
3194 4129 3253 4180 αἱ
3300 4130 3494 4198 ἀρκτοι

1906 4221 2327 4291 συγκλειόμεναι
2358 4221 2452 4273 καὶ
2500 4221 2559 4274 ἐν
2597 4220 2778 4289 σκότῳ
2814 4218 3242 4289 καθειργόμεναι
3292 4214 3494 4281 διεγεί-

1909 4328 2063 4383 ρουσι
2092 4310 2180 4363 τὸν
2213 4309 2405 4379 θυμὸν,
2439 4307 2668 4374 αὔξουσι
2692 4316 2790 4379 τὴν
2813 4307 3017 4378 ὀργήν·
3064 4303 3209 4358 οὕτω
3247 4304 3311 4375 δὴ
3342 4304 3438 4357 καὶ
3465 4302 3497 4355 ό

1909 4397 2139 4460 πλοῦτος
2186 4396 2606 4466 συγκλειόμενος
2652 4394 2747 4447 καὶ
2789 4393 3256 4463 κατορυττόμενος
3283 4391 3497 4454 λέοντος

1913 4486 2113 4556 μᾶλλον
2136 4484 2398 4553 ὠρύεται,
2430 4482 2524 4535 καὶ
2546 4481 2781 4534 πάντοτε
2803 4479 3064 4533 ἀνασοϐεῖ
3085 4495 3100 4510 ·
3122 4481 3171 4531 εί
3196 4478 3251 4531 δέ
3282 4478 3499 4545 ἐξάγεις

1910 4574 2073 4627 αὐτὸν
2108 4575 2173 4624 ἐκ
2199 4570 2294 4622 τοῦ
2338 4570 2583 4635 σκότους,
2633 4570 2727 4622 καὶ
2757 4568 3097 4637 διασπείρεις
3140 4569 3220 4631 είς
3250 4564 3349 4627 τὰς
3389 4565 3499 4618 τῶν

1910 4660 2161 4730 πενήτων
2196 4657 2496 4727 γαστέρας,
2542 4656 2604 4709 τὸ
2636 4654 2824 4726 θηρίον
2871 4655 3080 4722 γίνεται
3132 4652 3426 4723 πρόϐατον,
3471 4653 3502 4702 ὁ

1909 4747 2197 4810 ἐπίϐουλος
2219 4746 2556 4817 προστάτης,
2589 4746 2617 4797 ὁ
2646 4743 2910 4806 σκόπελος
2933 4742 3119 4813 λιμὴν,
3143 4742 3205 4794 τὸ
3240 4741 3500 4807 ναυάγιον

1909 4835 2142 4907 γαλήνη.
2192 4834 2345 4891 Ἐπεὶ
2391 4834 2486 4887 καὶ
2518 4834 2614 4887 ἐπὶ
2648 4834 2758 4885 τῶν
2798 4831 2999 4884 πλοίων
3040 4830 3200 4883 τοῦτο
3238 4830 3304 4883 ἂν
3339 4830 3498 4891 ἴδοις·

1912 4926 2042 4977 ὅταν
2068 4924 2210 4995 ὑπὲρ
2239 4923 2403 4991 ὄγκον
2500 4921 2561 4974 τὸ
2603 4921 2846 4993 φορτίον,
2886 4917 3137 4990 βαπτίζει
3168 4917 3227 4969 τὸ
3258 4916 3464 4986 σκάφος
3484 4933 3499 4949 ·

1911 5012 2039 5066 ὃταν
2083 5012 2140 5065 δὲ
2167 5011 2505 5081 σύμμετρον,
2537 5008 2789 5080 ἐξουρίας
2820 5009 3066 5079 φέρεται.
3104 5004 3276 5057 Τοῦτο
3305 5004 3369 5074 δὴ
3407 5004 3504 5057 καὶ

1915 5100 2011 5153 ἐπί
2042 5099 2152 5152 τῶν
2184 5097 2375 5151 οἰκιῶν
2416 5098 2627 5165 γίνεται
2659 5096 2768 5150 τῶν
2817 5094 3135 5165 ἡμετέρων·
3188 5094 3317 5145 ὅταν
3363 5090 3503 5160 ὑπὲρ

1915 5187 2016 5258 τὴν
2056 5187 2244 5257 χρείαν
2280 5185 2593 5255 συναγάγῃς
2636 5182 2706 5236 τὰ
2752 5184 3035 5255 χρήματα,
3082 5179 3252 5250 μικρά
3299 5179 3506 5249 ἀνέμου

1919 5274 2218 5346 προσϐολὴ,
2251 5276 2346 5327 καὶ
2379 5276 2413 5345 ἡ
2443 5272 2682 5343 τυχοῦσα
2714 5272 2823 5323 τῶν
2850 5270 3129 5340 ἀδοκήτων
3159 5267 3507 5338 πραγμάτων

1918 5361 2241 5431 περίστασις
2288 5360 2587 5429 αὔτανδρον
2626 5356 2886 5412 καταδύει
2934 5356 2995 5408 τὸ
3046 5356 3287 5423 σκάφος·
3351 5354 3400 5405 εί
3448 5351 3507 5405 δὲ

1923 5446 2160 5503 τοσαῦτα
2182 5448 2412 5520 ἀποθῇς,
2446 5448 2655 5518 ὅσαπερ
2684 5448 2717 5516 ἡ
2742 5446 2901 5517 χρεία
2921 5445 3165 5507 ἀπαιτεῖ,
3197 5441 3299 5495 κᾶν
3322 5456 3511 5493 καται-

1922 5539 2012 5607 γὶς
2039 5538 2262 5611 ἐπέλθῃ,
2296 5537 2495 5608 ῥαδίως
2509 5537 2815 5606 διατρέχεις
2840 5535 2907 5587 τά
2935 5532 3178 5603 κύματα.
3209 5530 3302 5601 Μὴ
3329 5527 3510 5581 τοίνυν

1926 5626 2184 5696 ἐπιθύμει
2224 5624 2318 5678 τοῦ
2344 5624 2605 5688 πλείονος,
2637 5624 2723 5677 ἵνα
2757 5624 2831 5695 μὴ
2859 5622 2953 5675 τοῦ
2993 5620 3197 5681 παντὸς
3230 5617 3471 5691 ἐκπέσῃς
3491 5632 3509 5648 ·

1929 5714 2065 5785 μηδὲ
2090 5715 2179 5777 ,τά
2213 5712 2439 5784 περιττά
2468 5711 2570 5782 τῆς
2604 5712 2792 5782 χρείας
2838 5711 3137 5777 συνάγαγε,
3192 5708 3280 5760 ἵνα
3321 5704 3395 5775 μὴ
3442 5703 3513 5755 τά

1992 5854 2023 5895 δ
2049 5856 2169 5917 Reg.
2191 5853 2412 5916 χαλεπῶν
2434 5850 2762 5913 ἐπιταγμάτων
2783 5847 3032 5905 δεσπότης.
