4154 6478
712 431 818 486 ιιγ

712 548 847 616 πρὸς
867 548 966 616 τὴν
988 550 1177 622 χρείαν
1202 551 1473 624 ἀπολέσῃς
1494 568 1510 582 ·
1548 551 1682 624 μηδέ
1703 551 1830 615 τοὺς
1853 550 2276 622 νενομισμένους

707 638 868 704 ιρους
904 636 1220 708 ὐπέρϐαινε,
1256 640 1342 692 ἵνα
1376 639 1451 711 μὴ
1491 640 1599 692 τῶν
1646 637 1816 692 ὅντων
1856 638 2110 692 ἀπάντων
2138 636 2272 707 ὁμοῦ

707 720 1030 793 γυμνωθῇς·
1066 724 1201 779 ἀλλά
1230 726 1525 798 περίκοπτε
1559 724 1620 779 τὸ
1645 727 1923 796 περιττὸν,
1966 726 2049 779 ῐνα
2075 727 2131 778 ἐν
2163 727 2274 781 τοῖς

708 805 1031 874 ἀναγκαίοις
1056 812 1312 882 πλουτῇς.
1359 813 1472 883 οὐχ
1503 814 1656 884 δρᾷς,
1689 814 1773 866 ὅτι
1804 812 1898 866 καὶ
1925 811 2146 882 γηπόνοι
2175 811 2272 882 τὴν

707 892 949 961 ἄμπελον
991 900 1430 970 περιτέμνουσιν,
1481 901 1624 955 ὥστε
1655 900 1756 970 τὴν
1785 901 2011 970 δύναμιν
2056 901 2270 953 ἃπασαν

709 978 787 1050 μὴ
818 981 875 1033 ἐν
898 985 1007 1046 τοῖς
1031 985 1270 1052 φύλλοις.
1307 987 1401 1040 καὶ
1434 989 1492 1040 ἐν
1519 989 1633 1050 τοῖς
1655 985 2090 1055 κλήμασιν,¹ἀλλ’
2119 988 2177 1038 ἐν
2201 988 2268 1055 τῇ

710 1065 835 1137 ῥίζῃ
871 1068 964 1122 τοῦ
1004 1072 1174 1140 φυτοῦ
1206 1073 1644 1138 ἐπιδείκνυσθαι;
1695 1074 1864 1126 Τοῦτο
1897 1072 1959 1142 δὴ
1989 1072 2080 1124 καὶ
2109 1071 2270 1135 αὐτὸς

707 1152 881 1206 ποίει·
907 1156 1203 1227 περίκοπτε
1225 1160 1290 1212 τά
1317 1159 1508 1226 φύλλα,
1545 1159 1638 1212 καὶ
1663 1158 1761 1229 τὴν
1794 1159 2030 1230 σπουδὴν
2054 1159 2269 1212 ἃπασαν

705 1240 788 1303 εἰς
813 1242 915 1312 τὴν
943 1243 1049 1296 τῶν
1081 1245 1307 1317 καρπῶν
1335 1246 1506 1315 φοράν
1523 1245 1800 1298 ἀνάλισκε.
1832 1247 1968 1298 mea
2003 1247 2062 1299 οὐ
2093 1245 2268 1314 βούλει

705 1328 766 1380 ἐν
797 1332 916 1392 ταῖς
961 1331 1298 1401 εὐημερίαις,
1333 1332 1518 1398 ἔλπιζε
1552 1332 1652 1394 τὰς
1696 1332 2061 1404 δυσημερίας·
2094 1334 2154 1385 ἐν
2201 1335 2266 1402 τῇ

706 1415 912 1488 γαλήνῃ
950 1418 1194 1486 χειμῶνα
1223 1420 1494 1489 προσδόκα
1513 1435 1527 1448 ·
1561 1421 1618 1472 ἐν
1660 1421 1725 1491 τῇ
1755 1421 1911 1490 ὐγείᾳ
1957 1421 2107 1474 νόσον
2136 1419 2269 1473 ἀνά-

708 1515 866 1568 μενε·
903 1503 960 1554 tv
985 1501 1062 1556 τῶ
1107 1503 1323 1575 πλούτῳ
1373 1507 1562 1559 πενίαν
1609 1508 1704 1560 καὶ
1737 1507 2011 1577 πτωχείαν
2061 1506 2265 1571 ἔλπιζε.

705 1585 1017 1656 Μνήσθητι
1057 1589 1184 1661 7&9.
1212 1593 1365 1659 φησί,
1392 1591 1600 1661 καιρὸν
1622 1593 1802 1663 λιμοῦ
1824 1594 1893 1647 ἐν
1926 1593 2105 1660 καιρῷ
2118 1597 2270 1660 uln-

706 1673 961 1742 σμονῆς,
1006 1680 1305 1746 πτωχείαν
1343 1680 1442 1732 καὶ
1477 1680 1715 1734 ἔνδειαν
1746 1681 1815 1733 ἐν
1857 1681 2045 1750 ἡμέρᾳ
2085 1682 2272 1734 πλού-

707 1776 831 1814 του.
869 1761 967 1814 "Av
1005 1762 1114 1832 7&9
1144 1763 1287 1817 οὓτω
1316 1764 1656 1835 διακείμενος
1701 1763 1787 1839 ᾖς.
1829 1767 1920 1820 τόν
1952 1783 2011 1819 τε
2042 1763 2270 1820 πλοῦτον

709 1846 849 1915 μετά
878 1846 1077 1919 πολλῆς
1109 1850 1399 1916 διοικήσεις
1424 1851 1524 1920 τῆς
1551 1853 1923 1923 σωφροσύνης,
1955 1854 2053 1924 τήν
2082 1870 2142 1905 τε
2170 1870 2268 1905 πε-

706 1933 827 1987 νίαν
860 1934 1188 1988 ιπελθοῦσαν
1229 1936 1368 2006 μετὰ
1413 1937 1616 2008 πολλῆς
1648 1937 1817 2002 οῐσεις
1861 1941 1960 2009 τῆς
1997 1940 2268 2011 ἀνδρείας.

706 2019 780 2071 Τδ
813 2020 912 2089 μὲν
939 2020 1048 2091 7&9
1078 2023 1152 2092 μὴ
1181 2025 1547 2095 προσὼκηθέν
1572 2025 1794 2096 θορυϐεῖ
1818 2027 2148 2097 προσπεσὸν,
2175 2027 2270 2080 καὶ

704 2105 992 2174 ταράττει·
1027 2108 1090 2161 τὸ
1120 2108 1177 2161 δὲ
1227 2109 1479 2164 ἐλπισθὲν
1517 2110 1732 2180 συμϐὰν
1774 2112 1836 2164 οὐ
1878 2113 2044 2165 πολὺν
2075 2113 2268 2180 ἐπάγει

704 2209 796 2246 τον
831 2192 1082 2265 θόρυϐον,
1110 2196 1214 2248 Δύο
1247 2196 1310 2268 δὴ
1357 2198 1532 2252 ταῦτα
1566 2199 1869 2272 κερδαίνεις
1899 2201 1968 2254 τά
1998 2200 2159 2262 καλά,
2209 2201 2268 2254 τὸ

707 2279 847 2350 μήτε
894 2280 1112 2351 μεθύειν
1143 2284 1236 2337 καὶ
1286 2285 1622 2355 παραπαίειν
1669 2289 1761 2340 ἐπὶ
1811 2288 1910 2356 τῆς
1947 2287 2265 2358 εὐημερίας,

710 2364 846 2436 μήτε
894 2365 1239 2437 θορυϐεῖσθαι
1278 2372 1370 2424 καὶ
1405 2372 1769 2442 ταράττεσθαι
1809 2375 1903 2426 ἐπὶ
1931 2377 2030 2444 τῆς
2076 2375 2156 2436 είς
2199 2373 2268 2427 τά

706 2453 924 2506 ἐναντία
949 2455 1274 2526 μεταϐολῆς,
1319 2457 1555 2527 μάλιστα
1594 2461 1690 2529 μέν
1718 2461 1768 2513 εἰ
1798 2461 2011 2530 μέλλεις
2037 2463 2124 2514 ἀεὶ
2168 2477 2268 2514 κα-

709 2535 954 2604 ραδοκεῖν
991 2538 1060 2592 τά
1102 2540 1317 2594 ἐναντία
1339 2560 1352 2572 ·
1402 2544 1562 2614 ἀρκεῖ
1587 2547 1696 2618 7&9
1730 2547 1851 2599 ἀντὶ
1876 2545 1976 2614 τῆς
2014 2547 2203 2616 πείρας
2233 2548 2266 2618 ἡ

707 2623 1017 2691 προσδοκία.
1057 2620 1181 2679 υἷόν
1202 2645 1255 2680 τι
1285 2627 1462 2697 λέγω·
1520 2631 1802 2696 πλουτεῖς;
1838 2630 2020 2695 ἔλπιζε
2077 2632 2267 2686 πενίαν

706 2707 828 2760 καθ’
853 2709 1088 2782 ἑκάστην
1118 2713 1350 2783 ἡμέραν.
1387 2715 1544 2780 Τίνος
1574 2718 1759 2770 ἕνεκεν
1785 2719 1879 2772 καὶ
1911 2717 1997 2770 διά
2026 2718 2076 2772 τί
2094 2736 2108 2782 ;
2146 2719 2266 2772 Ὀτι

704 2793 772 2845 τὰ
828 2793 1066 2864 μάλιστά
1117 2815 1176 2849 σε
1221 2798 1501 2869 ὠφελῆσαι
1545 2801 1834 2872 δυνήσεται
1892 2804 1924 2872 ἡ
1972 2802 2266 2872 προσδοκία

703 2877 866 2952 αὕτη.
923 2881 979 2936 '0
1009 2882 1118 2954 7&9
1143 2884 1377 2949 ἐλπίζων
1405 2887 1615 2949 πενίαν,
1649 2889 1707 2940 ἐν
1747 2887 1959 2958 πλούτῳ
1986 2887 2061 2940 ῶν
2081 2890 2141 2941 οὐ
2168 2906 2265 2942 τυο

705 2965 919 3033 φοῦται,
949 2970 1009 3021 οὐ
1044 2969 1355 3037 χαυνοῦται,
1400 2972 1461 3024 οὐ
1500 2972 1728 3043 διαρρεῖ,
1766 2975 1867 3026 οὐκ
1919 2973 2130 3041 ἐφίεται
2157 2974 2264 3026 τῶν

703 3049 1021 3123 ἀλλοτρίων·
1048 3055 1076 3107 6
1106 3055 1212 3128 7&9
1247 3056 1347 3126 τῆς
1377 3057 1702 3128 προσδοκίας
1726 3058 1888 3126 φόϐος
1917 3059 2038 3112 ἀντὶ
2071 3060 2265 3114 παιδα-

704 3138 884 3206 γωγοῦ
929 3157 1074 3205 τινος
1114 3142 1304 3212 παρὼν
1358 3145 1702 3215 σωφρονίζει,
1753 3146 2105 3198 καταστέλλει
2166 3147 2266 3217 την

701 3223 959 3294 διάνοιαν,
990 3229 1082 3282 καὶ
1114 3229 1323 3301 πονηρά
1352 3229 1707 3302 βλαστήματα
1749 3231 1819 3283 τὰ
1848 3233 1957 3284 ἀπὸ
1989 3233 2087 3302 τῆς
2137 3233 2261 3301 φιλ-

701 3312 967 3383 αργυρίας
993 3315 1094 3367 οὐκ
1123 3315 1314 3386 ἀφίησι
1335 3317 1556 3386 φυῆναι,
1579 3317 1766 3388 ῶσπερ
1790 3319 2028 3390 δρεπάνῃ
2051 3319 2158 3372 τινὶ
2188 3318 2266 3390 τῷ

702 3401 854 3471 φόϐῳ
880 3402 986 3456 τῶν
1017 3404 1275 3459 ἐναντίων
1321 3404 1548 3459 κωλύων
1587 3407 1726 3460 αὐτὰ
1763 3409 1857 3460 καὶ
1897 3409 2261 3478 περικόπτων.

774 3529 922 3604 [408]
954 3530 1014 3589 δ’.
1049 3535 1144 3588 Ἓν
1164 3535 1262 3605 μὲν
1286 3529 1378 3590 οὖν
1407 3535 1564 3590 τοῦτο
1583 3536 1835 3608 μέγιστον
1856 3535 2056 3605 ἀγαθὸν
2075 3535 2266 3607 κερδα-

702 3619 848 3681 νεῖς·
877 3620 1062 3691 ἓτερον
1096 3622 1152 3674 δέ
1177 3623 1277 3674 οὐκ
1303 3621 1521 3675 ἐλαττον
1547 3625 1762 3685 τούτου,
1795 3625 1857 3676 τδ
1892 3624 1984 3676 καὶ
2024 3637 2266 3694 παραγε-

704 3704 934 3776 νομένης
967 3706 1136 3777 αὐτῆς
1161 3707 1235 3778 μὴ
1269 3708 1583 3770 δεδοικέναι.
1618 3709 2055 3780 Προλαμϐανέτω
2089 3709 2264 3762 τοίνυν

699 3794 735 3864 ἡ
771 3795 1066 3866 προσδοκία
1098 3796 1206 3849 τῶν
1245 3796 1527 3867 θλιϐερῶν,
1575 3799 1664 3852 ῐνα
1704 3798 1778 3868 μὴ
1826 3797 2199 3868 παραγένηται
2228 3800 2261 3867 ὴ

702 3884 869 3954 πεῖρα
905 3883 1014 3936 τῶν
1051 3883 1340 3954 λυπηρῶν·
1381 3884 1469 3937 διά
1509 3884 1667 3938 τοῦτο
1722 3887 1755 3956 ἡ
1809 3889 1972 3957 πεῖρα
2022 3885 2261 3956 ἔρχεται,

704 3971 892 4044 ἐπειδὴ
920 3974 953 4043 ἠ
984 3974 1278 4042 προσδοκία
1322 3974 1381 4027 οὐ
1423 3974 1684 4045 πάρεστιν
1707 3990 1721 4004 ·
1769 3975 1890 4027 ἐπεὶ
1937 3975 2051 4043 εἴγε
2083 3975 2265 4043 ἐκείνη

704 4062 987 4134 κατώρθου
1013 4064 1103 4116 τὸν
1133 4063 1440 4135 ἄνθρωπον,
1465 4065 1526 4118 οὐ
1553 4065 1754 4136 σφόδρα
1780 4065 1982 4136 ταύτης
2004 4066 2128 4119 ἔδει.
2158 4066 2268 4118 Καὶ

706 4154 918 4224 μάρτυς
956 4153 1144 4207 τούτου
1190 4153 1283 4208 ἐπὶ
1321 4153 1430 4208 τῶν
1456 4154 1750 4210 Νινευῖτῶν
1795 4155 1974 4220 Ἰωνᾶς
1996 4159 2024 4209 6
2057 4157 2269 4228 προφή-

702 4259 834 4312 της·
871 4242 946 4306 ὡς
976 4242 1283 4309 ἐλπίζοντες
1319 4244 1514 4297 ἐκεῖνοι
1548 4263 1615 4316 τῃ
1649 4246 1744 4299 τοῦ
1780 4247 2056 4317 προφήτου
2099 4249 2266 4318 7:909-

705 4334 861 4405 ρήσει
893 4333 1179 4404 ἀνηκέστῳ
1215 4331 1529 4405 περιπεσεῖν
1578 4338 1849 4406 συμφορᾷ,
1878 4339 1942 4405 τῇ
1974 4335 2266 4405 προσδοκίᾳ

702 4424 812 4478 τῶν
861 4425 1237 4496 ἐλευσομένων
1283 4425 1471 4479 κακῶν
1517 4427 1867 4498 ἀπέστρεψαν
1914 4429 2013 4499 τὴν
2065 4429 2263 4499 ὀργήν·

715 4516 958 4569 Ἰουδαῖοι
989 4516 1045 4568 δέ
1093 4516 1167 4587 μὴ
1193 4515 1501 4578 πεισθέντες
1535 4517 1611 4587 τῷ
1646 4519 1894 4588 προφήτῃ
1929 4517 2137 4586 λέγοντι
2170 4521 2266 4590 τὴν

706 4604 905 4657 ὅλωσιν
967 4603 1340 4674 Ἰερουσαλὴμ,
1396 4605 1708 4674 ὑπέστησαν
1742 4607 1809 4658 τὰ
1862 4606 2026 4658 δεινά.
2074 4609 2268 4675 Σοφὸς

704 4695 815 4763 γὰρ
847 4694 1124 4764 φοϐηθεὶς
1156 4695 1467 4758 ἐξέκλινεν
1497 4696 1615 4748 ἀπὸ
1643 4695 1831 4749 κακοῦ
1857 4713 1869 4727 ·
1905 4697 1936 4749 ὁ
1973 4697 2040 4749 δὲ
2066 4698 2268 4765 ἄφρων

699 4785 978 4853 μίγνυται
1007 4783 1296 4850 πεποιθώς
1333 4797 1380 4838 ι.
1433 4785 1492 4845 '0
1524 4786 1756 4850 ἐλπίζων
1795 4787 2046 4854 γενέσθαι
2077 4788 2263 4857 πένης,

706 4874 764 4925 ἐν
789 4874 1058 4944 εὐημερίᾳ
1092 4873 1313 4942 διάγων,
1348 4875 1445 4926 οὐκ
1477 4874 1542 4928 ἂν
1571 4875 1782 4944 ταχέως
1811 4875 2033 4945 γένηται
2067 4877 2260 4946 πένης·

702 4963 729 5015 δ
758 4963 867 5033 γὰρ
895 4963 1001 5015 ἀπὸ
1039 4965 1135 5034 τῆς
1177 4965 1504 5035 προσδοκίας
1540 4966 1793 5032 κερδᾶναι
1826 4967 1924 5019 οὐκ
1967 4967 2260 5036 ἠθέλησας,

704 5052 814 5104 ἀπὸ
842 5051 941 5121 τῆς
1001 5055 1200 5126 πείρας
1228 5054 1385 5108 τοῦτο
1420 5053 1642 5128 μαθήσῃ
1684 5057 1883 5120 καλῶς.
1939 5059 2027 5112 Ἐν
2053 5059 2266 5128 πλούτῳ

705 5143 883 5194 τοίνυν
913 5141 987 5195 ὣν
1021 5145 1294 5215 προσδόκα
1339 5145 1548 5209 πενίαν,
1589 5148 1645 5198 ἐν
1687 5147 1954 5217 εὐημερίᾳ
1983 5149 2264 5218 τυγχάνων

710 5232 984 5304 προσδόκα
1009 5235 1163 5305 λιμόν
1182 5254 1196 5267 ·
1217 5237 1274 5289 tv
1302 5236 1429 5308 δόξῃ
1446 5234 1521 5288 ῶν
1549 5237 1734 5301 ἔλπιζε
1760 5238 1972 5304 ἀδοξίαν
1989 5257 2002 5271 ·
2020 5242 2077 5292 ἐν
2107 5240 2263 5312 ὐγείᾳ

704 5321 904 5388 διάγων
939 5322 1088 5374 νόσον
1121 5325 1378 5394 ἀνάμενε.
1406 5325 1650 5395 Συνεχῶς
1684 5327 2013 5380 ἐπισκέπτου
2044 5330 2150 5381 τῶν
2172 5331 2262 5382 ἀν·

706 5409 993 5480 θρωπίνων
1023 5413 1360 5482 πραγμάτων
1410 5413 1510 5483 τὴν
1565 5414 1746 5483 φύσιν,
1816 5415 1922 5468 τῶν
1980 5420 2262 5490 ποταμίων

708 5502 996 5572 ῥευμάτων
1023 5503 1173 5556 οὐδὲν
1198 5503 1416 5566 ἄμεινον
1441 5505 1807 5576 διακειμένην,
1839 5509 1933 5560 καὶ
1951 5511 2155 5563 καπνοῦ
2183 5513 2260 5575 εἰς

703 5591 842 5661 ἀέρα
868 5591 1213 5664 διαλυομένου
1246 5595 1710 5666 ὀξυρρεπεστεραν
1744 5599 1834 5651 καὶ
1883 5601 2039 5665 σκιᾶς
2082 5620 2259 5673 παρα-

736 5830 747 5842 ὶ
764 5770 797 5796 ⁸·
815 5769 865 5844 Ir!
893 5769 1167 5844 Proverbia:
1205 5775 1384 5838 legitur
1403 5789 1504 5839 ιη,
1525 5775 1602 5838 16,
1622 5778 1648 5825 ὀ
1669 5777 1719 5825 δὲ
1739 5776 1900 5839 ἄφρων
1923 5778 2075 5844 ἑαυτῷ
2095 5797 2260 5831 πεποι-

697 5829 790 5886 θὼς
813 5829 1024 5890 μίγνυται
1047 5834 1222 5898 ἀνόμῳ.

1418 435 1476 492 3.
1518 432 1802 492 JOANNIS
1837 427 2324 488 CHRYSOS'IOMI
2361 427 2675 487 ARCIHEP.
2717 431 3265 490 CONSTANTINOP.

3830 429 3937 487 δίε

2375 550 2676 622 τρεχούσης
2695 548 3153 621 οὐδαμινωτέραν.
3179 549 3277 602 Ἂν
3291 547 3464 603 ταῦτα
3486 549 3802 618 φιλοσοφῇς,
3815 545 3943 601 οὔτε

2373 641 2442 696 τὰ
2477 643 2689 713 χρηστά
2740 659 2799 696 σε
2843 644 3082 713 φυσῆσαι
3127 640 3433 710 δυνήσεται,
3473 641 3596 694 οὐτε
3621 641 3693 694 τά
3722 636 3944 708 λυπηρά

2372 729 2745 784 ταπεινῶσαι·
2793 730 2860 784 ἂν
2890 731 3172 797 παρόντων
3202 727 3314 782 τῶν
3337 728 3591 801 χρηστῶν
3631 727 3704 799 μὴ
3735 727 3943 796 σφόδρα

2371 819 2578 873 τούτων
2623 820 2844 890 ἀντέχῃ,
2894 819 3014 872 οὐδὲ
3068 818 3412 873 ἀπελθόντων
3463 811 3787 892 όδυνηθήσῃ.
3842 819 3943 870 Ἂν

2371 913 2557 984 ἐθίσῃς
2584 912 2682 982 τὴν
2719 911 2953 966 διάνοιάν
2988 929 3081 966 σου
3107 912 3164 964 tv
3193 914 3258 982 τῇ
3308 912 3606 984 προσδοκίᾳ
3635 911 3746 965 τῶν
3787 913 3944 964 ἐναν-

2371 1006 2521 1068 τίων,
2558 1004 2816 1066 πολλάκις
2866 1003 2964 1074 μέν
2997 1002 3118 1056 οὐδέ
3150 1002 3477 1071 παρέσονται
3508 1001 3578 1055 τὰ
3623 1001 3862 1062 ἐναντία,
3892 999 3943 1051 εἰ

2370 1096 2428 1148 δὲ
2463 1096 2560 1149 καὶ
2588 1098 2998 1166 παραγένοιντο,
3029 1092 3088 1145 οὐ
3121 1093 3324 1164 σφόδρα
3354 1109 3448 1145 σου
3473 1093 3832 1162 καθάψονται.

2443 1215 2503 1260 ε’.
2529 1208 2634 1261 Καὶ
2661 1209 2748 1261 ἴνα
2768 1207 2973 1279 μάθητε
3001 1208 3080 1262 ὅτι
3096 1209 3156 1262 οὐ
3176 1207 3568 1278 στοχαζόμενος
3583 1207 3755 1259 ταῦτα
3769 1202 3939 1270 λέγω,

2373 1300 2610 1353 παλαιάν
2652 1317 2774 1353 τινα.
2811 1301 3050 1371 ἱστορίαν
3088 1299 3456 1370 διηγήσασθαι
3497 1299 3625 1367 ὐμῖν
3655 1296 3938 1367 βούλομαι.

2383 1389 2632 1456 Ἐγένετό
2655 1407 2740 1453 τις
2761 1390 2898 1460 ἀνὴρ
2929 1389 3241 1459 θαυμαστὸς
3272 1388 3366 1441 καί
3392 1387 3584 1458 μέγας,
3613 1385 3706 1440 καί
3733 1398 3942 1436 παντα-

2370 1479 2467 1548 χοῦ
2517 1483 2615 1550 τῆς
2648 1481 2968 1550 οἰκουμένης
3014 1479 3278 1548 ἀοίδιμος,
3321 1479 3350 1530 6
3401 1478 3672 1549 μακάριος
3733 1473 3874 1541 Ἰὼϐ,
3908 1473 3941 1526 6

2373 1571 2470 1640 τῆς
2498 1571 2781 1634 εὐσεϐείας
2797 1570 3054 1642 ἀθλητὴς,
3072 1573 3099 1624 6
3123 1570 3442 1639 στεφανίτης
3465 1571 3563 1640 τῆς
3591 1567 3939 1637 οἰκουμένης,

2371 1659 2399 1710 6
2439 1657 2526 1710 διὰ
2575 1659 2792 1712 πάντων
2827 1658 2948 1710 τῶν
2980 1658 3157 1712 άθλων
3185 1657 3378 1722 ἐλθὼν,
3421 1660 3448 1710 6
3485 1657 3653 1727 μυρία
3677 1655 3818 1708 κατά
3840 1652 3939 1706 τοῦ

2371 1745 2617 1799 διαϐόλου
2673 1751 2906 1816 τρόπαια
2958 1747 3183 1816 στήσας.
3216 1741 3384 1803 Οὗτος
3429 1746 3645 1812 ἐγένετο
3685 1741 3940 1805 πλούσιος

2372 1838 2466 1891 καὶ
2512 1837 2700 1909 πένης,
2730 1836 2938 1902 ἔνδοξος
2981 1839 3076 1890 καὶ
3114 1835 3611 1908 εὐκαταφρόνητος,
3667 1833 3940 1896 πολύπαις

2371 1929 2464 1982 καὶ
2494 1928 2660 1991 ἀπαις
2682 1945 2694 1957 ·
2732 1924 2884 1992 οὗτος
2909 1928 3128 1995 ἐγένετο
3153 1928 3213 1979 ἐν
3239 1926 3545 1997 βασιλικαῖς
3578 1925 3785 1988 αὐλαῖς,
3815 1923 3940 1991 ἐγέ-

2370 2035 2492 2071 νετο
2537 2018 2596 2071 δέ
2642 2019 2735 2072 καί
2767 2021 2824 2072 ἐν
2861 2018 3093 2090 κοπρίᾳ·
3129 2013 3282 2084 οὗτος
3341 2019 3556 2086 ἐγένετο
3604 2019 3662 2070 ἐν
3709 2015 3940 2086 λαμπρᾷ.

2371 2106 2554 2177 στολῇ,
2592 2107 2687 2159 καὶ
2722 2106 2839 2176 μετ’
2876 2106 3091 2176 ἐκείνην
3123 2109 3181 2160 ἐν
3209 2107 3390 2178 πληγῇ
3420 2105 3745 2176 σκωλήκων·
3781 2097 3941 2166 οὗτος

2373 2198 2574 2269 μυρίας
2599 2197 2874 2252 ἀπέλαυσε
2901 2197 3220 2268 θεραπείας,
3258 2197 3353 2250 καὶ
3376 2196 3514 2266 μετὰ
3534 2195 3706 2249 ταῦτα
3737 2194 3938 2266 μυρίας

2370 2289 2660 2359 ὑπέμεινεν
2702 2288 2916 2360 ὕϐρεις,
2969 2288 3195 2341 οἰκετῶν
3243 2287 3722 2357 ἐπανισταμένων,
3765 2285 3938 2354 φίλων

2367 2377 2756 2441 ὀνειδιζόντων,
2781 2378 3035 2446 γυναικὸς
3066 2377 3545 2444 ἐπιϐουλευούσης.
3571 2375 3756 2428 Πάντα
3788 2373 3938 2445 αὐτῷ

2365 2471 2465 2540 τὴν
2513 2470 2685 2541 ἀρχὴν
2736 2471 2986 2540 καθάπερ
3018 2472 3082 2523 ἐκ
3117 2470 3309 2540 πηγῶν
3359 2468 3603 2538 ἐπέρρει,
3638 2465 3938 2537 χρημάτων

2371 2562 2674 2632 περιουσία,
2711 2562 3027 2623 δυναστείας
3061 2559 3307 2630 μέγεθος,
3354 2559 3511 2628 δόξης
3542 2555 3823 2627 περιϐολὴ,
3858 2557 3937 2609 εἰ·

2373 2656 2508 2726 ρήνη
2542 2655 2634 2708 καὶ
2664 2655 2956 2723 ἀσφάλεια,
2990 2654 3147 2724 τιμαὶ
3177 2654 3270 2705 καὶ
3304 2652 3608 2721 θεραπεῖαι,
3626 2649 3722 2702 καὶ
3753 2647 3940 2719 σώμαο

2368 2763 2459 2808 τος
2486 2745 2684 2813 ὑγίεια,
2716 2746 2811 2798 καὶ
2843 2744 3046 2797 παίδων
3078 2743 3362 2814 εὐκληρία,
3403 2741 3498 2794 καὶ
3527 2740 3677 2793 οὐδὲν
3720 2735 3787 2810 ἦν
3822 2739 3941 2792 ἐκεῖ

2367 2835 2608 2906 λυπηρόν
2628 2854 2641 2866 ·
2689 2837 2868 2906 παρῆν
2895 2835 3044 2906 αὐτῷ
3070 2835 3298 2898 πλοῦτος
3325 2834 3460 2904 μετὰ
3488 2831 3807 2902 ἀσφαλείας,
3842 2830 3938 2886 καὶ

2367 2927 2636 2997 εὐημερία
2655 2927 3012 2990 ἀδιάπτωτος,
3035 2925 3131 2979 καί
3156 2924 3301 2995 μάλα
3325 2924 3550 2986 εἰκότως
3575 2941 3588 2954 ·
3619 2924 3647 2976 6
3676 2921 3808 2982 Θεὸς
3827 2921 3938 2994 7&9

2367 3017 2706 3087 πανταχόθεν
2758 3017 2920 3071 αὐτὸν
2967 3015 3250 3086 ἐτείχιζεν.
3309 3015 3449 3092 Ἀλλ’
3483 3009 3707 3085 ὕστερον
3762 3011 3939 3067 πάντα

2366 3109 2549 3163 ἐκεῖνα
2569 3109 2812 3179 ἀπέπτη.
2842 3109 2936 3162 καὶ
2966 3109 3146 3180 μυρίοι
3174 3108 3439 3178 χειμῶνες
3458 3105 3643 3158 λοιπὸν
3674 3105 3938 3175 ἐσκήνουν

2368 3201 2447 3260 εἰς
2494 3199 2591 3270 τὴν
2638 3198 2818 3250 οἰκίαν
2867 3197 3099 3261 ἐκείνου,
3142 3197 3237 3250 καὶ
3271 3195 3470 3258 πάντες
3514 3191 3805 3263 ἐπάλληλοι
3844 3192 3938 3245 καὶ

2369 3291 2635 3360 συνεχεῖς,
2662 3291 2755 3342 καὶ
2787 3289 2904 3360 μεθ’
2941 3287 3248 3358 ὑπερϐολῆς
3273 3288 3531 3350 ἅπαντες.
3561 3285 3642 3340 Τά
3668 3283 3776 3354 γάρ
3808 3283 3938 3339 ὄντα

2366 3379 2515 3448 αὐτῷ
2566 3379 2780 3434 ἅπαντα
2820 3379 3016 3450 ἀθρόον
3060 3377 3443 3448 ἀνηρπάζετο·
3477 3375 3706 3436 οἰκέται,
3748 3373 3939 3435 παῖδες

2368 3469 2516 3543 [409]
2547 3469 2960 3540 κατεχώννυντο
2985 3468 3142 3538 βιαίῳ
3167 3468 3260 3521 καὶ
3280 3465 3444 3537 ἀώρῳ
3462 3466 3699 3533 θανάτῳ,
3722 3464 3814 3515 ἐπὶ
3839 3463 3938 3533 τῆς

2365 3557 2642 3627 τραπέζης
2694 3557 2788 3610 καὶ
2843 3556 2938 3609 τοῦ
3000 3554 3303 3625 συμποσίου
3355 3552 3818 3621 κατασφαγέντες,
3873 3551 3936 3604 οὐ

2369 3648 2620 3718 μαχαίρᾳ
2637 3648 2730 3701 καὶ
2755 3647 2918 3715 ξίφει,
2940 3645 3074 3699 ἀλλά
3101 3645 3369 3716 πνεύματι
3399 3642 3622 3714 πονηρῷ
3644 3641 3742 3712 τὴν
3758 3640 3939 3695 οἰκίαν

2366 3741 2772 3794 κατασείσαντι.
2808 3738 2912 3792 Καὶ
2943 3739 3081 3809 γυνὴ
3113 3738 3248 3807 μετά
3273 3737 3442 3790 ταῦτα
3468 3734 3672 3800 ὥπλιζε
3705 3734 3774 3788 τὰ
3806 3735 3938 3786 ἐαυ-

2367 3829 2464 3900 τῆς
2509 3833 2895 3901 μηχανήματα,
2931 3830 3025 3882 καὶ
3062 3828 3138 3899 τῷ
3169 3827 3362 3896 δικαίῳ
3397 3824 3678 3897 προσῆγε·
3725 3825 3817 3877 καὶ
3856 3825 3940 3876 οἰ-

2368 3921 2541 3982 κέται,
2571 3921 2667 3974 καὶ
2687 3921 2851 3988 φίλοι,
2893 3922 2944 3973 οἰ
2982 3921 3078 3989 μὲν
3115 3919 3374 3981 ἐνέπτυον
3417 3919 3498 3979 εἰς
3528 3916 3590 3969 τὸ
3619 3915 3937 3987 πρόσωπον,

2366 4012 2442 4075 ῶς
2486 4028 2649 4081 φησιν
2708 4011 2900 4074 αὐτός·
2958 4010 3099 4065 Ἀπὸ
3147 4009 3255 4078 γὰρ
3293 4007 3617 4076 προσώπου
3663 4023 3783 4074 μου
3822 4007 3939 4058 οὐκ

2366 4103 2689 4172 ἐφείσαντο
2706 4103 2970 4156 πτυέλου
2989 4119 3002 4132 ·
3025 4103 3072 4154 οἰ
3099 4101 3154 4153 δέ
3183 4099 3485 4162 ἐπέϐαινον,
3512 4100 3608 4152 καὶ
3632 4099 3731 4168 τῆς
3757 4083 3940 4160 οἰκίας

2368 4192 2684 4256 ἐξεϐάλλετο
2718 4193 2917 4263 πάσης,
2939 4193 3032 4246 καί
3061 4192 3383 4261 ἐνδιαίτημα
3405 4190 3554 4261 αὐτῷ
3582 4185 3705 4260 ἦνη
3734 4189 3940 4258 κοπρία

2370 4285 2570 4346 λοιπὸν,
2599 4285 2693 4338 καὶ
2729 4285 2906 4354 πηγαὶ
2946 4284 3246 4354 σκωλήκων
3285 4283 3500 4352 ἔϐρυον,
3542 4280 3806 4337 πάντοθεν
3842 4281 3939 4334 καὶ

2366 4377 2554 4447 αἵματι
2595 4378 2688 4430 καὶ
2737 4377 2892 4448 ἰχῶρι
2940 4378 3260 4447 κατεῤῥεῖτο
3291 4377 3318 4429 6
3349 4375 3580 4444 ἀδάμας,
3618 4375 3713 4427 καὶ
3756 4373 3938 4426 λαϐὼν

2366 4469 2630 4539 ὄστρακον
2660 4468 2775 4534 ἑξεε
2800 4468 2926 4531 τοὺς
2966 4468 3185 4538 ἰχῶρας,
3221 4469 3413 4538 δήμιος
3445 4465 3607 4529 αὐτὸς
3649 4463 3824 4535 ἐαυτῷ
3848 4482 3936 4533 γι-

2366 4561 2587 4630 νόμενος
2606 4578 2618 4589 ·
2659 4561 2751 4614 καί
2778 4559 2960 4612 ὀδύναι
2985 4559 3296 4629 ἐπάλληλοι,
3325 4560 3417 4612 καὶ
3449 4557 3670 4628 βάσανοι
3694 4556 3936 4627 ἀκαρτέ-

2372 4671 2546 4724 ρητοι,
2561 4654 2655 4706 καί
2675 4651 2772 4716 νὺξ
2797 4652 3007 4722 ἡμέρας
3033 4653 3409 4722 χαλεπωτέρα,
3432 4652 3526 4704 καὶ¹
3550 4651 3728 4721 ἡμέρα
3743 4649 3940 4712 νυκτὸς

2369 4745 2800 4815 φρικωδεστέρα,
2843 4745 2916 4807 ῶς
2955 4762 3150 4814 φησιν·
3202 4745 3296 4811 Ὠς
3327 4744 3404 4798 ἂν
3449 4744 3725 4814 κοιμηθῶ,
3757 4744 3936 4812 λέγω,

2367 4838 2520 4889 Πότε
2552 4834 2744 4903 ἡμέρα
2762 4849 2782 4899 ;
2801 4835 2880 4899 ὡς
2902 4835 2952 4887 6“
2974 4834 3050 4888 ἂν
3075 4833 3339 4898 ἀναστῶ,
3366 4835 3522 4902 λέγω
3537 4834 3745 4898 πάλιν,
3775 4834 3934 4888 Πότε

2367 4925 2621 4992 ἐσπέρα;
2649 4925 2886 4992 πλήρης
2916 4924 2982 4976 δὲ
3015 4926 3254 4993 γίνομαι
3275 4922 3506 4978 ὀδυνῶν
3533 4924 3650 4979 ἀπὸ
3675 4925 3942 4993 ἑσπέρας

2362 5017 2541 5086 μέχρι
2567 5019 2737 5084 πρωΐ.
2784 5017 2892 5068 Καὶ
2919 5015 3107 5069 πάντα·
3126 5016 3384 5086 κρημνοὶ,
3411 5016 3506 5068 καῖ
3545 5015 3817 5080 σκόπελοι,
3843 5019 3941 5071 καὶ

2365 5111 2392 5162 6
2417 5111 2514 5180 μὲν
2548 5109 2880 5182 παρακαλῶν
2903 5107 3097 5173 οὐδεὶς,
3127 5111 3174 5161 οἰ
3192 5101 3248 5162 δὲ
3277 5107 3700 5177 ἐπεμϐαίνοντες
3730 5109 3937 5180 μυρίοι·

2364 5201 2479 5252 ἀλλ’
2512 5201 2660 5268 ὅμως
2689 5200 2745 5252 ἐν
2788 5199 3016 5268 χειμῶνι
3052 5198 3288 5267 τοσούτῳ
3333 5199 3428 5251 καὶ
3478 5197 3719 5268 κύμασιν
3768 5198 3940 5263 δντως

2366 5291 2659 5360 ἀφορήτοις
2700 5289 2828 5358 ἔστη
2873 5288 3008 5359 πρὸς
3036 5290 3213 5341 πάντα
3240 5290 3488 5355 γενναῖος
3521 5288 3614 5341 καὶ
3647 5289 3937 5359 ἀπερίτρε-

2367 5396 2532 5443 πτος·
2566 5379 2627 5432 τὸ
2652 5379 2708 5431 δὲ
2744 5381 2912 5432 αῐτιον
2944 5379 3147 5432 τούτων
3176 5379 3331 5432 τοῦτο
3357 5374 3444 5448 ἦν,
3483 5381 3617 5450 ὅπερ
3663 5379 3821 5449 ἔφην,
3855 5382 3916 5433 ὅτ

2363 5474 2490 5526 ὅταν
2521 5471 2791 5531 ἐπλούτει,
2812 5471 3114 5540 προσεδόκα
3141 5471 3328 5524 πενίαν
3349 5490 3361 5501 ·
3397 5473 3486 5524 ὅτε
3522 5471 3755 5539 ὐγίαινε,
3781 5472 3935 5526 νόσον

2363 5565 2625 5633 ἀνέμενεν
2650 5579 2663 5592 ·
2698 5562 2784 5614 ὅτε
2812 5561 3018 5614 παίδων
3053 5563 3322 5616 τοσούτων
3359 5564 3542 5634 πατὴρ
3573 5563 3805 5632 ἐγένετο,
3842 5567 3940 5620 καὶ

2365 5653 2531 5713 ἄπαις
2551 5648 2744 5721 ἀθρόον
2774 5650 2998 5720 ἢλπιζεν
3027 5651 3263 5707 ἐσεσθαι,
3297 5653 3406 5706 Καὶ
3432 5652 3622 5706 τοῦτον
3647 5655 3740 5706 τὸν
3771 5655 3939 5723 φόϐον

2365 5743 2452 5796 ἀεὶ
2487 5743 2613 5811 παρ’
2643 5743 2826 5812 ἑαυτῷ
2853 5743 3141 5803 ἀνείλιττε,
3177 5745 3272 5796 καὶ
3321 5744 3526 5816 ταύτην
3570 5743 3667 5815 τὴν
3693 5746 3930 5812 ἀγωνία·.

2373 5835 2459 5888 ἀεὶ
2491 5834 2707 5904 ἔτρεφε,
2748 5834 2856 5889 τῶν
2886 5833 3238 5906 ἀνθρωπίνων
3287 5837 3626 5909 πραγμάτων
3654 5837 3809 5903 εἰδὼς
3837 5837 3940 5902 τὴν
