4104 6506
181 463 263 520 ll7
1015 449 1155 507 CUM
1194 444 1630 503 SATURNINUS
1669 443 1756 500 ΕΤ
1797 440 2258 508 AURELIANUS,
2301 439 2449 497 ETC.

165 586 298 627 totum
339 573 575 633 amittas;
605 567 713 623 noli
745 582 865 636 qua:
895 570 1146 633 superant
1175 574 1328 614 usum
1356 569 1704 625 congregare,

165 681 215 719 ne
239 663 414 734 perdas
445 662 606 716 etiam
637 655 976 718 necessaria;
1005 652 1110 707 noli
1137 650 1426 721 pra-finitos
1454 646 1712 702 terminos

165 737 502 826 pratergredi,
545 767 612 806 ne
660 746 1000 804 facultatibus
1036 742 1298 797 universis
1329 739 1543 794 exuaris
1574 755 1588 792 :
1617 735 1713 791 sed

164 845 276 914 quod
312 851 545 912 superest
573 854 760 896 reseca
785 879 801 904 ,
840 847 898 892 ut
929 837 981 890 in
1010 832 1324 888 necessariis
1350 830 1596 884 ditescas.
1628 831 1712 881 An

168 953 252 990 ltun
274 935 411 989 vides
429 932 570 1004 quod
592 933 844 1002 agricolae
865 928 1024 983 vitem
1048 933 1252 996 putant,
1279 938 1344 977 ne
1370 922 1471 976 vim
1498 935 1712 976 omnem

168 1031 206 1079 in
231 1026 469 1095 pampinis
498 1033 552 1078 et
597 1023 940 1092 palmitibus,
985 1019 1079 1074 sed
1126 1019 1177 1072 in
1224 1016 1399 1072 radice
1441 1013 1713 1085 proferat?

167 1119 282 1170 ldcm
320 1127 368 1170 et
396 1127 448 1169 tu
480 1113 642 1168 facito
673 1131 686 1167 :
715 1122 929 1182 amputa
959 1111 1083 1164 folia
1112 1150 1128 1175 ,
1168 1122 1433 1178 omneque
1477 1105 1714 1162 Studium

169 1211 249 1262 huc
275 1208 476 1261 intende
501 1247 516 1271 ,
551 1217 611 1259 ut
639 1202 1092 1273 quamplurimum
1131 1199 1337 1263 fructus
1379 1198 1528 1252 ferat.
1559 1195 1714 1264 Quod

166 1301 199 1353 si
226 1298 376 1352 facere
399 1311 616 1351 recuses
644 1297 695 1350 in
720 1295 878 1350 rebus
908 1292 1200 1364 prosperis,
1225 1300 1504 1360 exspectes
1528 1289 1718 1342 adver-

167 1405 262 1450 sits;
287 1388 334 1442 in
375 1388 756 1456 tranquillitate
787 1392 1156 1454 tempestatem
1182 1423 1196 1449 ,
1231 1383 1282 1435 in
1314 1381 1539 1435 sanitate
1570 1394 1714 1432 more

172 1485 292 1546 bum,
319 1483 364 1535 in
389 1481 585 1534 divitiis
619 1487 983 1549 paupertatem
1006 1491 1067 1530 ac
1095 1474 1488 1529 mendicitatem
1517 1485 1714 1538 exspe-

167 1586 248 1624 cta.
275 1572 532 1634 Memento,
572 1573 765 1642 inquit,
799 1570 1033 1640 temporis
1054 1569 1204 1639 {alitis
1233 1567 1285 1619 in
1314 1575 1534 1634 tempore
1561 1564 1722 1616 abun-

167 1665 351 1728 dantiae,
383 1663 721 1716 mendicitatis
756 1672 802 1714 et
831 1660 1092 1728 egestatis,
1137 1658 1189 1711 iu
1235 1657 1408 1710 diebus
1448 1655 1720 1724 apulentitz

171 1753 324 1821 (Ereti.
358 1755 440 1807 18.
470 1753 583 1823 95).
620 1752 701 1806 Ad
734 1752 873 1806 hunc
912 1748 1131 1804 modum
1174 1749 1218 1802 si
1257 1747 1418 1801 fueris
1458 1745 1716 1810 affectus,

169 1856 252 1898 tum
280 1855 327 1899 et
353 1845 565 1900 divitias
597 1844 762 1898 multa
802 1858 920 1896 cum
951 1841 1240 1895 sobrietate
1281 1837 1676 1892 ailministrabis
1699 1877 1715 1901 ,

167 1947 210 1991 et
231 1947 526 2007 egestatem,
557 1937 605 1992 si
637 1933 873 2000 incidat,
908 1931 1200 1986 fortissime
1230 1927 1716 2004 perfer-esshialnm

172 2031 338 2099 quippe
365 2030 790 2099 inexspectatum
823 2023 1096 2095 perturbat
1123 2023 1380 2082 animum,
1412 2022 1452 2073 si
1485 2019 1714 2082 incidat;

168 2122 281 2188 quod
313 2129 481 2174 autem
509 2117 924 2188 exspectabatur
949 2155 962 2178 ,
1009 2115 1050 2167 si
1082 2113 1314 2173 accidat,
1346 2128 1450 2164 non
1493 2111 1718 2163 multum

167 2210 310 2265 adfert
332 2209 767 2281 perturbationis.
799 2206 870 2260 ita
913 2205 1019 2260 duo
1043 2203 1323 2258 Commoda
1353 2200 1718 2284 lucrifeceris,

166 2304 355 2357 alterum
393 2319 457 2357 ne
498 2303 832 2372 prosperitas
860 2308 909 2353 te
936 2297 1121 2351 reddat
1149 2296 1355 2349 ebrium
1398 2303 1451 2348 et
1479 2292 1718 2346 insolen-

168 2402 250 2446 tem
270 2435 282 2458 ,
309 2393 526 2446 alterum
577 2407 646 2446 ne
685 2387 1074 2444 commovearis
1101 2400 1162 2440 ac
1189 2383 1519 2456 perturberis
1562 2385 1720 2439 rebus

165 2484 206 2537 in
221 2483 463 2539 diversnm
491 2482 857 2547 commutatis,
882 2480 1111 2534 maxime
1140 2479 1186 2533 si
1213 2493 1426 2548 semper
1446 2483 1720 2547 exspecta-

169 2577 284 2629 tioiie
323 2576 714 2630 contrariorum
762 2571 1018 2642 pendebis
1049 2588 1061 2623 :
1095 2569 1294 2625 sufﬁcit
1320 2570 1461 2625 enim
1507 2583 1605 2639 pro
1634 2583 1718 2622 ex~

166 2670 385 2735 perientia
412 2667 770 2738 exspectatio.
805 2665 932 2720 Tale
959 2672 1042 2718 est
1073 2663 1214 2734 quod
1243 2662 1366 2718 dico
1399 2679 1411 2713 :
1442 2661 1591 2716 dives
1620 2661 1721 2714 es?

168 2757 389 2824 l-lepecta
434 2757 678 2826 quotidie
729 2763 1114 2825 paupertatem.
1148 2753 1324 2820 Quare
1373 2760 1426 2807 et
1465 2749 1722 2821 quamob-

164 2850 286 2901 rcin?
327 2849 588 2916 Quoniam
631 2848 730 2902 ista
777 2847 1106 2915 exspectatio
1156 2845 1252 2899 tibi
1291 2845 1577 2898 maximam
1621 2841 1719 2895 ad-

167 2943 279 2994 lerre
302 2941 487 3008 poterit
535 2939 842 2993 utilitatem.
881 2937 1094 2991 Etenim
1140 2935 1232 3006 qui
1271 2942 1548 3002 exspectat
1590 2949 1720 3003 pau-

168 3040 388 3100 pertatem
415 3073 428 3092 ,
461 3031 512 3084 in
541 3029 742 3083 divitiis
771 3044 873 3081 non
901 3027 1173 3081 extollitur
1194 3065 1210 3091 ,
1258 3042 1364 3080 non
1410 3024 1676 3080 mollescit
1703 3065 1718 3089 ,

167 3138 249 3174 lion
269 3121 493 3188 difﬂuit,
540 3135 652 3176 non
679 3121 1006 3190 concupiscit
1034 3121 1204 3175 aliena
1237 3136 1252 3174 :
1288 3135 1408 3174 nam
1441 3128 1721 3190 exspecta-

169 3217 304 3269 nonis
346 3225 517 3270 metus
564 3213 837 3285 paedagogi
877 3211 1152 3280 cujusdam
1196 3213 1313 3266 vice
1357 3211 1570 3276 cohibet
1609 3209 1724 3280 ejus

166 3317 384 3372 mentem,
411 3322 512 3362 nec
534 3307 736 3376 patitur
759 3305 910 3359 matre
936 3303 1170 3357 avaritiae
1195 3295 1431 3373 gehpina
1453 3301 1721 3367 subuasci,

163 3401 263 3452 «tum
298 3415 354 3453 ea
382 3409 525 3454 metu
559 3398 948 3453 contrariorum
988 3395 1148 3450 veluti
1179 3393 1315 3450 falce
1336 3392 1566 3465 quadam
1596 3409 1723 3464 pro-

166 3488 279 3542 Inbel
299 3505 540 3546 crescere
570 3498 936 3558 amputatque.

217 3581 261 3634 ι.
279 3580 601 3650 Exspectatio
624 3579 862 3643 tristium,
886 3593 946 3631 ea
966 3593 1080 3630 cum
1096 3576 1406 3638 advenerim,
1434 3576 1725 3644 mitigat.—

163 3670 252 3724 lloc
277 3671 424 3741 igitur
450 3685 620 3724 unum
661 3678 746 3724 est
784 3683 814 3722 e
857 3667 1104 3722 maximis
1146 3666 1298 3721 bouis
1347 3683 1465 3735 quae
1510 3667 1724 3718 lucrifa-

162 3765 250 3818 cies
276 3782 287 3816 :
318 3765 546 3818 alterum
577 3771 756 3816 autem
785 3776 888 3814 non
916 3769 996 3814 est
1027 3759 1129 3812 isto
1155 3760 1328 3812 minus
1351 3799 1364 3819 ,
1397 3757 1641 3811 videlicet
1670 3767 1726 3810 ut

160 3854 195 3906 si
230 3854 504 3909 accesserit
553 3860 838 3921 paupertas
863 3892 876 3916 ,
928 3865 1032 3903 non
1060 3863 1402 3916 expavescas.
1437 3847 1728 3902 Praevertat

161 3960 268 4015 ergo
300 3947 461 4000 tristis
502 3943 874 4012 exSpectatio,
925 3940 1208 4010 nequando
1251 3941 1430 3992 veniat
1472 3939 1584 4008 ipsa
1634 3940 1729 3992 tri-

161 4039 298 4091 stium
344 4036 678 4106 experientia
713 4053 724 4087 :
756 4034 823 4088 ob
857 4033 959 4087 hoc
986 4032 1128 4087 enim
1174 4031 1318 4086 venit
1361 4031 1686 4099 experientia
1708 4072 1724 4097 ,

163 4134 281 4200 quod
309 4151 408 4188 non
456 4133 598 4188 adsit
624 4132 993 4201 exspectatio;
1034 4130 1172 4200 quod
1204 4130 1246 4184 si
1289 4130 1376 4184 illa
1406 4130 1728 4185 correxisset

162 4224 439 4290 hominem,
474 4225 578 4279 hac
607 4239 713 4278 non
754 4232 869 4278 erat
909 4237 1042 4293 opus
1087 4221 1392 4276 admodum.
1442 4221 1611 4289 Hujus
1650 4223 1725 4277 rei

163 4318 288 4370 testis
325 4316 491 4370 Jonas
527 4315 778 4370 Ninivitis
823 4315 1118 4384 praedicens
1153 4314 1424 4368 interitum
1466 4312 1650 4380 (Jonas
1676 4331 1723 4370 c.

159 4405 203 4472 ὅ)
230 4424 242 4460 :
269 4407 531 4477 siquidem
556 4407 628 4460 illi
656 4405 781 4460 dum
812 4415 1121 4471 exSpectant
1141 4404 1279 4475 quod
1309 4405 1562 4474 prOpheta
1589 4422 1727 4475 pric-

160 4497 379 4563 dixerat,
407 4497 494 4554 eis
520 4497 802 4552 imminere
841 4497 1194 4551 calamitatem
1225 4496 1604 4562 insanabilem,
1636 4513 1728 4551 ex-

159 4593 470 4656 spectatione
500 4589 760 4642 malorum
793 4596 1137 4642 venturorum
1165 4585 1438 4656 fregerunt
1467 4588 1596 4641 iram
1628 4605 1727 4642 llll-

162 4681 332 4744 minis;
364 4688 554 4734 contra
582 4677 753 4733 Judaei
785 4692 890 4731 nou
921 4676 1200 4732 credentes
1231 4676 1503 4746 prophetm
1533 4679 1726 4746 prasdi-

157 4771 278 4824 ccnti
302 4770 762 4841 Jerosolymorum
785 4767 1069 4830 excidium,
1093 4767 1282 4822 acerba
1315 4770 1552 4837 perpessi
1580 4780 1724 4824 sunt.

160 4857 357 4927 Sapiens
393 4859 532 4912 enim
559 4867 782 4912 metuens
813 4858 1080 4911 declinavit
1122 4859 1348 4922 malum;
1375 4859 1619 4928 insipiens
1659 4861 1727 4927 [i-

158 4949 291 5002 duria
329 4967 424 5004 sua
467 4947 798 5017 confunditur
839 4946 1020 5020 (Prov.
1055 4949 1142 5003 Η.
1175 4947 1283 5019 lli).
1317 4948 1415 5016 Qui
1459 4960 1731 5018 exspectat

161 5050 537 5108 paupertatem,
566 5041 691 5094 dum
717 5051 958 5107 versatur
984 5041 1035 5095 in
1058 5041 1276 5104 divitiis,
1301 5040 1439 5096 haud
1470 5043 1619 5102 facile
1641 5044 1732 5098 lict

162 5147 347 5204 pauper
376 5153 389 5188 :
423 5150 546 5187 nam
575 5133 714 5202 quod
745 5132 813 5187 ab
843 5121 1240 5202 exspectatione
1267 5134 1457 5188 lucrari
1487 5137 1728 5199 noluisti,

159 5222 201 5275 id
228 5223 294 5278 ab
322 5225 438 5296 ipsa
469 5225 799 5293 experientia
832 5224 1050 5292 pulchre
1089 5225 1283 5279 disces.
1336 5225 1564 5279 Proinde
1608 5241 1729 5280 cum

161 5311 202 5364 in
232 5312 427 5368 divitiis
446 5329 506 5368 es
529 5353 546 5378 ,
570 5323 817 5381 exspecta
851 5323 1211 5383 paupertatem
1246 5332 1259 5368 :
1287 5329 1406 5368 cum
1431 5316 1482 5368 in
1508 5315 1733 5370 affluen-

162 5402 221 5452 tia
240 5443 255 5465 ,
284 5411 538 5472 exspecta
562 5402 756 5457 famem
793 5420 806 5456 :
835 5417 954 5456 cum
983 5401 1036 5456 in
1065 5403 1270 5472 gloria',
1299 5415 1547 5473 exspecta
1581 5404 1732 5474 igno-

164 5489 364 5548 miniam
388 5510 402 5545 :
424 5507 546 5547 cum
572 5493 624 5546 in
653 5491 876 5546 sanitate
900 5494 1053 5555 vivis,
1076 5502 1320 5562 exspecta
1343 5495 1606 5548 morbum.
1632 5497 1730 5550 As-

162 5582 301 5639 sidue
325 5585 594 5653 perpende
618 5599 796 5639 rerum
825 5585 1172 5640 humanarum
1204 5597 1466 5652 naturam,
1501 5605 1618 5658 qum
1646 5593 1728 5643 iii-

167 5674 263 5730 hilo
299 5677 486 5732 melius
517 5676 699 5739 habet,
727 5691 886 5746 quam
922 5678 1156 5731 amnium
1184 5677 1423 5733 delluxns
1448 5723 1462 5745 ,
1507 5691 1560 5734 et
1589 5681 1731 5736 fumo

166 5766 211 5818 in
240 5781 410 5822 aerem
435 5778 796 5823 evanescente
824 5768 1058 5840 fugacior
1086 5779 1189 5836 est,
1219 5778 1270 5824 et
1296 5771 1478 5825 umbra
1514 5784 1733 5841 praeter-

163 5868 394 5916 currente
427 5859 660 5915 insanior.
695 5857 752 5914 lu
780 5860 860 5916 bis
890 5858 934 5916 si
966 5861 1366 5931 philos0pliatus
1399 5862 1561 5920 fueris
1586 5907 1601 5931 ,
1633 5881 1730 5919 nec

3297 439 3401 494 ιιε

1814 558 1996 612 suavia
2027 565 2078 611 te
2106 565 2356 626 poterunt
2387 553 2573 609 inﬂare
2598 595 2612 617 ,
2658 567 2756 607 nec
2799 553 3019 607 molesta
3055 551 3285 622 dejicere
3318 572 3330 606 :
3365 554 3408 605 si

1817 648 2168 718 praesentibus
2200 647 2352 702 bonis
2379 661 2485 700 non
2513 645 2798 700 admodum
2829 645 3114 710 inhmreas,
3147 659 3319 713 neque
3345 644 3410 698 iis

1818 738 2128 792 absentibus
2153 737 2582 802 discruciaberis.
2613 736 2669 792 Si
2691 735 3059 791 consuefacias
3081 737 3318 790 animum
3342 736 3407 790 ad

1818 829 2268 900 exspectationem
2297 828 2667 894 adversorum,
2697 841 2838 896 smpe
2868 825 3084 897 quidem
3115 826 3209 880 flet
3229 834 3285 880 ut
3310 825 3408 880 ad-

1818 935 1971 974 versa
1999 935 2104 974 non
2134 920 2396 983 accidant,
2428 920 2522 975 sed
2545 920 2588 974 si
2617 918 2946 985 acciderint,
2978 935 3083 972 non
3116 917 3414 973 vehemen-

1822 1020 1900 1065 ter
1932 1021 1982 1065 te
2006 1011 2442 1065 commovebunt.

1890 1103 1944 1156 5.
1976 1102 2097 1154 Jobi
2122 1102 2332 1155 historia
2366 1112 2411 1154 et
2454 1103 2650 1155 laudes.
2686 1131 2756 1141 --
2794 1102 2968 1172 Atque
3007 1110 3066 1156 ut
3109 1099 3417 1170 intelligatis

1821 1207 1907 1247 me
1940 1193 2053 1245 haec
2092 1208 2198 1246 non
2243 1209 2308 1246 ex
2357 1193 2666 1261 conjectura
2706 1193 2880 1263 loqui,
2931 1192 3051 1247 volo
3094 1193 3244 1248 vobis
3287 1208 3415 1247 nar-

1823 1296 1945 1335 rare
1975 1290 2207 1336 veterem
2249 1283 2533 1350 quamdam
2577 1282 2875 1337 historiam.
2918 1281 3041 1337 Fuit
3080 1283 3162 1337 vir
3197 1282 3416 1353 quidam

1820 1372 2149 1426 admirabilis
2177 1383 2230 1426 et
2260 1387 2481 1442 magnus
2511 1383 2564 1426 et
2591 1373 2786 1441 ubique
2814 1388 2908 1441 per
2935 1373 3122 1428 orbem
3150 1382 3414 1429 terrarum

1822 1463 2124 1518 celebratus
2148 1505 2162 1528 ,
2195 1464 2380 1519 beatus
2407 1463 2493 1519 ille
2517 1464 2618 1519 Job
2646 1507 2660 1529 ,
2697 1463 2785 1517 ille
2814 1463 3025 1532 pietatis
3053 1463 3251 1518 athleta
3277 1503 3293 1529 ,
3320 1464 3413 1517 ille

1825 1556 1985 1609 totius
2035 1555 2217 1608 mundi
2270 1556 2438 1609 victor
2486 1563 2539 1608 et
2594 1555 2903 1619 corouifer,
2959 1555 3049 1625 qui
3096 1569 3192 1624 per
3237 1554 3417 1608 omnia

1823 1648 2174 1702 certaminum
2235 1662 2429 1717 genera
2477 1647 2757 1710 transivit,
2816 1647 2907 1717 qui
2972 1648 3250 1701 innumera
3301 1656 3416 1703 tro-

1824 1753 1937 1808 p:ea
2006 1740 2180 1793 erexit
2248 1739 2458 1794 devicto
2527 1739 2760 1793 diabolo.
2827 1739 2923 1794 Hic
2986 1739 3082 1793 fuit
3149 1739 3300 1795 dives
3367 1750 3422 1796 et

1824 1845 2046 1900 pauper,
2078 1831 2340 1900 gloriosus
2368 1839 2421 1885 et
2448 1831 2584 1895 vilis,
2629 1832 2914 1885 multorum
2947 1831 3238 1887 liberorum
3269 1839 3422 1901 pater

1824 1933 1876 1977 et
1903 1922 2068 1977 orbus
2093 1938 2106 1986 ;
2138 1922 2223 1976 hic
2245 1933 2486 1977 versatus
2512 1923 2666 1976 estin
2691 1922 2826 1976 aulis
2853 1924 3137 1993 regalibus,
3165 1923 3259 1978 sed
3281 1923 3422 1979 idem

1825 2013 1926 2068 fuit
1970 2015 2021 2067 in
2053 2015 2427 2084 sterquilinio;
2459 2013 2546 2068 hic
2578 2015 2674 2068 fuit
2708 2015 2760 2070 in
2806 2015 3081 2085 splendida
3124 2025 3292 2082 veste,
3325 2016 3424 2072 sed

1823 2117 1945 2176 pOSt
1971 2107 2112 2161 illam
2140 2108 2191 2160 in
2223 2107 2534 2162 corrosione
2561 2108 2861 2174 tinearum;
2892 2109 2976 2162 hic
3008 2108 3241 2178 possedit
3262 2109 3422 2164 innu-

1825 2213 2031 2252 merum
2079 2196 2416 2263 famulitium,
2463 2199 2555 2252 sed
2606 2207 2786 2268 postea
2823 2201 3074 2254 sustinuit
3117 2201 3426 2256 innumeras

1825 2289 2194 2352 contumelias,
2241 2305 2270 2344 a
2300 2289 2649 2344 familiaribus
2689 2302 2741 2346 tn
2776 2291 2946 2361 ipsum
2981 2291 3382 2364 insurgentibus
3405 2336 3422 2361 ,

1825 2383 1892 2437 ab
1919 2383 2105 2437 amicis
2126 2383 2570 2447 conviciantibus,
2601 2385 2668 2437 ab
2707 2399 2880 2439 uxore
2904 2384 3203 2439 insidiante.
3229 2385 3423 2440 Omnia

1827 2477 1903 2532 illi
1939 2478 2083 2546 prius
2109 2476 2255 2530 velut
2284 2490 2314 2530 e
2355 2475 2501 2530 fonte
2531 2475 2841 2542 affluebant,
2876 2477 3220 2546 pecuniarum
3247 2479 3424 2549 copia,

1827 2570 2079 2638 potentia:
2124 2567 2455 2636 magnitudo,
2488 2567 2672 2636 gloria:
2699 2568 2958 2632 accessio,
3006 2583 3106 2636 pax
3139 2581 3190 2623 et
3220 2570 3426 2624 securi-

1829 2671 1928 2726 tas,
1959 2660 2191 2715 honores
2219 2671 2271 2713 et
2310 2660 2648 2731 obsequium,
2683 2662 2923 2730 corporis
2952 2661 3172 2726 sanitas,
3203 2670 3257 2716 et
3287 2661 3428 2717 lilio-

1828 2769 1943 2807 rmn
1971 2755 2258 2823 opulentia,
2295 2769 2392 2808 nec
2434 2762 2550 2807 erat
2576 2754 2626 2807 in
2660 2753 2742 2807 his
2786 2754 3073 2823 quidquam
3105 2755 3424 2821 molestum;

1829 2845 2048 2898 aderant
2081 2844 2158 2898 illi
2199 2844 2396 2898 dititia'.
2418 2860 2537 2898 cum
2569 2845 2874 2910 securitate,
2908 2847 3232 2914 prosperitas
3260 2847 3428 2902 stabio

1829 2933 1892 2987 lis
1925 2952 1936 2986 :
1969 2945 2128 3004 atque
2174 2935 2378 3005 optimo
2442 2933 2656 3004 quidem
2701 2935 2864 3003 jure:
2896 2935 3036 2989 Deus
3099 2937 3238 2991 enim
3281 2937 3427 2992 illum

1833 3026 2065 3095 undique
2094 3026 2401 3082 vallaverat.
2432 3025 2536 3081 Sed
2555 3035 2740 3097 postea
2767 3027 2851 3081 illa
2873 3028 3049 3082 omnia
3069 3041 3428 3097 recesserunt,

1829 3133 2058 3188 moxque
2078 3118 2369 3173 innumera:
2392 3127 2736 3188 tempestates
2756 3119 3125 3189 immigrarunt
3143 3121 3192 3175 in
3209 3120 3427 3176 domum

1832 3208 1992 3272 illius,
2027 3223 2235 3274 omnes,
2285 3210 2524 3278 inquam,
2563 3209 2664 3263 sibi
2715 3209 2949 3264 vicissim
2992 3211 3341 3268 succedentes
3366 3228 3431 3268 ac

1830 3312 2099 3372 perpetuae
2127 3310 2181 3356 et
2223 3302 2482 3371 ingentes.
2532 3300 2817 3370 Siquidem.
2843 3301 3107 3357 universa:
3151 3302 3430 3361 facultates

1830 3393 1906 3447 illi
1944 3392 2100 3446 simul
2140 3401 2340 3461 ereptae
2382 3401 2507 3447 sunt
2539 3411 2551 3445 :
2586 3391 2768 3447 famuli
2818 3393 3075 3464 liberique
3112 3403 3429 3464 praematura

1832 3483 2175 3553 violentaque
2217 3492 2391 3538 morte
2422 3485 2665 3553 oppressi
2693 3493 2837 3550 sunt,
2868 3484 2933 3538 ad
2965 3500 3206 3540 mensam
3234 3495 3289 3541 et
3315 3487 3432 3557 ipso

1831 3576 1882 3631 in
1915 3577 2161 3630 convivio
2191 3576 2427 3643 mactati,
2460 3592 2566 3630 non
2610 3576 2826 3646 quidem
2872 3578 3048 3633 securi
3096 3586 3188 3633 aut
3213 3579 3389 3650 gladio
3411 3620 3430 3649 ,

1830 3668 1922 3721 sed
1954 3682 1981 3718 a
2015 3667 2156 3720 malo
2201 3669 2408 3735 spiritu,
2439 3668 2526 3738 qui
2567 3667 2785 3722 domum
2816 3670 3104 3725 concussit.
3136 3669 3271 3725 Tum
3296 3686 3432 3726 uxor

1832 3760 1883 3812 in
1917 3760 2065 3813 illum
2112 3760 2440 3825 arniabatur,
2473 3773 2706 3830 suasque
2749 3760 3026 3816 machinas
3069 3761 3305 3817 admovit
3340 3763 3430 3832 ju-

1831 3861 1956 3916 sto;
2003 3851 2186 3906 famuli
2239 3867 2398 3921 porro
2437 3862 2490 3907 et
2532 3852 2726 3919 amici,
2776 3854 2968 3922 partim
3014 3865 3339 3924 exspuerunt
3377 3857 3430 3912 in

1831 3942 2020 3998 faciem
2051 3944 2188 4014 ejus,
2211 3943 2660 4014 quemadmodum
2689 3944 2760 4000 ait
2791 3946 2926 4015 ipse,
2954 3945 3074 4001 Non
3099 3960 3430 4017 pepercerunt

1835 4035 2017 4106 faciem
2043 4052 2204 4088 meam
2225 4052 2500 4105 conspuere
2521 4035 2638 4104 (Job
2670 4038 2757 4091 '50.
2783 4037 2872 4106 10)
2904 4040 3134 4108 :partint
3163 4040 3433 4096 irruerunt

1834 4129 1885 4182 in
1917 4143 2063 4193 eum,
2094 4137 2147 4182 et
2189 4144 2252 4182 ex
2283 4129 2442 4182 domo
2471 4129 2674 4198 ejectus
2701 4138 2802 4196 est,
2843 4145 2906 4185 ac
2935 4130 3188 4202 deinceps
3219 4133 3268 4186 in
3295 4143 3433 4189 ster-

1834 4219 2062 4286 quilinio
2101 4221 2260 4273 vitam
2307 4220 2431 4288 egit,
2480 4234 2543 4274 ac
2588 4221 2847 4274 vermium
2898 4221 3071 4284 fontes
3115 4225 3430 4291 scatebant,

1833 4310 2072 4379 undique
2119 4311 2376 4379 sanguine
2424 4320 2478 4366 et
2519 4310 2669 4365 sanie
2713 4310 2992 4367 difﬂuebat
3036 4315 3122 4370 ille
3167 4318 3433 4385 pretiosus

1832 4402 2090 4466 adamas;
2124 4414 2175 4455 et
2217 4411 2436 4466 accepta
2483 4411 2618 4456 testa
2669 4404 3014 4474 abstergebat
3062 4407 3284 4473 saniem,
3321 4409 3433 4478 ipse

1833 4492 1934 4547 sibi
1979 4492 2149 4547 factus
2193 4492 2430 4547 carnifex
2468 4492 2666 4549 :dolor
2711 4494 2954 4549 dolorem
3000 4497 3333 4567 excipiebat,
3379 4510 3435 4555 et

1834 4585 2102 4638 cruciatus
2146 4584 2529 4647 intolerabiles,
2559 4594 2614 4639 et
2653 4600 2757 4640 nox
2788 4585 2875 4641 die
2914 4588 3208 4654 molestior,
3238 4599 3292 4644 et
3318 4589 3434 4644 dies

1836 4683 1993 4729 nocte
2011 4676 2316 4742 terribilior,
2332 4675 2472 4729 sicut
2487 4675 2598 4745 ipse
2611 4675 2740 4730 dicit
2761 4695 2774 4730 :
2795 4676 2923 4731 Cum
2942 4676 3276 4743 obdorntiero,
3295 4680 3430 4748 dico,

1834 4766 2038 4835 quando
2059 4766 2149 4818 erit
2195 4765 2302 4818 dies
2324 4767 2348 4819 ?
2374 4782 2488 4818 cum
2530 4783 2700 4836 surgo,
2732 4783 2932 4820 rursum
2961 4768 3094 4834 diro,
3119 4771 3319 4837 quando
3341 4775 3434 4824 erit
3458 4814 3460 4816 τ

1835 4872 2041 4926 vespera
2056 4857 2080 4909 .9
2097 4859 2271 4927 plenus
2297 4856 2472 4911 dolore
2486 4875 2598 4911 sum
2612 4875 2642 4909 a
2659 4873 2861 4927 vespera
2879 4873 3035 4929 usque
3064 4860 3132 4911 ad
3155 4860 3434 4914 diluculum

1839 4951 1962 5018 (Job
1988 4953 2041 5005 7.
2071 4951 2148 5022 4).
2181 4950 2369 5004 Omnia
2411 4951 2723 5020 prmcipitia,
2755 4951 2933 5004 omnia
2963 4951 3190 5021 scepuli,
3227 4967 3326 5007 nec
3352 4963 3438 5008 est

1841 5042 1980 5096 ullus
2005 5043 2093 5112 qui
2119 5043 2442 5106 consoletur,
2471 5042 2560 5111 qui
2585 5042 2840 5096 insultent
2865 5041 3128 5097 innumeri
3159 5060 3173 5103 :
3198 5051 3433 5099 attamen

1839 5134 1892 5187 in
1926 5143 2067 5188 tanta
2102 5145 2440 5203 tempestate,
2494 5135 2760 5202 tantisque
2803 5133 3050 5189 fluctibus
3078 5135 3213 5190 adeo
3244 5137 3436 5191 intole-

1841 5225 2043 5290 randis,
2092 5226 2329 5279 constitit
2368 5225 2626 5279 adversus
2667 5226 2847 5279 omnia
2878 5240 3139 5296 generoso
3163 5229 3344 5284 animo
3382 5235 3439 5284 et

1839 5319 2225 5382 inconcussus;
2259 5321 2310 5372 in
2353 5333 2511 5373 causa
2559 5319 2656 5373 fuit
2697 5319 2747 5372 id
2777 5318 2917 5388 quod
2948 5317 3189 5375 dicebam
3223 5337 3239 5377 ε
3274 5322 3434 5376 nimi-

1840 5425 1956 5462 rum
1999 5409 2120 5477 quia
2156 5424 2275 5462 cum
2309 5409 2459 5463 dives
2499 5417 2661 5475 esset,
2709 5410 3052 5477 exspectabat
3097 5419 3388 5480 egestatem
3423 5431 3436 5467 :

1840 5514 1960 5553 cum
2008 5514 2169 5552 sanus
2219 5509 2396 5563 esset,
2445 5499 2787 5568 exspectabat
2832 5501 3231 5569 aagrmationen‘i
3264 5519 3280 5557 :
3313 5517 3437 5557 cum

1841 5599 1918 5645 tot
1958 5591 2239 5645 liberorum
2269 5600 2411 5644 esset
2441 5600 2614 5658 pater,
2656 5591 2884 5646 subitam
2927 5590 3228 5645 orbitatem.
3261 5595 3438 5664 Atque

1841 5679 1983 5734 hunc
2012 5680 2257 5733 timorem
2307 5695 2520 5748 semper
2549 5681 2689 5751 apud
2720 5697 2778 5735 se
2806 5682 3060 5750 suscepit,
3093 5693 3146 5737 et
3178 5683 3312 5736 hanc
3341 5699 3434 5738 an-

1841 5774 2091 5827 xietatem
2139 5787 2352 5841 semper
2395 5773 2534 5842 apud
2587 5789 2646 5827 se
2693 5774 2860 5839 aluit,
2909 5775 3211 5844 intelligens
3255 5792 3434 5830 rerum

1843 5865 2192 5920 humanarum
2241 5875 2508 5931 naturam,
2554 5875 3090 5935 momentaneamque
3134 5867 3433 5921 volubilita-
