4104 6556
724 439 826 493 ιιι)

726 559 829 605 tem
881 548 1207 617 negotiorum
1262 543 1624 599 considerans.
1673 541 1854 610 quue
1913 540 2044 595 dixit
2080 557 2092 594 :
2122 538 2296 592 Timor

724 656 871 708 quem
909 640 1155 702 timebam,
1189 639 1345 690 evenit
1375 636 1497 688 mihi
1525 653 1544 688 .·
1573 643 1617 687 et
1645 635 1917 702 periculum
1954 631 2088 704 quod
2115 641 2298 685 metue-

722 729 856 793 bam,
887 729 1099 782 occurrit
1124 727 1246 780 mihi
1295 723 1415 795 (Job
1440 725 1492 780 3.
1520 724 1636 793 25).
1681 724 1908 792 Semper
1932 724 2071 776 enim
2100 722 2297 790 cogita-

722 821 866 872 tione
912 817 1185 886 spectabat
1225 815 1291 870 ad
1339 815 1484 869 illum
1530 813 1793 878 timorem,
1844 812 2087 880 operiens
2129 825 2248 864 eum
2275 851 2290 874 ,

723 921 949 973 sperans
995 913 1458 974 exspectansqne;
1505 903 1623 958 ideo
1667 919 1786 957 cum
1837 902 2153 964 advenisset,
2187 915 2292 952 non

724 996 1050 1063 perturbavit
1078 996 1223 1049 illum
1251 1013 1265 1049 :
1299 994 1474 1063 Neque
1511 1011 1681 1064 pacem
1722 993 1890 1054 habui,
1925 992 2109 1060 inquit,
2139 1006 2295 1055 neque

718 1089 895 1155 quievi,
922 1088 1009 1141 sed
1037 1087 1160 1140 mihi
1182 1088 1313 1142 venit
1343 1088 1416 1139 ira
1443 1085 1563 1156 (Job
1611 1087 1662 1140 3.
1705 1086 1817 1154 26).
1859 1084 1970 1137 Non
1998 1084 2148 1147 dixit,
2177 1082 2289 1136 Non

720 1192 900 1244 pacem
927 1177 1114 1240 habeo,
1145 1191 1314 1244 neque
1334 1178 1566 1244 quiesco,
1595 1175 1840 1245 prmsenti
1871 1186 2104 1242 tempore
2134 1172 2286 1238 :sed,

725 1265 839 1321 Non
864 1269 1043 1338 quievi,
1091 1268 1359 1336 pmterito
1389 1277 1644 1336 tempore.
1678 1266 1897 1320 Etiamsi
1923 1266 2062 1320 enim
2110 1280 2288 1319 rerum

721 1357 1042 1426 prosperitas
1087 1359 1438 1424 arrogantiam
1489 1355 1761 1420 suadebat,
1815 1355 1909 1410 sed
1964 1355 2288 1424 exspectatio

717 1448 942 1500 tristium
987 1461 1092 1500 non
1133 1448 1340 1502 sinebat
1383 1462 1469 1500 me
1510 1447 1801 1516 quiescere.
1849 1445 2172 1514 Quamquam
2202 1444 2288 1498 ai-

717 1536 929 1592 tluentia
956 1537 1295 1593 vehementer
1321 1536 1626 1593 hortabatur
1649 1536 1715 1591 ad
1747 1536 1982 1600 delicias,
2014 1535 2109 1591 sed
2133 1549 2287 1605 aspe-

715 1626 846 1681 ritas
872 1641 1056 1682 eorum
1081 1643 1197 1697 quae
1219 1628 1680 1696 exspectabantur,
1711 1627 2286 1697 proﬂigabatsecurita-

719 1727 861 1770 tem:
891 1728 944 1771 et
988 1717 1109 1772 licet
1153 1733 1388 1786 praesens
1426 1716 1649 1772 felicitas
1688 1730 1898 1787 cogeret
1943 1717 2042 1772 l'rui
2081 1717 2238 1772 rebus
2265 1757 2282 1784 ,

717 1816 890 1862 tamen
933 1808 1220 1862 futurorum
1266 1807 1565 1862 sollicitudo
1607 1808 1925 1876 voluptatem
1976 1807 2281 1876 interrupit.

712 1896 938 1967 Ideoque
969 1897 1215 1966 quoniam
1248 1898 1616 1965 praemeditans
1640 1898 1692 1951 in
1711 1899 1888 1952 animo
1903 1913 1998 1952 suo
2025 1898 2138 1952 haec
2155 1914 2284 1953 ven-

711 1998 825 2043 tura
857 2001 1198 2058 prospexerat
1236 1991 1393 2044 rebus
1421 1991 1573 2055 lanis,
1605 1990 1720 2044 haec
1755 1992 2040 2045 certamina
2070 2001 2283 2061 postea-

706 2092 862 2146 quam
887 2078 1190 2133 acciderunt
1229 2077 1431 2133 fortiter
1469 2090 1522 2133 et
1547 2080 1785 2134 animose
1829 2080 2058 2149 pertulit,
2101 2089 2282 2150 utpote

704 2171 812 2239 jam
837 2171 962 2225 olim
983 2171 1055 2225 ad
1080 2170 1168 2225 illa
1188 2172 1508 2226 exercitatus
1535 2189 1548 2224 :
1578 2179 1633 2226 et
1656 2173 1900 2241 quoniam
1922 2187 1982 2226 ea
2003 2182 2279 2240 exspecta-

707 2267 848 2319 tione
870 2264 978 2334 jam
1021 2274 1252 2334 ceperat,
1287 2280 1391 2320 non
1420 2274 1500 2320 est
1528 2265 1860 2334 perturbatus
1888 2280 2005 2320 cum
2037 2276 2281 2320 cerneret

707 2355 794 2409 illa
817 2356 1021 2410 adesse.
1046 2355 1198 2421 Quod
1224 2365 1398 2411 autem
1427 2372 1494 2410 ne
1513 2366 1619 2410 tum
1647 2357 1856 2426 quidem
1886 2373 2003 2411 cum
2029 2357 2278 2412 adessent

707 2444 846 2508 laeta,
893 2445 1238 2500 vehementer
1280 2447 1380 2501 illis
1423 2447 1729 2514 adhaeserit,
1762 2448 1881 2502 audi
1924 2449 2046 2517 quid
2091 2449 2272 2504 dicat:

706 2533 764 2587 Si
792 2534 1057 2590 delectatus
1079 2552 1188 2590 sunt
1226 2553 1339 2591 cum
1382 2538 1504 2591 mihi
1539 2540 1710 2593 multa:
1732 2540 1980 2610 afﬂuerent
2007 2542 2208 2608 diritiw,
2235 2544 2277 2596 si

1458 431 1513 486 S.
1552 429 1828 486 JOANNIS
1864 425 2338 484 CHRYSOSTOMI
2375 423 2686 482 ARCHIEP.
2727 422 3251 480 CONSTANTINOP.

3863 425 3969 482 420

2387 550 2588 605 reposui
2614 551 2792 589 aurum
2821 537 3161 606 fortitudinem
3186 554 3367 603 meam,
3395 537 3437 591 si
3465 537 3706 604 ﬁduciam
3736 537 3888 592 habui
3916 558 3964 593 in

2385 627 2637 697 lapidibus
2682 628 2926 705 pretiosis,
2955 629 2997 681 si
3039 629 3108 681 ad
3148 629 3528 682 innumerabilia
3575 629 3720 698 posui
3759 647 3964 683 manum

2383 736 2543 773 meam
2588 718 2706 789 (Job
2751 720 2837 773 3|.
2868 720 2957 773 24.
2988 719 3097 790 25).
3127 719 3262 786 Quid
3290 720 3400 786 ais,
3427 720 3629 774 homo?
3668 718 3789 775 Non
3814 721 3962 776 delc-

2383 818 2553 863 ctatus
2581 824 2638 863 es
2679 808 2875 863 divitiis
2914 809 3250 864 aﬂluentibus
3296 810 3430 865 tibi?
3473 809 3842 881 Nequaquam,
3879 813 3960 863 in-

2383 900 2513 968 quit.
2543 897 2676 964 Quid
2705 899 2819 952 ita?
2863 898 3121 965 Quoniam
3151 899 3390 955 videbam
3420 900 3625 954 illarum
3659 901 3962 954 instabilem

2381 991 2677 1060 ﬂuxamque
2707 1001 2966 1054 naturam,
3000 991 3240 1045 videbam
3268 992 3653 1060 possessionem
3682 991 3822 1045 haud
3865 991 3962 1046 du-

2382 1080 2618 1134 rabilem.
2663 1081 2726 1132 At
2774 1081 2914 1134 video
2939 1083 3161 1150 quidem,
3207 1081 3394 1150 inquit,
3426 1083 3581 1135 solem
3619 1085 3862 1136 orientem
3903 1100 3962 1133 ac

2378 1170 2707 1236 deﬁcientem,
2736 1171 2905 1223 lunam
2947 1186 3060 1224 vero
3102 1171 3428 1224 intereuntem
3456 1187 3474 1224 :
3503 1187 3601 1224 non
3638 1173 3773 1224 enim
3813 1189 3961 1240 penes

2377 1262 2510 1332 ipsos
2548 1272 2619 1316 est
2649 1261 2755 1331 (Ib.
2787 1278 2835 1315 υ.
2875 1261 2985 1332 26).
3016 1262 3166 1330 Quod
3205 1272 3380 1318 autem
3425 1262 3570 1329 dicit,
3619 1263 3722 1317 tale
3767 1274 3870 1318 est.
3903 1266 3958 1318 Si

2377 1354 2544 1408 stellae
2585 1369 2702 1423 qua:
2735 1363 2858 1408 sunt
2905 1355 2955 1407 in
2998 1354 3141 1408 czelis
3189 1362 3546 1423 perpetuoque
3592 1354 3792 1420 lucent,
3825 1358 3961 1410 reci-

2375 1443 2526 1512 piunt
2551 1444 2857 1498 nonnullam
2883 1444 3247 1509 mutationem,
3277 1445 3356 1499 sol
3383 1459 3570 1514 nempe
3597 1445 3876 1511 deficiens,
3904 1457 3956 1501 et

2375 1532 2499 1588 luna
2517 1533 2787 1593 interiens.
2815 1548 2880 1586 an
2909 1549 3012 1587 non
3041 1543 3291 1588 extremas
3317 1534 3595 1588 dementia:
3623 1535 3711 1599 sit,
3740 1545 3954 1590 terrena

2374 1639 2470 1694 pro
2497 1623 2772 1678 stabilibus
2816 1623 3038 1691 lixisque
3063 1623 3295 1680 dueere?
3323 1625 3505 1695 quue
3545 1641 3644 1682 nec
3676 1630 3956 1694 praesenti-

2372 1714 2470 1769 bus
2501 1729 2818 1784 magnOpere
2845 1714 3230 1780 delectabatur,
3255 1731 3351 1772 nec
3378 1717 3777 1773 discedentibus
3792 1720 3957 1774 vehe-

2371 1814 2578 1861 menter
2625 1806 2966 1860 contristatus
3029 1815 3111 1862 est
3157 1826 3170 1861 :
3221 1807 3467 1878 quoniam
3518 1809 3682 1878 probe
3736 1821 3956 1864 noverat

2371 1913 2552 1953 earum
2573 1911 2749 1951 rerum
2778 1908 3038 1952 naturam.
3073 1898 3195 1952 Haec
3219 1914 3313 1953 nos
3333 1899 3628 1964 audientes,
3658 1901 3950 1966 carissimi,

2371 2005 2540 2060 neque
2565 1999 2877 2060 paupertate
2905 1989 3236 2054 deiiciamur,
3282 2006 3452 2060 neque
3480 1991 3676 2046 divitiis
3722 1994 3949 2048 intume-

2370 2097 2618 2148 scamus;
2649 2082 2744 2137 sed
2788 2082 2840 2136 in
2873 2098 3046 2136 rerum
3075 2082 3461 2152 permutatione
3489 2084 3724 2137 animum
3757 2085 3953 2137 immu-

2371 2171 2585 2226 tabilem
2618 2172 2925 2237 retinentes,
2957 2171 3305 2241 pbilnsOpbiae
3335 2171 3560 2226 fructum
3589 2184 3874 2236 metamus,
3900 2183 3957 2227 ut

2369 2269 2423 2314 et
2449 2259 2535 2314 hic
2576 2259 2846 2329 voluptate
2895 2261 3246 2328 perfruamur,
3292 2271 3346 2317 et
3390 2264 3557 2315 futura
3604 2278 3954 2334 assequamur

2369 2349 2540 2414 bona;
2570 2366 2686 2418 qua:
2730 2351 3000 2421 contingat
3044 2352 3196 2406 nobis
3223 2354 3469 2407 omnibus
3513 2353 3757 2422 adipisci,
3789 2358 3952 2425 gratia

2369 2450 2420 2495 et
2446 2441 2682 2495 bonitate
2713 2441 2920 2496 Domini
2951 2443 3114 2496 nostri
3141 2442 3266 2497 Jesu
3297 2444 3510 2498 Christi.

2125 3520 2476 3585 MONITUM

759 3818 885 3875 Haec
917 3821 1178 3890 opuscula
1221 3819 1408 3876 Latine
1455 3829 1663 3876 tantum
1695 3814 1998 3887 habemus;
2045 3818 2228 3876 Graeca
2262 3821 2407 3877 enim
2441 3822 2520 3876 vel
2557 3837 2780 3892 prorsus
2814 3819 3013 3877 amissa
3055 3830 3201 3885 sunt,
3224 3821 3306 3877 vel
3346 3822 3512 3878 latent
3543 3821 3768 3878 alicubi.
3796 3823 3936 3880 Ger-

689 3971 846 4010 mana
890 3967 1066 4010 autem
1106 3973 1244 4014 esse.
1289 3969 1399 4012 tum
1442 3976 1624 4017 rerum
1669 3964 2116 4034 negotiorumque
2160 3965 2225 4019 de
2273 3965 2471 4034 quibus
2509 3964 2684 4035 agitur
2713 3967 2901 4024 series.
2930 3975 3044 4018 tum
3079 3965 3252 4030 stylus
3283 3965 3395 4034 ipse
3423 3965 3633 4019 suadet.
3670 3965 3929 4020 Genuina

689 4094 818 4151 item
847 4112 967 4151 esse
994 4097 1229 4151 fatentur
1257 4099 1400 4154 docti
1423 4101 1519 4153 viri
1546 4117 1755 4164 omnes,
1790 4117 1897 4157 uno
1923 4112 2150 4172 excepto
2179 4117 2405 4171 nupero,
2443 4105 2560 4172 qui,
2606 4111 2664 4156 ut
2695 4103 2945 4157 observat
2975 4101 3376 4164 Tillemontius,
3411 4117 3461 4170 p.
3505 4101 3631 4165 586,
3673 4116 3794 4156 esse
3830 4115 3933 4170 ge-

687 4228 850 4281 nuina
882 4230 1116 4296 negavit,
1141 4242 1194 4284 et
1228 4240 1405 4285 tamen
1437 4242 1646 4302 postea,
1684 4232 1953 4288 dictorum
1998 4235 2318 4298 immemor,
2351 4233 2488 4290 inter
2526 4235 2720 4303 γνήσια
2753 4236 3024 4289 recensuit
3059 4250 3070 4287 :
3105 4234 3161 4286 id
3210 4246 3334 4286 vero
3358 4240 3687 4286 consecutus
3719 4239 3838 4296 est,
3872 4241 3934 4286 ut

691 4381 797 4419 non
829 4369 1000 4438 magis
1031 4381 1314 4441 negantem
1343 4388 1505 4442 quam
1541 4385 1870 4431 asserentem
1903 4392 2176 4433 curemus.

757 4504 983 4561 llomilia
1010 4508 1156 4576 prior
1179 4525 1208 4564 a
1229 4509 1616 4582 Chrysostomo
1643 4512 1820 4568 habita
1850 4513 1950 4568 fuit
1972 4516 2232 4584 postridie
2256 4531 2421 4585 quam
2453 4515 2540 4569 ille
2569 4529 2632 4569 ex
2676 4515 2801 4568 Asia
2827 4513 3337 4584 Constantinopolin
3378 4512 3634 4567 redierat.
3682 4510 3790 4566 lter
3819 4525 3931 4565 au-

688 4645 791 4688 tem
819 4637 869 4691 in
893 4637 1077 4692 Asiam
1103 4651 1434 4712 susceperat,
1455 4653 1514 4698 ut
1531 4644 1811 4714 Ephesius:
1829 4646 2081 4701 Ecclesia:
2105 4647 2224 4708 lites
2246 4655 2613 4718 componeret,
2633 4649 3069 4719 simoniacosque
3099 4649 3382 4718 episcopos
3412 4646 3745 4708 deturbaret,
3773 4646 3928 4715 quod

685 4776 848 4828 etiam
880 4778 1174 4843 praestitum
1206 4787 1312 4844 est;
1339 4779 1533 4837 absens
1563 4793 1740 4839 autem
1774 4801 1869 4855 per
1897 4786 2012 4841 dies
2043 4786 2328 4857 plusquam
2357 4797 2593 4854 centum,
2625 4796 2683 4842 ut
2722 4788 2838 4858 ipso
2874 4789 3030 4844 initio
3064 4789 3157 4852 ait,
3190 4805 3444 4860 magnum
3473 4789 3558 4843 sui
3585 4790 3924 4847 desiderium

678 4917 878 4986 p0pulo
909 4929 966 4971 se
993 4930 1332 4988 summopere
1359 4922 1562 4976 amanti
1591 4923 1902 4995 reliquerat.
1949 4924 2003 4982 Id
2046 4942 2172 4982 vero
2207 4927 2393 4983 saltem
2433 4927 2689 4995 optabant
2735 4927 3341 4999 Constantinopolitani,
3381 4939 3438 4984 ut
3483 4929 3694 4984 Pascha
3729 4943 3924 4984 secum

680 5053 1047 5109 eelebraturus
1080 5064 1437 5111 reverteretur
1464 5075 1477 5110 :
1508 5060 1649 5128 quod
1680 5069 1858 5117 tamen
1890 5051 2292 5133 consequi'non
2323 5073 2616 5134 potuerunt
2643 5081 2657 5126 ;
2689 5076 2810 5134 post
2841 5067 3044 5122 Pascha
3094 5080 3345 5121 reversus
3375 5065 3692 5121 consolatur
3739 5066 3918 5135 ipsos,

679 5180 915 5252 dicitque
936 5183 1176 5253 quotidie
1209 5186 1468 5241 celebrari
1495 5204 1653 5256 posse
1683 5209 1695 5245 :
1737 5190 1870 5248 Nam
1906 5194 2110 5249 Pascha
2144 5195 2511 5262 celebramus,
2542 5199 2747 5268 inquit,
2779 5200 3214 5270 quotiescunque
3254 5215 3452 5271 corpus
3495 5209 3550 5256 et
3589 5201 3915 5271 sanguinem

677 5313 1262 5408 Cbristipercipientes
1294 5333 1520 5378 mortem
1552 5325 1760 5381 Domini
1787 5330 2193 5386 annuntiamus.
2221 5331 2321 5386 Per
2356 5338 2525 5386 totam
2569 5331 2841 5388 bomiliam
2877 5334 3018 5406 plebi
3053 5335 3352 5405 gratulatur
3381 5333 3584 5388 bonum
3625 5343 3904 5389 servatum

677 5454 938 5521 ordinem,
971 5455 1128 5511 ﬁdem
1158 5457 1568 5529 caritatemque,
1601 5471 1653 5515 et
1682 5461 1732 5515 in
1769 5463 1852 5518 sui
1882 5465 2167 5532 praesentia
2197 5476 2252 5520 et
2283 5481 2340 5523 se
2375 5467 2598 5524 absente
2622 5469 2939 5526 exhibitam.

745 5591 1094 5651 Oratiuncula
1117 5612 1347 5667 sequens
1372 5613 1402 5654 a
1425 5600 1810 5672 Gbrysostomo
1847 5605 1946 5660 bac
1970 5607 2258 5665 occasione
2288 5609 2468 5666 habita
2501 5609 2622 5665 fuit.
2660 5611 3017 5679 Severianus,
3059 5609 3388 5668 Gabalorum
3424 5609 3756 5680 episcopus,
3801 5608 3899 5680 qui
