4104 6494
713 431 804 487 62f
1430 447 1489 500 S.
1528 448 1811 506 .IOANNIS
1847 451 2327 514 CIIRYSOSTOMI
2360 461 2676 524 ARCHIEP.
2717 470 3257 534 CONSTANTINOP.
3859 468 3964 523 λεί

1463 656 1600 728 DE
1655 657 2214 733 BEGRESSU
2275 660 2663 740 SANCTI
2731 673 3170 754 JOANNIS

1775 829 1858 871 nx
1902 828 2039 874 asu
2081 828 2701 885 CONBTANTINOPOLII
2746 828 2854 907 (a).

2265 950 2606 1008 πῇ.

3557 599 3948 614 ἡ

2025 973 2260 987 ...ι-

750 1090 923 1186 Hoscs
938 1105 1157 1178 magnus
1177 1093 1264 1186 ille
1292 1093 1385 1149 Dei
1410 1094 1655 1160 famulus,
1683 1107 1838 1165 caput
1857 1095 2256 1166 prophetarum,
2372 1098 2499 1155 mihi
2529 1118 2593 1160 ex
2619 1107 2818 1166 visione
2841 1123 3015 1170 vestra
3039 1119 3284 1186 gaudium
3309 1124 3761 1182 cumulatumIEt
3781 1127 3952 1184 Jaco'b

687 1181 1242 1284 maris-viator..aeris
1269 1186 1494 1256 agitator
1512 1201 1760 1284 ,mensa:
1785 1197 2088 1256 apparator,
2116 1187 2204 1258 qui
2229 1201 2262 1242 a
2367 1189 2580 1258 quidem
2609 1211 2768 1253 unum
2809 1202 2972 1256 tilium
3001 1181 3188 1264 videns
3215 1209 3432 1280 Ioseph,
3461 1215 3721 1283 gaudebat
3747 1181 3950 1284 senex,

684 1273 941 1377 genitrice
978 1276 1250 1377 projectus
1276 1286 1356 1332 est
1385 1318 1400 1343 ,
1432 1286 1487 1332 et
1509 1278 1576 1377 ab
1605 1279 1990 1377 impugnatrice
2027 1281 2261 1336 salvatus
2365 1288 2420 1333 et
2442 1286 2793 1377 Arecreabatur
2819 1294 3003 1361 spiritu
3033 1313 3046 1350 :
3073 1312 3171 1368 ego
3195 1273 3370 1356 autem
3397 1273 3502 1358 non
3529 1321 3688 1361 unum
3717 1273 3949 1377 Ioseph,

685 1367 885 1435 (genuit
903 1369 1116 1437 quidem
1139 1385 1259 1425 eum
1285 1379 1472 1437 mater,
1495 1371 1713 1426 abstulit
1740 1381 1914 1428 autem
1945 1389 2066 1429 eum
2087 1373 2255 1444 Egy-

681 1458 787 1526 ptia
808 1499 823 1522 ,
850 1468 904 1514 et
932 1461 1227 1529 enutrivit),
1256 1469 1310 1517 et
1339 1462 1430 1531 qui
1460 1463 1512 1517 in
1536 1461 1768 1534 Egypto
1807 1465 2136 1520 nutriebatur
2156 1506 2172 1531 ,
2201 1465 2255 1520 in

679 1539 821 1604 etelis
847 1553 1262 1607 conversabatur
1292 1569 1307 1609 :
1338 1554 1428 1623 qui
1457 1563 1657 1610 tantum
1701 1570 1763 1610 ac
1789 1555 1894 1610 tale
1930 1557 2113 1611 statuit
2140 1566 2252 1612 tro-

679 1656 848 1712 preum
872 1685 888 1709 ,
912 1643 1011 1700 iste
1036 1645 1154 1700 talis
1191 1659 1255 1701 ac
1289 1654 1465 1701 tantus
1491 1651 1569 1701 vlr
1591 1687 1606 1713 ,
1629 1647 1718 1718 qui
1755 1647 2099 1718 quadraginta
2138 1648 2253 1704 dies

675 1736 960 1807 reliquerat
984 1738 1272 1810 populum,
1300 1739 1497 1794 invenit
1526 1754 1647 1794 eum
1689 1739 1822 1796 idola
1867 1741 2206 1798 fabricantem
2231 1783 2246 1808 ,

673 1837 728 1885 et
751 1828 1040 1885 seditiones
1062 1839 1504 1887 commoventem.
1536 1832 1647 1901 Ego
1675 1841 1849 1888 autem
1878 1849 1982 1888 non
2017 1832 2246 1904 quadra-

670 1919 814 1991 ginta
847 1919 962 1976 dies
989 1929 1220 1988 tantum,
1249 1921 1341 1977 sed
1372 1931 1426 1978 et
1447 1922 1824 1994 quinquaginta
1852 1933 1906 1978 et
1929 1933 2164 1991 centum,
2191 1935 2246 1981 et

668 2011 912 2084 amplius,
946 2022 1000 2070 ct
1027 2014 1202 2070 inveni
1225 2029 1321 2072 vos
1347 2017 1607 2082 laetantes,
1631 2027 1684 2072 et
1709 2015 2164 2086 philosophantes,
2189 2027 2246 2073 et

666 2106 720 2161 in
750 2106 843 2162 Dei
877 2107 1062 2162 timore
1090 2118 1509 2176 perseverantes.
1539 2108 1808 2178 Numquid
1853 2124 1950 2180 ego
1993 2109 2139 2165 Mose
2166 2110 2244 2164 al-

664 2195 768 2250 tior
791 2195 944 2250 sum?
975 2197 1123 2250 Absit
1150 2195 1299 2252 :‘hoc
1323 2198 1465 2253 enim
1486 2197 1664 2254 dicere
1683 2207 1936 2254 extrema:
1960 2199 2242 2256 dementire

660 2301 760 2348 est.
777 2293 890 2350 Sed
915 2295 1035 2364 quia
1067 2295 1295 2366 populus
1322 2295 1423 2352 iste
1454 2297 1546 2352 illo
1570 2296 1768 2367 populo
1790 2295 2085 2359 sublimior,
2112 2309 2240 2365 pro-

660 2395 841 2456 pterea
868 2397 922 2442 et
946 2387 1034 2442 ille
1063 2387 1130 2442 de
1157 2397 1337 2443 monte
1365 2389 1696 2444 descendens
1723 2389 2032 2458 increpabat
2060 2390 2236 2443 Aaron

658 2478 730 2532 ob
753 2476 1066 2534 seditionem
1088 2478 1286 2548 populi,
1306 2490 1358 2534 et
1380 2479 1614 2536 irascens
1642 2479 1987 2535 invehebatur
2014 2480 2065 2533 in
2089 2494 2231 2545 eum,

656 2584 752 2624 cur
769 2569 1094 2640 acquieverit
1116 2569 1369 2625 voluntati
1390 2586 1594 2626 eorum.
1615 2571 1727 2642 Ego
1746 2582 1924 2626 autem
1946 2570 2234 2627 adveniens

656 2661 918 2731 praeconia
944 2669 1118 2716 vestra
1143 2670 1195 2716 et
1219 2675 1443 2719 coronas
1467 2670 1772 2717 contexam.
1798 2660 1901 2720 Ubi
1923 2663 2068 2718 enim
2097 2677 2234 2733 prae-

653 2752 906 2828 varicatipo
929 2795 946 2821 ,
970 2752 1042 2810 ibi
1071 2762 1250 2810 reatus
1276 2757 1629 2826 subsequatur
1652 2770 1870 2812 necesse
1903 2764 2018 2822 est,
2050 2764 2104 2811 et
2132 2754 2232 2810 ob-

649 2844 911 2916 iurgatio;
935 2844 1022 2900 ubi
1043 2853 1220 2901 autem
1249 2847 1512 2902 correctio
1529 2887 1545 2912 ,
1571 2847 1642 2903 ibi
1669 2845 1855 2902 laudes
1883 2855 1938 2902 et
1967 2845 2230 2916 praeconia

651 2947 706 2992 et
729 2951 941 2993 coronae
963 2953 979 2992 :
1002 2937 1228 3009 ideoque
1253 2938 1352 2993 etsi
1378 2938 1626 3010 ampliori
1652 2945 1892 3009 tempore
1918 2937 2229 2994 demoratus

650 3044 766 3086 sum
786 3029 947 3098 foras,
969 3045 1076 3086 non
1093 3043 1177 3086 me
1197 3030 1435 3102 prmitet,
1454 3031 1577 3100 quia
1595 3030 1926 3086 confidebam
1948 3029 2015 3086 de
2035 3038 2228 3086 vestrae

649 3122 885 3177 caritatis
923 3120 1151 3187 affectu,
1183 3131 1238 3178 et
1278 3122 1577 3192 integritate
1622 3121 2034 3178 fideizsciebam
2083 3122 2222 3176 enim

648 3229 873 3270 uxorem
916 3213 1046 3270 mibi
1091 3213 1467 3285 desponsatam
1495 3215 1739 3270 castitate
1776 3229 1896 3271 esse
1929 3215 2183 3270 munitam
2207 3256 2221 3279 ,

646 3308 784 3361 sicut
808 3307 860 3361 in
887 3305 1130 3363 saacularl
1157 3307 1402 3378 wnjugio
1427 3307 1625 3364 assolet
1651 3307 1882 3363 evenire.
1908 3306 2116 3363 Etenim
2145 3307 2225 3362 vir

645 3396 858 3466 quando
887 3397 1204 3466 impudicam
1231 3412 1448 3454 uxorem
1479 3398 1674 3454 habere
1697 3413 1756 3454 se
1782 3398 1950 3466 novit,
1976 3413 2074 3453 nec
2094 3413 2220 3468 pro-

645 3488 849 3557 spicere
893 3487 942 3543 ei
985 3487 1052 3544 de
1084 3487 1244 3543 domo
1286 3489 1693 3560 permittitzqui
1743 3490 1843 3545 etsi
1895 3490 2220 3560 peregrinari

643 3579 928 3651 aliquando
960 3589 1176 3636 coactus
1220 3579 1414 3646 fuerit,
1443 3579 1651 3650 cogitur
1674 3580 1781 3635 cito
1804 3579 2039 3646 reverti,
2071 3580 2220 3650 quasi

643 3670 872 3740 quodam
902 3670 1216 3741 suSpicionis
1241 3671 1425 3729 aculeo
1451 3669 1784 3737 stimulatus;
1814 3671 1906 3741 qui
1930 3679 2105 3726 autem
2136 3685 2222 3725 so-

643 3763 812 3818 briam
835 3772 888 3818 et
911 3771 1111 3819 castam
1138 3762 1324 3829 habet,
1347 3759 1490 3818 foras
1518 3777 1738 3818 securus
1764 3771 2032 3829 moratur,
2066 3761 2216 3816 suffi-

641 3855 845 3910 cientes
890 3869 988 3924 pro
1014 3863 1318 3910 curatorum
1366 3853 1660 3910 munimine
1700 3868 1877 3910 mores
1908 3853 2218 3923 relinquens

643 3948 843 4002 uxoris.
877 3947 989 4004 Hoc
1013 3963 1114 4019 ego
1151 3957 1204 4003 et
1231 3947 1407 4003 Moses
1434 3947 1577 4020 passi
1610 3961 1816 4003 sumus.
1840 3945 1935 4002 Ille
1961 3947 2173 4018 quidem
2199 3987 2214 4012 ,

640 4039 764 4108 quia
787 4038 1224 4094 inemendabilem
1253 4053 1574 4111 synagogam
1609 4037 1836 4094 habebat
1861 4051 2102 4102 uxorem,
2135 4053 2220 4092 re-

642 4128 795 4198 liquit
818 4144 964 4193 eam,
991 4138 1046 4184 et
1070 4128 1329 4184 fornicata
1352 4137 1473 4195 est,
1503 4139 1559 4184 et
1586 4128 1859 4198 compellit
1885 4142 2008 4183 eum
2036 4127 2174 4182 Deus
2199 4169 2216 4195 ,

641 4221 822 4276 dicens
850 4238 864 4274 :
895 4219 1156 4292 Exsurge,
1187 4221 1430 4276 descende
1455 4236 1474 4275 :
1499 4221 1652 4292 impie
1689 4221 1821 4274 enim
1851 4221 1967 4290 fecit
2002 4222 2220 4291 populus

642 4325 755 4368 tum
784 4313 974 4384 (Exod.
1003 4314 1092 4369 52.
1121 4314 1196 4385 7).
1226 4313 1332 4370 Sed
1357 4329 1452 4385 ego
1475 4314 1671 4368 nullam
1700 4311 1999 4382 huiusmodi
2019 4313 2218 4383 jussio-

640 4421 765 4462 nem
793 4407 994 4477 accepi.
1021 4407 1092 4462 Et
1119 4421 1238 4461 cum
1256 4406 1535 4477 paululum
1566 4406 1696 4460 mihi
1724 4405 2003 4462 infirmitas
2027 4421 2216 4477 corpo-

640 4500 714 4555 ris
739 4499 1038 4567 accidisset,
1061 4515 1165 4554 non
1195 4515 1280 4555 me
1310 4499 1620 4569 inquietavit
1638 4507 1810 4554 vestra
1838 4499 2097 4565 absentia,
2122 4500 2214 4555 sed

640 4605 860 4646 securus
885 4592 951 4647 dc
979 4593 1128 4647 vobis
1152 4590 1512 4661 tegrotatiouis
1539 4605 1672 4645 mea:
1699 4591 2001 4660 exspectavi
2030 4591 2213 4646 mede-

640 4681 770 4737 lam.
799 4682 918 4737 Non
947 4685 1078 4738 enim
1113 4700 1239 4753 opus
1268 4685 1447 4739 habent
1473 4684 1583 4738 sani
1609 4683 1830 4748 medico,
1857 4683 1945 4738 sed
1970 4685 2056 4755 qui
2085 4685 2214 4739 male

640 4774 862 4845 habent(
889 4773 1074 4828 Matth.
1107 4774 1159 4830 9.
1189 4775 1300 4844 l2).
1329 4773 1460 4830 Nam
1486 4783 1540 4830 et
1566 4775 1608 4829 si
1641 4773 1843 4828 tardavi
1875 4790 2159 4844 parumper
2183 4790 2210 4828 a

641 4864 810 4928 vobis,
838 4880 942 4920 non
974 4865 1075 4920 hoc
1103 4865 1167 4920 ad
1189 4865 1565 4920 detrimentum
1591 4865 1775 4932 vestri,
1799 4865 1890 4920 sed
1908 4866 1974 4920 ad
2003 4866 2214 4922 divitias

638 4964 766 5024 puto
795 4956 1053 5025 proficere
1077 4967 1279 5013 vestras
1305 4973 1459 5028 :quxe
1485 4959 1624 5013 enirn
1655 4973 1750 5028 per
1779 4973 1885 5025 me,
1912 4959 2018 5012 imo
2046 4962 2212 5030 magis

640 5064 734 5118 per
757 5049 978 5119 gratiam
1009 5050 1100 5106 Dei
1128 5060 1366 5106 correcta
1397 5059 1541 5116 sunt,
1573 5059 1746 5105 vestra
1773 5066 1969 5130 corona
1997 5061 2096 5118 est,
2124 5069 2213 5108 ve-

639 5146 749 5193 sler
770 5140 1035 5209 profectus
1063 5151 1163 5196 est.
1186 5141 1255 5195 Et
1283 5141 1402 5198 ideo
1427 5143 1632 5212 gaudeo
1657 5150 1712 5197 et
1739 5143 1988 5214 tripudio,
2012 5153 2067 5199 et
2088 5153 2214 5200 tam-

639 5244 799 5298 quam
825 5230 1048 5286 volitare
1073 5245 1159 5286 me
1198 5231 1359 5287 credo
1381 5273 1394 5295 ,
1417 5241 1473 5287 et
1495 5232 1670 5302 gaudii
1700 5233 1855 5302 hujus
1893 5233 2213 5304 magnitudi-

640 5336 762 5374 nem
792 5319 938 5375 cl'fari
971 5337 1076 5375 non
1126 5337 1283 5391 queo.
1319 5324 1461 5389 Quid
1505 5338 1636 5394 ergo
1682 5325 1910 5384 faciam?
1943 5328 2212 5398 quomodo

635 5413 881 5469 indicabo
914 5413 1319 5468 exsultationem
1346 5413 1538 5465 mentis
1567 5411 1735 5466 mete?
1763 5411 1819 5466 ln
1852 5415 2207 5469 testimonium

637 5520 768 5559 voco
784 5494 1160 5560 conscientiam
1187 5511 1438 5567 vestram,
1460 5503 1706 5570 quoniam
1729 5501 1883 5558 video
1899 5518 1964 5557 ex
1985 5504 2208 5560 adventu

638 5611 758 5651 meo
785 5594 976 5665 gaudio
1003 5610 1120 5650 esse
1149 5595 1401 5664 repletam
1431 5611 1444 5646 :
1469 5594 1605 5664 quod
1633 5595 1904 5664 gaudium,
1935 5610 2126 5650 corona
2157 5608 2211 5652 ct

642 5687 751 5741 laus
775 5702 893 5742 mea
919 5695 1020 5740 est.
1049 5683 1105 5741 Si
1143 5687 1282 5740 enim
1313 5700 1428 5741 mea
1457 5686 1610 5740 unius
1638 5687 1735 5741 viri
1782 5688 2060 5756 przesentia
2091 5698 2207 5742 tau-

642 5785 745 5830 tam
784 5777 990 5846 plebem
1021 5777 1108 5830 tali
1136 5776 1358 5845 replevit
1387 5776 1652 5846 voluptate
1681 5794 1691 5830 :
1717 5785 1971 5848 quantum
2014 5778 2208 5848 putatis

699 5888 770 5948 (tt)
799 5900 922 5939 anno
945 5891 1051 5939 401.

2362 1371 2458 1471 sed
2485 1389 2672 1434 omnes
2700 1395 2795 1436 vos
2814 1383 2890 1437 illi
2915 1386 3114 1444 similes
3137 1391 3292 1448 video
3315 1401 3369 1448 et
3394 1395 3618 1465 gaudeo,
3639 1399 3760 1469 quia
3783 1371 3950 1471 para;

2361 1462 2532 1519 disum
2581 1484 2756 1527 meum
2795 1478 2968 1546 recepi
3013 1479 3105 1535 illo
3138 1462 3418 1540 Paradiso‘
3441 1462 3716 1546 meliorem
3747 1462 3843 1548 :et
3869 1493 3944 1548 ibi

2359 1557 2569 1625 quidem
2614 1576 2834 1635 serpens
2884 1580 2996 1626 erat
3036 1572 3323 1644 insidians,
3354 1579 3442 1635 hic
3483 1591 3657 1639 autem
3692 1583 3944 1642 Christus

2357 1653 2609 1720 mysteria
2638 1656 2916 1716 celebrans
2944 1679 2958 1716 :
2989 1663 3060 1719 ibi
3087 1665 3229 1722 lleva
3257 1678 3372 1725 erat
3398 1671 3692 1742 sedueens,
3725 1675 3813 1732 hic
3835 1693 3942 1734 an-

2356 1746 2461 1837 tem
2506 1751 2589 1798 est
2625 1759 2886 1806 coronans
2905 1752 3158 1812 Ecclesia
3187 1776 3202 1813 :
3229 1759 3300 1815 ibi
3339 1760 3512 1818 Adam
3537 1764 3896 1824 seducebatnr
3917 1810 3937 1837 ,

2463 1846 2637 1894 autem
2667 1844 2889 1913 populus
2908 1846 3144 1906 adharet
3171 1851 3280 1910 Deo
3305 1870 3319 1907 :
3343 1853 3416 1910 ibi
3444 1856 3662 1916 arbores
3680 1833 3934 1930 diversa,

2352 1923 2436 1981 hic
2451 1938 2626 1986 autem
2647 1932 2957 1994 donationes
2977 1941 3137 1997 varia:
3159 1961 3174 1998 :
3197 1943 3251 1998 in
3277 1944 3530 2004 Paradiso
3549 1949 3766 2008 arbores
3780 1923 3934 2008 mar;

2349 2028 2623 2077 cescentes
2643 2064 2657 2088 ,
2689 2023 2742 2078 in
2770 2025 2995 2084 ecclesia
3035 2031 3256 2090 arbores
3288 2035 3668 2096 fructificantes
3694 2042 3790 2098 :‘in
3837 2043 3936 2099 illo

2348 2107 2599 2165 Paradiso
2625 2118 3034 2190 unumquodque
3058 2137 3225 2193 genus
3251 2128 3502 2184 sementis
3526 2128 3581 2185 in
3606 2145 3705 2188 suo
3731 2147 3929 2203 perse-

2345 2212 2491 2256 verat
2531 2214 2669 2261 statu
2692 2248 2708 2274 ,
2738 2209 2791 2296 in
2817 2210 2920 2268 isto
2947 2229 3075 2270 vero
3103 2217 3348 2287 paradiso
3372 2221 3419 2276 si
3445 2220 3702 2281 invenero
3739 2225 3932 2283 labru-

2343 2306 2512 2361 scam,
2543 2297 2702 2354 vitem
2728 2299 2946 2359 uberem
2975 2304 3202 2362 efﬁciam
3228 2325 3241 2362 :
3264 2309 3309 2364 si
3339 2311 3593 2369 invenem
3613 2315 3926 2384 oleaStrurn,

2342 2398 2520 2442 veram
2570 2389 2763 2446 olivam
2801 2393 3064 2452 efficiam:
3095 2399 3214 2454 talis
3237 2403 3435 2458 etenim
3463 2413 3546 2461 est
3571 2414 3727 2462 terrae
3765 2407 3928 2466 istius

2340 2488 2548 2534 natura.
2577 2481 2800 2553 Propter
2823 2484 2940 2543 haec
2964 2489 3190 2560 gaudeo,
3223 2496 3575 2563 prtetermitto
3600 2497 3925 2557 satisfactio-

2339 2583 2460 2624 nem
2489 2589 2504 2625 :
2529 2575 2796 2642 quomodo
2820 2592 2950 2634 vero
2981 2595 3079 2636 vos
3112 2580 3332 2640 abduxit
3361 2587 3493 2642 tanti
3520 2589 3774 2658 temporis
3797 2590 3925 2648 lon-

2335 2661 2546 2730 gitudo,
2574 2668 2823 2738 suscipite
2850 2671 3264 2730 satisfactionem
3293 2691 3468 2733 meam
3491 2718 3508 2745 ,
3538 2681 3822 2738 carissimi.
3855 2683 3920 2740 Si

2337 2766 2552 2810 servum
2594 2758 2786 2814 alicubi
2842 2759 3079 2832 dirigatis
3126 2779 3232 2820 non
3274 2776 3631 2826 revertentem
3660 2812 3676 2836 ,
3702 2772 3924 2845 exigitis

2336 2858 2522 2900 causas
2544 2846 2628 2902 ubi
2656 2860 2892 2906 moratus
2917 2853 3005 2920 sit,
3034 2854 3120 2910 ubi
3141 2864 3345 2912 tantum
3375 2861 3688 2931 expenderit
3711 2870 3923 2936 tempo-

2333 2938 2407 2991 ris
2431 2955 2446 2992 :
2470 2947 2522 2994 et
2547 2955 2646 3011 ego
2672 2957 2855 2998 servus
2884 2960 3000 2999 sum
3030 2956 3220 3004 vestras
3247 2951 3482 3007 caritatis
3505 2971 3519 3007 :
3541 2955 3744 3011 emistis
3769 2958 3920 3015 enim

2332 3045 2446 3095 me,
2473 3046 2577 3085 non
2608 3037 2878 3101 pecuniam
2912 3039 3284 3103 conficientes.
3305 3043 3398 3098 sed
3426 3047 3698 3104 caritatem
3727 3061 3920 3107 osten-

2329 3120 2534 3177 dentes.
2556 3122 2775 3181 Gaudeo
2804 3127 2998 3198 quippe
3042 3131 3132 3186 tali
3171 3133 3390 3189 servitio
3417 3137 3783 3208 mancipatus,
3811 3157 3918 3198 nec

2319 3227 2575 3284 umquam
2617 3214 2719 3271 hoc
2763 3216 3015 3275 famulatu
3059 3231 3186 3292 opto
3213 3238 3300 3280 me
3325 3224 3499 3281 solvi:
3533 3229 3729 3285 etenim
3767 3230 3917 3290 istud

2327 3303 2598 3359 servitium
2641 3305 2770 3362 mihi
2808 3307 3055 3367 libertate
3089 3312 3420 3384 elegantius:
3451 3315 3590 3373 istud
3631 3320 3917 3378 servitium

2328 3393 2378 3448 in
2411 3394 2542 3449 illud
2570 3395 2798 3452 tribunal
2824 3397 3034 3455 beatum
3055 3402 3336 3460 collocavit
3354 3405 3487 3462 mihi
3512 3408 3696 3465 aedem
3725 3411 3916 3468 εἱειυὰ

2325 3484 2598 3541 servitium
2619 3503 2722 3542 non
2742 3497 2824 3544 est
2841 3491 3190 3559 necessitatis,
3202 3493 3296 3550 sed
3309 3496 3749 3568 voluntatis.Quia
3761 3505 3915 3560 enim

2327 3591 2430 3632 non
2479 3578 2824 3638 libentissime
2845 3583 3048 3639 serviat
3086 3585 3356 3643 dilectioni
3400 3600 3591 3648 vestrm
3613 3633 3628 3658 ,
3661 3601 3769 3650 tam
3790 3596 3915 3654 de»

2321 3669 2646 3738 gantissimis
2668 3673 3031 3731 amatoribus?
3054 3675 3206 3745 Quod
3234 3679 3336 3734 etsi
3362 3679 3622 3750 lapideam
3651 3682 3912 3744 haberem

2321 3759 2574 3828 animam,
2600 3777 2719 3816 cera
2747 3762 3002 3824 fecissetis
3027 3767 3486 3839 molliorem.Quid
3503 3771 3675 3830 dicam
3694 3775 3915 3835 deside-

2322 3848 2402 3902 rio
2418 3859 2615 3918 vestro,
2639 3862 2693 3908 et
2711 3851 2902 3920 favori,
2919 3870 3077 3926 quem
3097 3856 3344 3914 hesterna
3363 3862 3674 3920 ostendistis
3697 3865 3784 3921 die
3805 3867 3909 3939 (a).

2321 3940 2586 4007 quomodo
2618 3957 2774 3998 voces
2817 3955 3011 4002 vestrae
3052 3962 3173 4003 cum
3214 3947 3409 4020 gaudio
3435 3951 3624 4008 calum
3654 3967 3910 4024 penetra-

2321 4030 2475 4084 runt?
2506 4030 2680 4101 lpsum
2723 4035 3113 4093 sanctificantes
3136 4053 3317 4095 aerem
3340 4082 3357 4108 ,
3387 4042 3658 4100 civitatem
3701 4045 3911 4105 fecistis

2325 4120 2648 4176 Ecclesiam:
2684 4124 2980 4181 honorabar
3019 4143 3152 4200 ego,
3179 4139 3235 4185 et
3280 4131 3420 4188 Deus
3462 4133 3906 4205 glorificabatur:

2318 4212 2558 4269 bmretici
2585 4215 3062 4281 confundebantur.
3083 4221 3324 4278 Ecclesia
3349 4239 3478 4280 vero
3505 4229 3864 4288 coronabatur
3888 4251 3905 4288 :

2320 4306 2439 4374 quia
2471 4321 2656 4378 magna
2686 4308 2866 4364 latitia
2892 4320 2974 4366 est
2999 4313 3190 4380 matri,
3218 4328 3338 4369 cum
3379 4319 3647 4375 exsultant
3679 4320 3773 4377 lilii
3803 4341 3820 4376 :
3848 4336 3909 4382 et

2318 4397 2516 4466 grande
2555 4399 2802 4470 gaudium
2842 4403 3038 4471 pastori
3063 4445 3080 4471 ,
3111 4418 3231 4458 cum
3258 4406 3526 4461 exsultant
3552 4409 3671 4479 agni
3699 4413 3904 4484 gregis.

2321 4491 2449 4546 Veni
2479 4491 2543 4546 ad
2569 4492 2756 4563 gaudia
2785 4493 3037 4549 virtutum
3062 4504 3356 4551 vestrarum
3376 4540 3392 4564 ,
3422 4491 3601 4555 audivi
3627 4503 3750 4572 quia
3776 4517 3904 4560 cum

2320 4583 2582 4640 haereticis
2629 4585 2896 4640 colluctati
2936 4587 3066 4642 estis
3089 4629 3104 4652 ,
3136 4595 3190 4642 et
3217 4589 3339 4658 quia
3369 4590 3548 4661 inique
3572 4603 3798 4663 egerunt
3846 4597 3902 4652 in

2319 4675 2581 4744 baptismo
2603 4715 2617 4739 ,
2653 4674 3014 4746 redarguistls.
3039 4677 3301 4748 Numquid
3342 4681 3608 4737 incassum
3651 4683 3901 4743 dicebam

2317 4766 2565 4835 quoniam
2609 4777 2754 4821 ca5ta
2779 4781 2912 4821 uxor
2952 4767 3173 4823 absente
3211 4770 3326 4824 viro
3349 4771 3559 4840 repellit
3584 4771 3860 4830 adulteros
3884 4819 3901 4844 ,

2318 4855 2537 4911 absente
2560 4865 2772 4924 pastore
2801 4856 2961 4926 abigit
2986 4858 3175 4928 lupos,
3203 4859 3318 4914 sine
3343 4861 3694 4930 gubernatore
3715 4874 3904 4921 nauta:

2317 4948 2650 5002 salvaverunt
2679 4963 2884 5012 navem.
2908 4950 3023 5005 sine
3046 4950 3182 5005 duce
3201 4951 3396 5007 milites
3416 4953 3689 5010 victoriam
3711 4970 3906 5026 repor-

2319 5048 2584 5104 taverunt,
2611 5041 2723 5096 sine
2748 5041 2967 5098 doctore
2989 5041 3234 5113 discipuli
3265 5043 3624 5116 profecerunt,
3653 5047 3772 5105 sine
3796 5066 3896 5122 pa-

2319 5144 2397 5188 tre
2425 5133 2514 5187 lilii
2543 5131 2773 5188 roborati
2801 5136 2966 5190 sunt?
2989 5135 3102 5190 imo
3127 5138 3293 5207 magis
3318 5154 3422 5194 non
3451 5139 3566 5194 sine
3591 5151 3777 5210 patre:
3802 5158 3903 5199 ve-

2317 5234 2428 5279 ster
2455 5224 2594 5280 enim
2623 5224 2889 5294 profectus
2905 5241 3077 5281 meum
3096 5228 3366 5299 gaudium,
3386 5240 3559 5284 vestra
3580 5231 3908 5301 glorificatio

2317 5331 2434 5370 mea
2473 5331 2670 5370 corona
2698 5326 2798 5372 est.
2830 5317 2933 5373 Sed
2961 5318 3415 5386 desiderabamus,
3449 5321 3665 5392 inquitis
3684 5363 3700 5388 ,
3721 5332 3906 5380 tecum

2317 5409 2488 5463 facere
2514 5408 2734 5462 Pascha.
2753 5409 3024 5466 Satisfaeio
3040 5411 3310 5467 dilectioni
3331 5421 3539 5476 vestite,
3562 5413 3761 5484 quippe
3777 5430 3908 5472 cum

2311 5499 2417 5567 jam
2459 5501 2777 5556 iracundiam
2808 5511 2984 5557 vestro
3025 5502 3374 5558 dissolveritis
3410 5514 3648 5572 aspectu.
3688 5503 3830 5560 Nam
3859 5509 3903 5561 si

2317 5601 2466 5660 pater
2497 5591 2769 5662 prodigum
2800 5594 3093 5663 suscipiens
3121 5594 3284 5649 filium
3315 5593 3491 5649 statim
3513 5595 3904 5652 reconciliavit.

2314 5698 2489 5752 neque
2533 5699 2713 5752 pmnas
2741 5685 2898 5755 exigit
2930 5684 2997 5739 ab
3026 5700 3092 5741 c0
3112 5728 3126 5752 ,
3158 5685 3253 5741 sed
3298 5684 3440 5739 illico
3469 5685 3746 5754 amplexus
3774 5700 3862 5742 est
3885 5709 3900 5740 .-

2315 5776 2484 5830 multo
2526 5777 2691 5847 magis
2747 5777 2838 5831 filii
2893 5788 3094 5848 patrem
3146 5777 3515 5846 suscipientes.
3561 5775 3670 5833 Sed
3723 5789 3905 5837 tamen

2322 5865 2324 5869 l
2379 5890 2449 5950 (α)
2474 5890 2703 5940 Postridie
2726 5905 2867 5954 quam
2890 5892 3123 5950 redierat,
3145 5888 3271 5941 banc
3291 5893 3561 5941 orationem
3592 5890 3787 5942 hatmtt.
