4104 6486
180 465 257 520 ‘25
1316 449 1402 506 DE
1443 452 1857 514 RECIPIENDO
1895 457 2186 517 SEVERM
2197 461 2309 517 ΝΟ.

171 592 210 630 et
237 579 294 631 ad
321 581 420 634 hoc
445 578 758 649 respondeo
788 597 802 634 :
836 577 1033 633 Pascha
1066 591 1272 632 mecum
1317 576 1370 630 in
1398 574 1536 631 votis
1563 574 1739 629 facere

173 670 446 735 habebatis,
477 686 642 725 nemo
686 671 934 740 prohibet
971 669 1130 726 hodie
1173 685 1270 726 vos
1312 683 1520 725 mecum
1565 670 1738 725 lacere

172 762 341 817 Pascha
369 777 384 814 :
412 761 506 816 sed
555 760 786 816 forsitan
832 762 1048 826 dicetis,
1078 759 1343 830 Numquid
1381 761 1492 815 duo
1532 759 1737 816 Pascha

169 851 325 906 facturi
351 851 576 906 sumus?
596 850 740 919 Non,
764 852 856 907 sed
886 867 1063 917 unum,
1086 861 1140 906 et
1161 853 1333 922 ipsum
1354 850 1731 921 multipliciter.

168 941 290 996 Sicut
309 941 447 995 enim
475 956 702 1012 semper
727 941 810 998 sol
835 941 1068 998 exoritur
1088 983 1103 1010 ,
1127 950 1182 997 et
1208 957 1314 998 non
1343 941 1571 998 dicimus
1596 941 1734 996 mul-

171 1040 238 1085 tos
259 1030 410 1097 soles,
438 1031 536 1086 sed
580 1041 676 1088 est
714 1033 793 1088 sol
821 1032 1055 1103 quotidie
1079 1032 1298 1091 oriens:
1325 1034 1404 1088 sic
1440 1040 1495 1086 et
1530 1032 1732 1087 Pascha

163 1135 345 1190 semper
385 1132 837 1190 consummatur,
868 1131 924 1178 et
966 1137 1086 1177 cum
1131 1137 1344 1192 semper
1391 1122 1690 1178 celebretur
1713 1164 1730 1189 ,

163 1227 300 1268 unum
326 1220 406 1266 est
426 1213 794 1270 solemnitatis
818 1222 1034 1270 nostra).
1059 1214 1365 1270 Judreorum
1396 1214 1600 1269 similes
1626 1229 1730 1270 non

161 1317 335 1370 sumus,
362 1318 471 1359 non
496 1304 772 1362 servimus
795 1305 910 1360 loco
935 1346 951 1370 ,
979 1319 1081 1360 nec
1104 1304 1302 1361 subditi
1329 1319 1513 1360 sumus
1541 1319 1730 1359 neces-

161 1395 280 1450 sitati
297 1395 577 1466 temporis,
598 1395 867 1453 dominica
891 1411 1021 1453 voce
1047 1396 1262 1451 ﬁrmati.
1288 1395 1726 1467 Quotiescumque,

160 1486 304 1557 lnquit
324 1529 340 1554 ,
370 1488 807 1543 ntandtwavm'tis
833 1506 1014 1559 panem
1039 1489 1191 1543 istum
1213 1531 1230 1556 ,
1260 1498 1306 1543 et
1336 1488 1472 1543 hunc
1510 1488 1731 1544 biberitia

158 1577 353 1642 calicem,
378 1587 598 1632 mortars
623 1577 833 1633 Domini
856 1579 1216 1634 annuntiabitis
1247 1578 1323 1651 (l.
1356 1578 1474 1633 Cor.
1499 1580 1583 1634 Η.
1609 1578 1726 1650 26).

159 1665 515 1721 Annuntiamus
541 1681 782 1738 namque
808 1667 967 1724 hodie
987 1679 1212 1724 mortem
1236 1669 1452 1724 Christi.
1475 1669 1580 1726 Sed
1605 1681 1731 1727 tunc

159 1754 340 1825 quidem
373 1755 642 1814 festivitas
670 1776 684 1812 :
713 1767 768 1815 et
797 1759 953 1815 hodie
981 1759 1258 1816 festivitas.
1287 1760 1385 1817 Ubi
1416 1763 1558 1816 enim
1585 1763 1724 1818 cari-

157 1857 223 1902 tas
253 1847 476 1918 gaudet,
501 1848 575 1904 ibi
606 1859 691 1905 est
721 1850 978 1907 festivitas
1007 1869 1021 1906 :
1051 1859 1106 1906 et
1134 1851 1223 1906 ubi
1267 1853 1444 1923 recepi
1485 1853 1726 1908 laetantes

157 1938 269 1991 ﬁlios
287 1978 303 2003 ,
330 1940 622 1995 maximam
664 1941 884 1997 celebro
920 1941 1289 1999 festivitatem.
1311 1943 1522 2000 Etenim
1553 1955 1607 2001 et
1636 1947 1725 2002 illa

155 2026 377 2084 lestivitas
403 2031 608 2087 caritas
629 2039 733 2086 est.
763 2031 853 2087 Sic
877 2033 1032 2099 enim,
1060 2034 1231 2105 inquit
1258 2036 1554 2105 apostolus,
1587 2036 1726 2092 Deus

155 2118 304 2171 dilexit
331 2121 580 2174 mundum
599 2161 615 2186 ,
645 2131 703 2175 ut
730 2121 924 2177 Filium
951 2142 1098 2179 suum
1123 2125 1435 2198 unigenitum
1462 2128 1604 2182 daret
1630 2146 1723 2198 pro

152 2223 197 2261 eo
219 2206 381 2280 (Joan.
408 2209 466 2265 3.
497 2209 613 2281 16).
644 2212 752 2268 Sed
783 2215 955 2282 multi,
984 2215 1266 2286 inquiunt,
1295 2225 1346 2273 te
1371 2218 1593 2275 absente
1623 2221 1719 2275 ba-

155 2297 304 2363 ptisati
340 2309 483 2354 sunt.
516 2301 588 2356 Et
615 2302 747 2374 quid
775 2305 928 2360 tum?
955 2305 1095 2361 Nihil
1121 2307 1294 2362 minus
1324 2308 1482 2364 habet
1510 2311 1676 2381 gratia
1701 2354 1718 2382 ,

151 2401 236 2442 non
259 2388 514 2446 claudicat
542 2383 746 2448 donum
775 2395 866 2452 Dei
891 2411 906 2462 ;
937 2407 1199 2468 praesente
1228 2415 1312 2456 me
1336 2401 1585 2472 baptizati
1612 2420 1718 2459 non

150 2485 284 2546 sunt,
312 2480 402 2536 sed
443 2495 718 2552 praesente
756 2487 968 2544 Christo
997 2499 1122 2544 sunt
1151 2490 1420 2562 baptizati.
1452 2492 1719 2566 Numquid

150 2567 285 2627 homo
305 2581 386 2628 est
409 2575 500 2645 qui
530 2575 802 2647 baptizat?
826 2579 998 2636 Homo
1022 2581 1297 2638 dexteram
1333 2584 1592 2656 porrigit,
1621 2587 1718 2642 sed

150 2660 266 2719 Deus
285 2680 496 2721 manum
518 2669 805 2739 gubernat.
833 2671 950 2728 Noli
979 2673 1047 2728 de
1069 2676 1236 2745 gratia
1257 2676 1522 2745 dubitare,
1546 2679 1716 2736 caris-

150 2751 279 2820 sime,
301 2755 418 2825 quia
448 2757 656 2813 donum
686 2760 781 2816 Dei
808 2773 909 2817 est.
934 2765 1164 2820 Attende
1183 2765 1466 2837 diligenter
1490 2785 1609 2840 qum
1637 2770 1718 2826 di-

151 2852 346 2911 cuntur,
371 2847 416 2900 si
445 2845 594 2904 forte
618 2850 795 2920 aliqua
822 2851 889 2907 de
915 2868 1073 2909 causa
1114 2869 1265 2911 sacra
1293 2855 1372 2931 (a)
1400 2860 1714 2929 explicanda

148 3203 223 3257 sed
247 3221 397 3262 unum
441 3211 787 3270 solummodo
820 3219 1018 3287 quaeris
1036 3260 1052 3286 ,
1079 3221 1124 3276 si
1162 3238 1260 3280 rex
1286 3225 1665 3298 subscripserit

147 3294 208 3347 sic
230 3305 277 3349 et
300 3297 348 3351 in
378 3300 669 3371 baptismo,
698 3304 905 3377 charta,
934 3313 1259 3369 conscientia
1279 3327 1363 3372 est
1390 3334 1406 3373 :
1434 3294 1670 3376 calamus
1691 3364 1705 3389 ,

147 3384 292 3484 litigo:
325 3393 621 3450 sacerdotis
647 3413 660 3448 :
683 3411 872 3455 manus
894 3441 909 3466 ,
938 3403 1107 3472 gratia
1147 3413 1230 3461 est
1256 3408 1486 3478 Spiritus
1514 3384 1704 3484 sancti;

145 3475 248 3532 Sive
280 3495 400 3576 ergo
429 3499 527 3576 per
557 3502 643 3543 me
665 3529 677 3552 ,
701 3490 814 3546 sive
841 3507 935 3562 per
960 3493 1108 3550 illum
1147 3500 1237 3568 qui
1265 3475 1444 3558 ofﬁcio
1469 3478 1709 3576 fungitur

145 3568 399 3627 sacerdotis
419 3615 437 3640 ,
465 3574 584 3644 ipsa
627 3593 816 3636 manus
841 3584 1058 3652 scribit,
1086 3603 1185 3644 nos
1211 3591 1438 3648 ministri
1474 3568 1660 3655 sumus
1687 3641 1703 3665 ,

146 3669 228 3709 non
253 3671 509 3719 auctores.
533 3665 604 3721 Et
619 3667 815 3726 Paulus
836 3675 1080 3731 minister
1095 3688 1210 3734 est:
1230 3681 1321 3737 Sic
1339 3686 1491 3750 enim,
1511 3688 1702 3759 inquit,

142 3747 318 3804 redimet
356 3770 446 3809 nos
493 3756 651 3812 homo
687 3770 942 3833 tamquam
971 3768 1233 3826 ministros
1258 3774 1446 3830 Christi
1519 3789 1566 3833 et
1584 3747 1702 3835 'dis:

143 3851 396 3934 gestatam
442 3854 800 3918 mysteriorum
826 3854 926 3910 Dei
950 3857 1028 3928 (Ι.
1055 3857 1175 3916 Cor.
1198 3864 1250 3918 4.
1277 3866 1354 3934 l’).
1387 3867 1526 3933 Quid
1569 3874 1704 3927 enim

143 3925 302 4033 habes,
327 3937 462 4034 quod
509 3954 617 3993 non
661 3945 900 4013 accepisti
927 3925 1030 4019 (ib.
1059 3967 1108 4006 ο.
1135 3953 1212 4024 7).
1241 3954 1298 4011 Si
1314 3925 1448 4028 'qui‘d
1489 3925 1708 4034 habti0,

142 4022 290 4123 accepi
309 4040 321 4075 :
341 4025 383 4080 si
407 4036 592 4123 autem
615 4035 816 4104 accepi,
841 4052 946 4093 non
977 4022 1178 4113 meum,
1203 4046 1297 4102 sed
1316 4022 1432 4118 ejus
1449 4055 1538 4123 qui
1563 4022 1711 4112 dedit

141 4104 307 4210 donum
332 4124 433 4170 est.
453 4117 576 4173 Noli
597 4135 726 4192 ergo
745 4124 1007 4198 dubitare,
1029 4104 1306 4194 carissime
1331 4104 1538 4210 (gata;
1562 4104 1707 4203 iam

141 4196 223 4301 Dei.
241 4203 462 4306 perfecta
491 4217 597 4263 est.
623 4210 799 4270 Locus
825 4231 931 4274 non
960 4196 1240 4293 prohibet,
1273 4196 1398 4286 sive

140 4291 269 4396 teris,
290 4295 401 4354 sive
418 4299 472 4354 in
501 4302 646 4369 navi,
671 4305 785 4363 sive
812 4308 865 4365 in
891 4310 1101 4371 itinere.
1122 4291 1401 4392 Philippus
1420 4291 1708 4396 baptizavit

141 4379 180 4433 in
207 4384 300 4454 via,
323 4388 524 4449 Paulus
553 4395 608 4450 in
637 4399 881 4471 vinculis,
907 4404 1152 4466 Christus
1178 4411 1232 4467 in
1252 4428 1411 4471 cruce
1440 4379 1703 4477 latronem

139 4486 190 4574 ex
209 4477 433 4548 vulnere,
452 4493 512 4540 et
541 4489 720 4544 statim
743 4495 970 4562 paradisi
991 4503 1185 4557 meruit
1199 4502 1417 4574 januam
1437 4524 1699 4569 reserare.

142 4562 336 4663 Propter
358 4573 476 4631 haec
519 4580 727 4647 gaudeo
754 4593 810 4640 et
835 4589 1044 4645 exsulto
1066 4633 1081 4659 ,
1109 4603 1162 4648 et
1187 4562 1456 4656 orationes
1495 4613 1701 4663 vestras

140 4657 287 4726 exigo,
312 4677 431 4719 eum
481 4668 676 4737 quibus
711 4674 777 4729 ad
829 4679 1009 4735 Asiam
1051 4657 1302 4758 perrexi,
1335 4706 1456 4746 cum
1507 4657 1701 4764 quibus

185 4785 363 4881 92.2:
382 4797 942 4881 Σῗῖἶίὲἒίῗλτῐδέἒβτίθιθ
986 4810 1196 4874 diploma
1223 4831 1234 4864 ε
1262 4831 1356 4881 qua
1389 4822 1454 4870 de
1493 4837 1551 4874 re
1585 4826 1698 4877 vide

906 4851 956 4919 ίῖι
989 4851 1576 4949 ῧόοέῑαὶνῗιῗεὶῑὲρέρῖ.
1589 4851 1699 4939 'iii‘c’

137 4913 526 4980 reBetuiuteltig'e
549 4913 914 4984 Imperatorem.

3327 469 3398 524 ιε
3411 472 3442 524 4

1851 589 2094 630 reversus
2123 591 2238 631 sum
2264 618 2280 643 ,
2312 590 2434 632 cum
2475 577 2667 648 quibus
2711 577 2955 650 pelagum
2981 579 3354 647 translretavi,
3393 596 3449 638 et

1846 663 2057 733 adjutus
2076 667 2268 721 vestris
2292 667 2623 723 orationibus
2639 667 2863 724 feliciter
2883 670 3123 742 navigavi
3144 689 3158 726 :
3180 686 3282 728 nee
3301 673 3447 728 enim

1846 755 2022 810 navim
2057 757 2190 812 citra
2234 771 2332 813 vos
2374 759 2647 829 ingressus
2672 773 2790 815 sum
2812 801 2828 827 ,
2857 776 2959 816 nec
2982 761 3122 816 exivi
3150 763 3284 818 citra
3309 778 3408 818 vos
3429 802 3448 826 ,

1845 862 1951 902 non
1979 849 2032 902 in
2063 849 2280 906 civitate
2307 851 2440 906 citra
2469 865 2568 906 vos
2589 893 2604 917 ,
2634 860 2728 907 aut
2767 852 2820 907 in
2845 853 3074 910 ecclesia
3101 855 3220 911 sine
3243 856 3399 911 vobis
3419 895 3440 922 ,

1842 938 1937 993 sed
1966 941 2182 996 avulsus
2226 941 2443 1012 quidem
2485 956 2632 998 eram
2684 957 2934 1013 corpore,
2965 957 3242 1000 connexus
3269 957 3448 1003 autem

1842 1034 2084 1086 caritate.
2115 1031 2373 1088 Videbam
2403 1049 2632 1103 namque
2661 1035 2955 1090 Ecclesiam
2986 1045 3222 1091 vestram
3252 1077 3271 1105 ,
3294 1048 3350 1093 et
3394 1038 3447 1092 in

1841 1120 2050 1191 pelago,
2081 1132 2135 1176 et
2161 1123 2214 1176 in
2239 1124 2596 1178 exsultatione
2619 1123 2936 1193 gaudebam.
2964 1124 3095 1180 Tale
3122 1126 3269 1182 enim
3315 1127 3443 1196 quid

1844 1213 2108 1282 signiﬁcat
2147 1215 2342 1270 caritas
2366 1257 2380 1279 ,
2410 1230 2530 1286 qua:
2570 1215 2740 1270 nescit
2768 1217 3041 1286 angustari
3066 1235 3080 1272 :
3105 1218 3368 1274 intrabam
3394 1218 3448 1274 in

1838 1303 2123 1358 ecclesiam
2143 1346 2159 1371 ,
2188 1303 2465 1360 adstabam
2495 1305 2689 1373 altari,
2713 1305 2988 1362 orationes
3028 1307 3319 1364 offerebam
3345 1349 3360 1373 ,
3390 1320 3451 1365 et

1837 1390 2079 1448 dicebam
2111 1411 2124 1447 :
2159 1394 2384 1450 Domine
2411 1438 2426 1461 ,
2455 1410 2714 1452 conserva
2764 1397 3059 1454 Ecelesiam
3107 1414 3270 1470 quam
3312 1401 3446 1456 mihi

1838 1482 2128 1540 tradidisti.
2158 1485 2270 1557 Ego
2307 1486 2520 1557 quidem
2548 1502 2774 1559 corpore
2817 1489 3015 1546 absens
3042 1506 3159 1546 sum
3179 1532 3199 1560 ,
3228 1492 3324 1549 sed
3354 1503 3447 1549 tua

1837 1574 2205 1630 misericordia
2234 1591 2472 1647 praesens
2501 1586 2612 1643 est,
2645 1593 2765 1650 qua
2793 1594 2880 1636 me
2910 1581 3040 1636 illuc
3063 1582 3356 1652 perduxit,
3388 1593 3446 1640 et

1836 1665 1955 1736 plus
1983 1681 2144 1736 quam
2188 1669 2437 1724 merebar
2463 1671 2748 1725 concessit.
2793 1670 2862 1726 Et
2885 1672 3009 1742 quia
3059 1673 3444 1744 ampliﬁcavit,

1835 1758 2120 1814 multitudo
2149 1768 2375 1816 testatur
2401 1764 2766 1833 praesentium.
2785 1764 3004 1820 Florere
3023 1765 3182 1822 video
3205 1767 3442 1837 vineam,

1834 1860 1889 1907 et
1914 1868 2175 1924 nusquam
2204 1855 2372 1926 spinae
2393 1898 2408 1923 ,
2437 1870 2610 1927 neque
2650 1857 2880 1912 sentium
2911 1857 3018 1912 ulla
3046 1859 3268 1931 vestigia
3296 1877 3308 1914 :
3339 1876 3440 1916 ex-

1832 1944 2035 2000 sultant
2062 1961 2212 2013 oves,
2243 1956 2296 2002 et
2317 1962 2576 2019 nusquam
2603 1948 2778 2019 lupus.
2803 1948 2955 2017 Quod
2983 1950 3027 2005 si
3053 1950 3217 2006 etiam
3243 1951 3443 2008 alicubi

1831 2046 2079 2106 repertus
2117 2037 2315 2107 fuerit,
2338 2039 2678 2108 demutatur,
2715 2049 2770 2096 et
2817 2040 2876 2096 ﬁt
2917 2041 3054 2097 ovis.
3083 2042 3253 2098 Tanta
3296 2045 3443 2099 enim

1829 2137 2008 2185 vestra
2035 2139 2119 2185 est
2143 2129 2276 2187 ﬁdes
2303 2139 2361 2186 et
2385 2132 2600 2198 caritas,
2629 2140 2690 2186 ut
2715 2131 3054 2188 simulatione
3074 2142 3253 2190 vestra
3279 2144 3445 2192 caste-

1829 2235 1922 2275 ros
1951 2221 2276 2290 provocetis.
2305 2221 2423 2292 ipse
2452 2222 2707 2278 Dominus
2726 2237 2822 2277 vos
2841 2226 3214 2292 conservavit,
3245 2234 3302 2281 et
3327 2228 3444 2299 ipse

1830 2326 1918 2366 me
1943 2311 2173 2378 reduxit,
2192 2321 2246 2367 et
2271 2313 2324 2367 in
2352 2313 2659 2369 inﬁrmitate
2675 2314 2881 2383 positus
2901 2315 3207 2372 orationum
3228 2327 3438 2373 vestra-

1829 2416 1946 2456 rum
1977 2402 2120 2458 sensi
2146 2403 2425 2470 auxilium,
2449 2419 2585 2476 quas
2611 2405 2744 2460 mihi
2775 2406 3016 2476 quotidie
3043 2407 3099 2464 in
3125 2409 3440 2482 suffragium

1827 2493 2056 2562 postulo.
2077 2493 2445 2565 Peregrinatio
2463 2511 2582 2553 mea
2595 2499 2871 2553 coronavit
2892 2498 3162 2557 civitatem
3174 2509 3434 2560 vestram.

1828 2581 1897 2637 Et
1924 2584 2046 2654 quia
2085 2585 2388 2657 diligebatis
2413 2602 2480 2644 ex
2521 2588 2674 2645 initio
2700 2631 2717 2658 ,
2746 2605 2891 2647 nunc
2917 2593 3169 2650 omnibus
3207 2595 3438 2653 manife-

1825 2682 1966 2729 stum
1993 2686 2092 2732 est.
2119 2676 2208 2732 Sic
2237 2679 2381 2734 enim
2413 2695 2501 2736 me
2533 2683 2811 2738 absentem
2832 2725 2847 2748 ,
2883 2694 3154 2756 tamquam
3193 2702 3438 2757 prmsen.

1827 2773 1932 2820 tem
1961 2765 2241 2824 habuistis.
2269 2768 2401 2824 Nam
2425 2770 2476 2826 in
2505 2772 2629 2826 Asia
2649 2788 2771 2828 cum
2799 2789 2976 2831 essem
2997 2777 3066 2832 ad
3087 2779 3438 2852 corrigendos

1825 2857 2113 2924 Ecclesias,
2139 2860 2264 2917 hinc
2291 2862 2383 2918 illo
2405 2865 2688 2922 venientes
2713 2868 3030 2925 nuntiabant
3055 2872 3232 2940 nobis,
3251 2874 3440 2930 dicen-

1825 2955 1945 3003 tes:
1973 2947 2320 3008 lnﬁammasti
2375 2955 2665 3012 civitatem.
2695 2959 2762 3013 Et
2789 2971 2935 3017 certe
2966 2964 3163 3020 caritas
3193 2976 3436 3039 tempore

1822 3040 1958 3097 solet
1997 3058 2335 3104 marcescere
2359 3089 2373 3114 ,
2397 3059 2575 3106 vestra
2598 3063 2776 3109 autem
2790 3054 3006 3112 dilectio
3029 3059 3269 3130 quotidie
3297 3077 3434 3134 ang-

1820 3134 2178 3192 mentabatur.
2243 3138 2314 3194 Et
2338 3156 2497 3212 quem
2527 3143 2597 3198 ita
2626 3145 2901 3203 absentem
2935 3147 3235 3221 diligebatis
3255 3195 3272 3219 ,
3302 3170 3436 3225 prae

1818 3232 2025 3280 sentem
2053 3227 2225 3284 credo
2244 3231 2384 3300 quod
2418 3233 2610 3290 melius
2650 3238 2862 3294 ametis.
2897 3239 3002 3295 iste
3027 3257 3180 3297 meus
3211 3243 3426 3301 thesau-

1819 3327 1910 3368 rus
1928 3355 1944 3380 ,
1979 3313 2065 3371 ha:
2092 3329 2216 3372 sunt
2260 3336 2394 3377 mea:
2422 3322 2644 3380 divitiae.
2681 3326 2751 3382 Et
2777 3327 2901 3384 idco
2925 3340 3133 3387 vestras
3160 3335 3432 3392 orationes

1815 3407 2050 3477 requiro.
2081 3407 2362 3468 Orationes
2408 3423 2603 3471 vestrm
2657 3433 2843 3474 murus
2883 3421 3012 3476 mihi
3050 3431 3106 3479 et
3151 3426 3427 3483 munimen

1815 3507 1960 3554 sunt.
1983 3499 2104 3556 Noli
2125 3501 2325 3574 dicere,
2347 3506 2459 3576 Ego
2486 3507 2768 3580 languidus
2789 3525 2928 3578 sum,
2950 3515 3220 3584 quomodo
3241 3527 3431 3588 potero

1815 3603 1914 3659 pro
1937 3591 2218 3650 sacerdote
2238 3596 2428 3652 orare?
2447 3597 2585 3654 Audi
2605 3599 2938 3673 Seripturam
2959 3605 3227 3663 dicentem
3255 3627 3268 3664 :
3295 3608 3432 3663 0m-

1815 3681 1886 3734 tio
1925 3692 2096 3738 autem
2149 3686 2301 3754 [iebat
2347 3690 2846 3764 continua(Act.12.
2867 3697 2947 3768 5).
2975 3695 3044 3753 Et
3062 3702 3426 3758 ecclesiastica

1813 3771 1988 3826 oratio
2016 3773 2178 3829 solvit
2205 3776 2415 3834 vincula
2446 3781 2612 3851 Petri,
2641 3793 2696 3840 et
2724 3785 2872 3842 Pauli
2908 3787 3149 3846 dilatavit
3169 3792 3429 3862 prmdica-

1813 3859 1972 3916 tionis
1998 3861 2268 3920 ﬁduciam.
2290 3867 2476 3927 Oratio
2495 3873 2763 3931 caminum
2791 3877 2930 3946 ignis
2949 3859 3224 3951 exstinxit,
3253 3887 3427 3941 oratio

1814 3952 2078 4010 conclusit
2101 3970 2193 4010 ora
2227 3958 2441 4016 leonum
2475 4005 2488 4030 ,
2518 3966 2690 4022 oratio
2719 3968 3039 4026 seditionem
3072 3979 3424 4046 compescuit,

1813 4040 1984 4098 oratio
2008 4046 2314 4116 paradisum
2336 4054 2568 4123 aperuit,
2590 4057 2762 4113 oratio
2790 4059 2907 4116 curii
2939 4062 3185 4121 cardines
3211 4082 3426 4124 resera-

1813 4132 1922 4200 vit,
1953 4136 2128 4190 oratio
2153 4140 2391 4196 sterilem
2422 4142 2766 4216 fecundavit,
2789 4152 2962 4208 oratio
2992 4154 3229 4212 Cornelii
3259 4161 3422 4216 caelos

1811 4228 2131 4294 penetravit,
2159 4232 2335 4287 oratio
2355 4233 2700 4304 publicanum
2716 4240 3048 4310 justiﬁcavit.
3069 4246 3199 4304 Tale
3218 4264 3250 4304 a
3271 4251 3422 4308 vobis

1809 4317 2083 4376 munimen
2133 4324 2350 4394 requiro
2374 4368 2388 4391 ,
2447 4327 2607 4384 talem
2657 4333 2882 4402 gratiam
2913 4338 3162 4406 postulo:
3190 4350 3246 4396 et
3276 4342 3420 4401 Deus

1811 4408 1996 4477 gloriae
2023 4414 2323 4484 suscipiens
2342 4420 2615 4478 orationes
2636 4433 2862 4495 vestras,
2893 4427 2986 4484 det
3013 4431 3144 4488 mihi
3176 4435 3230 4489 iu
3255 4450 3417 4506 aper-

1810 4500 1956 4558 tione
1976 4506 2087 4560 oris
2114 4508 2219 4563 mei
2245 4524 2549 4569 sermonem
2568 4558 2583 4581 ,
2615 4533 2724 4588 quo
2761 4523 2962 4590 possim
2989 4525 3251 4582 creditum
3283 4531 3416 4587 mihi

1808 4594 2060 4663 populum
2088 4595 2353 4656 instruere
2372 4603 2438 4657 ad
2459 4605 2685 4662 salutem
2713 4624 2809 4680 per
2827 4611 3102 4672 Christum
3127 4618 3414 4677 Dominum

1805 4695 2083 4752 nostrum,
2112 4703 2233 4744 cum
2277 4706 2384 4762 quo
2421 4704 2505 4749 est
2533 4697 2642 4752 Deo
2682 4700 2823 4756 Patri
2865 4719 2988 4760 cum
3037 4707 3239 4778 Spiritu
3287 4726 3414 4767 san-

1804 4782 1893 4827 ctu
1939 4774 2146 4846 honor,
2177 4780 2344 4850 gloria
2374 4824 2390 4852 ,
2419 4794 2472 4841 et
2503 4797 2736 4857 potestas
2763 4792 2814 4847 in
2843 4797 3038 4852 saecula
3066 4774 3412 4862 saeculorum.

1809 4866 2001 4920 Amen.

140 5055 3408 5148 εχῇ

1181 5180 1293 5241 DE
1338 5185 1820 5259 RECIPIENDO
1864 5200 2346 5271 SEVERIANO.

139 5399 396 5518 Fcfhshm
421 5421 710 5518 sacerdoti,
739 5434 793 5480 et
818 5429 1042 5502 principi
1074 5399 1331 5507 populum

136 5495 253 5598 nulla
278 5504 562 5610 radicibus,
591 5521 644 5567 et
693 5495 926 5574 fontibus
955 5495 1122 5591 ﬂuvii,
1145 5495 1240 5584 ’ξω
1263 5495 1325 5588 et
1343 5536 1434 5591 ﬁlii
1466 5495 1700 5610 patri,'et

142 5594 363 5692 magistro
385 5594 658 5670 discipuli.
691 5605 818 5664 Hzec
847 5622 1024 5667 autem
1071 5633 1176 5674 non
1203 5594 1577 5692 superﬂuo.

1803 5556 1858 5600 et
1898 5549 2156 5620 imponite
2207 5558 2339 5614 mihi
2366 5563 2691 5626 obedientize
2715 5584 2909 5632 vestra:
2935 5594 3212 5653 coronam,
3237 5549 3405 5652 facito
