4104 6482
663 473 763 528 ως

664 600 753 652 pro
781 576 1040 633 animabus
1061 569 1232 627 uestris
1255 566 1493 621 rationem
1519 557 1762 614 reddituri
1787 553 1972 652 (Hebr.
1992 551 2059 606 15
2074 549 2166 604 ,17
2189 549 2227 618 ).

667 643 787 725 ihec
814 681 940 736 ergo
979 673 1301 732 praemoneo,
1349 669 1417 709 ne
1439 651 1560 721 quis
1594 646 1866 718 superbiat
1915 643 1970 696 in
1999 651 2232 694 commo-

666 761 916 813 uitiouem
944 761 1200 808 nostram.
1252 748 1406 801 Pater
1441 742 1584 797 enim
1633 752 1749 793 sum
1771 778 1785 801 ,
1817 746 1871 790 et
1901 745 2118 788 necesse
2156 736 2237 786 est

666 865 750 906 me
777 849 897 903 ﬁliis
922 843 1199 900 consilium
1226 837 1450 894 suadere
1477 853 1490 888 :
1523 831 1664 903 quod
1687 831 1827 885 enim
1860 829 1910 882 in
1939 824 2237 881 carnalibus

667 939 903 1010 patribus
952 945 1139 989 natura
1164 928 1359 993 carnis,
1408 926 1511 979 hoc
1540 923 1592 976 in
1625 920 1776 976 nobis
1822 916 1985 988 gratia
2011 912 2237 983 Spiritus

665 1008 790 1099 agit.
822 1029 978 1082 Pater
1008 1037 1143 1086 sum,
1185 1029 1238 1076 et
1265 1026 1414 1089 pater
1443 1013 1603 1069 nimis
1627 1025 1786 1080 super
1818 1008 1955 1062 ﬁlios
1983 1015 2236 1066 tremens,

665 1097 736 1173 ita
785 1125 842 1171 ut
895 1114 1205 1184 sanguinem
1256 1121 1432 1165 meum
1473 1119 1569 1174 pro
1597 1101 1744 1184 vobis
1775 1097 1990 1152 fundere
2029 1102 2239 1164 paratus

664 1208 786 1262 sim.
822 1207 886 1260 Et
909 1206 960 1258 in
994 1177 1094 1258 hoc
1126 1215 1235 1256 non
1262 1206 1345 1254 est
1375 1193 1501 1251 mihi
1541 1177 1728 1262 gra‘tia.
1763 1185 2063 1256 Apostolica
2093 1183 2236 1236 enim

665 1298 750 1352 lex
780 1305 882 1360 est,
905 1306 956 1349 et
988 1291 1193 1347 Domini
1220 1295 1540 1358 prteceptum
1571 1278 1795 1336 dicentis
1825 1293 1839 1330 :
1873 1274 2055 1328 Pastor
2081 1272 2238 1325 bonus

665 1390 886 1442 animum
915 1401 1060 1439 suam
1105 1382 1243 1452 ponit
1287 1394 1378 1448 pro
1420 1377 1588 1431 ovibus
1613 1373 1717 1427 suis
1747 1367 1943 1440 (Joan.
1977 1366 2063 1421 10.
2097 1365 2158 1420 11
2195 1363 2234 1432 ).

665 1477 771 1531 Sed
816 1486 870 1531 et
900 1489 998 1529 vos
1040 1472 1224 1527 eadem
1266 1468 1421 1523 facite
1452 1480 1547 1534 pro
1596 1461 1748 1516 nobis
1782 1478 1793 1512 :
1825 1458 1982 1513 simili
2012 1469 2239 1523 namque

666 1581 790 1634 erga
824 1579 920 1619 nos
949 1561 1178 1619 devincti
1199 1560 1326 1616 estis
1350 1557 1562 1611 affectu.
1586 1552 1719 1606 Nam
1741 1561 1794 1604 et
1807 1547 2039 1604 Paulum
2061 1543 2240 1598 audite

668 1655 796 1725 quid
824 1654 972 1709 dicit.
1029 1651 1283 1714 Salutate,
1332 1647 1520 1716 inquit,
1567 1641 1860 1696 Priscillam
1902 1647 1947 1691 et
1977 1634 2236 1704 Aquilam,

668 1747 926 1815 adjutores
955 1759 1088 1797 meos
1108 1743 1162 1796 in
1199 1740 1415 1803 Christo,
1438 1736 1522 1806 qui
1546 1749 1635 1803 pro
1655 1731 1825 1784 anima
1858 1743 1967 1782 mea
1989 1741 2108 1780 suas
2128 1739 2240 1776 cer-

669 1814 800 1888 uices
822 1841 1089 1903 posuerunt
1119 1830 1137 1901 (
1163 1829 1309 1882 fiant.
1333 1827 1417 1880 16.
1439 1827 1492 1880 5.
1514 1825 1549 1878 4
1568 1822 1609 1893 ).
1633 1821 1780 1876 Sicut
1800 1817 1942 1872 enim
1961 1814 2240 1903 pulchrum

670 1931 753 1978 est
767 1899 1028 1993 pastorem
1051 1899 1147 1989 pro
1160 1917 1340 1973 ovibus
1354 1912 1614 1969 immolari
1631 1912 1722 1965 :ita
1740 1921 1945 1963 rursum
1961 1899 2242 1974 pulchrum

670 2021 750 2065 est
789 2022 842 2064 et
884 2023 1011 2064 oves
1053 2024 1083 2062 a
1104 2014 1318 2078 pastore
1345 2018 1444 2060 nec
1471 2009 1642 2057 morte
1686 1997 1910 2068 sejungi.
1943 1993 2074 2050 Cum
2100 1995 2243 2050 enim

673 2091 1051 2160 inseparabiles
1108 2089 1302 2144 iuerint
1345 2086 1413 2142 ab
1440 2101 1543 2148 eo,
1593 2085 1772 2154 lupum
1816 2080 2084 2135 diabolum
2134 2092 2240 2132 non

673 2181 954 2237 timebunt.
987 2180 1166 2234 Murus
1183 2179 1322 2234 enim
1336 2175 1572 2232 caritatis
1601 2174 1802 2228 ﬁrmior
1826 2180 1910 2227 est
1933 2169 2242 2232 adamante;

671 2270 739 2325 Et
772 2275 927 2341 frater
953 2287 1068 2325 cum
1111 2270 1381 2338 adjuvatur
1409 2283 1440 2320 a
1470 2271 1644 2339 fratre,
1671 2264 1762 2319 erit
1787 2264 1912 2317 sicut
1937 2262 2107 2314 civitas
2135 2276 2246 2312 mu-

672 2362 777 2415 nita
800 2371 847 2415 et
870 2362 1018 2429 ﬁrma
1043 2359 1224 2430 (Prov.
1252 2360 1337 2415 18.
1373 2358 1484 2427 19).
1534 2356 1656 2411 Haec
1675 2363 1851 2410 autem
1876 2352 2160 2422 praemitto,
2189 2358 2247 2404 ut

671 2465 792 2506 cum
835 2451 979 2506 omni
1007 2449 1218 2516 affectu,
1249 2463 1368 2520 qua:
1393 2447 1633 2511 dicimus,
1674 2443 1918 2508 audiatis,
1951 2456 2122 2511 neque
2145 2440 2245 2495 ali-

671 2541 791 2612 quis
831 2552 1068 2620 yestrum
1118 2541 1331 2611 incipiat
1390 2537 1711 2610 perturbari.
1773 2534 2062 2606 Loquimur
2109 2547 2243 2597 rem,

673 2647 829 2703 quam
860 2632 1073 2703 dignum
1097 2640 1182 2688 est
1210 2633 1264 2688 in
1288 2629 1514 2687 ecclesia
1542 2627 1706 2698 loqui,
1737 2635 1791 2682 et
1826 2639 1984 2696 quam
2024 2623 2242 2694 dignum

674 2733 756 2779 est
780 2724 1004 2778 libenter
1017 2722 1208 2776 audiri.
1239 2721 1343 2776 Pro
1362 2734 1490 2789 pace
1521 2718 1782 2788 loquimur
1803 2715 1868 2770 ad
1894 2728 2008 2769 vos.
2038 2713 2104 2768 Et
2124 2712 2250 2782 quid

677 2816 746 2868 ita
772 2813 1113 2878 conveniens,
1141 2824 1298 2882 quam
1336 2808 1667 2864 sacerdotem
1713 2806 1808 2860 Dei
1838 2818 2022 2875 pacem
2052 2803 2251 2872 populo

677 2905 1035 2976 persuadere?
1071 2901 1427 2959 Contradictio
1491 2899 1634 2955 nulla
1682 2905 1785 2962 est,
1833 2894 1923 2950 ubi
1961 2903 2014 2950 et
2061 2892 2252 2963 legatio

676 3004 856 3051 saneta
876 3004 932 3050 et
955 2994 1156 3064 legatus
1178 3001 1425 3061 acceptus
1450 2997 1551 3045 est.
1574 2988 1678 3044 Pro
1700 3001 1827 3057 pace
1848 2984 2133 3054 loquimur,
2158 2996 2252 3050 pro

676 3099 779 3155 qua
808 3084 973 3140 Filius
999 3083 1091 3137 Dei
1120 3081 1390 3138 descendit
1417 3079 1482 3135 ad
1517 3088 1705 3145 terras,
1743 3087 1800 3131 ut
1829 3073 2131 3146 paeiﬁcaret
2160 3085 2250 3140 per

679 3175 990 3245 sanguinem
1019 3187 1124 3228 non
1155 3171 1326 3228 solum
1346 3187 1464 3242 qua
1488 3171 1541 3224 in
1566 3178 1706 3224 terra
1752 3174 1895 3231 sunt,
1924 3162 2018 3219 sed
2057 3169 2111 3217 et
2137 3175 2255 3230 qua:

681 3267 736 3320 in
756 3265 917 3331 cretis,
961 3273 1018 3319 et
1045 3272 1251 3318 terrena
1275 3259 1576 3316 cazlestibus
1605 3256 1852 3313 sociaret.
1880 3252 1985 3308 Pro
2019 3264 2149 3321 pace
2178 3249 2256 3303 lo-

678 3354 908 3424 quimur,
937 3366 1034 3423 pro
1061 3367 1162 3422 qua
1187 3350 1349 3406 Filius
1391 3350 1486 3405 Dei
1515 3362 1700 3419 passus
1725 3353 1825 3410 est,
1855 3351 2068 3415 propter
2095 3355 2255 3411 quam

679 3444 963 3500 cruciﬁxus
1014 3453 1098 3498 est
1132 3451 1188 3498 et
1215 3441 1470 3512 sepultus,
1501 3454 1658 3511 quam
1685 3436 1839 3493 nobis
1862 3449 1957 3505 pro
1988 3432 2133 3490 omni
2160 3431 2255 3486 be-

683 3535 922 3590 reditatis
958 3548 1119 3589 censu
1163 3532 1411 3603 reliquit,
1451 3540 1508 3586 et
1556 3530 1701 3585 velut
1745 3540 1953 3582 murum
2005 3521 2257 3578 Ecclesiae

671 3627 848 3693 dedit,
871 3640 1028 3696 quam
1057 3633 1263 3680 scutum
1282 3623 1564 3678 adversum
1587 3619 1855 3675 diabolum
1887 3615 2080 3686 posuit,
2100 3625 2256 3682 quam

683 3716 912 3787 gladium
960 3714 1242 3770 adversum
1287 3713 1557 3768 daemones
1607 3710 1786 3774 dedit,
1841 3721 1997 3778 quam
2045 3712 2253 3774 portum

1391 455 1447 509 S.
1485 451 1759 508 JOANNIS
1796 440 2259 504 CHRYSOSTOMI
2301 437 2610 494 ARCillEP.
2649 433 3183 491 CONSTANTINOP.

3805 411 3914 468 ‘26

2338 539 2828 612 tranquillissimum
2875 534 3113 590 ﬁdelibus
3141 530 3437 594 collocavit,
3468 543 3625 600 quam
3663 528 3916 596 repmpi-

2339 636 2609 688 tiationem
2651 630 2716 685 ad
2751 631 2914 684 Deum
2940 625 3105 689 dedit,
3133 638 3286 693 quam
3335 622 3649 676 delictorum
3693 620 3916 675 absolu-

2339 723 2534 778 tionem
2558 720 2822 776 concessit
2848 737 2861 772 :
2891 733 2986 788 pro
3002 714 3101 769 bac
3129 728 3254 782 ergo
3276 713 3473 782 legatus
3502 711 3566 764 ad
3595 726 3688 766 vos
3717 712 3920 766 missus

2338 830 2475 870 sum.
2507 813 2677 868 Nolite
2697 811 2832 865 mihi
2851 813 3089 866 incutere
3108 805 3381 876 pudorem,
3408 804 3568 858 nolite
3591 803 3918 872 legationem

2337 922 2510 963 meam
2537 905 2756 970 fmdare,
2810 901 3130 973 acquiescite
3174 899 3323 964 mihi,
3373 912 3554 968 qua-so
3597 913 3710 952 vos.
3749 897 3920 951 Multa

2339 999 2534 1052 dudum
2567 995 2737 1050 tristia
2762 1002 2909 1064 gesta
2934 1001 3056 1046 sunt
3083 991 3132 1044 in
3155 989 3411 1053 Ecclesia,
3445 988 3608 1043 Deum
3629 988 3918 1050 conﬁteor,

2339 1088 2430 1142 sed
2455 1102 2556 1142 non
2582 1085 2737 1139 laudo
2763 1082 3207 1155 perturbationes,
3261 1079 3550 1135 seditiones
3577 1094 3684 1135 non
3709 1079 3921 1149 ample-

2337 1187 2474 1233 ctor.
2496 1177 2600 1233 Sed
2626 1177 2933 1232 omittamus
2953 1173 3062 1242 jam
3079 1173 3192 1228 bzec
3216 1189 3230 1237 ;
3258 1171 3505 1235 desinite,
3533 1172 3920 1240 conquiescite.

2338 1268 2581 1322 cohibete
2617 1267 2846 1328 animos,
2879 1263 3144 1318 refrenate
3192 1261 3516 1317 iracundiam
3548 1280 3560 1315 :
3588 1261 3786 1316 sufficit
3807 1261 3923 1332 jam

2339 1359 2479 1430 quod
2529 1357 2792 1413 laboravit
2822 1354 3078 1418 Ecclesia,
3115 1352 3233 1406 ﬁnis
3267 1353 3355 1417 sit,
3387 1351 3597 1407 desinat
3636 1353 3871 1407 turbatio
3907 1370 3922 1406 :

2343 1451 2441 1504 hoc
2475 1448 2616 1504 enim
2658 1456 2714 1503 et
2760 1446 2868 1502 Deo
2895 1445 3164 1516 placitum,
3193 1453 3248 1499 et
3282 1443 3522 1513 piissimo
3554 1443 3779 1513 principi
3827 1459 3927 1498 ac-

2340 1549 2551 1610 ceptum
2572 1548 2673 1595 est.
2713 1538 2934 1608 Oportet
2976 1536 3116 1591 enim
3146 1543 3200 1590 et
3235 1534 3451 1604 regibus
3479 1534 3714 1600 obedire,
3745 1537 3928 1589 maxi-

2341 1647 2428 1687 me
2453 1646 2573 1686 cum
2619 1637 2675 1685 et
2726 1629 2826 1699 ipsi
2859 1627 3226 1695 obtemperent
3270 1625 3643 1681 ecclesiasticis
3691 1625 3924 1696 legibus.

2345 1724 2480 1778 Dicit
2515 1723 2655 1778 enim
2675 1721 2983 1791 apostolus:
3014 1717 3338 1788 Principibus
3369 1705 3774 1784 etpotestatibus
3802 1716 3925 1772 sub-

2343 1814 2435 1867 diti
2455 1821 2605 1868 estote
2631 1811 2766 1881 (Tit.
2790 1811 2844 1865 5.
2869 1811 2896 1866 1
2930 1811 2968 1880 ).
2997 1809 3206 1876 Quanto
3226 1807 3393 1877 magis
3410 1807 3658 1877 religioso
3673 1806 3929 1876 principi,

2343 1913 2398 1960 et
2417 1918 2513 1973 pro
2535 1902 2770 1958 Ecclesia
2810 1899 3116 1956 laboranti?
3157 1897 3214 1952 Si
3235 1911 3363 1968 ergo
3384 1897 3676 1967 praeparavi
3715 1896 3935 1952 animos

2343 2005 2551 2052 vestros
2578 1993 2644 2049 ad
2691 1990 3086 2062 suscipiendam
3136 1989 3451 2060 legationem
3479 2002 3674 2054 meam,
3703 1987 3937 2057 recipito

2347 2087 2562 2142 fratrem
2591 2095 2830 2141 nostrum
2858 2082 3207 2139 Severianum
3229 2082 3559 2150 episcopum.
3583 2077 3766 2133 Habeo
3803 2094 3938 2150 gra-

2347 2179 2471 2232 tiam
2493 2176 2633 2247 quod
2659 2188 2959 2230 sermonem
2982 2187 3156 2228 meum
3185 2170 3427 2226 laudibus
3444 2170 3753 2240 prosequuti
3773 2170 3937 2225 estis.

2348 2267 2575 2324 Dedistis
2619 2265 2749 2320 mihi
2788 2263 3008 2324 ,fructus
3050 2261 3408 2318 obedientiam
3443 2273 3582 2314 nunc
3613 2273 3700 2315 me
3743 2273 3939 2315 semen

2349 2358 2544 2413 bonum
2569 2355 2804 2427 gratulor
2826 2353 3137 2410 seminasse.
3166 2351 3305 2407 Ecce
3320 2350 3462 2406 enim
3478 2349 3655 2404 statim
3677 2347 3942 2406 frumenti

2350 2448 2648 2519 manipulos
2676 2445 2942 2516 colligam.
2991 2443 3272 2499 Retribuat
3318 2441 3470 2497 vobis
3499 2440 3757 2496 Dominus
3796 2455 3944 2510 pra:-

2350 2539 2514 2593 mium
2554 2536 2914 2606 benignitatis,
2974 2542 3030 2589 et
3055 2531 3375 2587 obedientia:
3419 2530 3740 2586 mercedem.
3782 2528 3945 2585 Nunc

2353 2632 2494 2689 enim
2519 2645 2696 2689 veram
2726 2629 2952 2686 hostiam
3001 2628 3146 2699 pacis
3171 2626 3435 2683 obtulistis
3465 2626 3595 2693 Deo,
3626 2627 3750 2697 quia
3775 2641 3948 2681 nemo

2355 2723 2594 2777 turbatus
2635 2730 2718 2777 est
2764 2719 2945 2775 audito
2983 2717 3087 2773 hoc
3134 2718 3370 2780 nomine,
3429 2715 3525 2772 sed
3566 2731 3687 2771 cum
3710 2716 3947 2772 caritate

2353 2812 2658 2882 suscipitis;
2686 2809 2842 2865 simul
2869 2817 2928 2863 ut
2973 2820 3219 2863 sermone
3244 2805 3446 2875 loquuti
3486 2819 3689 2870 sumus,
3716 2819 3944 2861 omnem

2355 2917 2423 2958 ex
2463 2903 2640 2956 animo
2684 2899 2905 2971 fugastis
2963 2895 3311 2951 iracundiam.
3358 2893 3621 2964 Suscipite
3647 2908 3777 2964 ergo
3811 2909 3946 2950 eum

2355 2995 2514 3063 pleno
2540 3001 2774 3063 pectore,
2803 2989 3000 3060 apertis
3028 2988 3291 3042 manibus.
3315 2984 3371 3041 Si
3398 2985 3526 3056 quid
3549 2985 3696 3040 triste
3721 2995 3946 3056 gestum

2357 3095 2461 3153 est,
2482 3086 2706 3142 omittite
2731 3101 2747 3150 ;
2773 3083 2894 3154 quia
2926 3081 3017 3137 ubi
3057 3089 3267 3149 tempus
3297 3078 3463 3148 pacis,
3492 3076 3794 3133 recordatio
3822 3078 3949 3133 dis-

2359 3177 2623 3231 sensionis
2663 3175 2803 3229 nulla
2828 3181 2929 3238 est,
2955 3181 3010 3226 ut
3041 3173 3109 3226 sit
3136 3168 3383 3240 gaudium
3414 3169 3466 3226 in
3496 3168 3649 3236 caelo,
3684 3168 3948 3237 gaudium

2362 3270 2415 3323 in
2459 3278 2620 3336 terra,
2667 3267 2844 3322 laztitia
2883 3273 2938 3320 et
2965 3262 3250 3320 exsultatio
3300 3260 3589 3331 spiritualis
3620 3261 3671 3314 in
3699 3258 3952 3316 Ecclesia

2363 3357 2476 3412 Dei.
2511 3358 2576 3410 Et
2605 3369 2817 3410 oremus
2846 3353 2913 3408 de
2956 3352 3179 3422 reliquo,
3214 3357 3271 3404 ut
3294 3350 3563 3419 pacilicam
3592 3349 3733 3405 Deus
3753 3362 3947 3406 custo-

2361 3447 2475 3504 dire
2501 3446 2744 3517 dignetur
2770 3442 3081 3506 Ecclesiam,
3113 3454 3298 3510 pacem
3343 3440 3500 3494 ﬁxam
3547 3447 3604 3494 et
3626 3449 3950 3510 perpetuam

2362 3540 2509 3603 dare,
2558 3540 2610 3592 in
2648 3537 2858 3592 Christo
2905 3533 3034 3588 Jesu
3079 3531 3303 3586 Domino
3343 3539 3551 3596 nostro,
3583 3547 3839 3601 cumquo
3867 3545 3954 3586 est

2363 3630 2528 3701 gloria
2560 3629 2669 3684 Deo
2689 3625 2859 3690 Patri,
2897 3638 3000 3678 una
3027 3637 3147 3678 eum
3191 3619 3389 3690 Spiritu
3420 3631 3624 3687 sancto,
3659 3623 3712 3677 in
3738 3625 3949 3679 saecula

2363 3720 2697 3774 szrculorum.
2728 3717 2918 3769 Amen.

682 3844 3866 3884 ___________________________.__.___————————————————

1583 3937 1847 3998 SERMO
1891 3933 2132 3996 IPSIUS
2174 3926 2599 3991 SEVERIANI
2640 3923 2745 3983 DE
2795 3920 3022 3992 PACE,

1045 4102 1175 4145 CUM
1205 4099 1543 4144 SUSCEPTUS
1588 4097 1772 4141 ESSET
1825 4098 1859 4137 Δ
1905 4092 2106 4135 BEATO
2150 4089 2412 4141 JOANNE,
2459 4081 2749 4128 EPISCOPO
2793 4076 3558 4124 CONSTANTINOPOLITANO.

766 4227 819 4281 ln
864 4226 1093 4280 adventu
1131 4223 1339 4280 Domini
1380 4231 1436 4277 et
1468 4218 1758 4276 Salvatoris
1802 4215 1970 4270 uestri
2009 4223 2168 4283 atque
2212 4211 2263 4265 in

695 4319 975 4391 prmseutia
1020 4317 1135 4386 ejus
1178 4315 1475 4384 corporali,
1537 4310 1708 4380 angeli
1764 4308 2016 4363 ducentes
2070 4304 2264 4359 choros

693 4411 936 4466 crelestes
974 4407 1404 4476 evangelizabant
1443 4402 1750 4473 pastoribus
1778 4439 1792 4463 ,
1835 4399 2072 4451 dicentes
2106 4413 2118 4448 :
2161 4395 2266 4447 An-

695 4501 981 4554 mmtiamus
1005 4497 1141 4551 vobis
1161 4496 1308 4550 hodie
1335 4494 1574 4565 gaudium
1595 4506 1830 4561 magnum
1855 4487 1986 4558 quod
2007 4487 2100 4540 erit
2130 4485 2265 4537 omni

698 4590 884 4658 populo
920 4587 1066 4658 (Luc.
1092 4586 1147 4639 2.
1181 4584 1312 4654 10).
1355 4584 1434 4638 Ab
1474 4582 1601 4653 ipsis
1643 4581 1782 4634 enim
1826 4577 2024 4631 sanctis
2063 4575 2268 4644 angelis

698 4680 857 4731 etiam
885 4675 1108 4730 mutuati
1137 4689 1233 4729 nos
1261 4689 1444 4728 vocem
1474 4715 1487 4739 ,
1527 4670 1900 4725 annuntiamus
1935 4667 2084 4720 vobis
2111 4664 2268 4719 hodie

699 4768 944 4837 gaudium
972 4780 1240 4836 magnum.
1282 4764 1448 4818 llodic
1474 4763 1612 4816 enim
1647 4763 1696 4814 in
1730 4775 1856 4829 pace
1889 4759 2124 4812 Ecclesia
2151 4765 2228 4809 est
2254 4796 2268 4820 ,

710 4867 765 4910 et
792 4855 1024 4911 bmretici
1046 4857 1096 4910 in
1120 4857 1217 4909 ira.
1253 4853 1419 4908 Hodie
1448 4852 1697 4906 Ecclesiae
1726 4852 1872 4903 navis
1899 4849 1948 4901 in
1981 4857 2130 4916 portu
2154 4855 2233 4900 est
2255 4887 2270 4911 ,

705 4957 756 5001 et
779 4947 1141 5001 hrcreticorum
1165 4944 1306 4999 furor
1326 4945 1549 5013 jactatur
1569 4945 1616 4995 in
1636 4942 1892 4997 fluctibus.
1909 4939 2073 4992 llodic
2096 4947 2273 5006 pasto-

706 5055 791 5093 res
821 5039 1070 5093 Ecclesia:
1095 5039 1148 5090 in
1169 5037 1451 5092 securitate
1475 5075 1488 5097 ,
1513 5043 1566 5088 et
1588 5031 1822 5087 hazrctici
1852 5030 1901 5084 in
1922 5029 2276 5100 perturbatio-

707 5146 772 5183 ne
801 5139 941 5182 snnt.
971 5127 1134 5182 llodie
1172 5141 1297 5182 oves
1345 5125 1548 5179 Domini
1593 5123 1645 5177 in
1690 5132 1800 5175 tuto
1825 5163 1839 5188 ,
1885 5132 1937 5175 et
1974 5120 2081 5188 lupi
2130 5119 2274 5172 insa-

707 5221 876 5273 niunt.
906 5217 1070 5271 Hodie
1097 5217 1247 5271 vinea
1271 5213 1478 5269 Domini
1511 5216 1559 5266 in
1582 5213 1899 5266 abundantia
1925 5253 1936 5274 ,
1966 5219 2018 5264 et
2045 5209 2273 5278 operarii

711 5310 997 5378 iniquitatis
1025 5309 1075 5360 in
1103 5307 1327 5375 egentia.
1358 5304 1525 5358 Hodie
1551 5303 1775 5372 populus
1804 5301 1995 5355 Christi
2019 5300 2275 5354 exaltatus

710 5409 790 5454 est
814 5441 834 5476 ,_
853 5409 907 5454 et
936 5398 1132 5452 inimici
1163 5397 1399 5451 veritatis
1441 5394 1699 5448 humiliati
1744 5402 1885 5448 sunt.
1932 5392 2095 5446 llodie
2121 5393 2246 5446 Chri

713 5501 823 5545 stus
854 5491 904 5543 in
935 5489 1112 5543 laatitia
1138 5529 1152 5553 ,
1191 5496 1243 5541 ct
1279 5485 1521 5540 diabolus
1559 5484 1611 5538 in
1641 5485 1800 5538 luctu.
1832 5482 1997 5536 liodic
2027 5482 2194 5550 angeli
2226 5481 2277 5533 in

714 5580 1061 5633 exsultatione
1086 5621 1100 5644 ,
1120 5587 1173 5632 et
1197 5577 1464 5631 daemones
1493 5577 1546 5629 in
1563 5575 1891 5630 confusione.
1915 5574 1980 5627 Et
2000 5574 2121 5641 quid
2149 5586 2280 5639 opus

718 5678 797 5721 cst
822 5669 981 5720 multa
1010 5667 1227 5722 dicere?
1255 5666 1420 5720 Hodie
1445 5664 1706 5729 Christus,
1729 5663 1818 5731 qui
1847 5672 1926 5717 est
1952 5663 2061 5716 Rex
2091 5661 2235 5730 pacis
2264 5705 2275 5727 ,

720 5773 835 5809 cum
866 5773 954 5810 sua
985 5773 1112 5827 pace
1150 5757 1479 5827 procedens,
1528 5756 1720 5823 fugavit
1763 5769 1920 5808 omne
1962 5752 2236 5807 dissidium
2263 5791 2277 5816 ,

723 5847 1072 5904 dissensiones
1093 5847 1329 5918 depulit,
1353 5846 1666 5903 discordiam
1692 5844 2031 5916 perturbavit.
2060 5843 2126 5897 Et
2144 5843 2279 5896 sicut

2370 4207 2563 4261 cretum
2594 4201 2845 4273 splendor
2873 4199 3005 4255 solis
3029 4239 3044 4263 ,
3077 4199 3149 4253 ita
3182 4197 3476 4253 Ecclesiam
3509 4196 3681 4268 fulgor
3716 4199 3870 4268 pacis
3890 4200 3959 4254 il-

2368 4303 2608 4355 luminat.
2649 4297 2693 4352 0
2736 4309 2894 4366 quam
2935 4292 3286 4349 desiderabile
3330 4306 3526 4346 nomen
3553 4293 3750 4361 pacis,
3791 4308 3960 4363 quam

2367 4389 2640 4461 religionis
2668 4386 2982 4442 Christiana:
3007 4384 3194 4439 stabile
3219 4381 3613 4438 fundamentum
3639 4425 3653 4448 ,
3685 4391 3741 4436 et
3764 4384 3962 4439 altaris

2371 4480 2625 4537 dominici
2662 4477 2895 4532 caelestis
2929 4475 3232 4530 armatura!
3280 4473 3347 4527 Et
3404 4471 3530 4542 quid
3559 4487 3852 4541 possumus
3893 4475 3964 4528 de

2371 4586 2502 4642 pace
2529 4567 2811 4639 proloqui?
2842 4567 2948 4619 i‘ax
2991 4580 3186 4619 nomen
3225 4574 3306 4618 cst
3348 4563 3513 4633 ipsius
3549 4562 3743 4618 Christi
3769 4605 3785 4631 ,
3817 4565 3966 4618 sicut

2375 4662 2501 4716 dicit
2554 4669 2608 4714 et
2650 4656 2969 4728 apostolus:
3025 4656 3157 4722 Quin
3205 4655 3434 4709 Christus
3480 4671 3582 4724 paa:
3620 4665 3831 4719 nostra,
3877 4658 3966 4722 qui

2377 4753 2495 4821 fecit
2523 4760 2729 4817 utraque
2757 4763 2909 4799 unum
2941 4745 3168 4815 (Ephes.
3197 4745 3252 4798 2.
3279 4746 3344 4800 14
3369 4747 3408 4814 ),
3455 4760 3574 4812 qua:
3617 4759 3966 4815 nequaquam

2377 4842 2522 4906 ﬁde,
2578 4840 2670 4894 sed
2722 4836 2916 4892 invidia
2961 4835 3159 4890 diaboli
3200 4835 3545 4890 dissidebant.
3579 4834 3778 4889 Verum
3821 4838 3967 4889 sicut

2379 4933 2701 5002 procedente
2729 4944 2852 4997 rege
2877 4937 2930 4983 et
2956 4929 3142 4997 platea:
3167 4926 3486 4980 mundantur
3511 4968 3526 4991 ,
3553 4935 3606 4981 et
3630 4933 3733 4980 tota
3767 4927 3967 4981 civitas

2377 5026 2606 5080 diversis
2636 5023 2850 5076 ﬁoribus
2881 5031 2933 5075 et
2961 5020 3232 5074 ornatibus
3260 5029 3576 5084 coronatur,
3619 5026 3675 5072 ut
3714 5018 3853 5072 nihil
3899 5022 3969 5072 sit

2380 5117 2521 5188 quod
2569 5118 2743 5169 minus
2787 5114 3002 5184 dignum
3047 5113 3209 5165 vultui
3258 5112 3397 5182 regis
3439 5119 3735 5182 appareat:
3787 5111 3864 5166 ita
3916 5124 3970 5166 et

2379 5223 2522 5262 nunc
2553 5206 2869 5276 procedente
2908 5203 3119 5258 Christo
3142 5244 3157 5269 ,
3207 5202 3350 5273 Rege
3387 5203 3534 5270 pacis
3558 5243 3573 5265 ,
3614 5217 3774 5256 omne
3819 5207 3968 5273 quod

2379 5302 2532 5354 triste
2562 5309 2640 5353 est
2665 5340 2678 5361 ,
2711 5297 2977 5352 auferatur
2997 5311 3027 5349 e
3057 5295 3230 5348 medio
3250 5335 3265 5359 ,
3293 5303 3346 5347 et
3375 5295 3712 5348 illucescente
3736 5297 3970 5348 veritate

2380 5391 2586 5459 fugetur
2628 5387 2958 5441 mendacium
3012 5404 3024 5438 :
3071 5385 3231 5452 fugiat
3297 5383 3600 5450 discordia,
3645 5384 3968 5452 resplende-

2383 5489 2566 5534 seente
2592 5478 2892 5532 concordia.
2925 5475 2994 5528 Et
3038 5475 3173 5529 sicut
3216 5473 3516 5543 frequenter
3535 5473 3647 5527 ﬁeri
3690 5475 3926 5529 vidimus
3954 5519 3967 5535 ,

2383 5570 2471 5628 ubi
2498 5585 2678 5639 regum
2710 5569 2791 5620 vel
2820 5567 3040 5620 fratrum
3070 5566 3258 5620 tabula:
3285 5566 3568 5635 pinguntur
3597 5607 3608 5626 .
3643 5574 3700 5617 ut
3725 5566 3776 5618 in
3804 5569 3969 5620 utris-

2384 5676 2487 5731 que
2514 5659 2876 5714 unanimitatis
2917 5658 3249 5712 declarentur
3281 5657 3501 5724 insignia
3527 5697 3542 5720 ,
3583 5656 3767 5709 artifex
3822 5658 3971 5723 picto

2386 5753 2613 5806 femineo
2644 5751 2825 5804 habitu
2870 5758 2987 5818 post
3029 5757 3229 5816 tergum
3270 5748 3540 5815 utriusque
3566 5789 3578 5808 ,
3619 5748 3968 5799 concordiam

2385 5843 2561 5898 statuit
2593 5884 2601 5904 ,
2647 5841 2875 5892 brat-luis
2916 5841 3022 5894 suis
3051 5848 3329 5906 utrumque
3362 5841 3804 5895 (‘Ollll'itttlt‘ttlt'tlt
3834 5881 3842 5890 .
3885 5841 3970 5892 iu-
