4104 6500
177 406 261 457 521
750 417 838 471 DE
876 414 1095 470 RECIP.
1134 414 1377 469 SEVER.
1425 410 1511 466 ET
1549 405 1779 464 SEllilO
1818 405 2035 465 IPSIUS
2073 409 2443 465 SEVERlANl
2487 408 2575 463 DE
2618 406 2817 462 l’.\CE.

166 520 332 571 όιωηε
362 516 505 586 quod
528 517 583 571 hi
603 519 693 588 qui
718 518 965 573 videntur
984 516 1295 587 corporibus
1321 515 1548 585 separati
1573 554 1587 581 ,
1614 528 1738 569 scn-

168 608 336 662 tcntiis
360 619 415 662 et
440 609 713 664 voluntate
739 610 1059 664 conveniant
1088 625 1101 661 :
1132 608 1205 661 ita
1230 621 1373 661 nunc
1398 621 1495 676 pax
1528 606 1735 661 Domini

165 697 323 751 media
352 697 615 752 assistens
638 739 656 765 ,
689 708 746 754 et
773 709 1055 768 utrumque
1095 707 1335 751 nostrum
1372 696 1576 767 gremio
1618 696 1739 765 pal-

167 797 311 857 pante
336 799 665 844 connectens
692 831 708 855 ,
738 790 965 845 discreta
988 804 1211 859 corpora
1254 790 1306 843 in
1342 804 1507 843 unum
1541 802 1735 843 conve-

165 883 262 935 nire
287 880 531 935 animum
555 921 572 947 ,
602 882 742 937 ulnis
782 880 1124 951 jungentibus
1150 880 1326 936 docet.
1367 880 1424 934 In
1468 893 1570 949 qua
1617 878 1736 934 sine

163 972 307 1027 dubio
354 971 658 1042 completur
696 988 873 1027 sermo
922 972 1301 1040 propheticus,
1348 970 1438 1040 qui
1486 971 1558 1023 ait
1598 988 1610 1023 :
1666 969 1734 1023 Et

160 1064 235 1117 erit
262 1064 536 1118 consilium
578 1064 843 1133 paciﬁcum
870 1063 1002 1117 inter
1026 1072 1258 1133 utrosque
1291 1061 1484 1134 (Zach.
1514 1061 1567 1117 6.
1599 1063 1666 1115 15

162 1153 217 1208 Et
244 1155 498 1209 hesterno
520 1156 734 1226 quidem
759 1155 845 1209 die
872 1162 1021 1223 pater
1049 1163 1229 1210 noster
1247 1153 1548 1209 communis
1569 1168 1732 1208 evan-

164 1245 317 1313 gelico
346 1260 534 1314 pacem
560 1260 807 1301 sermone
836 1246 1084 1315 przeiatus
1109 1254 1191 1301 est
1217 1262 1230 1300 :
1268 1243 1427 1300 hodie
1463 1259 1593 1300 vero
1634 1259 1732 1300 nos

164 1334 303 1389 verba
330 1335 481 1404 pacis
504 1349 852 1404 exponamus.
879 1335 998 1405 Ipse
1034 1349 1131 1391 nos
1161 1334 1273 1390 heri
1312 1334 1575 1404 resupinis
1615 1349 1731 1389 ma-

165 1424 304 1479 nibus
334 1424 389 1479 in
418 1425 581 1479 verbo
606 1425 751 1495 pacis
780 1425 1030 1495 excepit,
1075 1435 1131 1481 et
1171 1440 1271 1481 nos
1313 1424 1473 1483 hodie
1514 1425 1733 1481 dilatato

163 1524 364 1584 pectore
387 1556 403 1580 ,
430 1516 680 1586 uinisque
705 1518 1006 1587 patentibus
1033 1515 1098 1571 ad
1131 1516 1412 1571 Dominum
1448 1531 1569 1571 cum
1610 1532 1732 1572 mu-

165 1604 365 1659 neribus
393 1606 544 1675 pacis
570 1620 935 1662 occurramus.
966 1606 1081 1662 Jam
1113 1607 1246 1662 bella
1272 1607 1540 1663 destructa
1567 1614 1686 1662 sunt
1713 1648 1730 1674 ,

148 1695 488 1766 pulchritudo
514 1697 660 1767 pacis
686 1696 933 1753 obtinuit.
977 1696 1127 1755 Nunc
1161 1696 1214 1753 in
1261 1698 1408 1755 luctu
1435 1706 1517 1753 est
1542 1697 1729 1754 diabo-

162 1788 250 1853 lus,
276 1787 398 1843 etin
426 1788 808 1844 lamentatione
832 1788 1006 1844 omnis
1030 1788 1330 1844 daemonum
1358 1798 1561 1859 turma;
1589 1804 1731 1845 nunc

168 1879 210 1933 in
235 1879 530 1934 caalestibus
559 1878 740 1934 laetitia
766 1920 782 1947 ,
807 1891 862 1935 et
885 1881 937 1934 in
959 1880 1165 1951 angelis
1184 1881 1469 1936 exsultatio
1491 1922 1507 1948 ,
1538 1880 1731 1951 quibus

167 1969 395 2037 specialis
424 1967 703 2024 familiaris
734 1984 855 2040 pax.
889 1971 1000 2027 Hoc
1023 1972 1164 2027 enim
1190 1971 1347 2027 etiam
1369 1972 1611 2029 cmlestes
1636 1972 1730 2028 ad-

171 2060 409 2115 mirantur
431 2060 660 2116 virtutes
683 2076 819 2133 opus
841 2104 858 2129 ,
886 2077 1017 2133 quas
1038 2060 1161 2119 {ous
1190 2065 1306 2133 ejus
1349 2062 1508 2120 habet
1533 2080 1725 2135 perenv

171 2149 271 2215 nis,
299 2164 360 2204 ex
382 2164 488 2221 quo
512 2151 678 2206 etiam
706 2161 917 2209 terrena
956 2153 1072 2209 haec
1097 2163 1276 2210 nostra
1304 2156 1463 2225 guttis
1504 2157 1725 2227 quibus-

164 2240 270 2294 dam
329 2241 521 2297 exinde
552 2243 882 2300 stillantibus
919 2246 1230 2303 irrorantur.
1271 2248 1337 2303 Et
1374 2248 1494 2305 ideo
1521 2250 1726 2305 etiamsi

168 2330 211 2385 in
239 2333 384 2389 terris
412 2349 516 2406 pax
541 2376 558 2405 ,
589 2335 768 2392 laudis
793 2336 909 2407 ejus
945 2338 1196 2413 splendor
1222 2340 1484 2399 redundat
1524 2342 1576 2398 in
1617 2357 1727 2399 ca:-

3315 412 3418 467 4'28

1848 514 1958 569 lum
1987 556 2002 581 ,
2030 513 2245 571 laudant
2270 530 2387 571 eam
2414 515 2657 571 ctelestes
2680 515 2853 585 angeli
2880 556 2896 583 ,
2923 524 2978 572 et
3002 516 3185 573 dicunt
3212 536 3224 571 :
3256 518 3434 577 Gloria

1842 606 1896 659 in
1925 608 2133 662 excelsis
2158 607 2268 662 Deo
2294 649 2308 672 ,
2337 620 2383 662 et
2418 610 2471 661 in
2499 617 2633 662 terra
2659 625 2760 677 pax
2784 608 3067 664 hominibus
3091 610 3237 665 bona:
3256 614 3435 666 volan-

1844 697 1963 749 tatis
1993 698 2011 764 (
2036 696 2163 751 Luc.
2190 698 2243 752 2.
2275 701 2339 754 14
2382 701 2423 770 ).
2473 699 2632 754 Vides
2674 700 2943 769 quomodo
2978 702 3224 757 caelestes
3248 716 3436 758 omnes

1841 794 1897 839 et
1946 797 2228 843 terrestres
2266 790 2493 845 invicem
2539 789 2639 845 sibi
2684 805 2905 846 munera
2954 791 3100 861 pacis
3138 792 3437 848 emittunt?

1841 877 2094 933 Calestes
2144 879 2315 949 angeli
2358 894 2545 951 pacem
2589 881 2748 935 terris
2786 881 3138 948 annuntiant,
3180 884 3350 937 sancti
3382 884 3436 937 in

1840 966 1997 1021 terris
2023 968 2294 1023 Christum
2320 1010 2335 1035 ,
2366 969 2456 1040 qui
2483 978 2566 1025 est
2608 984 2710 1039 pax
2750 978 2933 1025 nostra
2961 1011 2976 1038 ,
3025 970 3333 1025 collaudant
3381 971 3434 1026 in

1837 1059 2143 1116 caelestibus
2184 1061 2454 1131 positum,
2497 1071 2554 1117 et
2597 1062 2835 1135 mysticis
2876 1062 3056 1117 choris
3097 1061 3435 1129 acclamant,

1844 1147 2062 1204 Osanna
2106 1152 2165 1204 in
2199 1151 2414 1205 excelsis
2446 1150 2665 1220 (Matth.
2698 1151 2788 1205 2|.
2826 1152 2905 1222 9).
2939 1151 3194 1209 Dicamus
3218 1169 3349 1225 ergo
3381 1162 3437 1210 et

1836 1253 1958 1305 nos,
1985 1238 2171 1295 Gloria
2198 1242 2255 1295 in
2278 1240 2557 1295 altissimis
2595 1240 2721 1305 Deo,
2759 1241 2853 1309 qui
2889 1240 3198 1297 humiliavit
3235 1242 3431 1298 diabo-

1840 1330 1949 1384 lum
1977 1373 1992 1398 ,
2021 1339 2076 1386 et
2103 1332 2357 1386 exaltavit
2385 1331 2656 1387 Christum
2681 1346 2855 1387 suum.
2888 1330 3065 1387 Gloria
3087 1331 3141 1385 in
3168 1332 3430 1387 altissimis

1838 1419 1946 1473 Deo
1971 1460 1986 1485 ,
2016 1420 2104 1490 qui
2135 1420 2461 1477 discordiam
2502 1421 2689 1492 fugat,
2733 1431 2787 1477 et
2830 1416 3262 1492 pacem'statuit.
3302 1422 3432 1477 Dico

1840 1510 1983 1564 enim
2011 1510 2163 1565 vobis
2186 1519 2354 1565 artem
2385 1510 2619 1579 diaboli,
2647 1510 2800 1583 cujus
2836 1526 3009 1583 neque
3040 1526 3136 1567 vos
3181 1512 3432 1567 astutiam

1839 1600 2114 1672 ignoratis.
2142 1600 2287 1659 Vidit
2310 1612 2525 1661 satanas
2557 1606 2862 1662 ﬁrmitatem
2894 1604 3015 1661 tidei
3042 1646 3057 1672 ,
3088 1605 3433 1662 stabilitatem

1838 1692 1891 1749 in
1920 1706 1981 1747 ea
2016 1693 2213 1762 pietate
2240 1694 2544 1767 dogmatum
2570 1706 2777 1769 septam
2800 1738 2816 1763 ,
2847 1696 2979 1752 vidit
2998 1706 3051 1753 et
3074 1712 3301 1767 operum
3329 1696 3432 1752 bo-

1836 1799 2026 1841 norum
2055 1784 2314 1843 fructibus
2337 1788 2693 1845 abundantem
2726 1807 2739 1842 :
2771 1798 2828 1844 et
2866 1787 2989 1843 ideo
3016 1802 3112 1859 pro
3142 1788 3228 1844 his
3254 1788 3433 1845 omni-

1836 1876 1937 1933 bus
1966 1877 2031 1932 ad
2064 1878 2323 1934 insaniam
2352 1880 2499 1935 venit
2524 1922 2539 1945 .
2588 1887 2643 1937 et
2683 1879 2833 1935 rabie
2872 1879 3069 1934 furoris
3106 1880 3345 1946 exarsit,
3372 1888 3432 1934 ut

1836 1970 2107 2026 scinderet
2143 1971 2431 2027 amicitiam
2476 1981 2531 2027 et
2571 1972 2824 2029 evelleret
2865 1973 3144 2027 caritatem
3170 2014 3186 2039 ,
3220 1982 3277 2028 ut
3315 1972 3430 2027 dis-

1837 2072 2108 2132 rumperet
2136 2077 2320 2132 pacem
2348 2082 2360 2118 :
2390 2063 2481 2118 sed
2512 2078 2613 2133 pax
2642 2062 2852 2119 Domini
2878 2078 3092 2134 semper
3133 2064 3203 2120 sit
3241 2061 3425 2118 nobis-

1834 2165 1953 2207 cum
1979 2192 1995 2218 ,
2048 2154 2100 2205 in
2131 2151 2343 2207 Christo
2370 2152 2496 2209 Jesu
2528 2152 2755 2207 Domino
2798 2162 2983 2208 nostro
3005 2194 3021 2221 ,
3062 2167 3181 2208 cum
3213 2167 3321 2222 quo
3347 2163 3426 2207 est

1835 2238 1947 2299 Deo
1976 2244 2119 2299 Patri
2141 2253 2194 2299 et
2214 2242 2433 2317 Spiritui
2463 2254 2653 2302 sancto
2681 2244 2849 2318 gloria
2884 2245 2937 2302 in
2973 2245 3167 2302 saecula
3196 2245 3425 2303 sarculo.

1838 2351 1980 2394 rum.
2008 2337 2203 2393 Amen.
