4104 6512
694 418 822 474 627*

1380 415 1435 469 s.
1480 392 1763 469 tOANNiS
1796 403 2285 464 cttttvsosrout
2324 402 2641 460 ARCIIIEP.
2682 398 3228 457 consumtum.

3786 392 3925 449 λίπ’

699 630 3906 679 W

1305 1144 1650 1207 MONl’I‘UM
1690 1145 1771 1208 IN
1815 1144 2267 1219 SEQUENTEM
2310 1143 2834 1209 CHRYSOSTOMI
2874 1142 3315 1206 ORATIONEM

770 1528 827 1579 In
859 1533 1130 1595 postrema
1159 1521 1361 1578 Morelli
1389 1521 1635 1577 Editioue
1662 1521 1727 1575 ad
1754 1520 1954 1574 calcem
1985 1516 2138 1573 Tomi
2188 1515 2366 1585 quarti
2416 1516 2557 1571 edita
2602 1517 2705 1572 fuit
2754 1517 2944 1574 Oratio
2982 1516 3359 1589 Chrysostomi
3406 1526 3701 1589 antequam
3737 1518 3839 1574 iret
3873 1519 3930 1573 in

702 1661 974 1727 exsilium,
1012 1663 1075 1718 ad
1108 1662 1362 1733 populum
1402 1661 1607 1726 habita.
1646 1676 1712 1716 ex
1746 1657 1866 1715 Vita
1909 1658 2283 1730 Chrysastomi
2324 1672 2417 1728 per
2458 1624 2749 1729 Georgium
2800 1658 3226 1715 Alexandrinum
3271 1668 3519 1730 excerpta
3542 1701 3558 1726 ,
3591 1675 3749 1731 quae,
3783 1660 3938 1731 quod

705 1804 914 1866 spectat
936 1796 1003 1849 ad
1037 1795 1311 1851 dimidiam
1342 1795 1577 1866 priorem
1603 1804 1808 1865 partem
1840 1795 1907 1848 ad
1936 1793 2050 1849 hate
2096 1810 2268 1864 usque
2297 1809 2349 1850 ve

2392 1795 2481 1863 ba,
2507 1793 2623 1849 ἀλλ’
2660 1797 2772 1867 ὁρῶ
2819 1798 2930 1861 τοῖς
2949 1796 3190 1866 ἐμαυτοῦ
3220 1796 3451 1869 δόγμασι
3480 1814 3657 1864 τινας,
3694 1814 3805 1855 non
3843 1798 3935 1854 in-

704 1932 863 2001 digna
903 1927 1293 2001 Chrysostomo
1323 1927 1537 1983 videtur
1562 1943 1575 1979 :
1617 1936 1672 1982 et
1698 1925 1823 1981 talis
1854 1940 1884 1980 a
1910 1925 2041 1981 viris
2066 1925 2241 1981 doctis
2266 1924 2514 1992 habetur,
2546 1925 2892 1996 paucioribus
2924 1925 3049 1982 aliis
3076 1927 3518 1984 reclamantibus.
3553 1926 3611 1984 lu
3646 1929 3750 1985 hac
3774 1936 3935 1985 certe

704 2068 880 2141 prima
911 2078 1084 2139 parte.
1118 2086 1239 2127 meo
1266 2071 1481 2140 quidem
1507 2070 1733 2141 judicio,
1762 2067 2002 2124 occurrit
2024 2067 2155 2122 nihil
2176 2066 2322 2165 quod
2342 2083 2406 2124 eo
2428 2067 2629 2141 adigat.
2666 2076 2725 2124 ut
2752 2069 2916 2125 altum
2942 2085 3104 2140 quam
3137 2069 3590 2142 Chrysostomur.)
3618 2085 3939 2142 quaeramus

709 2216 1009 2263 auctorem.
1043 2206 1399 2263 Posteriorem
1434 2221 1561 2263 vero
1582 2217 1810 2278 partem.
1842 2205 2073 2261 salebris
2101 2205 2336 2276 plenam,
2369 2206 2703 2273 intricatam,
2728 2221 2850 2278 quae
2878 2222 3021 2277 saepe
3051 2207 3161 2279 vis,
3190 2222 3253 2261 ac
3284 2220 3352 2262 ne
3382 2204 3468 2260 vis
3511 2204 3728 2275 quidem
3770 2202 3942 2259 intel-

713 2340 801 2409 ligi
827 2350 1019 2412 potest,
1046 2342 1233 2399 saltem
1268 2350 1328 2397 ut
1354 2353 1529 2399 exstat
1564 2343 1744 2409 hodie,
1767 2343 2154 2415 Chrysostomo
2179 2342 2596 2414 ahjudicandam
2648 2358 2961 2400 censemus.
2991 2342 3125 2399 Nam
3163 2344 3341 2438 stylus
3380 2342 3642 2399 abhorret
3683 2357 3715 2395 a
3761 2340 3942 2410 priori

713 2477 976 2532 orationis
1001 2487 1172 2548 parte.
1203 2476 1259 2531 Si
1284 2478 1414 2545 quid
1444 2493 1572 2534 vero
1603 2478 1941 2545 enuntiatur,
1978 2477 2118 2549 quod
2160 2477 2227 2532 ad
2262 2494 2441 2533 veram
2478 2478 2597 2547 ejus
2636 2478 2811 2535 exsilit
2860 2479 3143 2535 historiam
3175 2478 3426 2550 quadret,
3464 2477 3518 2534 id
3550 2484 3696 2533 certe
3735 2476 3943 2531 itare-

2014 3426 2641 3544 EJUSDEM

1510 3822 2032 3919 HOMILIA
2116 3823 2425 3913 ANTE
2503 3820 3130 3913 EXSILIUM.

2116 4395 2605 4420 ad-”

796 4773 848 4828 Ι.
888 4772 1031 4826 Multi
1071 4769 1259 4827 ﬂuctus
1300 4772 1496 4826 instant
1531 4786 1821 4842 gravesque
1865 4771 2147 4841 procellae;
2191 4769 2286 4826 sed

723 4876 826 4917 non
847 4863 1091 4917 timemus
1116 4876 1183 4916 ne
1207 4861 1610 4932 submergamur
1649 4881 1661 4916 :
1711 4878 1830 4917 nam
1875 4864 1925 4917 in
1968 4875 2113 4931 petra
2152 4876 2283 4917 con-

721 4954 976 5009 sistimus.
1021 4953 1212 5008 Sxeviat
1246 4968 1429 5019 mare,
1476 4965 1681 5024 petram
1726 4954 2020 5011 dissolvere
2056 4955 2238 5026 nequit
2267 4972 2281 5012 :

721 5038 995 5115 tnsttrgant
1018 5043 1208 5099 ﬂuetus
1231 5085 1246 5111 ,
1272 5043 1398 5099 Jesu
1419 5044 1681 5115 navigium
1705 5044 2012 5116 demergere
2035 5061 2138 5101 non
2166 5061 2286 5115 pos-

725 5144 868 5187 sunt.
923 5132 1100 5200 Quid,
1151 5148 1368 5203 quasso,
1416 5134 1733 5189 timeamus?
1776 5134 2105 5191 Mortemne?
2154 5134 2286 5189 Mihi

724 5225 883 5279 uiuere
910 5222 1137 5279 Christus
1156 5233 1227 5278 est
1249 5263 1265 5288 ,
1286 5232 1331 5277 et
1354 5225 1481 5278 mori
1501 5226 1693 5279 lucrum
1713 5224 1967 5296 (Philipp.
1994 5228 2044 5280 Ι.
2065 5226 2179 5295 21).
2203 5231 2283 5280 An

720 5314 962 5369 exsilium
985 5355 1001 5379 ,
1030 5313 1115 5369 die
1137 5314 1263 5368 mihi
1284 5314 1307 5368 ἲ
1336 5313 1539 5368 Domini
1563 5324 1634 5369 est
1667 5324 1801 5370 terra
1826 5324 1871 5368 et
1897 5316 2153 5383 plenitudo
2174 5318 2284 5385 ejus

721 5404 742 5475 (
772 5404 912 5458 Psal.
940 5403 1030 5459 εδ.
1062 5405 1085 5459 1
1118 5403 1161 5476 ).
1192 5405 1270 5460 An
1313 5404 1620 5461 facultatum
1661 5407 2109 5477 publicationem?
2140 5407 2288 5462 Nihil

724 5493 978 5547 intulimus
1022 5494 1075 5547 iu
1116 5495 1388 5559 mundum,
1433 5506 1715 5566 certumque
1754 5506 1827 5551 est
1869 5513 1958 5551 uos
2004 5498 2129 5551 nihil
2171 5498 2287 5552 hinc

723 5579 899 5647 e/I'crre
949 5599 1092 5651 posse
1142 5584 1230 5653 (1.
1270 5582 1405 5640 Tim.
1452 5584 1504 5639 6.
1549 5586 1627 5656 7)
1673 5604 1686 5639 :
1739 5587 2092 5657 terribiliaque
2133 5586 2287 5657 hujus

729 5673 908 5729 mundi
939 5675 1065 5729 mihi
1089 5674 1357 5745 despectui
1383 5686 1541 5743 sunt,
1580 5686 1633 5733 et
1670 5678 1805 5732 bona
1820 5678 1945 5748 ejus
1974 5678 2082 5733 risu
2108 5679 2281 5749 digna.

726 5761 840 5817 Non
882 5774 1240 5834 paupertatem
1282 5766 1482 5834 timeo,
1531 5785 1633 5824 non
1679 5768 1885 5824 divitias
1926 5771 2284 5839 concupisco:

722 5869 831 5910 non
852 5864 1074 5913 mortem
1114 5865 1329 5927 metuo,
1376 5873 1472 5915 nec
1520 5860 1697 5917 vivere
1748 5870 1871 5930 opto
1898 5904 1911 5929 ,
1942 5860 2041 5916 nisi
2068 5860 2131 5916 ad
2160 5876 2284 5930 pro-

2392 4770 2583 4825 fectum
2608 4776 2866 4824 vestrum.
2897 4766 3026 4823 ldeo
3050 4764 3330 4837 prasentia
3369 4777 3729 4821 commemoro
3750 4805 3765 4829 ,
3808 4778 3969 4833 rogo-

2390 4875 2495 4931 que
2530 4861 2800 4915 caritatem
2834 4868 3102 4925 vestram,
3147 4866 3208 4912 ut
3250 4854 3493 4910 ﬁduciam
3535 4853 3744 4909 habeat.
3783 4853 3970 4909 Nullus

2391 4952 2585 5024 quippe
2608 4966 2703 5006 nos
2730 4966 2976 5022 separare
2997 4949 3193 5021 poterit
3218 4964 3233 5011 ;
3256 4947 3398 5018 quod
3418 4947 3560 5002 enim
3590 4946 3730 5002 Deus
3754 4946 3970 5016 conjun-

2390 5044 2468 5098 xit
2489 5086 2504 5109 ,
2534 5043 2693 5097 homo
2718 5057 2965 5112 separare
2988 5041 3188 5113 nequit.
3209 5038 3343 5094 Nam
3370 5038 3417 5094 si
3440 5038 3507 5093 de
3531 5038 3647 5093 viro
3671 5051 3737 5093 ac
3766 5035 3838 5093 de
3862 5052 3971 5091 mu.

2391 5134 2523 5190 liere
2549 5134 2678 5189 dicit
2702 5152 2714 5187 :
2743 5132 2963 5204 Propter
2985 5134 3078 5187 hoc
3103 5130 3347 5202 relinquet
3370 5130 3517 5183 homo
3543 5139 3732 5200 patrem
3756 5145 3909 5183 suum
3932 5138 3974 5181 et

2390 5235 2601 5279 matrem
2625 5242 2800 5291 suam,
2828 5235 2874 5279 et
2898 5223 3170 5279 adhttrebit
3194 5223 3340 5278 uxori
3364 5237 3501 5285 suae,
3532 5230 3578 5274 et
3605 5229 3749 5274 erum
3776 5218 3883 5272 duo
3924 5219 3971 5271 in

2389 5332 2593 5370 carnem
2618 5332 2771 5368 unum
2800 5315 2818 5386 (
2836 5313 2961 5369 Gen.
2986 5316 3040 5369 2.
3071 5312 3182 5383 24)
3211 5332 3226 5369 :
3254 5312 3389 5383 quod
3422 5327 3539 5381 ergo
3586 5308 3716 5363 Deus
3754 5311 3973 5378 conjun-

2389 5406 2464 5461 xit
2486 5447 2502 5473 ,
2533 5406 2681 5460 homo
2710 5423 2811 5461 non
2837 5404 3075 5476 separet(
3104 5404 3290 5459 Matth.
3325 5403 3411 5459 i9.
3440 5404 3492 5459 5.
3521 5402 3553 5458 ϐ
3580 5400 3620 5473 ).
3658 5401 3715 5457 Si
3762 5405 3972 5471 nuptias

2396 5515 2501 5554 non
2546 5509 2699 5569 potes
2749 5499 3040 5563 dirimere,
3081 5507 3281 5569 quanto
3323 5498 3500 5551 minus
3539 5494 3835 5550 Ecelesiam
3883 5495 3971 5549 Dei

2393 5600 2547 5660 potes
2570 5590 2908 5646 dissolvere?
2934 5590 3039 5647 Sed
3064 5606 3181 5645 eam
3207 5602 3480 5660 oppugnas
3501 5628 3515 5652 ,
3544 5602 3665 5643 cum
3693 5585 3827 5641 nihil
3854 5601 3973 5656 pose

2393 5682 2467 5735 sis
2510 5680 2706 5736 laedere
2751 5696 2871 5736 eum
2917 5697 3074 5752 quem
3123 5680 3357 5750 impetis.
3407 5678 3603 5734 Verum
3648 5692 3737 5732 me
3783 5675 3974 5731 reddes

2392 5768 2808 5839 splendidiorem
2834 5810 2849 5838 ,
2879 5779 3127 5841 tuamque
3153 5771 3258 5823 vim
3288 5782 3497 5823 meeum
3528 5766 3813 5838 pugnando
3839 5766 3969 5833 deji-

2394 5862 2504 5919 cics
2530 5879 2541 5917 :
2574 5862 2768 5918 Durum
2799 5877 3027 5935 namque
3059 5861 3146 5916 tibi
3173 5870 3242 5917 cst
3274 5871 3448 5915 contra
3473 5858 3739 5915 stimulum
3764 5867 3969 5914 acutum
