4154 6478
693 392 802 450 4‘39

698 508 862 569 πόδας
894 507 1203 578 αίμάσσεις·
1239 511 1361 563 ἐπεὶ
1412 512 1505 564 καὶ
1536 513 1605 565 τά
1654 512 1871 582 κύματα
1903 513 2001 583 τὴν
2042 511 2249 581 πέτραν

689 590 751 641 οὐ
789 588 1013 654 διαλύει,
1049 591 1161 643 ἀλλ’
1199 592 1337 645 αὐτά
1372 594 1451 657 είς
1505 592 1675 663 ἀφρὸν
1714 594 2039 647 διαλύονται.
2085 591 2250 645 Οὐδὲν

702 670 1024 741 Ἐκκλησίας
1058 673 1439 745 δυνατώτερον,
1463 674 1734 748 ἄνθρωπε.
1770 675 1943 730 Λῦσον
1971 675 2059 747 τὸν
2094 674 2250 727 πόλε-

696 769 815 821 μον,
849 754 935 807 ἵνα
973 754 1047 827 μὴ
1087 756 1363 827 καταλύσῃ
1402 774 1496 809 σου
1535 758 1632 829 τὴν
1668 758 1917 827 δύναμιν
1952 757 2028 828 μὴ
2060 758 2246 824 εῖσαγε

690 835 925 906 πόλεμον
952 839 1030 901 είς
1059 839 1303 907 οὐρανόν.
1323 839 1641 911 Ἄνθρωπον
1667 842 1764 893 ἐὰν
1790 840 2050 910 πολεμῇς,
2076 838 2109 909 η
2135 838 2248 891 ἐνί-

689 933 883 986 κησας,
915 920 948 989 ἢ
976 920 1247 991 ἐνικήθης.
1307 922 1629 992 Ἐκκλησίαν
1669 922 1725 977 δὲ
1756 920 1850 975 ἐάν
1882 921 2144 991 πολεμῇς,
2168 938 2247 975 νι-

690 1000 851 1070 κῆσαί
875 1018 934 1053 σε
951 1004 1250 1072 ἀμήχανονυ
1274 1007 1303 1057 6
1330 1005 1460 1068 Θεὸς
1496 1006 1604 1075 γάρ
1633 1006 1777 1058 ἐστιν
1794 1005 1822 1057 6
1857 1003 2073 1057 πάντων
2097 1005 2247 1073 ἰσχυ-

690 1082 926 1152 ρότερος.
965 1083 1060 1152 Μὴ
1085 1085 1537 1155 παραζηλοῦμεν
1563 1086 1669 1140 τὸν
1687 1086 1935 1153 Κύριονς
1952 1084 2037 1154 μὴ
2073 1087 2247 1152 ισχυ-

678 1164 912 1233 ρότεροι
944 1168 1128 1220 αὐτοῦ
1156 1169 1376 1236 ἐσμεν;
1398 1169 1457 1221 '0
1480 1168 1611 1231 Θεὸς
1646 1168 1834 1237 ἔπηξε,
1866 1168 1949 1230 τίς
1982 1167 2247 1236 ἐπιχειρεῖ

688 1246 969 1312 σαλεύεινς
999 1249 1111 1299 Οὐκ
1133 1245 1287 1301 οἶσθα
1320 1249 1484 1303 αὐτοῦ
1512 1250 1608 1322 τὴν
1636 1249 1882 1320 δύναμιν.
1911 1248 2247 1303 Ἐπιϐλέπει

682 1330 783 1382 ἐπὶ
807 1330 919 1396 τὴν
946 1332 1080 1400 γῆν,
1100 1334 1195 1386 καί
1220 1334 1376 1387 ποιεῖ
1402 1333 1596 1404 αὐτὴν
1623 1333 1877 1403 τρέμειν
1901 1332 2131 1394 κελεύει,
2155 1332 2247 1384 καὶ

683 1416 752 1469 τά
785 1415 1035 1485 σειόμενα
1065 1415 1346 1490 ήδράζετο.
1406 1417 1467 1471 Εί
1522 1418 1620 1489 τὴν
1680 1418 1832 1470 πόλιν
1884 1415 2245 1486 σαλευομένην

685 1497 898 1567 ἔστησε,
936 1498 1112 1569 πολλῷ
1162 1499 1361 1569 μᾶλλον
1412 1502 1511 1572 τὴν
1562 1500 1883 1571 Ἐκκλησίαν
1922 1500 2114 1568 στῆσαι
2150 1497 2246 1551 δύο

682 1599 860 1638 ναται.
893 1583 956 1635 Ἠ
983 1584 1274 1655 Ἐκκλησία
1296 1585 1525 1657 ούρανοῦ
1558 1586 1895 1658 ίσχυροτέρω
1921 1585 1974 1637 '0
1990 1584 2246 1653 οὐρανὸς

683 1662 783 1715 καί
812 1664 851 1730 ὴ
880 1663 954 1734 γῆ
981 1666 1477 1733 παρελεύσονται,
1511 1669 1565 1720 οί
1604 1665 1672 1719 δὲ
1694 1669 1863 1735 λόγοι
1904 1682 2023 1735 μου
2049 1668 2121 1718 οὐ
2154 1664 2243 1733 μὴ

683 1744 1044 1814 παρέλθωσι.
1076 1748 1221 1802 Ποῖοι
1276 1748 1461 1817 λόγοι;
1492 1749 1578 1804 Σὺ
1621 1745 1681 1804 εἴ
1719 1750 1963 1818 Πέτρος,
1994 1749 2091 1803 καί
2144 1747 2246 1802 ἐπὶ

682 1827 869 1895 ταύτῃ
897 1842 1015 1897 μου
1048 1827 1121 1897 τῇ
1155 1829 1339 1898 πέτρᾳ
1369 1828 1745 1901 οἰκοδομήσω
1795 1846 1914 1900 μου
1946 1828 2062 1898 τὴν
2117 1830 2244 1882 Ἐκ-

681 1912 965 1979 κλησίαν,
981 1912 1076 1965 καί
1089 1914 1275 1971 πύλαι
1291 1912 1437 1981 ᾅδου
1454 1916 1525 1969 οὐ
1541 1916 2022 1985 κατισχύσουσιν
2034 1912 2238 1981 αὐτῆς.

752 2018 818 2086 β’.
850 2019 910 2072 Et
933 2020 1179 2083 ἀπιστεῖς
1190 2020 1443 2092 τῷλόγῳ,
1459 2022 1679 2076 πίστευε
1691 2025 1801 2086 τοῖς
1817 2022 2124 2095 πράγμασι.
2143 2020 2244 2073 [I6-

682 2118 764 2154 σοι
788 2100 1037 2173 τύραννοι
1058 2102 1325 2173 ἠθέλησαν
1354 2104 1733 2176 περιγενέσθαι
1754 2105 1853 2174 τῆς
1885 2104 2233 2175 Ἐκκλησίας,

682 2187 823 2239 πόσα
856 2187 1099 2256 τήγανα;
1128 2187 1282 2240 πόσοι
1342 2189 1583 2258 κάμινοι,
1625 2189 1827 2261 θηρίων
1855 2189 2086 2251 ὀδόντες,
2113 2187 2243 2261 ξίφη

680 2269 987 2340 ηνονημενα
1012 2284 1027 2333 ;
1052 2270 1144 2323 καὶ
1171 2269 1233 2323 οὐ
1264 2270 1657 2339 περιεγένοντο.
1682 2271 1790 2326 Ποῦ
1814 2272 1863 2325 οί
1903 2272 2243 2342 πολεμήσαν-

678 2368 803 2415 τεςς
836 2351 1153 2422 Σεσίγηνται
1199 2352 1295 2405 καὶ
1341 2352 1478 2425 λήθῃ
1518 2354 1924 2425 παραδέδονται.
1974 2354 2082 2406 1166
2118 2355 2175 2406 δὲ
2208 2355 2241 2427 η

693 2432 1019 2503 Ἐκκλησία;
1062 2433 1231 2503 ’Υπὲρ
1256 2433 1346 2487 τόν
1396 2436 1546 2505 ἥλιον
1603 2436 1827 2507 λάμπει.
1885 2436 1968 2489 Τά
2020 2436 2242 2491 ἐκείνων

680 2514 953 2579 ἔσϐεσται,
986 2513 1054 2567 τά
1089 2515 1290 2586 ταύτης
1319 2516 1582 2573 ἀθάνατα.
1639 2518 1702 2571 El
1730 2520 1818 2571 ὅτε
1862 2517 2031 2587 ὀλίγοι
2080 2516 2240 2590 ἦσαν,

677 2596 777 2655 οὐκ
798 2594 1145 2667 ἐνικήθησαν,
1172 2598 1262 2651 δτε
1294 2601 1327 2669 η
1352 2600 1643 2672 σίκουμένη
1678 2600 1922 2673 ἐπλήσθη
1938 2603 2240 2667 εὐσεϐείας,

679 2678 796 2743 πῶς
826 2680 1045 2750 νικῆσαι
1078 2680 1333 2748 δύνασαι;
1393 2685 1436 2735 0
1463 2684 1719 2751 οὐρανός
1756 2686 1855 2739 καὶ
1898 2686 1937 2752 ἡ
1979 2683 2054 2754 γῆ
2089 2684 2241 2757 [416]

675 2764 1169 2829 παρελεύσονται,
1185 2767 1239 2817 οί
1258 2764 1327 2817 δὲ
1353 2768 1523 2833 λόγοι
1546 2783 1664 2836 μου
1681 2765 1844 2835 οὐμὴ
1874 2768 2235 2836 παρέλθωσι.

674 2845 785 2899 Καὶ
826 2846 971 2915 μάλα
1000 2846 1245 2911 εἰκότως·
1278 2848 1624 2918 ποθεινοτέρα
1644 2848 1749 2920 γὰρ
1782 2852 1816 2920 η
1841 2850 2131 2922 Ἐκκλησία
2160 2851 2238 2923 τῷ

674 2925 794 2997 θεῷ
839 2927 934 2980 τοῦ
992 2927 1241 2998 οὐρανοῦ.
1278 2929 1520 3000 Οὐρανοῦ
1580 2930 1739 3000 σῶμα
1790 2931 1888 2985 οὐκ
1948 2934 2235 2999 ἀνέλαϐεν,

686 3010 1011 3081 Ἐκκλησίας
1032 3012 1087 3065 δὲ
1117 3012 1296 3083 σάρκα
1329 3012 1572 3066 ἀνέλα6ε’
1598 3013 1688 3067 διὰ
1713 3013 1811 3084 τὴν
1862 3015 2181 3086 Ἐκκλησίαν
2210 3018 2238 3069 6

674 3094 921 3165 οὐρανὸς,
937 3096 997 3147 οὐ
1022 3095 1110 3149 διὰ
1126 3095 1217 3148 τὸν
1244 3096 1520 3168 οὑρανδνη
1554 3097 1867 3167 Ἐκκλησία.
1891 3099 2069 3169 Μηδὲν
2097 3102 2238 3169 ὑμᾶς

676 3176 972 3248 θορυϐείτω
1023 3178 1130 3233 τῶν
1171 3178 1495 3249 γενομένων.
1548 3180 1717 3233 Τοῦτό
1772 3197 1860 3252 μοι
1920 3182 2237 3253 χαρίσασθε,

675 3262 858 3315 πίστιν
881 3261 1293 3333 ἀπερίτρεπτον.
1320 3261 1435 3317 Οὐκ
1462 3262 1629 3317 εῖδετε
1649 3264 1741 3316 τὸν
1774 3264 1977 3335 Πέτρον
2010 3281 2239 3336 περιπα-

674 3345 871 3399 τοῦντα
893 3347 983 3399 ἐπὶ
1006 3346 1114 3401 τῶν
1145 3346 1371 3412 ὑδάτων,
1408 3348 1501 3401 καὶ
1547 3348 1725 3416 ὀλίγον
1758 3348 2106 3417 διστάσαντα,
2145 3352 2239 3404 καὶ

584 3478 587 3485 .
677 3428 938 3499 μέλλοντα
965 3426 1471 3494 καταποντίζεσθαι,
1509 3430 1569 3483 οὐ
1602 3430 1690 3483 διά
1734 3431 1831 3503 τὴν
1875 3435 2107 3486 ἄτακτον
2132 3434 2239 3487 τῶν

675 3512 881 3565 ὑδάτων
907 3512 1101 3582 ὁρμὴν,
1126 3512 1261 3565 ἀλλὰ
1282 3512 1369 3565 διὰ
1395 3512 1492 3583 τὴν
1520 3512 1804 3567 ἀσθένειαν
1844 3515 1942 3584 τῆς
1974 3517 2237 3582 πίστεως;

675 3594 766 3665 Μὴ
792 3594 898 3665 γὰρ
928 3595 1293 3663 ἀνθρωπίναις
1338 3597 1536 3666 ψήφοις
1586 3595 1819 3650 ἐνταῦθα
1864 3584 2128 3670 ἤλθομεν;
2162 3599 2241 3670 μὴ

674 3679 782 3749 γὰρ
829 3679 1111 3746 ἄνθρωπος
1159 3678 1401 3749 ἢγαγεν,
1449 3681 1537 3734 ἵνα
1590 3679 1874 3751 ἄνθρωπος
1931 3683 2238 3756 καταλύσῃ;

674 3761 861 3815 Ταῦτα
887 3762 1029 3831 λέγω
1053 3763 1153 3816 οὐκ
1177 3763 1591 3834 ἀπονοούμενος,
1614 3765 1689 3835 μὴ
1710 3765 1936 3832 γένοιτο,
1956 3767 2076 3820 οὐδέ
2106 3767 2241 3822 ἀλα-

676 3846 1045 3917 ζονευόμενος,
1074 3845 1210 3899 ἀλλά
1250 3846 1311 3900 τὸ
1352 3848 1504 3919 ὑμῶν
1558 3848 1954 3920 σεσαλευμένον
1990 3848 2240 3921 στηρίξαι

676 3932 1017 4003 βουλόμενος.
1045 3933 1261 4005 Ἐπειδὴ
1292 3933 1424 4007 ἔστη
1456 3936 1488 4005 ὴ
1517 3935 1690 4002 πόλις,
1725 3936 2048 4006 Ἐκκλησίαν
2068 3940 2096 3990 6
2122 3938 2237 3991 διά-

676 4016 829 4079 ϐολος
857 4016 1089 4087 ἠθέλησε
1129 4016 1406 4071 σαλεῦσαι.
1451 4019 1629 4089 Μιαρὲ
1674 4020 1768 4071 καὶ
1798 4019 2086 4089 παμμίαρε
2129 4021 2242 4075 διά-

675 4099 821 4163 ϐολε,
845 4100 1036 4169 τοίχων
1066 4100 1126 4154 οὐ
1154 4103 1492 4173 περιεγένου,
1538 4103 1631 4157 καὶ
1667 4103 1989 4173 Ἐκκλησίαν
2016 4106 2241 4175 προσδο-

673 4184 776 4255 κᾷς
809 4183 1220 4253 σαλεῦσαι;Μὴ
1243 4183 1351 4254 γάρ
1392 4187 1461 4241 ἐν.
1478 4186 1679 4256 τοίχοις
1703 4189 1735 4255 ἡ
1778 4187 2103 4256 Ἐκκλησία;
2152 4189 2241 4243 Ἐν

670 4266 749 4335 τῷ
778 4266 972 4337 πλήθει
1018 4267 1124 4319 τῶν
1164 4268 1370 4319 πιστῶν
1422 4271 1457 4339 η
1513 4268 1831 4341 Ἐκκλησία.
1893 4271 2023 4324 Ἰδοὺ
2084 4273 2238 4325 πόσοι

671 4347 853 4401 στῦλοι
902 4350 1142 4423 ἑδραῖοι,
1184 4350 1245 4402 οὐ
1292 4350 1497 4421 σιδήρῳ
1534 4350 1824 4425 δεδεμένοι,
1869 4354 2006 4406 ἀλλά
2059 4355 2240 4411 πίστει

670 4435 1010 4505 ἐσφιγμένοι.
1070 4436 1143 4489 Οὐ
1198 4434 1340 4503 λέγω
1375 4438 1457 4489 ὃτι
1504 4436 1756 4489 τοσοῦτον
1811 4437 2013 4508 πλῆθος
2069 4439 2239 4510 πυρὸς

673 4517 1049 4588 σφοδρότερον·
1082 4516 1196 4570 ἀλλ’
1225 4516 1370 4582 οὕτε,
1400 4522 1448 4572 εί
1501 4514 1584 4581 εἷς
1624 4515 1713 4590 ἦν,
1748 4522 2088 4594 περιεγένου.
2129 4522 2240 4575 Καὶ

670 4599 855 4663 οἶδας,
895 4597 985 4654 οἶά
1042 4617 1124 4653 σοι
1176 4603 1469 4673 τραύματα
1524 4604 1795 4673 παρέσχον
1840 4606 1889 4655 οί
1940 4605 2237 4674 μάρτυρες.

670 4682 905 4753 Είσῆλθε
939 4683 1200 4746 πολλάκις
1238 4685 1372 4754 κόρη
1404 4685 1588 4756 ἁπαλὴ
1634 4685 2029 4757 ἀπειρόγαμος·
2066 4685 2239 4757 κηροὺ⁹

668 4762 738 4835 ἦν
761 4765 1109 4837 ἁπαλωτέρα,
1146 4767 1241 4819 καὶ
1272 4768 1479 4839 πέτρας
1508 4768 1723 4839 ἐγένετο
1749 4771 2106 4842 στερεωτέρα.
2129 4770 2240 4835 Τὰς

669 4851 908 4920 πλευράς
936 4852 1107 4924 αὐτῆς
1139 4852 1304 4919 ἐξεες,
1340 4854 1434 4907 καὶ
1466 4852 1563 4926 τὴν
1591 4852 1771 4907 πίστιν
1799 4852 1971 4921 αὐτῆς
1997 4854 2096 4905 οὐκ
2120 4854 2242 4907 ἐλα-

669 4937 783 4998 ϐες.
834 4936 1090 5009 Ἠτόνησε
1116 4939 1213 5009 τῆς
1247 4938 1445 5009 σαρκὸς
1497 4942 1531 5011 ὴ
1562 4938 1741 5011 φύσις,
1766 4940 1860 4993 καὶ
1902 4941 2002 4994 οὐκ
2030 4942 2240 5013 ἀπηγο-

672 5018 841 5091 ρεύθη
878 5020 975 5091 τῆς
995 5021 1229 5084 πίστεως
1262 5024 1295 5092 ἡ
1329 5022 1575 5092 δύναμιςο
1618 5024 1924 5077 ἐδαπανᾶτο
1952 5025 2012 5076 τὸ
2047 5025 2236 5095 σῶμα,

669 5104 1005 5157 ἐνεανιεὺετο
1030 5106 1091 5158 τὸ
1123 5107 1398 5178 φρόνημα⁶
1427 5107 1749 5177 ἀνηλίσκετο
1785 5106 1841 5161 δέ
1871 5109 1906 5180 ὴ
1932 5107 2109 5173 οὐσία,
2141 5109 2237 5163 καὶ

670 5189 863 5259 ἐμενεν
889 5191 925 5260 ἡ
955 5188 1233 5243 εὐλάϐεια.
1264 5190 1523 5255 Γυναικός
1544 5193 1604 5244 οὐ
1629 5194 1942 5264 περιεγένου
1972 5196 2119 5264 μιᾶς,
2142 5195 2236 5248 καὶ

667 5274 919 5327 τοσούτου
942 5275 1322 5347 περιγενέσθαι
1340 5276 1509 5347 δήμου
1530 5278 1862 5352 προσδοκᾷς,
1884 5281 1996 5335 Οὐκ
2018 5283 2237 5348 ἀκούεις

667 5356 763 5411 166
790 5355 991 5428 Κυρίου
1017 5358 1285 5426 λέγοντος,
1317 5361 1500 5414 Ὅπου
1529 5360 1637 5415 δύο
1666 5362 1703 5431 ἢ
1736 5363 1893 5431 τρεῖς
1926 5367 2045 5419 είσι
2084 5384 2237 5422 συν-

666 5442 912 5510 ηγμένοι
968 5446 1056 5509 είς
1103 5444 1169 5499 τὸ
1218 5446 1406 5513 ὄνομὰ
1456 5463 1598 5515 μου,
1647 5447 1772 5502 ἐκεῖ
1813 5452 1931 5518 είμι
1962 5451 2031 5503 ἐν
2062 5452 2233 5521 μέσῳ

669 5522 903 5591 αὐτῶν;
944 5526 1119 5580 Ὅπου
1166 5527 1417 5590 τοσοῦτος
1454 5529 1625 5602 δῆμος
1661 5532 1845 5606 ἀγάπῃ
1888 5536 2232 5605 ἐσφιγμένος,

670 5615 733 5700 οὐ
760 5614 1057 5700 πάρεστιν;
1094 5616 1240 5686 Ἔχω
1270 5615 1434 5670 αὑτοῦ
1468 5618 1744 5691 ἐνέχυρονο
1796 5624 1871 5696 μὴ
1918 5623 2027 5697 γάρ
2063 5628 2239 5700 οίκεία

669 5699 896 5768 δυνάμει
921 5699 1133 5772 6αρρὦ
1154 5702 1536 5775 Γραμματεῖον
1574 5704 1738 5761 αὐτοῦ
1772 5710 2003 5782 κατέχω.
2032 5699 2239 5768 Ἐκεῖνό

675 5800 764 5856 μοι
792 5785 1079 5859 βακτηρία,
1106 5790 1279 5847 ἐκεῖνό
1318 5807 1409 5863 μοι
1438 5792 1728 5867 ἀσφάλεια,
1753 5796 1926 5856 ἐκεῖνό
1961 5817 2050 5872 μοι
2073 5800 2237 5876 λιμὴν

1387 375 1444 431 S.
1480 374 1762 433 JOANNIS
1796 376 2276 436 CHRYSOSTOMI
2317 380 2633 436 ARCIlIEP.
2674 380 3218 438 CUNSTANTINOP.

3816 392 3924 449 430

2362 514 2693 584 άκύμαντος.
2728 513 2848 569 Κάν
2873 513 2905 582 ή
2933 511 3224 581 οἰκουμένη
3248 512 3603 580 ταράττηται,
3641 509 3701 562 τὺ
3731 526 3919 581 γραμο

2358 598 2577 665 ματεῖον
2624 595 2869 664 κατέχωο
2925 592 3071 662 αὐτῷ
3101 592 3174 661 (1⁵.
3205 592 3374 661 αὐτὸ)
3424 590 3811 660 ἀναγινώσκω·
3850 592 3923 646 τά

2357 677 2657 747 γράμματα
2686 678 2871 731 ἐκεῖνα
2905 677 3081 744 τεῖχος
3137 674 3259 743 ἐμοὶ⁸
3310 674 3403 725 καὶ
3448 673 3734 741 ἀσφάλεια.
3783 674 3924 725 Ποῖα

2354 759 2559 823 16616;
2597 759 2743 828 Ἐγὼ
2783 758 2912 827 μεθ’
2956 754 3121 825 ὑμῶν
3160 758 3274 824 ειμι
3308 754 3509 821 πάσας
3552 756 3658 821 τὰς
3694 755 3925 822 ἡμέρας

2352 840 2463 907 ἕως
2494 840 2603 907 τῆς
2632 840 2986 905 συντελείας
3004 838 3107 893 τοῦ
3127 837 3359 903 αἰῶνος.
3379 838 3607 908 Χριστὸς
3626 838 3740 907 μετ’
3758 836 3921 908 ἐμοῦ,

2353 923 2449 976 καὶ
2480 923 2600 977 τίνα
2625 922 3035 993 φοϐηθήσομαι;
3078 919 3195 974 Κάν
3234 919 3452 988 κύματα
3495 922 3616 973 κατ’
3647 918 3780 989 ἐμοῦ
3810 920 3914 972 6L1-

2355 1006 2625 1077 γείρηται,
2661 1005 2765 1059 κᾶν
2795 1003 3035 1073 πελάγη,
3082 1002 3183 1055 κᾶν
3238 1002 3511 1073 ἀρχόντων
3565 1001 3745 1073 θυμοί·
3796 1003 3923 1073 ἐμοὶ

2350 1087 2527 1143 ταῦτα
2560 1088 2734 1141 πάντα
2766 1086 3007 1158 ἀράχνης
3060 1085 3432 1155 εὐτελέστερα.
3482 1086 3592 1138 Καὶ
3638 1087 3685 1138 εί
3730 1085 3805 1155 μὴ
3831 1085 3924 1139 διὰ

2351 1171 2448 1241 τὴν
2477 1170 2749 1241 ὑμετέραν
2774 1172 3013 1237 ἀγάπην,
3030 1168 3151 1220 οὐδέ
3173 1169 3409 1237 σήμερον
3434 1166 3497 1220 ἂν
3515 1167 3924 1237 παρῃτησάμην

2348 1252 2624 1306 ἀπελθεῖν.
2672 1254 2783 1305 Ἀεὶ
2831 1251 2938 1322 γάρ
2968 1248 3128 1318 λέγω,
3171 1252 3367 1316 Κύριε,
3419 1249 3483 1303 τὸ
3532 1249 3649 1303 σὸν
3690 1248 3924 1318 θέλημα

2346 1334 2634 1404 γενέσθω
2664 1334 2738 1405 μὴ
2770 1336 2799 1388 ὅ
2831 1351 2885 1387 τι
2910 1336 2938 1387 6
2965 1333 3133 1397 δεῖνα,
3174 1334 3268 1384 καὶ
3296 1334 3324 1383 6
3360 1332 3530 1394 δεῖνα,
3554 1331 3667 1384 ἀλλ’
3694 1331 3747 1384 εἴ
3770 1348 3826 1385 τι
3853 1334 3921 1384 σὺ

2351 1415 2549 1486 βούλει,
2572 1411 2747 1480 Οὗτος
2774 1417 2896 1486 ἐμοὶ
2922 1416 3150 1487 πύργος,
3181 1412 3339 1466 τοῦτο
3363 1413 3485 1482 ἐμοὶ
3512 1413 3686 1481 πέτρα
3720 1412 3921 1485 ἀκίνη-

2345 1514 2459 1562 τος·
2493 1498 2652 1552 τοῦτο
2684 1500 2807 1569 ἐμοὶ
2836 1497 3105 1569 βακτηρία
3127 1497 3545 1566 ἀπερίτρεπτος.
3580 1495 3643 1547 Εί
3670 1493 3922 1564 βούλεται

2346 1582 2375 1634 6
2404 1580 2536 1645 Θεὸς
2554 1580 2713 1635 τοῦτο
2736 1581 3007 1651 γενέσθαι,
3039 1579 3290 1649 γινέσθω.
3322 1579 3384 1631 El
3419 1578 3664 1647 βούλεται
3685 1575 3924 1633 ἐνταῦθα

2346 1660 2485 1720 εἷναί
2515 1682 2607 1735 με,
2639 1666 2799 1737 χάριν
2824 1663 2951 1734 ἔχω.
2979 1664 3153 1717 Ὀπου
3188 1660 3454 1733 βούλεται,
3482 1659 3811 1731 εὐχαριστῶ.

2415 1755 2487 1816 γ’.
2520 1747 2727 1817 Μηδεὶς
2748 1748 2890 1817 ὑμᾶς
2912 1744 3229 1815 θορυϐείτω’
3263 1746 3382 1808 ταῖς
3398 1744 3584 1815 εὐχαῖς
3601 1744 3920 1814 προσέχετε.

2346 1831 2533 1885 Ταῦτα
2553 1830 2805 1899 ἐποίησεν
2837 1829 2865 1881 ό
2905 1826 3168 1891 διάϐολος,
3202 1827 3289 1881 ῖνα
3321 1827 3527 1898 ἐκκόψῃ
3554 1826 3653 1897 τὴν
3678 1826 3922 1898 σπουδὴν

2342 1914 2442 1985 τὴν
2462 1914 2587 1985 περὶ
2615 1912 2713 1977 τάς
2737 1910 3026 1975 λιτανείας.
3056 1911 3193 1964 Ἀλλ’
3211 1913 3272 1965 οὐ
3305 1913 3581 1983 προχωρεί
3601 1909 3767 1980 αὐτῷ’
3785 1908 3926 1964 ἀλλὰ

2346 2000 2788 2068 σπουδαιοτέρους
2806 1998 2948 2067 ὑμᾶς
2964 1996 3057 2049 καὶ⁵
3074 1994 3432 2066 θερμοτέρους
3455 1994 3792 2063 εὑρήκαμεν.
3812 1991 3922 2045 A6-

2348 2100 2459 2151 ριον
2491 2078 2639 2154 [417]
2674 2083 2753 2144 εἰς
2796 2078 3058 2131 λιτανεῖον
3100 2076 3449 2145 ἐξελεύσομαι
3491 2076 3611 2147 μεθ’
3634 2074 3811 2145 ὑμῶν.
3848 2075 3925 2127 Ἦ

2344 2167 2476 2219 ὅπου
2514 2176 2541 2206 ι
2578 2163 2707 2232 ἐγὼ,
2745 2155 2838 2215 καὶ
2862 2163 3017 2231 ὑμεῖς
3038 2162 3187 2214 ἐκεῖ·
3221 2160 3353 2214 ὅπου
3386 2160 3564 2229 ὑμεῖς,
3594 2161 3709 2211 ἐκεῖ
3728 2157 3885 2227 κάγώ
3906 2174 3921 2188 ⁸

2343 2248 2401 2300 ἐν
2430 2248 2589 2319 σῶμά
2629 2250 2829 2317 ἐσμεν·
2861 2246 2922 2297 οὐ
2955 2244 3116 2315 σῶμα
3159 2242 3421 2313 κεφαλῆς,
3454 2243 3514 2295 οὐ
3549 2241 3761 2312 κεφαλὴ
3816 2240 3927 2294 66')-

2347 2346 2511 2400 ματος
2558 2328 2867 2400 χωρίζεται.
2903 2324 3262 2397 Διειργόμεθα
3303 2324 3383 2394 τῷ
3414 2323 3585 2392 τόπῳ,
3618 2324 3733 2377 ἀλλ’
3781 2324 3925 2392 ἠνώ-

2348 2414 2486 2484 μεθα
2525 2416 2594 2483 τῇ
2640 2412 2861 2481 ἀγάπῃ·
2890 2408 3011 2464 οὐδέ
3050 2408 3280 2469 θάνατος
3322 2405 3575 2475 διακόψαι
3606 2405 3921 2476 δυνήσεται.

2344 2499 2463 2553 Κᾶν
2507 2498 2614 2567 γὰρ
2667 2495 2911 2565 ἀποθάνῃ
2948 2510 3049 2565 μου
3090 2492 3151 2545 τὸ
3199 2490 3381 2562 σῶμα,
3428 2490 3494 2561 ζῇ
3528 2491 3562 2558 ή
3604 2488 3785 2561 ψυχὴ,
3828 2489 3926 2542 καὶ

2347 2581 2617 2650 μέμνηται
2636 2576 2728 2629 τοῦ
2750 2576 2921 2646 δήμου
2941 2590 2955 2605 ο
2986 2573 3142 2643 ὑμεῖς
3174 2572 3297 2642 ἐμοὶ
3328 2571 3588 2639 πατέρες·
3621 2572 3739 2633 πῶς
3767 2572 3928 2640 ὑμῶν

2340 2664 2573 2733 δύναμαι
2624 2657 3003 2724 ἐπιλαθέσθαι;
3050 2656 3208 2725 ὑμεῖς
3258 2655 3383 2723 ἐμοὶ
3439 2654 3704 2725 πατέρες,
3762 2655 3929 2724 ὑμεῖς

2340 2746 2465 2815 ἐμοὶ
2502 2744 2638 2814 ζωὴ,
2665 2744 2820 2813 ὑμεῖς
2850 2741 2970 2811 ἐμοὶ
3016 2738 3385 2808 εὐδοκίμησις.
3422 2737 3547 2790 Ἐὰν
3585 2739 3744 2808 ὑμεῖς
3783 2754 3925 2809 προς

2341 2829 2565 2898 κόψητε,
2606 2825 2716 2895 ἐγὼ
2749 2824 3040 2894 εὐδοκιμῶ-
3072 2822 3212 2875 ὥστε
3252 2822 3375 2891 ἐμοὶ
3424 2820 3538 2889 ζωὴ
3588 2820 3820 2885 πλοῦτος
3863 2824 3931 2876 ἐν

2339 2910 2418 2981 τῷ
2452 2908 2699 2979 ὑμετέρῳ
2751 2910 2924 2960 κεῖται
2969 2903 3246 2975 θησαυρῷ.
3283 2902 3423 2971 Ἐγὼ
3479 2903 3741 2974 μυριάκις
3772 2904 3929 2977 ὑπὲρ

2342 2992 2494 3063 ὑμῶν
2520 2991 2793 3061 σφαγῆναι
2817 2990 3029 3059 ἕτοιμος
3056 2986 3172 3054 (καὶ
3192 2986 3449 3056 οὐδεμίαν
3476 2986 3637 3056 χάριν
3668 2985 3923 3057 παρέχω,

2340 3075 2478 3132 ἀλλά
2513 3076 2607 3130 καὶ
2634 3073 2853 3144 ὀφειλὴν
2892 3071 3225 3141 ἀποδίδωμι*
3269 3069 3322 3121 '0
3356 3070 3463 3141 γάρ
3503 3068 3727 3137 ποιμὴν
3756 3070 3788 3122 ό
3818 3085 3930 3121 κα-

2340 3159 2452 3225 λὸς
2481 3157 2598 3225 τὴν
2622 3158 2836 3224 ψυχὴν
2873 3152 3061 3207 αὑτοῦ
3092 3154 3331 3219 τίθησιν
3367 3152 3520 3219 ὑπὲρ
3553 3150 3673 3204 τῶν
3700 3151 3928 3219 προϐάς-

2341 3240 2503 3309 τῶν),
2534 3240 2628 3294 καὶ
2668 3240 2942 3307 σφαγῆναι
2978 3235 3258 3307 μυριάκις,
3298 3236 3393 3289 καὶ
3428 3235 3628 3306 μυρίας
3675 3233 3929 3304 κεφαλάς

2341 3321 2745 3393 ἀποτμηθῆναι.
2784 3319 2937 3389 Ἐμοὶ
2968 3320 2997 3371 6
3025 3317 3251 3379 θάνατος
3273 3309 3429 3379 οὗτος
3466 3318 3764 3381 ἀθανασίας
3796 3316 3931 3371 ὑπήο

2342 3405 2511 3468 θεσις,
2553 3404 2679 3474 ἐμοὶ
2720 3402 2775 3455 αί
2814 3399 3095 3454 ἐπιϐουλαὶ
3128 3394 3288 3453 αὗται
3329 3400 3628 3467 ἀσφαλείας
3665 3401 3924 3470 ἀφορμή.

2342 3474 2434 3559 Μὴ
2471 3487 2577 3557 γὰρ
2604 3486 2693 3538 διὰ
2738 3485 2996 3555 χρήματα
3040 3481 3483 3552 ἐπιϐουλεύομαι,
3518 3482 3607 3535 ἵνα
3653 3481 3925 3552 λυπηθῶ;

2346 3571 2422 3642 μὴ
2445 3570 2553 3641 γὰρ
2579 3569 2645 3631 δι’
2669 3567 3067 3639 ἁμαρτήματα,
3095 3565 3184 3617 ῖνα
3207 3564 3465 3635 άλγήσω;
3490 3564 3591 3617 Διά
3620 3563 3713 3617 τὸν
3741 3564 3929 3637 ἔρωτα

2340 3652 2432 3706 τὸν
2468 3652 2593 3722 περὶ
2626 3650 2801 3720 ὑμᾶς·
2843 3647 3030 3718 ἐπειδὴ
3082 3646 3261 3703 πάντα
3311 3646 3468 3709 ποιῶ,
3500 3645 3641 3699 ὣστε
3676 3646 3821 3717 ὑμᾶς
3863 3647 3930 3699 ἐν

2342 3734 2616 3806 ἀσφαλείᾳ
2652 3736 2850 3804 μεῖναι,
2884 3730 3021 3784 ὥστε
3056 3728 3259 3800 μηδένα
3300 3728 3677 3798 παρεισελθεῖν
3704 3731 3771 3799 τῇ
3801 3744 3931 3784 ποι-

2350 3838 2480 3891 μνῃ,
2506 3818 2645 3871 ὥστε
2679 3820 2857 3888 μεῖναι
2892 3815 3148 3885 ἀκέραιον
3174 3814 3233 3867 16
3263 3814 3531 3885 ποίμνιον.
3569 3815 3633 3867 Ἦ
3664 3813 3928 3871 ὑπόθεσις

2276 3928 2279 3931 ν
2342 3902 2452 3956 τῶν
2483 3900 2707 3970 ἀγώνων
2743 3901 2903 3969 ἀρκεῖ
2945 3913 3034 3967 μοι
3063 3899 3140 3959 είς
3176 3896 3456 3964 στέφανον,
3485 3895 3551 3948 Τί
3583 3896 3692 3966 γάρ
3719 3894 3786 3950 ἂν
3815 3896 3928 3950 πά-

2347 3986 2494 4053 θοιμι
2524 3983 2662 4053 ὑπὲρ
2707 3983 2892 4052 ὑμῶνς
2934 3981 3121 4050 Ὑμεῖς
3166 3981 3288 4050 ἐμοὶ
3326 3980 3562 4044 πολῖται,
3596 3982 3755 4049 ὑμεῖς
3794 3980 3931 4049 ἐμοὶ

2346 4070 2599 4138 πατέρες,
2627 4067 2783 4135 ὑμεῖς
2806 4064 2927 4134 ἐμοὶ
2952 4062 3188 4130 ἀδελφοὶ,
3212 4063 3368 4133 ὑμεῖς
3396 4063 3519 4134 ἐμοὶ
3548 4063 3734 4128 τέκνα,
3758 4062 3928 4132 ὑμεῖς

2345 4152 2468 4219 ἐμοὶ⁵
2502 4149 2657 4219 μέλη,
2684 4149 2838 4217 ὑμεῖς
2864 4146 2987 4214 ἐμοὶ
3016 4144 3198 4216 σῶμα,
3224 4146 3381 4215 ὑμεῖς
3402 4145 3525 4215 ἐμοὶ
3550 4145 3687 4213 φῶς,
3722 4144 3928 4214 μᾶλλον

2342 4234 2399 4286 δέ
2424 4234 2518 4285 καὶ
2542 4230 2637 4285 τοῦ
2662 4229 2837 4298 φωτὸς
2864 4226 3052 4281 τούτου
3077 4227 3420 4299 γλυκύτεροι.
3450 4228 3515 4280 Τί
3545 4227 3654 4299 γάρ
3679 4226 3928 4280 τοιοῦτον

2343 4316 2570 4386 παρέχει
2611 4331 2700 4384 μοι
2728 4315 2761 4381 ἡ
2809 4313 3003 4365 ἀκτῖνα
3025 4310 3053 4350 δ
3090 4305 3200 4363 οἷον
3234 4312 3267 4381 ἡ
3305 4309 3546 4379 ὑμετέρα
3595 4310 3817 4383 ἀγάπη;
3858 4310 3928 4365 ’11

2343 4400 2537 4452 ἀκτῖνα
2569 4398 2625 4448 ἐν
2652 4394 2731 4464 τῷ
2767 4393 2994 4463 παρόντι
3036 4409 3103 4462 με
3138 4392 3236 4462 βίῳ
3269 4391 3487 4458 ὠφελεῖ,
3518 4394 3550 4461 ἡ
3591 4392 3649 4445 δέ
3679 4393 3930 4465 ὑμετέρα

2342 4480 2533 4548 ἀγάπη
2563 4476 2823 4545 στέφανόν
2859 4491 2949 4545 μοι
2988 4474 3175 4527 πλέκει
3221 4476 3277 4527 ἐν
3316 4471 3394 4543 τῷ
3432 4474 3702 4548 μέλλοντι.
3735 4473 3930 4529 Ταῦτα

2343 4546 2401 4614 δέ
2430 4546 2572 4629 λέγω
2610 4561 2689 4621 είς
2720 4552 2834 4610 ὦτα
2879 4555 3215 4610 ἀκουόντων·
3252 4555 3304 4609 τί
3332 4555 3388 4609 δέ
3418 4546 3527 4608 τῶν
3561 4555 3713 4609 ὢτων
3766 4555 3928 4626 ὑμῶν

2345 4643 2840 4712 ἀκουπικὼτερον;
2896 4638 3175 4702 Τοσαύτας
3231 4638 3444 4709 ἡμέρας
3500 4639 3927 4710 ἡγρυπνήσατε,

2350 4730 2445 4782 καὶ
2477 4727 2631 4780 οὐδὲν
2668 4725 2813 4795 ὑμᾶς
2869 4722 3133 4792 ἔκαμψεν,
3181 4721 3241 4774 οὐ
3290 4723 3484 4791 χρόνου
3524 4723 3698 4793 μῆκος
3750 4722 3928 4793 μαλα..

2346 4812 2619 4881 κωτέρους
2666 4810 2809 4880 ὑμᾶς
2859 4806 3132 4878 ἐποίησεν,
3177 4806 3239 4859 οὐ
3280 4805 3470 4875 φόϐοι,
3519 4808 3619 4860 οὐκ
3664 4807 3922 4861 ἀπειλαί·

2345 4896 2485 4966 πρὸς
2526 4894 2703 4947 πάντα
2732 4890 2981 4960 ἐγένεσθε
3024 4891 3281 4964 γενναῖρι.
3320 4890 3429 4943 Καὶ
3452 4889 3505 4943 τί
3541 4889 3701 4959 λέγω,
3742 4892 3931 4961 ἐγένε-

2346 4978 2470 5044 σθε;
2498 4976 2669 5029 Τοῦτο
2694 4976 2830 5045 ὅπερ
2855 4972 3161 5043 ἐπεθύμουν
3197 4973 3304 5033 ἀεὶ.
3338 4976 3786 5047 κατεφρονήσατε
3811 4974 3927 5029 τῶν

2344 5058 2611 5130 βιωτικῶν
2662 5057 3023 5129 πραγμάτων,
3059 5054 3398 5119 ἀπετάξασθε
3439 5059 3507 5127 τῇ
3549 5059 3656 5127 γῇ,
3699 5058 3780 5120 είς
3828 5057 3927 5113 τὸν

2341 5145 2571 5217 οὐρανὸν
2602 5142 2891 5214 μετέστητε
2911 5159 2923 5171 ·
2951 5139 3305 5213 ἀπηλλάγητε
3342 5138 3451 5192 τῶν
3484 5139 3794 5209 συνδέσμων
3820 5142 3922 5195 166

2344 5228 2629 5298 σώματος,
2684 5226 2821 5296 πρὸς
2874 5223 2972 5297 τὴν
3012 5224 3288 5295 μακαρίαν
3345 5223 3561 5295 ἐκείνην
3623 5224 3925 5295 ἀμιλλᾶσθε

2340 5311 2676 5385 φιλοσοφίαν.
2707 5310 2891 5363 Ταῦτα
2924 5310 3048 5380 ἐμοὶ
3082 5309 3364 5378 στέφανοι,
3412 5308 3587 5361 ταῦτα
3634 5310 3929 5381 παράκλη-

2341 5414 2443 5461 σις,
2487 5395 2659 5451 ταῦτα
2698 5392 3038 5466 παραμυθία,
3081 5391 3255 5448 ταῦτα
3293 5392 3417 5464 ἐμοὶ
3449 5391 3711 5463 ἄλειμμα,
3749 5391 3926 5447 ταῦτα

2342 5478 2478 5549 ζωὴ,
2503 5477 2677 5532 ταῦτα
2714 5474 3010 5539 ἀθανασίας
3043 5474 3319 5537 ὑπόθεσις.

2404 5623 2430 5651 ει
2452 5619 2738 5683 Legendum
2773 5619 2969 5670 videtur
2992 5618 3072 5668 καὶ
3095 5618 3235 5677 ὅπου,
3261 5619 3409 5677 atque
3433 5616 3499 5664 ita
3520 5614 3647 5677 legit
3667 5620 3808 5665 vetus
3843 5613 3925 5664 lc-

2341 5689 2505 5793 “ipsi?
2502 5697 2533 5793 ls
2538 5720 2729 5796 6.11.646.
2754 5746 2833 5796 Sic
2852 5743 2902 5795 in
2924 5740 3224 5795 nominativo
3245 5740 3469 5791 dicerent
3491 5739 3648 5793 Graeci
3669 5738 3901 5790 hodierni

2340 5809 2470 5863 Enn.
