4104 6484
153 432 238 488 ωε)
1082 421 1309 480 sautio
1348 415 1723 484 numquam
1765 414 1922 468 uter
1966 413 2028 466 IN
2061 412 2405 469 exsuuuu.
2911 441 2916 448 -
3305 412 3410 468 430

158 542 382 594 :atcitrarc
407 537 426 609 (
447 537 562 591 Act.
596 537 651 591 9.
676 538 709 592 5
730 539 773 604 ).
824 535 938 590 Non
984 532 1247 587 ohtundcs
1289 528 1534 584 stimulos
1559 567 1573 591 ,
1608 526 1713 579 imo

156 630 373 700 sanguine
400 627 564 696 pedes
593 628 800 682 inﬁcies
841 643 854 678 :
902 621 1328 693 quandoquidem
1371 620 1563 674 fluctus
1606 629 1711 669 non

157 732 325 789 petram
355 719 662 774 dissolvunt
687 760 702 784 ,
731 715 828 771 sed
854 716 952 786 ipsi
982 715 1031 768 in
1061 727 1303 784 spumam
1331 711 1547 765 abeunt.
1571 705 1713 762 Nihil

157 812 354 866 Ecclesia
380 812 655 880 potentius
679 850 693 875 ,
723 825 757 864 ο
780 810 958 863 homo.
991 807 1197 862 Bellum
1227 805 1376 859 solve
1405 843 1418 863 .
1448 817 1515 856 ne
1551 799 1715 853 robur

155 903 373 956 dissolvas
401 911 587 965 tuum;
621 916 688 955 ne
729 899 926 955 inferas
971 899 1102 954 cado
1150 897 1365 951 bellum.
1408 893 1464 948 Si
1507 890 1713 945 homini

155 992 316 1044 bellum
341 991 540 1045 inferas
566 1032 582 1056 ,
612 998 708 1044 aut
735 991 914 1044 vinces
941 1031 954 1053 ,
984 999 1074 1041 aut
1101 985 1439 1057 superabcris
1483 1001 1496 1036 ε
1537 983 1582 1037 si
1609 981 1711 1034 Ec-

155 1083 335 1136 clesium
364 1097 648 1151 oppugnes
674 1123 689 1148 ,
719 1085 932 1137 vincere
954 1081 1142 1149 nequis
1232 1077 1478 1132 omnibus
1516 1074 1712 1146 quippe

154 1175 309 1229 fortior
328 1185 405 1230 est
425 1175 588 1229 Deus.
621 1175 699 1229 An
723 1175 1022 1229 atitutamur
1051 1169 1366 1228 Dominum?
1392 1185 1456 1220 an
1481 1167 1713 1236 fortiores

153 1265 221 1318 illo
242 1282 398 1319 sumus
426 1267 522 1334 (1.
556 1264 692 1319 Cor.
721 1265 807 1320 10.
835 1264 905 1317 2‘3
928 1265 968 1332 )?
1007 1264 1145 1318 Deus
1188 1261 1300 1314 ﬁxit
1346 1267 1400 1314 et
1441 1256 1669 1311 firmavit
1693 1297 1710 1323 ,

153 1357 248 1423 quis
271 1366 554 1411 concutere
584 1354 911 1410 tentaverit?
937 1353 1048 1407 Non
1088 1353 1226 1407 nosti
1265 1351 1516 1404 virtutem
1565 1347 1705 1414 ejus.

151 1446 341 1516 Respicit
369 1455 556 1500 terram
582 1487 598 1512 ,
625 1447 813 1515 etfacit
835 1462 944 1498 eam
969 1454 1176 1498 tremere
1198 1442 1216 1493 (
1243 1441 1380 1496 Psal.
1413 1439 1532 1494 105.
1556 1437 1626 1492 32
1649 1437 1666 1505 )
1691 1452 1705 1488 :

148 1537 305 1604 jubet,
352 1546 406 1591 et
454 1553 579 1606 qua:
627 1536 1063 1591 concutiebantur
1103 1536 1253 1587 ﬁrma
1297 1531 1609 1586 consistunt.
1656 1527 1712 1581 Si

148 1646 425 1688 concussam
458 1634 652 1689 urbem
685 1633 947 1697 ﬁrmavit,
980 1640 1177 1700 quanto
1211 1628 1378 1697 magis
1413 1623 1702 1681 Ecclesiam

147 1722 328 1780 firmare
355 1726 599 1794 poterit?
640 1724 878 1779 Ecclesia
913 1732 996 1778 est
1032 1724 1147 1790 ipso
1185 1719 1315 1775 caelo
1357 1717 1540 1771 fortior
1570 1732 1581 1767 :
1612 1714 1713 1767 Car

145 1815 226 1866 tum
250 1825 291 1868 et
315 1823 444 1869 terra
476 1816 766 1868 transibunt
792 1855 806 1880 ,
837 1815 984 1868 verba
1025 1821 1190 1866 autem
1233 1826 1344 1864 mea
1384 1825 1484 1862 non
1546 1815 1711 1859 trans-

146 1908 259 1959 ibunt
298 1909 315 1978 (
344 1906 535 1960 Matth.
564 1907 661 1961 24.
692 1907 760 1960 35
788 1907 828 1976 ).
859 1904 989 1972 Qum
1019 1902 1221 1959 verba?
1266 1901 1346 1954 Tu
1391 1917 1442 1954 es
1487 1897 1670 1951 Petrus
1692 1938 1706 1962 ,

143 2009 178 2050 et
200 2015 328 2068 super
353 1999 485 2051 hanc
505 2015 673 2052 meam
703 2008 896 2067 petram
914 1996 1177 2064 wdiﬁcabo
1210 1992 1490 2046 Ecclesiam
1526 2005 1705 2053 meum,

142 2100 176 2139 et
188 2100 326 2157 parte
338 2090 488 2160 inferi
505 2106 608 2143 non
622 2088 960 2156 pravalebtmt
980 2087 1217 2140 adversus
1235 2101 1348 2138 eam
1359 2081 1466 2153 (Id.
1489 2080 1575 2135 16.
1594 2080 1704 2150 18).

195 2178 242 2232 2.
275 2179 328 2234 Si
354 2195 457 2234 non
489 2181 672 2238 credis
701 2180 886 2245 verbo,
918 2180 1076 2234 rebus
1106 2177 1286 2231 crede.
1328 2176 1468 2243 Quot
1495 2173 1705 2244 tyranni

144 2268 398 2324 Ecclesiam
439 2271 752 2340 opprimere
789 2267 1170 2325 tentaverunt?
1215 2277 1344 2336 quot
1371 2263 1702 2334 sartagines?

143 2370 247 2428 quot
281 2362 546 2428 fornaces,
574 2363 806 2419 ferarum
835 2362 1042 2428 dentes,
1068 2361 1231 2432 gladii
1257 2361 1437 2415 acuti?
1466 2359 1704 2428 nihilque

143 2452 466 2520 perfecerunt.
487 2455 725 2512 Ubinam
747 2465 870 2511 sunt
890 2456 1070 2510 hostes
1098 2455 1209 2509 illi?
1235 2454 1457 2508 Silentia
1484 2460 1538 2506 et
1561 2452 1700 2507 obli-

142 2545 255 2596 vioni
281 2544 448 2600 traditi
473 2555 622 2600 sunt.
669 2545 896 2602 Ubinam
943 2545 1222 2600 Ecclesia?
1268 2545 1393 2599 Plus
1421 2558 1580 2613 quam
1620 2541 1700 2595 sol

140 2632 447 2700 splendescit.
494 2635 632 2702 Quae
663 2635 876 2689 illorum
919 2643 1072 2690 erant
1101 2635 1363 2690 exstincta
1407 2644 1549 2700 sunt,
1577 2649 1699 2703 quae

141 2723 192 2774 ad
215 2723 343 2777 illam
362 2735 612 2794 spectant
636 2738 761 2780 sunt
787 2726 1124 2781 immortalia.
1144 2727 1200 2781 Si
1222 2741 1342 2780 cum
1369 2726 1520 2795 pauci
1547 2733 1700 2780 erant

141 2809 412 2878 Christiani,
447 2829 558 2868 non
585 2814 711 2869 victi
739 2826 882 2881 sunt,
917 2815 1129 2886 quando
1160 2815 1306 2870 orbis
1335 2825 1476 2870 totus
1499 2816 1584 2886 pia
1610 2831 1698 2870 re-

142 2899 302 2967 ligione
355 2904 546 2973 plenus
596 2915 699 2969 est,
741 2905 1010 2974 quomodo
1059 2907 1177 2960 illos
1222 2907 1436 2961 vincere
1486 2905 1699 2975 possis?

141 2991 300 3044 talum
329 3004 372 3047 et
399 3004 540 3049 terra
567 2997 869 3062 transibunt,
898 2996 1047 3051 verba
1080 3007 1247 3052 autem
1272 3014 1383 3052 mea
1403 3014 1503 3051 non
1533 3008 1700 3052 trans-

142 3082 252 3134 ibunt
291 3083 419 3153 (Id.
469 3087 565 3141 24.
613 3087 682 3143 55
712 3085 752 3158 ).
803 3088 869 3144 Et
910 3091 1032 3159 jure
1078 3090 1292 3160 quidem
1350 3107 1362 3142 :
1417 3090 1698 3145 amabilior

140 3175 254 3228 enim
300 3186 378 3230 est
420 3177 666 3234 Ecclesia
716 3179 849 3246 Deo,
891 3195 1049 3250 quam
1093 3181 1281 3236 caelum
1331 3181 1524 3249 ipsum.
1568 3181 1696 3236 Caeli

141 3279 299 3335 corpus
341 3284 447 3323 non
491 3269 733 3340 accepit,
778 3269 871 3327 sed
909 3271 1166 3328 Ecclesiae
1200 3286 1416 3325 carnem
1461 3273 1694 3340 accepit;

141 3366 323 3424 propter
350 3359 645 3415 Ecclesiam
676 3361 886 3428 caelum,
915 3377 1020 3416 non
1054 3370 1269 3430 propter
1293 3362 1482 3415 caelum
1508 3361 1696 3416 Eccle-

140 3449 216 3498 sia.
243 3447 312 3502 Ne
336 3465 427 3505 vos
453 3452 779 3506 conturbent
798 3467 883 3518 ea,
905 3468 1022 3522 qua:
1047 3452 1373 3508 acciderunt.
1395 3452 1541 3507 Hanc
1565 3453 1694 3506 mihi

139 3540 324 3604 gratiam
353 3543 663 3609 prmheatis,
691 3543 1018 3598 immobilem
1052 3544 1231 3598 ﬁdem.
1265 3546 1460 3598 Annon
1486 3543 1696 3600 vidistis

140 3626 325 3683 Petrum
355 3632 721 3688 ambulantem
750 3649 910 3701 super
929 3649 1113 3703 aquas,
1147 3633 1419 3702 paululum
1449 3634 1697 3688 dubitan-

140 3727 241 3784 tem,
259 3721 306 3775 in
331 3724 627 3792 periculum
652 3725 1037 3782 submersionis
1065 3727 1294 3793 venisse,
1314 3742 1418 3781 non
1446 3728 1514 3782 ob
1533 3743 1696 3798 aqua-

140 3827 230 3864 rum
263 3815 537 3883 impetum,
570 3817 665 3873 sed
695 3819 764 3873 ob
813 3818 936 3874 fidei
987 3821 1388 3876 inﬁrmitatem?
1431 3822 1565 3876 Num
1595 3823 1697 3878 hu-

138 3905 277 3958 manis
304 3907 519 3963 calculis
566 3909 670 3963 huc
697 3911 1058 3967 accessimus?
1103 3929 1229 3967 num
1272 3913 1434 3968 homo
1470 3928 1566 3969 nos
1594 3914 1692 3970 ad-

138 3992 277 4059 duxit,
309 4008 362 4051 ut
391 3998 556 4053 homo
587 3999 838 4069 dejiciat?
868 4001 992 4058 Haec
1035 4019 1140 4057 non
1185 4020 1247 4059 ex
1280 4006 1582 4075 arrogantia
1607 4007 1692 4061 vel

136 4081 349 4148 jactantia
394 4089 540 4156 dico,
573 4091 731 4157 absit,
762 4092 854 4147 sed
902 4095 1127 4164 utquod
1177 4095 1227 4150 in
1275 4096 1427 4151 vobis
1475 4095 1694 4152 fluctuat

137 4178 487 4234 constabiliam.
520 4182 782 4248 Quoniam
806 4183 986 4238 sedata
1009 4195 1124 4240 erat
1154 4187 1364 4251 civitas,
1397 4186 1690 4242 Ecclesiam

139 4263 342 4322 diabolus
389 4283 682 4328 concutere
712 4273 894 4328 voluit.
925 4274 969 4329 Ο
1013 4277 1238 4330 sceleste
1286 4285 1341 4332 et
1385 4277 1689 4346 flagitiosis-

139 4356 275 4412 sime!
304 4376 480 4416 muros
508 4379 614 4417 non
637 4366 967 4434 expugnasti,
997 4375 1049 4422 et
1076 4368 1368 4423 Ecclesiam
1397 4379 1448 4424 te
1473 4385 1692 4425 succus-

139 4459 286 4502 surum
309 4453 539 4518 speras?
570 4457 652 4508 An
680 4457 846 4510 muris
875 4456 1113 4512 Ecclesia
1141 4460 1387 4514 constat?
1418 4460 1473 4514 In
1511 4461 1692 4516 multi-

141 4537 290 4594 tudine
332 4542 569 4598 fidelium
623 4545 864 4602 Ecclesia
903 4551 1164 4604 consistit.
1223 4552 1298 4606 Eu
1330 4568 1487 4620 quam
1521 4553 1690 4608 ﬁrmae

138 4629 382 4696 coinmnaa,
417 4650 524 4689 non
568 4636 711 4692 ferro
739 4638 931 4709 ligata),
961 4641 1055 4696 sed
1082 4641 1184 4697 ﬁde
1222 4643 1543 4698 constricta.
1574 4644 1689 4700 Non

138 4717 234 4771 dico
255 4730 444 4778 tantam
492 4728 879 4785 multitudinem
909 4733 1028 4802 igne
1059 4735 1506 4791 vehementiorem
1535 4751 1687 4792 esse:

139 4809 210 4859 sed
255 4827 374 4879 nec,
419 4816 464 4870 si
520 4832 656 4872 unus
706 4827 904 4874 tantum
953 4832 1113 4885 esset,
1164 4839 1490 4892 superasses.
1539 4826 1690 4882 Nosti

141 4912 332 4964 quantas
382 4906 476 4960 tibi
530 4907 710 4977 plagas
767 4911 1055 4966 inﬂixeriut
1105 4925 1388 4986 martyres.
1447 4915 1690 4988 lngressa

139 5003 256 5058 sepe
292 5005 370 5049 eat
403 4997 582 5066 puella
613 5009 793 5055 tenera
836 5002 1056 5072 innupta
1087 5022 1098 5056 :
1131 5019 1252 5059 cera
1306 5007 1517 5062 mollior
1551 5017 1685 5075 erat,

138 5082 209 5134 sed
238 5096 374 5152 petra
401 5089 625 5144 solidior
648 5094 869 5148 exstitit.
898 5096 1025 5164 Ejus
1065 5097 1232 5151 latera
1283 5099 1609 5167 lancinabas,
1637 5111 1690 5156 et

140 5170 269 5228 fidem
315 5193 419 5234 non
466 5182 764 5239 auferebas.
811 5183 986 5242 Cessit
1033 5191 1209 5243 carnis
1254 5200 1463 5256 natura,
1516 5205 1690 5260 neque

139 5266 337 5323 concidit
361 5269 484 5325 fidei
515 5273 716 5338 virtus;
757 5278 1168 5332 consumebatur
1194 5294 1406 5348 corpus.
1444 5290 1498 5336 et
1523 5282 1693 5337 virili-

141 5363 205 5406 ter
229 5360 402 5426 agebat
424 5364 672 5430 animus;
725 5367 1103 5423 absumebatur
1137 5372 1452 5437 substantia,
1477 5383 1531 5428 et
1572 5391 1688 5427 ma-

141 5445 272 5501 nebat
297 5454 483 5519 pietas.
512 5455 593 5510 Ne
637 5471 795 5512 unam
837 5460 1052 5527 quidem
1083 5463 1358 5517 mulierem
1405 5467 1686 5533 superasti,

141 5547 182 5590 et
207 5550 387 5600 tantum
435 5549 694 5619 populum
737 5561 788 5605 te
834 5563 1203 5621 superaturum
1256 5557 1519 5611 conﬁdis?
1573 5559 1688 5613 Non

141 5630 264 5684 audis
287 5634 560 5694 Dominum
589 5640 858 5696 dicentem
883 5661 897 5697 :
935 5644 1032 5698 Ubi
1053 5645 1153 5699 duo
1181 5649 1255 5701 vel
1285 5657 1383 5702 tres
1404 5654 1690 5720 congregati

136 5731 233 5811 situt
251 5724 297 5777 in
323 5743 520 5785 nomne
555 5747 689 5796 meo,
720 5731 825 5788 illic
861 5751 973 5789 sum
1003 5737 1055 5790 in
1092 5740 1255 5792 medio
1276 5756 1445 5794 eorum
1473 5739 1699 5811 (Matth._

146 5807 216 5866 τεο
251 5814 373 5886 90')?
415 5822 478 5880 Et
529 5822 625 5881 ubi
675 5832 782 5882 tam
828 5842 1144 5886 numerosus
1178 5833 1410 5904 populus
1451 5807 1686 5890 caritatis

1826 521 2051 575 vinculis
2079 523 2418 584 constrictus,
2451 536 2556 576 non
2588 521 2800 576 aderit?
2830 521 2956 589 Ejus
2988 521 3174 589 pignus
3205 520 3409 580 haben.-

1820 627 1945 666 num
1967 611 2198 681 propriis
2219 626 2337 666 sum
2362 613 2565 668 viribus
2587 612 2791 667 fretus?
2811 610 3076 680 Scriptum
3094 611 3210 679 ejus
3233 620 3392 666 teneo

1820 701 1915 755 llic
1946 702 2074 755 mihi
2105 701 2362 756 baculus:
2394 702 2510 758 haec
2539 703 2667 757 mihi
2695 701 2989 757 securitas:
3012 699 3098 755 hic
3130 700 3257 755 mihi
3287 714 3413 770 por-

1820 804 1904 849 tus
1935 796 2271 865 tranquillus.
2321 796 2435 850 Etsi
2467 797 2815 852 conturbetur
2850 794 2996 848 orbis
3023 802 3185 859 totus,
3215 792 3416 848 rescri-

1819 894 1966 953 ptum
2000 895 2192 940 teneo:
2222 887 2337 954 ejus
2378 887 2558 942 literas
2593 887 2713 956 lego
2743 903 2755 939 :
2789 887 2875 940 hic
2916 885 3046 940 mihi
3074 900 3278 947 murus,
3312 883 3414 940 hoc

1818 977 2145 1045 prtesidium.
2177 978 2321 1044 Quas
2363 979 2579 1032 literas?
2608 979 2720 1048 Ego
2746 977 2999 1031 nobiscum
3032 993 3144 1029 sum
3183 974 3412 1029 omnibus

1818 1066 1992 1120 diebus
2022 1085 2176 1138 usque
2202 1068 2270 1121 ad
2319 1071 2801 1124 consummationem
2846 1069 3020 1122 seculi
3071 1067 3283 1137 (Matth.
3317 1064 3409 1122 28.

1815 1157 1931 1229 20).
1963 1156 2207 1215 Christus
2234 1176 2465 1227 mecum,
2494 1177 2653 1231 quem
2681 1161 2919 1216 timebo?
2962 1161 3073 1215 Etsi
3099 1158 3290 1214 ﬂuctus
3319 1159 3412 1214 ad-

1815 1265 2028 1306 versum
2061 1267 2146 1306 me
2187 1253 2540 1318 concitentur,
2590 1253 2692 1308 etsi
2737 1253 2919 1317 rnaria,
2966 1251 3064 1307 etsi
3114 1251 3399 1320 principun.

1818 1340 1966 1396 furor
1998 1360 2011 1397 :
2059 1342 2190 1397 mihi
2223 1345 2336 1398 haec
2365 1345 2545 1398 omnia
2572 1359 2766 1398 aranea
2794 1352 2922 1398 sunt
2963 1343 3169 1398 viliora.
3205 1343 3280 1397 Ac
3309 1338 3412 1395 nisi

1817 1435 2010 1490 caritas
2055 1451 2141 1492 me
2171 1447 2349 1493 vestra
2390 1437 2711 1493 detinuisset
2730 1479 2744 1504 ,
2772 1453 2838 1492 ne
2885 1437 3041 1493 hodie
3069 1435 3283 1506 quidem
3313 1435 3400 1491 ab~

1817 1529 2052 1584 nuissem
2081 1529 2190 1583 alio
2228 1528 2515 1599 proﬁcisci.
2557 1530 2781 1600 Semper
2819 1530 2961 1584 enim
3000 1528 3142 1594 dico,
3176 1527 3406 1592 Domine,

1818 1620 1909 1687 ﬁat
1953 1621 2185 1674 voluntas
2233 1630 2321 1675 tua
2382 1618 2520 1689 (Id.
2569 1620 2620 1676 6.
2667 1620 2734 1675 10
2765 1617 2824 1690 ):
2864 1634 2968 1674 non
3010 1617 3154 1689 quod
3199 1617 3320 1673 talis
3358 1627 3414 1672 et

1818 1711 1957 1776 talis,
1988 1710 2083 1765 sed
2129 1712 2270 1781 quod
2326 1723 2380 1767 tu
2430 1713 2509 1767 vis
2557 1709 2842 1785 [faciam].
2883 1711 3007 1766 llaec
3050 1709 3179 1765 mihi
3222 1709 3407 1774 turris,

1815 1800 1930 1856 haec
1962 1803 2089 1857 mihi
2147 1812 2298 1872 petra
2347 1804 2686 1858 immobilis:
2731 1803 2817 1859 hic
2859 1803 2992 1858 mihi
3037 1801 3259 1858 baculus
3302 1817 3408 1857 non

1815 1897 2088 1951 vacillans.
2123 1898 2176 1953 Si
2224 1898 2278 1952 id
2322 1897 2464 1954 Deus
2492 1898 2640 1964 velit,
2676 1897 2785 1951 fiat.
2814 1897 2870 1953 Si
2901 1897 3028 1952 velit
3056 1911 3144 1951 me
3178 1895 3264 1950 hic
3294 1911 3405 1949 ma-

1814 2003 1960 2052 nere,
1974 1990 2171 2058 gratias
2187 1989 2715 2060 habeo.Ubicumque
2729 1990 2978 2055 voluerit,
2991 1988 3188 2059 gratias
3208 1987 3402 2042 refero.

1883 2079 1937 2132 3.
1980 2079 2150 2136 Nemo
2195 2095 2292 2136 vos
2345 2081 2630 2136 conturbet
2672 2099 2684 2133 :
2744 2081 2993 2150 precibus
3035 2090 3242 2134 vacare.
3294 2076 3408 2132 lloc

1811 2170 1984 2226 effecit
2013 2171 2278 2238 diabolus,
2312 2184 2369 2227 ut
2395 2182 2629 2228 vestrum
2662 2175 2804 2230 circa
2845 2172 3263 2243 supplicationes
3288 2178 3403 2225 stu-

1809 2263 1954 2318 dium
1991 2265 2358 2334 interciperet.
2393 2265 2498 2321 Sed
2530 2266 2665 2319 nihil
2693 2265 2955 2335 profecit:
2990 2265 3098 2319 imo
3144 2278 3241 2318 vos
3282 2263 3406 2317 dili-

1807 2357 2076 2425 gentiores
2102 2357 2500 2427 alacrioresque
2527 2357 2844 2411 invenimus.
2872 2355 3006 2411 Cras
3039 2355 3107 2411 ad
3136 2355 3407 2425 supplica-

1809 2449 2008 2502 tionem
2051 2449 2323 2504 vobiscum
2364 2465 2603 2519 pergam.
2630 2451 2807 2519 Atque
2837 2449 2928 2504 ubi
2971 2463 3090 2504 sum
3119 2462 3242 2519 ego,
3293 2446 3407 2502 illic

1805 2546 1859 2592 et
1905 2554 2005 2592 vos
2057 2539 2223 2605 estis;
2269 2540 2361 2595 ubi
2406 2554 2503 2594 vos
2555 2542 2724 2606 estis,
2766 2540 2874 2596 illic
2917 2548 2974 2596 et
3019 2554 3120 2610 ego
3175 2557 3189 2594 ε
3238 2553 3402 2594 unum

1805 2643 1999 2698 corpus
2025 2644 2233 2695 sumus,
2265 2648 2441 2702 neque
2475 2647 2673 2703 corpus
2699 2647 2727 2685 a
2754 2633 2949 2702 capite,
2988 2647 3161 2702 neque
3188 2641 3349 2702 caput
3371 2647 3402 2686 a

1805 2737 2032 2793 corpore
2074 2733 2377 2794 separatur.
2427 2725 2570 2781 Loco
2601 2725 2772 2781 dissiti
2813 2740 3018 2792 sumus,
3048 2725 3143 2780 sed
3182 2725 3404 2781 caritate

1798 2814 2091 2886 jungimur,
2121 2832 2296 2886 neque
2338 2833 2485 2872 mors
2523 2821 2636 2888 ipsa
2681 2818 2876 2887 poterit
2917 2817 3252 2873 abscindere.
3284 2818 3397 2873 Etsi

1802 2910 1946 2964 enim
1963 2924 2158 2980 corpus
2174 2927 2352 2966 meum
2384 2912 2664 2974 moriatur,
2685 2912 2828 2967 vivet
2857 2920 3033 2965 tamen
3058 2912 3256 2976 anima,
3280 2925 3399 2980 quae

1802 3002 1982 3070 populi
2004 3002 2395 3057 recordabitur.
2411 3001 2521 3055 Vos
2537 3001 2670 3055 mihi
2699 3010 2879 3071 patres
2895 3003 3054 3066 estis;
3079 3002 3169 3070 qui
3197 3001 3396 3070 possim

1801 3101 2036 3147 vestrum
2059 3093 2345 3148 oblivisci?
2373 3108 2466 3147 vos
2499 3093 2628 3146 mihi
2659 3101 2853 3162 patres,
2883 3107 2979 3148 vos
2999 3092 3127 3146 mihi
3154 3094 3280 3158 vita,
3302 3106 3397 3147 vos

1805 3181 1934 3236 mihi
1975 3182 2165 3251 gloria.
2209 3181 2264 3238 Si
2297 3198 2391 3237 vos
2434 3182 2750 3253 proﬁciatis,
2801 3183 2853 3236 id
2902 3182 3032 3237 mihi
3071 3182 3126 3236 in
3173 3182 3397 3252 gloriam

1801 3273 2063 3337 vertitur;
2098 3275 2169 3328 ita
2197 3283 2254 3328 ut
2293 3273 2396 3326 vita
2434 3288 2553 3327 mea
2590 3289 2690 3328 ceu
2716 3274 2919 3328 divitia:
2948 3274 3192 3344 quaedam
3231 3274 3284 3328 in
3311 3289 3390 3329 vc-

1801 3373 1916 3418 stro
1938 3365 2170 3433 reposita
2199 3365 2270 3419 sit
2301 3365 2573 3420 thesauro.
2598 3366 2824 3420 Paratus
2849 3381 2968 3420 sum
2995 3365 3061 3420 ad
3087 3366 3247 3420 vitam
3277 3380 3400 3420 sex-

1801 3457 2004 3510 centies
2031 3471 2126 3524 pro
2156 3457 2307 3511 vobis
2334 3456 2734 3519 etfundendam,
2766 3473 2864 3511 nec
2888 3458 3110 3527 gratiam
3145 3456 3394 3522 exhibeo,

1800 3547 1896 3603 sed
1919 3547 2157 3603 debitum
2191 3549 2361 3604 solvo.
2407 3548 2540 3605 Nam
2575 3547 2750 3602 Bonus
2780 3558 2953 3617 pastor
2981 3548 3205 3601 animam
3248 3563 3394 3602 suam

1800 3640 1888 3692 dat
1911 3655 2005 3710 pro
2032 3640 2204 3693 ovibus
2231 3638 2414 3709 (Joan.
2450 3639 2678 3710 10.11).
2711 3639 2898 3693 Millies
2935 3638 3197 3709 jugulent,
3238 3640 3396 3693 toties

1798 3740 1956 3799 caput
1983 3730 2316 3786 abscindant.
2345 3731 2487 3786 Mors
2513 3732 2654 3786 enim
2686 3732 2803 3786 talis
2832 3731 2960 3786 mihi
2985 3730 3396 3786 immortalitatis

1797 3829 1882 3878 est
1927 3832 2338 3892 argumentum:
2372 3822 2454 3877 hae
2501 3821 2634 3876 mihi
2684 3822 2891 3876 insidiae
2924 3821 3228 3876 securitatis
3271 3831 3398 3876 sunt

1798 3914 2031 3969 occasio.
2064 3912 2202 3968 Num
2247 3914 2318 3968 ob
2368 3913 2581 3968 divitias
2625 3913 2830 3967 insidiis
2876 3912 3118 3982 objectus
3151 3926 3291 3978 sum,
3337 3922 3395 3967 ut

1798 4007 2055 4062 doleam?
2087 4022 2212 4061 num
2242 4007 2312 4060 ob
2343 4015 2582 4077 peccata,
2631 4014 2690 4063 ut
2735 4005 2983 4075 lugeam?
3008 4005 3064 4060 Id
3115 4005 3289 4073 patior
3324 4007 3396 4060 ob

1798 4109 2034 4155 vestrum
2065 4115 2338 4165 amorem;
2371 4101 2493 4170 quia
2521 4100 2654 4155 nihil
2683 4115 2790 4154 non
2833 4114 2954 4169 ago,
2982 4107 3040 4154 ut
3063 4113 3160 4152 vos
3191 4099 3245 4152 in
3281 4106 3394 4152 tuto

1797 4192 2170 4259 collocemini;
2202 4200 2261 4247 ut
2290 4207 2450 4247 nemo
2494 4192 2699 4246 alienus
2735 4205 2794 4245 se
2823 4189 2875 4244 in
2904 4189 3048 4244 ovile
3075 4189 3307 4258 ingerat;
3339 4198 3395 4241 ut

1797 4281 2002 4335 illaesus
2038 4297 2168 4351 grex
2200 4291 2431 4336 maneat.
2481 4280 2801 4337 Certaminis
2845 4286 3216 4350 argumentum
3261 4276 3392 4332 mihi

1796 4371 1994 4426 sufficit
2019 4372 2084 4425 ad
2108 4386 2384 4426 coronam.
2413 4371 2548 4439 Quid
2575 4371 2716 4425 enim
2745 4371 2915 4441 patiar
2939 4384 3037 4439 pro
3065 4368 3254 4421 vobis?
3286 4367 3393 4421 Vos

1797 4462 1929 4516 mihi
1976 4464 2143 4530 cives,
2186 4477 2284 4518 vos
2313 4461 2442 4516 mihi
2485 4473 2684 4531 patres,
2715 4477 2812 4515 vos
2857 4460 2986 4515 mihi
3038 4459 3252 4523 fratres,
3296 4473 3394 4512 vos

1798 4553 1912 4620 filii,
1942 4569 2037 4609 vos
2064 4555 2325 4619 membra,
2360 4569 2455 4608 vos
2487 4568 2701 4622 corpus,
2734 4568 2827 4606 vos
2860 4551 2988 4606 mihi
3013 4553 3120 4615 lux,
3156 4551 3263 4604 imo
3289 4549 3390 4604 hac

1797 4645 1916 4701 luce
1946 4647 2241 4701 suaviores.
2276 4645 2415 4712 Quid
2444 4646 2588 4701 enim
2633 4646 2736 4699 tale
2780 4645 2908 4698 mihi
2937 4642 3147 4699 confert
3187 4643 3388 4708 radius,

1796 4738 1951 4806 quale
1994 4748 2170 4791 vestra
2214 4737 2447 4790 caritas?
2497 4736 2693 4790 Radius
2739 4735 2866 4789 mihi
2899 4735 2950 4788 in
3006 4734 3255 4803 praesenti
3283 4734 3389 4787 vita

1797 4829 1944 4883 utilis
1971 4838 2074 4891 est,
2103 4838 2279 4882 vestra
2319 4838 2497 4882 autem
2530 4829 2724 4881 caritas
2753 4841 3006 4881 coronam
3048 4824 3176 4878 mihi
3222 4823 3389 4879 nectit

1797 4918 1850 4972 in
1879 4918 2081 4974 futuro.
2107 4919 2236 4974 Haec
2266 4933 2426 4988 porro
2453 4918 2573 4973 dico
2600 4919 2653 4972 in
2683 4933 2839 4973 aures
2865 4927 3068 4972 vestras
3093 4937 3105 4969 :
3137 4915 3263 4985 quid
3292 4931 3387 4969 au-

1796 5019 1904 5064 tem
1949 5019 2034 5064 est
2077 5010 2144 5064 ad
2192 5009 2516 5064 audiendum
2549 5009 2846 5079 promptius
2888 5009 3105 5062 auribus
3154 5008 3387 5061 vestris?

1795 5100 1899 5154 Tot
1943 5101 2130 5154 diebus
2160 5101 2436 5170 vigilastis,
2465 5100 2703 5169 nihilque
2733 5115 2828 5154 vos
2875 5099 3148 5154 inflectere
3191 5099 3383 5169 potuit,

1797 5206 1902 5244 non
1935 5192 2190 5260 temporis
2213 5191 2533 5245 diuturnitas
2560 5191 2836 5254 emollivit,
2866 5207 2970 5244 non
3004 5191 3245 5257 timores,
3277 5206 3382 5243 non

1795 5281 1989 5334 mium:
2021 5281 2088 5334 ad
2132 5281 2310 5335 omnia
2339 5292 2587 5334 strenuos
2623 5294 2718 5332 vos
2760 5279 3093 5333 exliibnistis.
3147 5279 3212 5333 Et
3255 5280 3380 5349 quid

1794 5371 1934 5432 dico.
1959 5386 2057 5425 vos
2084 5371 2440 5426 exhibuistis?
2487 5370 2638 5437 Quod
2677 5384 2890 5438 semper
2914 5377 3242 5437 optaveram,
3272 5383 3376 5422 saa-

1796 5465 2000 5518 cularia
2048 5464 2387 5534 despexistis,
2419 5473 2575 5518 terra:
2615 5462 2732 5516 vale
2775 5461 3024 5521 dixistis;
3081 5476 3110 5513 a
3160 5461 3384 5515 vinculis

1795 5557 2037 5624 corporis
2068 5571 2163 5610 vos
2204 5555 2568 5626 expcdivistis,
2597 5554 2662 5608 ad
2695 5552 2902 5606 beatam
2955 5552 3096 5606 illam
3141 5551 3381 5620 philoso-

1796 5648 1976 5717 phiam
2008 5649 2253 5703 certatim
2299 5648 2642 5718 properastis.
2677 5647 2802 5700 Haec
2832 5645 2961 5700 mihi
3007 5659 3206 5701 corona
3233 5654 3378 5709 sunt,

1798 5739 1914 5795 haec
1938 5742 2252 5807 consolatio,
2283 5741 2397 5796 lucc
2417 5741 2616 5807 unctio,
2649 5740 2764 5795 haec
2794 5740 2922 5806 vita,
2951 5737 3066 5793 haec
3095 5735 3376 5791 immorta-

1797 5833 1960 5890 litatis
1980 5843 2368 5906 argumentum.
