4104 6486
719 411 814 467 ιω
1419 403 1476 460 8.
1513 401 1788 460 JOANNfS
1825 397 2293 457 CHRYSOSTOMI
2331 397 2645 455 ARClﬂEP.
2685 396 3212 454 CONSTANTINOP.

793 523 846 575 4.
885 517 1091 593 (αγδθᾱ
1113 516 1268 572 video
1301 513 1560 587 quosdam
1591 513 1677 584 qui
1708 513 1837 568 mihi
1875 522 2116 568 auctores
2143 520 2282 576 sunt,

724 619 782 665 ut
809 612 864 665 in
890 607 1224 680 dogmatibus
1251 606 1384 662 meis
1411 605 1671 661 insistam.
1703 604 1959 673 Pleraque
1993 603 2133 656 enim
2172 615 2291 669 pro-

723 713 880 769 spera
909 700 962 754 in
986 697 1307 754 contrarium
1333 695 1546 762 cedunt,
1575 695 1826 765 quoniam
1856 695 1912 759 il,
1935 692 2126 763 quibus
2149 691 2290 745 vide-

723 790 822 844 bar
862 790 978 844 xelo
1002 789 1188 858 plenus
1228 801 1368 853 esse,
1409 786 1462 841 id
1503 785 1836 856 improbitate
1864 797 1956 837 sua
1987 789 2209 852 egerunt
2236 789 2294 834 ut

721 881 1056 937 conciderem
1085 897 1101 934 :
1130 879 1220 950 qui
1249 878 1314 934 ad
1343 878 1547 933 libitum
1593 892 1746 933 suum
1784 890 1871 941 me
1910 874 2287 943 deposuerunt,

728 985 824 1040 per
842 971 1046 1025 varium
1075 986 1251 1026 rerum
1277 972 1476 1027 exitum
1522 985 1610 1026 me
1632 971 1686 1025 in
1730 969 1832 1025 hoc
1855 970 2146 1025 certamine
2174 967 2291 1020 vin-

724 1069 889 1116 cunt:
925 1075 1030 1115 non
1081 1062 1434 1127 minabantur,
1466 1061 1558 1116 sed
1603 1060 1886 1116 instabant.
1927 1056 2043 1115 iam
2088 1067 2293 1128 tempus

725 1160 811 1204 est
831 1165 893 1206 ea
922 1166 1189 1218 enarrare,
1222 1167 1338 1221 qua:
1361 1149 1428 1207 ad
1459 1166 1632 1207 meam
1660 1151 2009 1206 calamitatem
2033 1159 2290 1221 spectant.

725 1240 838 1297 Lex
885 1251 986 1307 est,
1015 1241 1109 1296 sed
1154 1241 1424 1312 legislator
1461 1242 1707 1297 vincitur.
1755 1241 1895 1308 Filii,
1926 1257 2021 1310 per
2064 1252 2291 1296 vestram

725 1332 1018 1398 caritatem,
1037 1331 1191 1386 video
1205 1333 1624 1403 coniurationem
1647 1333 1714 1388 ad
1736 1333 1932 1388 bellum
1959 1332 2291 1389 inferendum

727 1431 994 1491 paratam,
1019 1422 1287 1492 Deumque
1310 1424 1644 1480 contumeliis
1693 1423 1936 1479 affectum
1963 1442 1976 1479 :
2007 1423 2160 1478 video
2198 1422 2294 1477 de-

724 1511 929 1580 lapsum
971 1526 1221 1582 agonem,
1253 1523 1307 1568 et
1343 1514 1716 1585 agonothetam
1764 1522 2074 1572 mmrentem
2099 1531 2111 1566 :
2141 1513 2296 1568 video

724 1604 962 1658 veritatis
1007 1605 1400 1674 persuasionem
1434 1621 1824 1674 emarcescere,
1851 1616 1905 1662 et
1943 1607 2295 1676 conspiratio-

724 1709 848 1750 nem
893 1711 1163 1765 superare.
1194 1697 1317 1752 Mihi
1359 1699 1433 1754 illi
1462 1700 1756 1768 objiciunt:
1783 1699 2066 1754 Comedisti
2105 1709 2159 1754 et
2205 1699 2298 1754 ba-

728 1783 1039 1853 ptizasti.gSi
1071 1785 1168 1840 hoc
1196 1785 1318 1853 feci,
1347 1789 1628 1843 anathema
1653 1789 1721 1844 sit
1746 1789 1906 1854 mihi;
1940 1804 2008 1845 ne
2047 1805 2298 1844 numerer

728 1877 868 1928 Inter
901 1875 1212 1946 episcopos;
1246 1893 1313 1933 ne
1354 1878 1455 1934 sim
1484 1895 1605 1934 cum
1648 1880 1884 1951 angelis;
1933 1895 2001 1936 ne
2041 1882 2143 1936 sim
2189 1881 2299 1936 Deo

728 1972 994 2033 acceptus.
1017 1965 1073 2020 Si
1100 1982 1228 2022 vero
1253 1969 1460 2024 comedi
1496 1979 1548 2024 et
1574 1970 1857 2040 baptizari,
1887 1971 2017 2027 nihil
2047 1974 2296 2042 inoppor-

730 2062 856 2109 tune
885 2053 982 2110 feci
1003 2055 1103 2127 (ὁ).
1153 2058 1378 2114 Attende
1406 2059 1687 2132 diligenter
1721 2063 1784 2117 iis
1817 2079 1931 2133 quae
1955 2063 2096 2130 dico,
2130 2079 2300 2135 nequc

731 2141 890 2198 finem
917 2145 1127 2201 dicendi
1166 2147 1374 2204 faciam.
1414 2149 1529 2206 Non
1573 2167 1658 2208 me
1684 2153 1826 2224 piget
1850 2153 2013 2223 loqui,
2043 2155 2300 2225 vobisque

731 2243 897 2290 tutum
945 2244 1028 2292 est
1073 2238 1120 2292 si
1165 2239 1369 2309 loquar.
1396 2240 1501 2296 Sed
1529 2241 1595 2296 ad
1627 2245 1950 2312 propositum
1996 2245 2296 2302 redeamus.

736 2322 926 2379 Dicunt
968 2340 1055 2381 me
1097 2329 1391 2384 comedisse
1415 2340 1470 2385 et
1498 2330 1812 2402 baptizasse.
1859 2333 2134 2403 Deponant
2175 2352 2300 2406 ergo

732 2413 972 2483 Paulum,
996 2418 1138 2488 quod
1167 2428 1286 2488 post
1311 2435 1518 2476 comam
1548 2422 1754 2478 custodi
1781 2427 2014 2480 carceris
2041 2427 2299 2497 baptisma

731 2506 1014 2562 contulerit
1063 2508 1196 2581 (Act.
1250 2510 1337 2566 i6.
1392 2512 1509 2582 33).
1558 2513 1742 2568 Ausim
1789 2515 1987 2582 dicere,
2036 2516 2304 2586 deponant

735 2597 908 2666 ipsum
942 2598 1231 2668 Christum,
1261 2602 1402 2672 quod
1449 2612 1570 2673 post
1596 2619 1805 2661 caenam
1853 2606 2125 2676 discipulis
2151 2621 2301 2662 com-

733 2687 1036 2744 munionem
1081 2691 1301 2762 largitus
1345 2693 1434 2748 sit.
1464 2693 1570 2750 Sed
1608 2695 1722 2750 hare
1762 2697 1916 2752 nobis
1960 2700 2300 2769 congruentia

731 2791 1025 2848 magnaque
1051 2792 1174 2836 sunt
1204 2799 1218 2836 :
1252 2781 1367 2838 hac
1406 2783 1528 2839 laeta
1557 2786 1700 2855 pacis
1727 2787 1876 2857 signa
1906 2804 1920 2840 :
1960 2787 2076 2843 haec
2121 2789 2301 2859 populi

731 2871 993 2925 cncomia.
1018 2871 1143 2927 Mihi
1170 2888 1388 2942 corona,
1419 2877 1570 2932 vobis
1597 2877 1817 2934 fructus.
1845 2879 1951 2935 Sed
1991 2881 2157 2949 scitis,
2191 2882 2300 2937 frao

734 2965 863 3027 tres,
893 2974 996 3030 qua
1027 2961 1096 3017 de
1127 2977 1284 3019 causa
1325 2965 1490 3021 velint
1515 2982 1603 3022 me
1628 2967 1912 3037 deponere.
1945 2971 2075 3037 Quia
2103 2981 2303 3042 tapetes

736 3062 843 3102 non
884 3051 1130 3121 expandi,
1158 3068 1257 3109 nec
1299 3054 1471 3110 serica
1515 3057 1827 3113 vestimenta
1872 3059 2038 3126 indui,
2081 3072 2137 3117 et
2181 3064 2304 3132 quia

735 3136 972 3206 ipsorum
1010 3141 1292 3211 ingluviem
1322 3159 1426 3199 non
1457 3143 1584 3200 fovi.
1613 3146 1871 3204 Floruerc
1907 3150 2104 3219 aspidis
2139 3149 2301 3219 fetus,

733 3229 908 3286 adhuc
952 3232 1190 3289 relictum
1231 3246 1318 3303 est
1345 3236 1604 3294 Jezabelis
1652 3252 1832 3296 semen
1864 3259 1877 3295 :
1906 3257 2088 3297 verum
2132 3243 2304 3299 adhuc

733 3319 894 3376 etiam
919 3323 1083 3393 gratia
1122 3340 1242 3380 cum
1271 3326 1420 3382 Helia
1466 3339 1758 3385 concertat.
1792 3333 1900 3403 Age
1938 3333 2067 3388 milii
2092 3333 2143 3388 in
2186 3349 2302 3391 me-

737 3413 883 3468 dium
930 3416 1220 3474 mirabilem
1275 3419 1420 3475 illum
1451 3420 1772 3493 divitemque
1817 3425 1938 3478 vitae
1984 3440 2302 3495 praeconem,

737 3504 993 3561 Joannem
1031 3507 1151 3564 dico
1194 3525 1502 3580 pauperem,
1529 3514 1616 3582 qui
1666 3529 1734 3569 ne
1775 3514 2042 3570 lucernam
2091 3517 2303 3587 quidem

740 3595 1077 3664 possidebat;
1128 3600 1222 3654 sed
1245 3600 1757 3659 habebatChristum
1789 3605 2083 3675 lampadem
2111 3625 2123 3661 :
2156 3610 2306 3678 cujus

737 3694 897 3755 caput
936 3689 1189 3757 expetivit
1233 3691 1355 3746 Evre
1401 3694 1763 3750 comministra
1795 3713 1808 3750 :
1846 3711 1964 3766 qua;
2011 3705 2066 3751 et
2111 3699 2306 3754 sanctis

737 3776 1115 3846 impedimento
1141 3781 1256 3847 fuit,
1282 3799 1398 3854 quas
1423 3786 1709 3855 prophetas
1732 3785 2048 3857 persequuta
2069 3799 2170 3854 est,
2189 3805 2308 3859 qua:

740 3869 924 3926 dolose
953 3872 1208 3942 jejunium
1239 3876 1569 3945 praedicavit,
1600 3893 1716 3947 qua:
1747 3894 1925 3949 parem
1967 3895 2086 3935 cum
2131 3882 2309 3951 vipera

743 3962 1196 4017 nomenclaturam
1244 3965 1503 4032 obtinuit,
1551 3983 1742 4038 nempe
1785 3970 2142 4039 saltationem,
2191 3989 2309 4043 qua:

747 4053 969 4121 prandio
997 4055 1226 4110 nondum
1256 4057 1498 4114 absoluto
1517 4059 1836 4132 saltavit(c).
1860 4061 1973 4117 Non
2001 4063 2159 4118 vitam
2183 4079 2311 4120 con-

742 4143 961 4212 cupivit,
992 4160 1097 4199 non
1117 4162 1273 4217 opum
1301 4149 1517 4217 molem,
1543 4166 1651 4206 non
1679 4154 1825 4223 regni
1847 4153 2174 4224 dignitatem,
2204 4171 2308 4210 non

742 4235 903 4289 aliam
927 4238 1224 4307 quampiam
1267 4238 1601 4308 facultatem;
1651 4243 1743 4298 sed
1789 4244 1877 4298 dic
1923 4245 2071 4309 mihi,
2103 4261 2305 4316 qua-so,

739 4325 866 4392 quid
909 4326 1263 4383 desideravit?
1290 4330 1458 4401 Caput
1484 4332 1730 4388 hominis.
1763 4334 1896 4402 Quid
1936 4345 2112 4392 autem
2152 4339 2307 4393 dico?

743 4415 860 4472 Non
885 4417 1055 4472 solum
1086 4417 1336 4489 hominis,
1363 4421 1456 4477 sed
1484 4424 1640 4479 etiam
1672 4426 2026 4498 evangelista.
2057 4429 2305 4484 Attamen

802 4587 874 4664 (a)
897 4595 1012 4648 Quae
1029 4593 1078 4664 in
1093 4605 1253 4664 graeco
1265 4598 1534 4664 sequpntur
1548 4596 1911 4664 adjectitiasunt
1929 4606 1982 4651 et
1996 4602 2310 4664 Chrysostomi

871 4663 972 4725 Anon
995 4655 1220 4725 videntur
1238 4692 1251 4711 ,
1277 4655 1352 4725 ut;
1367 4657 1574 4725 diximus
1605 4655 1662 4725 in
1683 4662 1856 4725 monito
1881 4675 1892 4708 :
1921 4668 1974 4710 et
2010 4655 2165 4725 usq'ue
2188 4667 2310 4717 adeo

746 4710 965 4784 uitricata
986 4721 1099 4784 sunt
1123 4722 1175 4763 ut
1197 4710 1383 4765 nonnisi
1406 4719 1662 4784 divinando
1684 4721 1868 4784 possint
1890 4710 2062 4772 Latine
2077 4710 2231 4774 Fotidi.

1005 4775 1097 4822 sibi
1141 4789 1335 4837 prorsus
1368 4769 1698 4830 contradicere
1735 4769 2231 4850 videturi,ﬂquisquis‘
2248 4791 2312 4839 sit

851 4850 956 4883 ιιοτ.

801 4893 875 4957 (ι’)
907 4901 1016 4946 Hac
1037 4897 1208 4946 mirum
1231 4906 1462 4962 quantum
1485 4902 1568 4954 vel
1588 4905 1771 4967 inepta,
1799 4905 1878 4955 vel
1901 4908 2083 4958 vitiata.

3879 395 3984 452 433

2399 526 2506 566 non
2547 511 2673 566 vicit
2701 522 2875 580 caput,
2906 510 3032 565 licet
3074 506 3356 579 acceperit.
3399 507 3632 563 Abscidit
3673 518 3837 579 caput
3884 524 3979 578 pe-

2398 601 2592 668 tendo,
2647 602 2883 672 iniquum
2934 600 3256 656 desiderium
3307 613 3401 668 per
3456 599 3660 653 discum
3713 599 3979 669 implevit.

2401 692 2551 757 Vide,
2579 699 2634 746 et
2679 692 2876 747 mirare
2925 689 3017 746 Dei
3062 690 3329 744 virtutem.
3377 688 3630 760 Coarguit
3677 690 3982 758 inculpatus

2400 781 2578 846 homo,
2607 780 2780 848 capite
2809 787 3079 835 truncatus
3102 787 3220 843 est;
3267 777 3363 834 sed
3383 780 3472 848 qui
3498 778 3669 849 capite
3695 792 3892 841 caesus,
3927 777 3980 830 in

2399 869 2614 926 dextera
2642 869 2847 926 Christi.
2865 878 2968 937 est,
3000 870 3144 924 illam
3183 883 3312 924 vero
3342 868 3732 939 indeprecabile
3771 867 3983 937 suppli-

2399 962 2538 1017 cium
2571 961 2784 1031 excipit.
2821 960 3026 1016 Rursus
3053 961 3169 1030 ejus
3195 972 3401 1024 semen,
3432 959 3702 1029 spinosum
3729 972 3981 1030 germen,

2399 1054 2592 1125 quaerit
2614 1061 2668 1109 et
2693 1051 2924 1108 festinat.
2946 1051 3053 1108 Sed
3092 1051 3348 1107 Herodias
3383 1049 3605 1106 Joannis
3632 1056 3793 1120 caput
3817 1063 3984 1118 expe-

2401 1147 2483 1210 tit,
2510 1159 2696 1199 rursus
2721 1143 3058 1198 saltationem
3086 1141 3281 1196 inimus
3305 1155 3411 1195 non
3440 1139 3679 1209 pedibus,
3715 1136 3814 1194 sed
3843 1152 3982 1206 qua-

2400 1237 2503 1292 lem
2533 1236 2695 1291 Maria
2723 1236 2850 1290 olim
2891 1235 3097 1288 lirmam
3137 1241 3191 1288 et
3229 1233 3522 1286 immotam.
3549 1229 3753 1284 Rursus
3785 1229 3985 1283 clamat

2398 1325 2629 1381 Joannes
2656 1339 2720 1380 ac
2747 1325 2876 1381 dicit
2905 1342 2917 1378 :
2952 1322 3073 1378 Non
3100 1323 3216 1377 licet
3255 1322 3347 1376 tibi
3368 1337 3574 1376 ictorem
3601 1319 3784 1374 habere
3805 1317 3984 1390 fratris

2401 1418 2476 1471 tui
2503 1416 2692 1489 (Marc.
2726 1417 2779 1472 6.
2813 1415 2923 1485 l8).

2470 1509 2524 1565 5.
2564 1508 2670 1564 Sed
2693 1507 2817 1579 quid
2844 1508 3052 1564 dicam?
3079 1507 3454 1577 Lacrymarum
3479 1511 3563 1560 est
3586 1517 3830 1574 praesens
3847 1509 3986 1556 tem-

2401 1615 2534 1670 pus:
2565 1600 2743 1654 omnia
2767 1599 2962 1670 quippe
2982 1598 3049 1653 ad
3077 1597 3418 1669 ignominiam
3443 1603 3680 1665 vergunt,
3715 1601 3771 1649 et
3803 1591 3986 1647 omnia

2403 1701 2611 1762 tempus
2633 1691 2855 1762 judicat.
2899 1694 3100 1747 Aurum
3132 1691 3417 1745 universim
3445 1687 3666 1758 gloriam
3693 1686 3854 1757 parit.
3877 1683 3984 1740 Sed

2400 1798 2498 1854 age
2535 1783 2591 1838 in
2628 1783 2861 1839 medium
2900 1783 3064 1839 David
3101 1781 3367 1838 dicentem
3412 1791 3569 1850 atque
3615 1779 3940 1834 clamantem
3966 1793 3985 1832 :

2400 1873 2594 1928 Aurum
2636 1876 2680 1929 si
2701 1875 2892 1944 afﬂuat,
2934 1870 3095 1929 nolite
3130 1889 3218 1927 cor
3253 1888 3506 1942 apponere
3546 1869 3717 1940 (Paul.
3748 1869 3839 1925 61.
3869 1869 3986 1937 Η).

2401 1969 2473 2022 At
2498 1966 2584 2022 dic
2607 1965 2760 2034 mihi,
2787 1966 2918 2033 Quis
2946 1965 3034 2020 ille
3062 1972 3197 2032 erat,
3220 1964 3309 2033 qui
3326 1963 3485 2018 talem
3513 1975 3699 2017 vocem
3728 1959 3991 2031 protulit!

2403 2060 2594 2114 Annon
2620 2057 2769 2129 regni
2796 2057 3059 2128 fastigium
3090 2053 3417 2124 occupabat?
3443 2065 3620 2106 nonne
3645 2051 3698 2106 in
3724 2049 3871 2120 regia
3891 2064 3991 2120 po-

2403 2157 2593 2206 testate
2618 2151 2910 2222 imperabat
2931 2148 2988 2201 ‘1'
3013 2147 3118 2205 Sed
3145 2162 3252 2202 non
3273 2145 3342 2201 ad
3369 2146 3606 2216 rapinam
3645 2142 3989 2214 respiciebat,

2405 2256 2509 2296 non
2537 2241 2602 2296 ad
2627 2241 2835 2311 pietatis
2853 2239 3291 2304 destructionem,
3317 2251 3424 2292 non
3444 2235 3665 2292 curabat
3685 2233 3990 2298 thesauros,

2404 2335 2499 2390 sed
2532 2334 2816 2390 militarem
2859 2332 3122 2388 delectum
3146 2348 3160 2397 ;
3201 2345 3309 2386 non
3337 2328 3519 2384 uxoris
3547 2339 3872 2382 consensum
3899 2339 3995 2378 re-

2404 2427 2666 2497 quirebat.
2715 2425 2901 2497 Fugite
2941 2439 3090 2495 ergo,
3122 2423 3394 2487 mulieres,
3432 2420 3635 2474 alienos
3670 2424 3845 2473 cretus
3874 2433 3890 2472 :
3923 2430 3996 2469 ne

2406 2519 2684 2574 consilium
2707 2531 2927 2587 pravum
2957 2514 3086 2570 viris
3109 2512 3406 2568 dederitis:
3439 2510 3534 2564 sed
3559 2524 3625 2564 ex
3655 2507 3804 2562 hisce
3831 2505 3998 2561 dictis

2407 2623 2506 2665 vos
2525 2609 2858 2665 conﬂrmate.
2887 2607 3026 2662 Num
3050 2605 3407 2662 exstinximus
3432 2601 3700 2656 ﬂammam
3728 2597 3997 2654 vestram?

2410 2717 2534 2756 num
2565 2701 2856 2756 emollitum
2901 2709 2984 2754 est
3023 2711 3118 2753 cor
3145 2694 3415 2752 vestrum?
3442 2692 3548 2750 Sed
3576 2691 3689 2748 scio
3722 2704 3842 2757 vos,
3875 2702 3997 2759 qua:

2407 2793 2586 2847 Maria:
2625 2792 2750 2846 lilia
2792 2790 2944 2856 estis,
2987 2789 3269 2845 utilitatem
3307 2794 3636 2856 accepturas.
3684 2782 3820 2838 Alia:
3862 2796 3996 2837 vero

2405 2886 2607 2954 absque
2627 2883 2753 2937 vino
2780 2882 2984 2937 satiatae
3009 2886 3157 2946 sunt,
3186 2886 3242 2934 et
3265 2876 3428 2934 ebria
3447 2875 3691 2940 avaritia,
3718 2883 3778 2928 ut
3804 2874 3999 2930 beatus

2409 2974 2606 3030 Paulus
2631 2973 2824 3028 clamat
2850 2981 2906 3027 et
2931 2970 3182 3042 praedicat
3207 2969 3291 3024 bis
3317 2968 3498 3023 verbis
3526 2984 3541 3020 :
3567 2965 3740 3021 Radix
3767 2966 3998 3019 omnia»:

2406 3064 2875 3118 malorumooaritia
2897 3065 2944 3134 (i
2957 3060 3286 3133 .Tim.6.i0).
3311 3060 3401 3116 Sic
3417 3057 3726 3128 insipientes
3744 3055 3999 3110 mulieres

2407 3170 2566 3211 aures
2611 3171 2735 3211 suas
2780 3155 3050 3222 obturant,
3085 3162 3140 3209 et
3165 3167 3262 3224 pro
3290 3152 3433 3208 bono
3461 3151 3664 3206 semine
3687 3149 3870 3220 spinas
3899 3163 3997 3217 pa-

2407 3249 2572 3302 riunt.
2616 3246 2704 3311 At,
2750 3247 2997 3312 obsecro,
3049 3260 3119 3301 ne
3157 3258 3346 3300 semen
3373 3251 3616 3298 nostrum
3643 3239 3795 3310 quasi
3834 3254 3998 3309 supra

2408 3345 2613 3407 petram
2655 3336 2934 3406 iaciamus.
2978 3333 3178 3391 Christi
3218 3347 3405 3388 sumus
3446 3329 3788 3401 agricultura,
3832 3343 3865 3383 a
3893 3344 4000 3399 quo

2408 3428 2708 3496 audiamus,
2742 3429 2908 3498 Euge,
2937 3441 3093 3483 serve
3114 3425 3280 3492 bone,
3312 3423 3449 3479 intra
3481 3423 3535 3477 in
3561 3421 3779 3477 domum
3819 3434 3998 3474 meam

2411 3520 2623 3590 (Matth.
2675 3520 2764 3576 25.
2812 3519 2930 3588 25),
2981 3533 3049 3575 ne
3091 3517 3224 3572 forte
3262 3515 3402 3570 illius
3430 3512 3576 3568 vocis
3604 3512 3722 3567 loco
3763 3509 3997 3576 dicatur,

2413 3613 2567 3668 Serve
2595 3627 2807 3682 nequam
2828 3609 2936 3682 (Ib.
2967 3627 3013 3664 υ.
3043 3608 3157 3678 26).
3206 3605 3335 3672 Sed,
3366 3606 3612 3670 obsecro,
3642 3601 3816 3657 luceat
3841 3601 4000 3658 insti-

2411 3713 2581 3759 tutum
2608 3713 2840 3760 vestrum
2880 3717 3061 3759 coram
3104 3697 3428 3764 hominibus,
3463 3711 3530 3752 ne
3561 3694 3883 3750 infatuemus
3918 3694 4002 3748 sal

2413 3807 2673 3851 nostrum.
2725 3796 2831 3851 Sed
2870 3795 3247 3866 glorificamus,
3286 3791 3486 3862 gratias
3533 3802 3773 3859 agamus,
3805 3787 4002 3842 divites

2412 3887 2582 3953 diviti,
2623 3901 2882 3958 pauperes
2906 3887 3136 3957 benigno
3155 3894 3208 3941 et
3234 3896 3521 3954 pauperum
3543 3881 3741 3935 amanti
3760 3879 3998 3944 Christo.

2414 3987 2658 4049 potentes
2685 3978 2916 4033 robustae
2944 3977 3087 4032 illius
3108 3974 3309 4031 manui.
3336 3973 3402 4029 Et
3426 3972 3542 4028 haec
3566 3969 3780 4042 quidem
3811 3969 3881 4026 de
3901 3984 4003 4025 vo-

2413 4069 2517 4124 bis.
2545 4069 2740 4125 Verum
2787 4069 3014 4123 fortasse
3053 4067 3195 4122 Deus
3238 4079 3300 4121 ea
3343 4078 3432 4120 me
3472 4062 3581 4133 pati
3604 4060 3858 4116 concedit
3881 4076 4002 4130 quae

2414 4159 2489 4214 illi
2531 4159 2814 4216 adversum
2857 4174 2945 4215 me
2985 4157 3380 4218 macbinantur,
3428 4165 3486 4209 ut
3525 4155 3578 4207 in
3606 4153 4002 4209 calamitatibus

2412 4268 2499 4306 me
2529 4253 2735 4322 probet,
2774 4252 2898 4320 quia
2936 4252 2989 4305 in
3021 4249 3294 4304 laboribus
3318 4246 3539 4302 victoria
3569 4245 3791 4300 omnino
3816 4245 4001 4300 consi-

2412 4345 2524 4406 stit,
2555 4352 2608 4399 et
2641 4358 2734 4414 per
2760 4343 3050 4398 certamina
3076 4347 3402 4410 prmparatur
3426 4351 3644 4392 corona.
3676 4335 3894 4390 Etenim
3919 4335 4001 4390 di-

2411 4437 2566 4490 vinus
2596 4433 2790 4488 Paulus
2814 4432 2972 4487 dixit:
2992 4431 3204 4486 Cursum
3223 4427 3582 4493 consummavi,
3601 4426 3754 4495 ﬁdem
3778 4423 4001 4479 servari:

2411 4527 2464 4581 in
2493 4527 2684 4595 reliquo
2720 4526 2939 4594 reposita
2973 4531 3044 4577 est
3071 4521 3192 4574 mihi
3219 4535 3403 4574 corona
3425 4517 3638 4589 justitiaz
3667 4515 3743 4587 (Ξ.
3775 4514 3916 4570 Tim.
3947 4521 3999 4571 4.

2413 4617 2491 4687 7);
2520 4632 2623 4688 qua
2651 4631 2846 4672 corona
2877 4629 2975 4670 nos
3011 4612 3313 4684 dignabitur
3341 4612 3712 4665 universorum
3741 4608 4004 4665 Dominus

2415 4711 2468 4766 in
2497 4709 2710 4766 saecula.
2744 4710 2934 4762 Amen.

2477 4911 2494 4942 ι
2531 4912 2667 4958 Putat
2689 4902 2888 4954 Savilius
2909 4901 3191 4965 legendum,
3215 4897 3510 4957 spimdcbat.

1917 5456 2078 5520 CUM
2125 5457 2222 5517 DE
2280 5456 2783 5519 EXPULSIONE

815 5658 960 5714 Multi
991 5661 1208 5730 quidem
1240 5663 1456 5729 ﬂuctus,
1478 5674 1530 5720 et
1558 5669 1716 5721 unda:
1745 5666 2039 5732 immanes;
2060 5667 2154 5723 sed
2184 5667 2309 5723 sub-

2409 5670 2809 5741 quantumlibet
2839 5669 3070 5731 ﬂuctus,
3105 5665 3259 5723 navis
3286 5664 3413 5722 Iesu
3444 5661 3598 5717 obrui
3631 5675 3742 5716 non
3776 5669 3976 5732 potest.

748 5752 916 5819 mergi
947 5766 1051 5805 non
1083 5767 1309 5809 vereor:
1344 5757 1471 5824 quia
1497 5773 1662 5828 supra
1697 5771 1900 5828 petram
1933 5766 2036 5813 sto.
2070 5759 2309 5815 lnsaniat
2409 5759 2511 5815 Sed
2561 5761 2689 5830 quid
2733 5769 2921 5832 putant
2951 5759 2975 5810 ?
3018 5757 3095 5814 Ne
3137 5765 3364 5813 mortem
3407 5768 3630 5817 verear,
3673 5752 3766 5807 cui
3797 5753 3979 5808 vivere

748 5839 874 5898 licet
889 5859 1035 5902 mare
1074 5853 1282 5916 petram
1305 5866 1410 5904 non
1431 5860 1606 5922 potest
1623 5867 1995 5908 commovere:
2023 5852 2309 5923 insurgunt
2408 5850 2659 5910 Christus
2689 5861 2802 5922 est,
2833 5862 2885 5912 et
2916 5853 3049 5912 mori
3098 5851 3310 5908 lucrum
3355 5844 3623 5918 (Philipp.
3657 5844 3708 5900 ι.
3742 5843 3880 5917 21)’1
3905 5841 3982 5899 Nc
