4154 6486
211 401 301 455 431
1187 414 1417 470 SERMO
1455 415 1797 482 ANTEQUA‘

1901 415 2049 472 rum
2087 417 2152 471 IN
2189 417 2540 474 EXSILIUM.
3394 407 3498 465 #32

274 521 336 573 δ’.
398 519 527 572 Αλλ⁹
556 518 677 590 δρῶ
700 520 814 584 τοῖς
835 523 1074 592 ἐμαυτοῦ
1095 523 1329 596 δόγμασι
1361 543 1513 590 τινας
1537 528 1802 599 ἐγκαρτε-

210 613 322 680 ρεῖν
358 627 424 681 με
462 612 783 666 πειθόντων.
812 611 971 684 Φέρει
1001 615 1110 686 γάρ
1148 615 1318 670 πολλά
1347 616 1455 671 τῶν
1489 619 1802 689 εὐτυχημά-

204 713 312 752 των
349 703 431 764 είς
466 702 816 756 τούναντίονο
849 705 932 755 ὅτι
977 699 1058 769 οἷς
1093 705 1313 760 ἐδόκουν
1349 707 1596 780 ζηλωτὴς
1635 705 1798 776 εἶναι,

203 792 611 859 περιπέπτωκα
642 796 710 864 τῇ
750 794 1053 869 μοχθηρίᾳ⁹
1085 798 1134 850 oi
1166 797 1266 869 μὲν
1300 798 1440 853 κατά
1469 799 1560 852 τὸν
1599 800 1801 871 τρόπον

203 881 600 954 καθαιροῦντες
626 886 817 938 νικῶσι
841 888 932 942 τὸν
956 888 1144 956 ἀγῶνα
1172 892 1239 961 τῇ
1260 890 1494 962 διαφορᾷ
1522 891 1632 944 τῶν
1661 909 1802 962 πρα-

204 975 430 1044 γμάτων
451 993 464 1006 °
497 977 598 1031 οὐκ
629 979 912 1047 ἠπείλουν,
947 979 1084 1033 ἀλλά
1118 980 1474 1050 παρίσταντο.
1503 983 1659 1035 Ἔστι
1690 983 1800 1053 γὰρ

200 1066 394 1135 καιρὸς
421 1067 520 1120 νῦν
545 1069 722 1122 εἰπεῖν
747 1070 816 1123 τά
854 1071 982 1142 περὶ
1020 1071 1120 1140 τῆς
1162 1073 1300 1142 ἐμῆς
1328 1071 1582 1142 θλίψεως.
1618 1074 1801 1143 Νόμος

197 1156 372 1222 ἐστὶν,
399 1158 517 1212 ἀλλ’
548 1162 576 1214 6
606 1161 902 1232 νομοθέτης
925 1163 1166 1216 νικᾶται.
1192 1163 1392 1227 Τέκνα,
1427 1165 1502 1235 μά
1534 1165 1632 1236 τὴν
1666 1165 1802 1235 ὑμε-

197 1243 366 1314 τέμιν
429 1248 671 1321 ἀγάπην,
722 1249 902 1319 βλέπω
959 1251 1231 1322 συσκευὴν
1285 1253 1650 1323 πολεμοῦσαν,
1701 1253 1798 1307 καὶ

201 1334 295 1388 τὸν
362 1337 502 1391 Θεὸν
561 1339 955 1412 ὑϐριζόμενον·
1025 1343 1209 1413 βλέπω
1269 1344 1362 1398 τὸν
1431 1345 1621 1414 ἀγῶνα
1704 1347 1798 1399 πί-

200 1439 433 1493 πτοντα,
476 1429 572 1482 καὶ
602 1432 697 1487 τὸν
727 1433 1072 1506 ἀγωνοθέτην
1115 1435 1456 1507 λυπούμενον
1476 1455 1490 1468 ο
1525 1437 1706 1508 βλέπω
1738 1438 1800 1491 τὸ

195 1516 435 1573 πιθανὸν
484 1522 585 1592 τῆς
635 1523 896 1593 ἀληθείας
956 1528 1376 1598 μαραινόμενον,
1426 1530 1519 1582 καὶ
1569 1529 1670 1600 τὴν
1706 1547 1800 1583 συ-

197 1609 409 1680 σκινὴν
453 1611 746 1667 ἀνθοῦσαν.
773 1613 1006 1682 Λέγουσι
1035 1633 1148 1688 μοι,
1174 1619 1257 1671 ὅτι
1276 1619 1520 1692 Ἔφαγες
1543 1621 1638 1676 καὶ
1667 1621 1797 1675 ἐϐά-

197 1695 426 1762 πτίσας.
458 1701 526 1754 Εί
556 1703 792 1774 ἐποίησα
823 1704 1002 1769 τοῦτο,
1031 1706 1278 1778 ἀνάθεμα
1307 1707 1518 1778 ἔσομαι’
1547 1711 1622 1780 μὴ
1645 1713 1799 1784 ἀριθ-

201 1788 440 1862 μηθείην
457 1793 539 1856 είς
567 1793 880 1848 ἐπισκόπων
905 1794 1056 1867 μιδ]
1081 1796 1239 1867 ῥίζαν
1259 1813 1272 1828 ο
1308 1797 1384 1869 μὴ
1408 1798 1653 1870 γένωμαι
1682 1803 1799 1873 μετ’

201 1880 494 1949 ἀγγέλωνο
561 1883 638 1954 μὴ
682 1885 869 1957 ἀρέσω
910 1887 1064 1958 Θεῷ⁶
1130 1891 1180 1942 εί
1222 1889 1278 1942 δέ
1317 1889 1412 1944 καὶ
1458 1891 1659 1960 ἔφαγον
1705 1893 1802 1946 καὶ

201 1970 511 2038 ἐϐάπτισα,
555 1974 710 2028 οὐδὲν
757 1975 987 2049 ἄκαιρον
1015 1977 1125 2031 τῶν
1158 1981 1503 2052 πραγμάτων
1545 1983 1798 2054 ἐποίησα..

201 2060 456 2133 Πρόσχες
500 2081 592 2136 μοι
635 2065 774 2135 μετά
811 2068 1101 2138 ἀκριϐείας
1131 2069 1161 2122 ὃ
1187 2070 1348 2139 λέγω,
1388 2073 1483 2126 καὶ
1516 2073 1690 2142 λέγων
1731 2073 1792 2126 ού

197 2148 510 2219 παύσομαι.
549 2152 704 2222 Ἐμοὶ
747 2153 844 2222 μὲν
863 2155 924 2207 τὸ
945 2155 1122 2223 λέγειν
1147 2159 1247 2211 οὐκ
1269 2157 1520 2230 ὀκνηρὸν,
1565 2161 1693 2229 ὑμῖν
1735 2160 1795 2213 δὲ

199 2238 469 2309 ἀσφαλές.
528 2241 668 2295 Ἀλλ’
720 2243 1106 2316 ἐπανέλθωμεν
1155 2248 1248 2300 ἐπὶ
1289 2249 1351 2302 τὸ
1409 2249 1790 2321 προκείμενον.

198 2332 467 2401 Λέγουσιν
491 2334 576 2388 ὅτι
603 2334 804 2403 ἔφαγον
830 2338 924 2391 καὶ
955 2337 1248 2395 ἐϐάπτισα.
1276 2340 1673 2397 Καθελέτωσαν
1702 2335 1797 2396 οῦν

199 2422 438 2489 ιιαῦλον,
464 2426 549 2479 ὅτι
581 2426 720 2496 μετά
746 2427 808 2480 τὸ
837 2429 1128 2500 δειπνῆσαι
1162 2431 1454 2503 ἐχαρίσατο
1483 2433 1562 2504 τῷ
1594 2434 1797 2506 δεσμο-

199 2511 403 2580 φύλακι
439 2515 502 2568 τὸ
552 2515 856 2586 βάπτισμα.
909 2519 1106 2589 Τολμῶ
1157 2521 1360 2589 λέγειν,
1412 2520 1795 2577 καθελέτωσαν

200 2605 294 2658 καὶ
322 2606 490 2660 αὑτὸν
519 2608 612 2661 τὸν
643 2609 899 2676 Χριστὸν,
927 2610 1009 2664 ὃτι
1045 2611 1186 2682 μετά
1213 2613 1274 2666 τὸ
1305 2614 1520 2668 δεῖπνον
1541 2618 1655 2679 τοῖς
1695 2633 1800 2687 μα-

200 2694 393 2766 θηταῖς
422 2697 524 2766 τὴν
550 2699 832 2753 κοινωνίαν
855 2702 1166 2773 ἐχαρίσατο.
1197 2703 1339 2770 Ἀλλ’
1357 2705 1544 2760 είκότα
1577 2706 1673 2760 καὶ
1709 2725 1800 2778 μευ

198 2786 341 2856 γάλα
368 2790 506 2859 ἡμῖν
535 2789 708 2843 ταῦτα
727 2806 740 2819 °
771 2791 944 2846 ταῦτα
972 2794 1173 2866 φαιδρὰ
1199 2796 1298 2866 τῆς
1335 2797 1588 2869 εἰρήνης·
1621 2797 1798 2853 ταῦτα

199 2877 294 2931 τοῦ
327 2878 464 2934 λαοῦ
509 2881 582 2934 τά
639 2882 914 2952 ἐγκώμια.
980 2884 1146 2956 Ἑμοῦ
1181 2889 1210 2940 6
1249 2888 1536 2956 στέφανος,
1573 2891 1729 2960 ὑμῶν
1769 2894 1798 2944 6

201 2970 438 3042 καρπός.
476 2971 618 3025 Ἀλλ’
658 2974 861 3040 οἴδατε,
890 2977 1194 3049 ἀγαπητοὶ,
1237 2979 1325 3034 διά
1355 2981 1409 3033 τί
1465 2999 1533 3050 με
1579 2981 1797 3035 θέλουσι

200 3059 476 3115 καθελεῖν.
503 3064 628 3116 Ὅτι
671 3064 924 3136 τάπητας
980 3067 1081 3137 οὑχ
1129 3067 1383 3137 ἦπλωσα,
1431 3068 1557 3124 οὔτε
1592 3072 1798 3142 σηρικά

202 3150 398 3220 ίμάτια
419 3151 524 3205 οὐκ
557 3153 919 3225 ἑνεδυσάμην,
955 3157 1052 3209 καὶ
1097 3157 1178 3209 ὅτι
1210 3157 1308 3228 τὴν
1348 3161 1798 3232 γαστριμαργίαν

197 3241 382 3295 αὐτῶν
413 3241 476 3295 ού
511 3244 1015 3316 παρεμυθησάμην.
1047 3246 1329 3318 Ἤνθησαν
1360 3249 1470 3321 γὰρ
1501 3250 1570 3303 τά
1599 3251 1797 3320 ἔγγονα

197 3331 299 3402 τῆς
330 3333 583 3399 ἀσπίδος,
628 3333 709 3386 έτι
744 3336 1153 3408 περιλέλειπται
1186 3339 1287 3408 τῆς
1323 3340 1564 3404 Ἰεζάϐελ
1595 3343 1624 3395 6
1662 3343 1798 3396 σπό-

204 3435 332 3492 ρος·
368 3421 448 3474 ἐτι
501 3423 559 3475 δέ
594 3423 692 3476 καὶ
734 3425 767 3494 ἡ
813 3425 974 3495 χάρις
1013 3425 1092 3496 τῷ
1131 3425 1289 3497 Ἠλία
1345 3429 1794 3498 συναγωνίζεται.

198 3513 336 3580 Φέρε
379 3513 437 3566 δέ
482 3530 575 3584 μοι
605 3515 689 3577 είς
724 3515 891 3584 μέσον
925 3517 1015 3570 τὸν
1065 3517 1379 3588 θαυμαστὸν
1413 3523 1509 3574 καὶ
1543 3521 1800 3577 πλούσιον

197 3601 298 3670 τῆς
347 3601 496 3671 ζωῆς
547 3603 786 3674 κήρυκα,
827 3605 1081 3678 Ἰωάννην
1113 3607 1278 3677 λέγω,
1311 3611 1402 3663 τὸν
1436 3611 1663 3682 πένητα,
1706 3617 1799 3668 καὶ¹

197 3693 305 3755 ἕως
333 3693 534 3763 λύχνου
568 3693 646 3764 μὴ
689 3698 1032 3768 κτησάμενον
1053 3715 1066 3729 ·
1099 3697 1213 3771 εἷχε
1255 3703 1365 3774 γάρ
1403 3705 1504 3775 τὴν
1537 3705 1797 3776 λαμπάδα

198 3780 291 3834 τοῦ
317 3782 561 3853 Χριστοῦ
583 3799 597 3814 ο
627 3777 688 3837 οῦ
715 3784 817 3855 τὴν
846 3786 1088 3858 κεφαλὴν
1115 3788 1462 3860 ἐπεθύμησεν
1479 3793 1513 3862 ή
1536 3793 1633 3862 τῆς
1652 3792 1798 3857 Elia;

199 3871 645 3945 συλλειτουργδς,
689 3876 722 3941 ὴ
771 3875 878 3928 τῶν
915 3878 1085 3946 άγίων
1133 3880 1393 3950 ἐμπόδιον
1437 3884 1728 3954 γενομένη,
1761 3886 1796 3956 ἡ

197 3964 324 4028 φὺς
353 3966 646 4037 προφήτας
675 3966 935 4033 διώξασα,
963 3971 996 4039 η
1026 3969 1124 4040 τὴν
1149 3973 1209 4024 ἐν
1237 3971 1374 4043 δόλῳ
1403 3975 1656 4044 νηστείαν
1697 3992 1801 4047 κη-

200 4055 436 4128 ρύξασα,
463 4058 497 4127 η
527 4058 789 4128 ὁμότιμον
840 4059 936 4112 τοῦ
983 4060 1250 4132 ὀνόματος
1290 4063 1394 4133 τῆς
1420 4064 1638 4136 ἐχίδνης
1667 4067 1789 4119 ἐπι-

200 4147 448 4218 σταμένη
495 4148 596 4219 τὴν
626 4149 873 4220 ϐρχησιν,
905 4152 964 4204 ἐν
997 4152 1075 4223 τῷ
1105 4153 1314 4225 ἀρίστῳ
1353 4155 1433 4226 τῷ
1471 4156 1654 4210 ἀτελεῖ
1700 4157 1797 4228 ὀρο

198 4241 512 4312 χησαμένη.
571 4241 688 4296 Οῦκ
739 4242 1053 4315 ἐπεθύμησε
1118 4246 1283 4317 ζωὴν,
1324 4247 1425 4300 οῦκ
1481 4248 1797 4320 ἐπεθύμησε

199 4331 506 4403 χρημάτων
553 4331 737 4400 ὄγκον,
781 4335 842 4385 οὐ
880 4334 1154 4403 βασιλείας
1198 4337 1446 4409 ἀξίωμα,
1487 4339 1589 4393 οὐκ
1631 4342 1799 4413 ἄλλης

200 4424 347 4488 τινος
387 4425 730 4494 περιουσίας.
770 4425 908 4478 Ἀλλ’
943 4429 1063 4481 εἰπέ
1107 4445 1230 4500 μοι,
1267 4431 1544 4502 ἄνθρωπε,
1583 4431 1636 4484 τί
1666 4435 1798 4486 ἐπε-

201 4514 452 4586 θύμησε;
483 4514 743 4587 Κεφαλὴν
784 4516 1096 4589 ἀνθρώπου.
1122 4520 1188 4573 Τί
1220 4521 1274 4573 δὲ
1317 4520 1493 4590 λέγω;
1528 4523 1601 4576 Οὑ
1639 4525 1797 4594 μόνον

1902 534 1930 585 6
1965 532 2303 604 ἀποτμηθεὶς
2341 534 2400 586 ἐν
2445 532 2596 604 δεξιᾷ
2616 529 2714 584 τοῦ
2743 529 3003 602 Χριστοῦ,
3032 529 3065 600 ἡ
3097 529 3156 583 δὲ
3184 529 3499 599 ἀπαραίτηο

1899 641 1992 678 τον
2021 625 2240 678 κόλασιν
2280 624 2581 695 ἐκδέχεται.
2631 623 2800 677 Πάλιν
2831 622 3048 692 ἐκείνης
3087 620 3149 674 τὸ
3190 621 3435 692 σπέρμα,
3471 620 3501 673 6

1905 714 2106 785 σπόρος
2152 716 2181 768 6
2231 713 2550 785 ἀκανθώδης
2606 713 2859 783 ἐπιζητεῖ
2919 711 3018 764 καὶ
3072 710 3313 765 σπεύδει.
3357 707 3498 761 Ἀλλ’

1915 804 2184 876 Ἡρωδιὰς
2225 807 2474 860 Ἰωάννου
2503 806 2602 875 τὴν
2642 804 2887 874 κεφαλὴν
2929 801 3172 873 ζητοῦσα
3211 801 3376 854 πάλιν
3407 799 3501 869 ϐρ-

1901 915 2083 968 χησιν,
2111 898 2211 968 ούχ
2237 899 2303 966 ἢν
2331 899 2443 960 τοῖς
2483 899 2610 948 ποσὶ
2641 895 2930 964 παίζομεν,
2957 893 3098 948 ἀλλά
3122 892 3221 964 τὴν
3252 892 3352 962 τῆς
3380 891 3501 944 Ma»-
3547 886 3553 895 ’

1907 985 2029 1054 ρίας
2069 984 2512 1055 ἐπερειδομένην.
2545 983 2713 1037 Πάλιν
2747 983 2848 1054 βοᾷ
2877 985 2972 1038 καὶ
3007 984 3157 1052 λέγει
3198 983 3454 1052 Ἰωάννης
3480 998 3493 1011 ·

1907 1077 2030 1130 Οὐκ
2073 1075 2280 1140 ἔξεστί
2309 1090 2410 1129 σοι
2445 1075 2558 1144 τὴν
2587 1074 2846 1146 γυναῖκα
2883 1074 3050 1143 ἔχειν
3086 1073 3194 1128 τοῦ
3230 1071 3500 1142 ἀδελφοῦ

1906 1183 2047 1222 σου.

1973 1263 2033 1309 ε’.
2076 1256 2236 1309 Ἀλλά
2263 1256 2318 1308 τί
2348 1256 2486 1309 είπω
2509 1253 2804 1326 ;Δακρύων
2833 1257 2860 1307 6
2883 1253 3075 1324 παρὼν
3091 1252 3300 1324 καιρός
3323 1253 3502 1306 πάντα

1902 1349 2011 1420 γάρ
2041 1351 2120 1412 είς
2149 1348 2363 1412 ἀδοξίαν
2397 1348 2678 1418 ἐκτρέχει,
2718 1347 2814 1399 καὶ
2845 1346 3026 1399 πάντα
3077 1345 3270 1415 χρόνος
3301 1344 3498 1414 κρίνει.

1902 1442 2118 1512 Χρυσὸς
2154 1439 2217 1492 τὸ
2261 1440 2382 1493 ὅλον
2417 1439 2650 1503 δοξάζει.
2695 1437 2855 1493 Ἀλλά
2896 1437 3030 1508 φέρε
3079 1455 3170 1508 μοι
3211 1436 3303 1490 τὸν
3343 1437 3501 1504 ἅγιον

1901 1534 2065 1587 Δαυῖδ
2109 1535 2201 1588 τὸν
2243 1533 2471 1603 λέγοντα
2509 1534 2604 1585 καὶ
2653 1533 2896 1602 βοῶντα·
2946 1530 3188 1599 Χρυσὸς
3225 1530 3333 1584 ἐὰν
3362 1528 3498 1597 ῥέῃ,

1897 1623 1982 1695 μὴ
2019 1625 2418 1691 προστίθεσθε
2475 1623 2747 1693 καρδίαν.
2790 1623 2933 1676 Ἀλλ’
2963 1622 3082 1675 εἰπέ
3135 1639 3247 1691 μοι,
3299 1622 3383 1684 τίς
3431 1616 3501 1691 ῆν

1900 1708 2054 1779 οὗτος
2087 1716 2115 1766 6
2140 1715 2345 1787 ταύτην
2371 1715 2471 1786 τὴν
2499 1713 2682 1786 φωνὴν
2708 1713 2972 1782 ἐπαφείς;
3009 1713 3146 1782 Οὐχὶ
3184 1711 3246 1764 τὸ
3270 1712 3368 1782 τῆς
3403 1711 3502 1782 βα-

1906 1805 2113 1869 σιλείας
2153 1807 2245 1857 ἐπὶ
2277 1807 2377 1874 τῆς
2411 1806 2660 1876 κορυφῆς
2689 1804 3052 1874 συγκείμενον
3087 1799 3267 1872 εἷχεν;
3311 1804 3414 1856 οὐκ
3440 1805 3500 1856 ἐν

1902 1899 1968 1965 τῇ
2009 1895 2262 1966 βασιλικῇ
2302 1895 2523 1966 ἐξουσία
2562 1896 2836 1949 διέταττεν
2863 1907 2922 1960 δ;
2963 1894 3103 1946 Ἀλλ’
3132 1894 3191 1945 ού
3225 1893 3364 1964 πρὸς
3402 1894 3502 1964 ἀρι-

1905 1987 2088 2057 παγὴν
2143 1986 2392 2054 ἔϐλεπεν,
2447 1990 2549 2040 οὐκ
2597 1989 2678 2050 είς
2731 1987 3051 2056 καθαίρεσιν
3101 1983 3387 2049 εὐσεϐείας
3430 1981 3501 2057 ἦν

1902 2078 2052 2149 αὐτῷ
2079 2078 2140 2131 τὸ
2167 2080 2443 2150 φρόνημα,
2470 2080 2587 2132 οὐδὲ
2626 2080 2865 2150 μέριμνα
2892 2077 3203 2149 θησαυρῶν,
3237 2077 3374 2131 ἀλλά
3402 2077 3502 2149 τῆς

1904 2171 2287 2241 στρατοπέδων
2333 2169 2600 2241 συλλογῆς
2622 2187 2638 2201 ο
2668 2173 2729 2224 οῦ
2764 2170 3024 2239 γυναικὸς
3072 2169 3497 2239 συγκατάθεσιν.

1901 2262 2136 2330 Φεύγετε
2173 2257 2289 2324 οῦν,
2316 2264 2594 2329 γυναῖκες,
2621 2261 2720 2325 τάς
2749 2262 3039 2332 ἀλλοτρίας
3081 2261 3347 2330 συλλογάς
3366 2278 3379 2290 ’
3419 2261 3496 2333 μὴ

1906 2353 2303 2424 συμϐουλεύετε
2340 2355 2456 2417 τοῖς
2499 2355 2726 2424 άνδράσι
2767 2353 3104 2425 συμϐουλίαν
3137 2356 3350 2425 κακήνο
3380 2353 3514 2420 ἀλλ’,

1897 2445 2273 2517 ἀσφαλίσθητε
2311 2449 2426 2510 τοῖς
2469 2446 2762 2516 λεχθεῖσιν.
2793 2442 2943 2517 τΛρα
2990 2445 3300 2517 ἐσϐέσαμεν
3341 2445 3501 2515 ὑμῶν

1897 2537 1996 2608 τὴν
2026 2537 2176 2610 [419]
2197 2536 2402 2607 φλόγα;
2432 2534 2542 2610 ἆρα
2564 2538 2846 2610 ἐμαλάχθη
2867 2540 3000 2610 ὑμῖν
3021 2541 3054 2610 ἡ
3087 2539 3286 2610 καρδία
3307 2555 3322 2602 ;
3357 2536 3499 2592 Ἀλλ’

1897 2627 2015 2685 οἶδα
2044 2631 2126 2683 ὅτι
2159 2630 2583 2702 ὠφεληθήσεσθε
2637 2631 2737 2702 μὲν
2769 2632 2828 2684 al
2865 2631 2967 2700 τῆς
3000 2631 3224 2702 Μαρίας
3265 2630 3499 2698 θυγατέ-
3588 2651 3594 2656 ·

1900 2739 2027 2794 ρεςο
2064 2722 2224 2777 ἄλλαι
2260 2723 2318 2776 δὲ
2348 2723 2478 2776 ἀνευ
2518 2723 2662 2776 οῐνου
2699 2721 3103 2793 κεκορεσμέναι
3138 2722 3235 2775 καὶ
3270 2721 3502 2792 μεθύου-

1900 2827 1991 2862 σαι
2027 2813 2091 2880 τῇ
2133 2811 2492 2881 φιλαργυρίᾳ,
2537 2810 2614 2875 ώς
2646 2811 2676 2863 6
2712 2809 2986 2882 μακάριος
3021 2809 3234 2874 Παῦλος
3275 2809 3375 2879 βοᾷ
3401 2809 3500 2862 καὶ

1898 2899 2161 2971 κηρύττει
2188 2901 2392 2968 λέγων’
2434 2899 2582 2959 Ῥίζα
2623 2899 2873 2953 πάντων
2903 2899 3023 2954 τῶν
3055 2899 3259 2954 κακῶν
3286 2901 3326 2969 ἡ
3356 2903 3493 2970 φιλ-

1896 2993 2173 3061 αργυρία.
2207 2993 2365 3046 Οῦτω
2407 2995 2503 3048 καὶ
2531 2995 2585 3046 αἱ
2617 2993 2867 3046 ἀσύνετοι
2901 2996 3164 3062 γυναῖκες
3212 2994 3499 3066 ἀποφράτο

1897 3102 2083 3139 τουσιν
2131 3086 2342 3138 ἑαυτῶν
2377 3085 2449 3139 τὰ
2497 3079 2643 3149 ὦτα,
2692 3086 2788 3139 καὶ
2845 3086 2968 3139 ἀντὶ
3025 3085 3228 3156 σπόρου
3288 3085 3497 3154 ἀγαθοῦ

1898 3176 2143 3240 ἀκάνθας
2174 3177 2470 3230 τίκτουσιν.
2511 3176 2695 3240 Ἀλλὰ,
2741 3176 3069 3247 παρακαλῶ,
3103 3177 3180 3248 μὴ
3210 3177 3373 3248 ἡμῶν
3405 3176 3498 3230 τὸν

1901 3265 2104 3336 σπόρον
2127 3263 2204 3328 ὡς
2227 3265 2320 3317 ἐπὶ
2344 3264 2552 3335 πέτραν
2579 3263 3033 3333 καταϐάλλωμεν.
3059 3263 3299 3336 Χριστοῦ
3329 3265 3498 3334 ἐσμεν

1900 3353 2190 3425 γεώργιον,
2220 3353 2352 3425 παρ’
2376 3347 2438 3408 οῦ
2464 3353 2818 3424 ἀκούσωμεν·
2842 3349 2941 3418 Εὖ,
2970 3352 3127 3407 δοῦλε
3157 3347 3352 3422 ἀγαθὲ,
3385 3355 3499 3407 είσ-

1900 3448 2024 3501 ελθε
2050 3449 2132 3511 εἰς
2167 3447 2258 3501 τὸν
2294 3442 2445 3500 οἶκόν
2477 3463 2615 3517 μου·
2663 3445 2738 3518 μὴ
2775 3447 2899 3500 ἀντὶ
2942 3447 3042 3516 τῆς
3071 3447 3258 3518 φωνῆς
3289 3446 3498 3514 ταύτης

1899 3537 2088 3608 λεχθῇ,
2116 3532 2214 3603 Εῦ,
2255 3537 2410 3591 δοῦλε
2445 3537 2606 3591 κακέ.
2646 3537 2828 3601 Ἀλλὰ,
2860 3537 3190 3609 παρακαλῶ,
3225 3537 3498 3608 λαμψάτω

1905 3628 2058 3698 ὑμῶν
2086 3629 2118 3698 ή
2151 3626 2398 3682 πολιτεία
2429 3626 2739 3698 ἔμπροσθεν
2761 3627 2872 3680 τῶν
2906 3625 3236 3697 ἀνθρώπων,
3271 3627 3346 3697 μὴ
3384 3644 3500 3697 μω-

1905 3717 2160 3788 ράνωμεν
2207 3716 2366 3786 ἡμῶν
2409 3717 2472 3770 τὸ
2519 3717 2673 3784 ἃλας,
2705 3717 2846 3772 ἀλλά
2888 3715 3226 3788 δοξάσωμεν,
3273 3717 3500 3788 εὐχαρι·

1902 3808 2216 3879 στήσωμεν,
2247 3809 2297 3861 οί
2333 3807 2583 3862 πλούσιοι
2626 3807 2704 3878 τῷ
2739 3807 3003 3881 πλουσίῳ,
3035 3807 3085 3860 οί
3137 3805 3370 3876 πένητες
3418 3807 3499 3879 τῷ

1901 3897 2292 3970 φιλανθρώπῳ,
2323 3900 2418 3953 καὶ
2452 3897 2782 3970 φιλοπτώχῳ
2812 3896 3056 3973 Χριστῷ,
3093 3897 3142 3950 οἱ
3169 3897 3386 3950 δυνατοὶ
3427 3901 3496 3970 τῇ

1900 3990 2140 4060 κραταιᾷ
2195 3988 2342 4060 χειρὶ
2373 3988 2562 4043 αὑτοῦ.
2616 3990 2729 4042 Καὶ
2773 3987 2950 4041 ταῦτα
2998 3986 3098 4057 μὲν
3143 3986 3275 4058 περὶ
3317 3986 3493 4055 ὑμῶν.

1904 4081 2068 4143 Ἴσως
2097 4080 2154 4133 δὲ
2205 4083 2484 4152 συγχωρεῖ
2515 4081 2543 4133 6
2586 4079 2721 4143 Θεὸς
2751 4078 2928 4134 ταῦτά
2970 4095 3038 4150 με
3073 4077 3307 4148 πάσχειν
3350 4078 3498 4151 άπερ

1903 4169 2250 4240 βουλεύονται
2282 4173 2405 4225 κατ’
2442 4171 2599 4242 ἐμοῦ,
2641 4173 2729 4224 ῐνα
2772 4171 2833 4224 ἐν
2880 4172 3190 4242 συμφοραῖς
3221 4170 3496 4242 δοκιμάσῃ

1899 4262 1968 4316 τὰ
2009 4264 2130 4317 κατ’
2173 4261 2305 4334 ἐμέο
2357 4263 2439 4316 ὅτι
2491 4264 2550 4317 ἐν
2585 4265 2700 4322 τοῖς
2746 4262 2929 4326 πόνοις
2965 4262 3316 4316 ἐναπόκειται
3367 4260 3491 4332 νίκη

1900 4355 2140 4419 πάντως,
2159 4356 2251 4408 καὶ
2281 4356 2339 4408 ἐν
2355 4357 2468 4418 τοῖς
2485 4355 2693 4423 ἀγῶσιν
2711 4355 3042 4426 ἡτοίμασται
3068 4355 3351 4423 στέφανος.
3376 4355 3495 4406 Καὶ

1899 4433 2009 4516 γάρ
2050 4448 2080 4499 6
2112 4447 2396 4510 θεσπέσιος
2443 4447 2658 4512 Παῦλος
2696 4445 2882 4516 έλεγε’
2922 4447 3035 4501 Τὸν
3071 4445 3293 4516 δρόμον
3334 4445 3493 4500 τετέ-

1896 4543 2077 4606 λεκα,
2112 4537 2229 4606 τὴν
2273 4539 2485 4593 πίστιν
2535 4537 2864 4607 τετήρηκαο
2915 4539 3139 4593 λοιπὸν
3183 4539 3494 4593 ἀπόκειται

201 4605 518 4701 ἀνθρώπου,
555 4606 688 4701 ’ἀλλ’
738 4607 1148 4701 εὐαγγελιστοῦ.
1209 4611 1351 4665 Ἀλλ’
1406 4613 1508 4666 οὐκ
1575 4615 1796 4687 ἐνίκησε
1891 4647 1994 4700 μοι
2041 4632 2075 4684 δ
2110 4605 2221 4697 τῆς
2271 4605 2682 4698 δικαιοσύνης(
2718 4605 3052 4700 άτέφανος’
3102 4623 3164 4685 οῦ
3223 4632 3491 4701 στεφάνου

199 4694 478 4796 λεξδοῧσα-
513 4695 614 4767 τὴν
665 4698 940 4796 {evehit
984 4701 1187 4796 :ETEPE
1230 4701 1353 4796 ,γὰρ
1403 4703 1503 4774 τὴν
1555 4705 1796 4776 κεφαλὴν
1892 4694 2226 4788 καταξιώσει
2279 4723 2426 4792 ὑμᾶς
2477 4725 2506 4777 6
2711 4694 2848 4778 ὅλων
2916 4694 3196 4796 Δεσπότης
3229 4694 3488 4791 είςντοὺς

202 4791 575 4863 αἰτησαμένη,
625 4791 728 4862 τὴν
777 4794 978 4865 ἄνομον
997 4781 1308 4866 ἐπιθυμίαν
1357 4798 1664 4863 σπουδαίως
1708 4799 1797 4853 διὰ

203 4883 431 4946 πίνακος
481 4883 777 4955 δεξαμένη.
806 4883 1004 4948 Βλέπε,
1053 4884 1146 4937 καὶ
1188 4884 1468 4956 θαύμασον
1515 4886 1608 4940 τοῦ
1656 4887 1792 4941 Θεοῦ

203 4975 302 5046 τὴν
337 4975 594 5047 δύναμιν.
620 4975 916 5047 Διήλεγχεν
954 4979 984 5029 6
1016 4976 1281 5044 ἀναίτιος,
1324 4977 1618 5049 ἀπετμήθη
1637 4997 1648 5010 ·
1679 4980 1793 5033 ἀλλ’

1897 4811 2121 4875 αἰῶνας.
2159 4813 2351 4883 Ἀμήν.

1963 4992 1988 5020 ⁸
2010 4990 2223 5040 Savilius
2249 4989 2623 5040 rescribendum
2655 4987 2852 5051 conjiclt
2873 4988 3143 5050 διέλαμπεν.

1105 5485 1351 5548 IPSIUS
1411 5485 1693 5548 SANCTI
1740 5485 2076 5547 JOANNIS
2119 5484 2574 5547 AGERETUR.

214 5705 460 5760 exsilium
508 5698 940 5773 pertimescam,
988 5695 1080 5765 qui
1129 5695 1375 5748 noverim
1419 5693 1633 5748 Domini
1679 5709 1800 5750 esse

215 5808 431 5863 terrain,
462 5803 518 5851 et
547 5790 950 5864 plenitudinem
975 5788 1099 5858 ejus
1129 5784 1306 5854 (Paul.
1331 5788 1424 5842 ‘23.
1453 5787 1530 5853 1).
1566 5786 1669 5840 Sed
1703 5787 1801 5841 bo-

217 5904 403 5945 norum
423 5881 893 5960 proscriptionem
911 5885 1174 5947 metuam,
1195 5878 1288 5950 qui
1312 5877 1480 5936 sciam
1501 5879 1643 5949 quod
1667 5880 1800 5937 uilu‘l

1906 5691 2185 5747 intulerim
2221 5693 2274 5748 in
2298 5694 2445 5749 hunc
2481 5695 2764 5758 mundum,
2791 5696 2884 5751 sed
2917 5712 3095 5767 neque
3117 5697 3335 5752 auferre
3366 5700 3498 5770 quid

1910 5789 2121 5859 possim
2155 5789 2205 5858 (i
2221 5832 2235 5846 .
2262 5789 2396 5844 Tim.
2416 5791 2467 5844 6.
2491 5791 2580 5860 7)?
2600 5789 2878 5858 Quidquid
2902 5794 3130 5847 terroris
3152 5792 3313 5848 habet
3331 5809 3491 5848 mun-

1911 5884 2037 5948 dus,
2070 5891 2369 5940 contemno
2405 5904 2416 5938 :
2453 5885 2716 5955 quidquid
2747 5883 3070 5941 delectabile
3103 5885 3288 5951 habet,
3320 5886 3499 5942 rideo.
