4104 6486
683 409 785 463 433

684 520 897 573 Divitias
923 532 1025 572 non
1052 517 1227 584 cupio,
1259 526 1617 584 paupertatem
1649 529 1752 568 non
1795 513 2068 578 horresco,
2107 528 2250 565 mor-

683 621 785 664 tem
809 625 913 664 non
947 609 1126 662 timeo.
1158 608 1267 661 Vita
1300 609 1438 662 enim
1464 605 1590 660 mihi
1612 606 1676 659 ad
1700 616 1931 661 vestrum
1963 603 2252 672 profectum

682 699 1046 754 tantummodo
1073 699 1314 763 ducitur;
1355 697 1447 751 sed
1475 697 1748 752 caritatem
1780 705 2009 750 vestram
2043 708 2250 764 precor,

679 801 736 843 nt
778 805 930 859 aequo
977 790 1153 843 animo
1177 789 1312 842 sitis.
1342 789 1508 844 Nemo
1538 790 1678 844 enim
1719 803 1814 842 nos
1839 803 1867 840 a
1891 787 2042 840 vobis
2064 787 2256 855 poterit

675 878 948 934 divellere.
978 879 1120 943 Quos
1163 879 1307 932 enim
1351 878 1596 933 Christus
1638 877 1930 946 conjunxit,
1965 876 2124 928 homo
2149 891 2253 929 non

676 973 956 1040 separabit.
989 973 1138 1040 Quod
1166 973 1208 1025 si
1235 972 1302 1027 de
1324 972 1543 1026 muliere
1574 981 1627 1024 et
1652 972 1762 1024 viro
1783 956 1976 1023 dicitur
1999 986 2012 1021 :
2040 967 2257 1036 Propter

678 1065 770 1114 hoc
809 1065 1051 1133 relinquet
1089 1066 1237 1118 homo
1277 1077 1467 1132 patrem
1501 1080 1647 1117 suum
1676 1073 1720 1116 et
1749 1073 1980 1124 matrem,
2014 1062 2254 1114 clad/ta:-

677 1153 800 1206 rebit
830 1156 972 1206 uxori
1000 1171 1121 1215 sum,
1151 1166 1196 1207 et
1226 1164 1366 1207 erunt
1391 1155 1487 1206 duo
1505 1155 1555 1205 iu
1582 1168 1733 1205 carne
1759 1168 1860 1204 una
1886 1150 2213 1219 (Geruli-5)
2239 1168 2252 1202 :

679 1251 734 1297 et
761 1244 804 1297 si
836 1243 1134 1311 hujnsmodi
1165 1246 1464 1313 nuptiarum
1495 1242 1797 1310 conjunctio
1821 1243 1889 1295 ab
1915 1241 2129 1296 homine
2151 1256 2254 1293 non

678 1342 850 1401 potest
886 1336 1144 1402 separari,
1189 1336 1357 1388 multo
1398 1335 1565 1404 magis
1610 1334 1846 1388 Ecclesia
1889 1348 1992 1387 non
2031 1340 2256 1402 potesta

676 1432 889 1490 pastore
914 1424 1110 1478 divelli.
1139 1425 1243 1480 Sed
1273 1426 1550 1494 impugnas
1576 1441 1680 1478 me.
1713 1424 1849 1490 Quid
1877 1422 2005 1477 mihi
2048 1422 2258 1477 nocebit

677 1516 1000 1584 impugnatio
1043 1524 1146 1580 tua,
1191 1516 1293 1569 nisi
1338 1516 1459 1585 quia
1489 1531 1574 1570 me
1595 1516 1805 1586 quidem
1833 1515 2110 1569 clariorem
2151 1515 2254 1566 im-

677 1605 1085 1674 pugnationibus
1127 1608 1228 1661 tuis
1255 1606 1474 1672 reddes,
1503 1615 1620 1660 tuas
1646 1621 1771 1661 vero
1800 1615 2044 1661 conteras
2073 1605 2256 1659 vires?

679 1697 877 1752 Durum
903 1698 1043 1753 enim
1072 1698 1161 1752 tibi
1206 1699 1306 1753 erit
1329 1698 1611 1753 adversum
1637 1698 1908 1752 stimulum
1939 1696 2216 1751 calcitrare
2240 1713 2256 1750 :

677 1790 797 1857 quia
842 1806 947 1844 non
999 1792 1266 1845 stimulum
1311 1790 1580 1857 retundes,
1632 1790 1724 1845 sed
1776 1789 1936 1860 pedes
1980 1788 2259 1843 calcitrans

679 1879 978 1934 vulnerabis
1026 1882 1158 1952 (Act.
1211 1882 1262 1937 9.
1292 1880 1384 1955 5):
1417 1897 1589 1952 neque
1617 1881 1826 1946 fluctus,
1871 1880 1959 1949 qui
1999 1894 2130 1932 saxo
2158 1877 2258 1931 illi-

678 1969 897 2034 duntur,
947 1973 1172 2038 amplius
1215 1972 1411 2042 aliquid
1459 1973 1756 2041 proficient,
1787 1985 1942 2040 quam
1976 1977 2033 2022 ut
2057 1975 2257 2022 semet-

678 2063 820 2132 ipsos
851 2064 996 2118 fracti
1016 2065 1324 2129 dissolvant,
1357 2074 1411 2119 et
1439 2065 1490 2120 in
1518 2078 1733 2133 Spumas
1759 2061 2026 2118 extenuati
2057 2060 2257 2129 deper-

678 2163 819 2208 eant.
867 2154 1060 2209 Christi
1120 2155 1354 2210 Ecclesia
1402 2155 1533 2209 nihil
1589 2153 1778 2214 fortius
1825 2170 1838 2205 :
1876 2152 1923 2207 si
1974 2151 2094 2221 quis
2139 2165 2256 2204 eam

679 2246 990 2315 impugnare
1033 2247 1297 2317 proponit,
1347 2247 1488 2302 vires
1526 2254 1719 2300 atterat
1757 2258 1975 2298 necesse
2002 2253 2120 2297 est:
2156 2242 2258 2296 tale

681 2347 764 2392 est
807 2338 969 2400 enim,
1021 2339 1163 2392 velut
1217 2338 1264 2393 si
1305 2339 1435 2392 cmlo
1485 2337 1679 2391 bellum
1709 2337 1993 2391 meditetur
2037 2333 2254 2390 inferre.

682 2426 892 2481 Homini
935 2427 981 2483 si
1034 2428 1228 2483 bellum
1271 2428 1493 2495 inferas,
1525 2427 1746 2483 fortasse
1775 2428 1973 2492 vinces,
2005 2437 2096 2480 aut
2125 2425 2262 2481 forte

683 2521 911 2574 vinceris
940 2538 955 2574 :
985 2521 1272 2576 Ecclesiam
1294 2521 1508 2576 vincere
1533 2521 1674 2575 nulla
1697 2520 1777 2573 vis
1803 2520 2013 2590 poterit.
2044 2519 2140 2574 Dei
2181 2529 2263 2574 est

683 2609 942 2673 Ecclesia,
971 2612 1059 2680 qui
1087 2621 1166 2665 est
1190 2612 1437 2666 omnibus
1458 2611 1662 2667 fortior.
1697 2611 1800 2665 Aut
1824 2613 2122 2666 cmufamur
2151 2612 2260 2665 Do-

681 2702 916 2756 minum?
942 2702 1206 2772 Numquid
1230 2703 1461 2770 fortiores
1489 2703 1577 2756 illo
1598 2719 1768 2756 sumus
1791 2704 1866 2772 (L
1888 2702 2008 2757 Cor.
2039 2704 2121 2758 lO.
2144 2702 2263 2772 22)?

687 2791 823 2847 Deus
870 2791 1112 2848 fundavit
1163 2794 1285 2860 hoc,
1340 2792 1480 2863 quod
1530 2792 1851 2848 labefactare
1894 2794 2123 2848 conaris.
2157 2796 2262 2847 Aut

684 2883 911 2951 experiri
961 2885 1040 2937 vis
1089 2884 1373 2954 potentiam
1404 2884 1651 2939 Domini?
1678 2885 1793 2953 Ipse
1817 2893 1897 2938 est
1934 2884 2035 2950 Qui
2061 2886 2262 2953 respicit

684 2991 834 3043 super
860 2984 1064 3037 terram,
1094 2985 1139 3029 et
1165 2975 1288 3046 facit
1316 2991 1426 3028 eam
1453 2984 1664 3029 tremere
1690 2974 1859 3045 (Psal.
1902 2976 2024 3029 103.
2055 2974 2179 3044 32):
2208 2983 2263 3029 et

686 3065 876 3120 iterum
918 3068 1006 3134 qui
1046 3067 1218 3135 jubet,
1249 3075 1304 3122 et
1333 3078 1534 3122 tremor
1576 3067 1692 3136 ejus
1719 3067 1995 3121 solidatur.
2025 3069 2133 3121 Aut
2158 3082 2260 3121 non

686 3155 881 3220 vidisti,
916 3165 1230 3212 trementem
1251 3158 1520 3213 civitatem
1546 3168 1688 3214 tuam
1709 3159 1922 3229 quoties
1942 3169 2086 3213 stare
2113 3158 2264 3214 fecit?

685 3249 850 3302 Multo
879 3251 1045 3320 magis
1072 3250 1363 3306 Ecclesiam
1389 3266 1539 3306 suam
1580 3260 1892 3306 trementem
1920 3251 2111 3321 poterit
2131 3265 2265 3306 con-

689 3343 940 3397 firmare:
977 3344 1165 3399 fortior
1208 3347 1348 3400 enim
1385 3345 1623 3400 Ecclesia
1669 3346 1837 3400 multo
1878 3361 2035 3414 quam
2086 3355 2261 3412 terra,

688 3436 794 3486 imo
847 3443 900 3488 et
950 3434 1133 3489 fortior
1181 3435 1334 3491 czclo.
1391 3435 1582 3491 Cretum
1651 3447 1697 3490 et
1755 3446 1888 3490 terra
1943 3437 2262 3503 transibunt,

686 3527 832 3580 rcrba
871 3537 1035 3582 autem
1083 3544 1192 3581 mea
1239 3545 1338 3582 uou
1392 3529 1672 3582 transibunt
1747 3529 1960 3600 (Matth.
2013 3528 2103 3584 24.
2149 3528 2263 3598 55).

686 3621 816 3684 Quze
885 3618 1083 3674 verba?
1131 3619 1205 3672 Tu
1257 3636 1309 3672 es
1352 3619 1565 3684 Petrus,
1617 3629 1665 3673 et
1705 3637 1855 3689 super
1895 3621 2025 3673 hanc
2075 3629 2267 3689 petram

685 3709 945 3775 trdiﬁcabo
984 3708 1264 3762 Ecclesiam
1307 3726 1490 3775 meam,
1515 3718 1560 3763 et
1605 3720 1763 3780 parte
1811 3710 1962 3780 inferi
2003 3725 2105 3763 non
2133 3725 2265 3778 prte-

688 3799 919 3853 valebunt
957 3802 1008 3853 in
1047 3817 1158 3853 eam
1199 3800 1217 3870 (
1256 3799 1337 3854 Ib.
1372 3799 1623 3872 16.18).
1656 3801 1809 3867 Quod
1859 3801 1904 3855 si
1959 3815 2065 3855 non
2093 3801 2267 3854 credis

690 3890 872 3957 \erbo,
900 3891 1058 3945 rebus
1087 3891 1212 3960 ipsis
1242 3900 1298 3946 et
1325 3891 1576 3961 operibus
1619 3891 1798 3947 crede.
1831 3890 2023 3958 Quanti
2061 3891 2268 3962 tyranni

689 3983 924 4051 aggressi
951 3995 1074 4037 sunt
1105 3986 1413 4055 impugnare
1457 3985 1748 4039 Ecclesiam
1781 3983 1911 4039 Dei?
1937 3991 2130 4054 quanta
2159 3994 2270 4037 tor-

691 4084 890 4139 menta,
919 4081 1140 4142 quantas
1167 4089 1350 4129 cruces
1385 4073 1758 4141 adhibuerunt,
1798 4075 1966 4145 ignes,
2005 4073 2268 4139 fornaces,

692 4163 847 4227 feras,
882 4162 1097 4230 bestias,
1125 4164 1328 4232 gladios
1355 4165 1706 4230 intendentes,
1738 4174 1793 4221 et
1820 4165 1946 4220 nihil
1976 4180 2134 4236 agere
2173 4181 2270 4236 po-

693 4252 948 4306 tuerunt?
979 4252 1078 4307 Ubi
1107 4267 1247 4307 nunc
1287 4263 1411 4308 sunt
1439 4255 1512 4309 illi
1548 4256 1637 4324 qui
1670 4256 1785 4310 haec
1819 4258 2075 4322 fecerunt,
2105 4266 2158 4311 et
2183 4257 2270 4310 ubi

695 4342 768 4394 illi
791 4344 879 4410 qui
906 4341 1019 4396 haec
1048 4343 1254 4398 fortiter
1283 4346 1650 4414 pertulerunt?
1673 4346 1824 4402 Nunc
1854 4347 1889 4401 ii
1915 4348 2129 4403 aeternis
2155 4363 2270 4418 pa:-

695 4436 777 4488 nis
826 4445 1156 4503 premuntur,
1207 4446 1262 4493 et
1305 4438 1391 4492 isti
1443 4440 1656 4495 aeternis
1703 4441 1909 4510 gaudiis
1952 4443 2269 4512 eriguntur:

696 4525 860 4594 fulget
897 4527 1036 4580 enim
1067 4528 1301 4583 Ecclesia
1330 4543 1490 4598 super
1517 4531 1850 4600 splendorem
1881 4533 2040 4597 solis,
2075 4543 2129 4588 et
2154 4549 2274 4602 per-

697 4624 1008 4684 sequutores
1048 4617 1162 4686 ejus
1204 4619 1469 4687 perpetuis
1506 4620 1741 4674 tenebris
1762 4629 2131 4690 conteguntur.
2157 4623 2272 4677 Non

698 4709 828 4776 legis
854 4708 1129 4778 scriptum,
1160 4710 1281 4779 quia
1309 4711 1550 4765 undecim
1581 4712 1680 4766 soli
1711 4722 1883 4778 erant,
1912 4723 1965 4768 et
1995 4715 2128 4769 vinci
2169 4732 2273 4770 non
2319 4714 2324 4725 ‘

702 4801 1021 4866 potuerunt?
1067 4801 1236 4865 Nunc,
1287 4803 1373 4855 ubi
1423 4803 1569 4856 orbis
1619 4813 1877 4858 terrarum
1926 4805 2160 4874 repletus
2195 4817 2277 4860 cst

699 4892 903 4958 piorum
932 4891 1284 4957 multitudine,
1319 4895 1584 4963 quomodo
1611 4905 1860 4963 poterunt
1887 4895 2063 4950 vinci?
2085 4897 2276 4950 Ca'lum

695 4993 741 5032 et
786 4991 917 5032 terra
959 4983 1256 5047 transibunt,
1290 4983 1435 5037 verba
1471 4996 1634 5039 autem
1685 5003 1794 5038 mea
1824 5003 1923 5040 non
1971 4988 2270 5040 transibunt.

701 5073 766 5125 Et
793 5073 984 5127 merito
1017 5091 1029 5125 :
1061 5076 1233 5128 carior
1281 5077 1421 5130 enim
1453 5077 1687 5133 Ecclesia
1718 5079 1830 5144 Dei,
1864 5096 2020 5149 quam
2060 5082 2271 5134 caalum.

698 5162 813 5216 Non
844 5164 983 5217 enim
1017 5163 1249 5219 Ecclesia
1298 5178 1515 5236 propter
1557 5169 1765 5235 cazlum,
1793 5171 1885 5225 sed
1916 5182 2132 5242 propter
2173 5172 2274 5226 Ec-

698 5254 914 5307 clesiam
963 5254 1170 5307 cazlum.
1216 5255 1351 5309 Nihil
1399 5258 1559 5322 enim,
1613 5275 1814 5328 quaeso,
1865 5264 2139 5332 perturbet
2183 5279 2275 5317 vos

697 5359 882 5397 eorum
911 5360 1028 5414 qua:
1053 5347 1134 5416 agi
1163 5347 1372 5400 videtis.
1407 5347 1670 5403 Ponamus
1695 5361 1817 5405 ante
1845 5353 2028 5407 oculos
2065 5364 2275 5410 nostros

699 5435 913 5490 Petrum
944 5451 1114 5506 super
1139 5452 1302 5507 aquas
1329 5439 1681 5506 incedentem,
1715 5451 1768 5496 ct
1798 5458 1978 5511 parum
2007 5445 2130 5513 quid
2169 5446 2275 5499 ha:-

700 5528 970 5591 sitantem,
1003 5537 1160 5597 atque
1186 5529 1254 5582 ob
1285 5528 1386 5583 hoc
1421 5531 1691 5598 paululum
1733 5534 2136 5602 periclitantem,
2169 5554 2272 5591 non

703 5627 917 5686 propter
948 5620 1232 5686 potentiam
1256 5621 1530 5686 fluctuum,
1558 5623 1649 5676 sed
1679 5633 1891 5694 propter
1915 5626 2273 5682 infirmitatem

705 5707 844 5762 fidei.
891 5707 1155 5776 Numquid
1199 5710 1424 5766 lmmana
1452 5711 1724 5770 voluntate
1751 5716 1851 5771 huc
1892 5719 2154 5785 venimus,
2187 5729 2278 5775 aut

705 5810 916 5868 propter
956 5798 1221 5858 hominem
1267 5803 1367 5859 huc
1405 5804 1646 5875 producti
1692 5811 1911 5866 sumus?
1941 5811 2006 5868 Et
2029 5810 2143 5869 lucc
2171 5829 2274 5871 non

1393 411 1451 466 S.
1491 409 1772 466 JOANNIS
1811 406 2288 465 CHRYSOSTOMI
2327 405 2644 460 Allljllllii’.
2685 394 3222 458 CONS’I’ANTINOP.

3842 391 3946 446 434

2371 519 2682 577 arroganter
2709 508 2912 577 loquor,
2947 504 3384 575 nequejactantia
3424 503 3672 574 agitatus,
3703 502 3796 558 sed
3830 502 3948 554 auio

2362 614 2481 654 mos
2511 609 2752 663 vestros,
2786 598 2876 666 qui
2911 597 3044 650 forte
3075 595 3372 659 turbantur,
3403 594 3558 662 cupio
3602 593 3947 646 confirmare.

2362 690 2640 746 Intuemini
2680 705 2807 760 ergo
2851 688 3118 760 quomodo
3170 687 3426 740 Commota
3467 695 3540 739 est
3583 695 3628 738 et
3650 682 3950 738 confremuit

2362 792 2496 837 terra
2550 783 2715 853 (Psaf.
2763 783 2849 836 17.
2881 781 2972 852 8),
3021 789 3074 834 et
3110 789 3284 833 tamen
3336 794 3440 832 non
3491 776 3692 831 corruit
3732 775 3946 829 civitas.

2363 873 2660 941 Quomodo,
2695 871 3050 942 impurissime
3078 869 3306 935 diabole,
3358 869 3651 922 Ecclesiam
3691 875 3743 921 te
3793 875 3954 935 putas

2366 982 2522 1037 posse
2563 965 2815 1036 dejicere,
2858 966 2944 1034 qui
2977 973 3266 1018 trementes
3305 962 3532 1029 parietes
3575 959 3809 1028 dejicere
3850 957 3954 1010 mi-

2365 1061 2505 1113 nime
2532 1048 2779 1111 valuisti?
2803 1056 2918 1110 Non
2943 1065 3024 1110 est
3049 1056 3100 1108 in
3128 1052 3415 1122 parietibus
3453 1049 3719 1112 Ecclesia,
3757 1047 3853 1102 sed
3898 1047 3953 1100 in

2365 1150 2699 1203 multitudine
2731 1150 2958 1218 piorum.
2990 1147 3125 1200 Ecce
3151 1159 3308 1216 quam
3341 1142 3524 1205 fortes,
3555 1154 3713 1211 quam
3753 1139 3954 1192 immo-

2366 1243 2496 1296 biles
2540 1241 2711 1304 statis,
2760 1256 2866 1293 non
2909 1237 3072 1304 ferro,
3121 1236 3212 1291 sed
3261 1235 3365 1290 fide
3408 1235 3591 1289 vincti.
3636 1233 3702 1288 Et
3726 1230 3855 1302 quid
3886 1231 3959 1285 de

2365 1343 2508 1388 tanta
2534 1333 2870 1388 multitudine
2895 1331 3121 1402 loquor?
3144 1329 3314 1385 Unum
3343 1328 3551 1383 fidelem
3591 1328 3810 1380 vincere
3844 1339 3956 1379 non

2366 1435 2536 1493 potes.
2569 1424 2612 1478 0
2641 1423 2870 1488 diabole,
2918 1422 3090 1477 nescis
3118 1436 3236 1491 quze
3263 1420 3353 1474 tibi
3398 1417 3621 1473 fecerint
3647 1418 3958 1487 martyres?

2365 1515 2643 1584 Quomodo
2672 1515 2980 1586 frequenter
3004 1515 3240 1585 ingressa
3268 1520 3352 1567 est
3372 1512 3547 1582 puella
3567 1519 3724 1566 etate
3743 1521 3957 1575 tenera,

2362 1610 2516 1664 annis
2547 1610 2851 1675 immatura,
2881 1617 2937 1663 et
2979 1609 3188 1662 inventa
3215 1614 3297 1661 est
3326 1604 3469 1659 ferro
3495 1603 3697 1664 fortior,
3728 1616 3851 1657 cum
3879 1602 3960 1655 la-

2362 1709 2475 1755 tera
2504 1699 2623 1768 ejus
2665 1699 2958 1762 scintlercs,
2989 1697 3145 1752 fidem
3193 1705 3370 1750 tamen
3418 1694 3534 1764 ejus
3581 1707 3802 1747 movere
3845 1706 3958 1746 non

2362 1790 2590 1860 posses?
2641 1790 2839 1843 Defecit
2887 1787 3190 1858 frequenter
3241 1801 3367 1841 caro
3416 1788 3472 1838 in
3530 1785 3849 1850 tormentis,
3903 1792 3961 1838 et

2362 1881 2526 1936 robur
2572 1880 2692 1934 fidei
2735 1895 2839 1934 non
2883 1879 3109 1943 defecit;
3141 1887 3515 1948 consumptum
3544 1884 3627 1931 est
3653 1888 3870 1944 corpus,
3902 1882 3957 1927 et

2363 1984 2514 2024 mens
2570 1985 2676 2023 non
2733 1970 2900 2039 potuit
2944 1968 3217 2032 inclinari;
3271 1967 3473 2022 interiit
3518 1965 3835 2028 substantia,
3895 1972 3954 2017 et

2362 2062 2593 2130 perstitit
2640 2062 2910 2132 patientia.
2955 2061 3010 2116 Si
3054 2076 3182 2131 ergo
3210 2059 3515 2131 frequenter
3544 2060 3612 2113 ab
3640 2073 3741 2112 una
3779 2056 3962 2126 puella

2363 2153 2534 2206 victus
2555 2168 2632 2217 es,
2664 2152 2931 2225 quomodo
2959 2167 3144 2222 speras
3188 2160 3348 2206 tanta:
3377 2152 3535 2219 hujus
3558 2159 3610 2205 ct
3637 2159 3741 2204 tam
3783 2147 3966 2203 ﬁdelis

2365 2243 2723 2298 multitudinis
2752 2243 2910 2299 fidem
2941 2253 2992 2299 te
3018 2258 3176 2314 posse
3204 2243 3492 2298 evincere?
3521 2242 3635 2298 Non
3663 2241 3817 2298 audis
3844 2241 3963 2296 Do-

2363 2338 2494 2394 mini
2525 2353 2708 2393 voccm
2758 2337 3024 2394 dicentis:
3081 2337 3234 2404 Quia,
3279 2338 3367 2390 ubi
3411 2338 3514 2390 duo
3556 2346 3644 2388 aut
3695 2344 3797 2388 tres
3839 2345 3965 2387 sunt

2363 2430 2652 2500 congregati
2681 2431 2733 2482 in
2768 2430 2971 2482 nomine
3002 2445 3131 2494 meo,
3149 2428 3228 2484 tibi
3257 2445 3372 2482 sum
3396 2438 3442 2481 et
3462 2443 3552 2497 ego
3598 2430 3649 2480 iu
3677 2427 3841 2482 medio
3873 2444 3965 2480 eo-

2363 2539 2476 2576 rum
2505 2523 2715 2592 (Matth.
2740 2523 2826 2577 18.
2857 2520 2992 2594 20)?
3015 2521 3172 2589 Quid,
3198 2521 3287 2577 ubi
3311 2529 3452 2575 tanta
3498 2519 3731 2575 fidelium
3776 2520 3964 2575 multi-

2366 2615 2494 2670 tudo
2521 2624 2604 2670 est
2644 2614 2882 2671 caritatis
2927 2615 3150 2670 nexibus
3180 2614 3385 2668 vincta?
3427 2613 3540 2667 Non
3587 2628 3688 2682 ego
3737 2612 3957 2682 pmpria

2367 2709 2561 2764 virtute
2589 2708 2821 2774 confido,
2869 2706 3041 2762 habeo
3086 2707 3406 2774 scripturam
3435 2704 3639 2759 Domini
3669 2704 3795 2769 mei,
3838 2717 3960 2755 ma-

2368 2815 2493 2853 num
2534 2799 2699 2870 ipsius
2742 2807 2920 2861 teneo,
2963 2797 3053 2851 illa
3081 2795 3211 2852 mihi
3241 2796 3418 2850 cautio
3445 2795 3573 2850 satis
3598 2802 3707 2848 tuta
3733 2805 3836 2857 est,
3869 2793 3960 2846 illa

2368 2905 2454 2944 me
2507 2903 2754 2943 securum
2804 2887 2990 2942 reddet
3034 2897 3089 2942 et
3141 2885 3498 2955 intrepidum:
3551 2885 3761 2940 etiamsi
3809 2883 3962 2939 orbis

2368 2989 2523 3034 terra
2539 2985 2953 3045 commoveatur,
2978 2992 3076 3047 ego
3096 2977 3395 3033 cautionem
3420 2976 3625 3032 Domini
3647 2977 3749 3032 mei
3775 2983 3960 3031 teneo.

2371 3070 2512 3136 Lego
2537 3084 2750 3124 manum
2779 3068 2928 3138 ejus;
2966 3073 3078 3138 ipsa
3117 3069 3246 3123 mihi
3276 3083 3460 3124 murus
3497 3077 3579 3122 est
3625 3068 3963 3138 inexpugna-

2370 3158 2508 3212 bilis.
2556 3157 2724 3212 Vultis
2766 3158 2917 3213 vobis
2953 3158 3167 3213 recitem
3201 3157 3411 3212 Domini
3437 3157 3776 3213 cautionem?
3807 3156 3960 3222 Ecce,

2369 3250 2556 3318 inquit,
2612 3249 2864 3302 vobiscum
2896 3265 3008 3303 sum
3045 3247 3274 3302 omnibus
3313 3249 3486 3303 diebus
3527 3263 3685 3316 usque
3725 3247 3796 3300 ad
3833 3262 3968 3300 con-

2368 3340 2746 3394 suntmationem
2789 3339 2960 3393 seculi
3007 3338 3114 3410 (Id.
3170 3338 3260 3393 28.
3290 3337 3406 3408 '20).
3457 3337 3700 3393 Christus
3743 3352 3969 3393 mecum

2371 3438 2474 3496 est,
2503 3444 2660 3498 quem
2694 3429 2928 3484 timebo?
2957 3429 3175 3483 Etiamsi
3211 3428 3403 3484 fluctus
3444 3429 3702 3498 insurgat,
3745 3428 3969 3483 etiamsi

2374 3528 2539 3573 totum
2594 3519 2810 3590 pelagus
2860 3519 3140 3574 adversum
3193 3535 3280 3574 me
3326 3519 3691 3583 conturbetur,
3747 3520 3968 3574 etiamsi

2375 3613 2670 3682 principum
2715 3612 2880 3677 furor,
2933 3614 3110 3668 omnia
3136 3612 3264 3667 mihi
3316 3613 3404 3668 illa
3446 3628 3658 3668 aranea:
3687 3621 3872 3679 erunt,
3915 3624 3974 3669 et

2371 3708 2579 3762 araneis
2627 3706 2911 3775 fragiliora.
2960 3705 3026 3760 Et
3071 3705 3170 3760 nisi
3220 3715 3438 3775 propter
3481 3705 3819 3775 fragilitatem
3870 3722 3975 3761 ve-

2373 3806 2558 3862 stram,
2592 3796 2750 3851 hodie
2790 3811 2895 3850 non
2918 3795 3213 3850 dubitarem
3245 3797 3320 3850 ire
3346 3811 3452 3865 quo
3477 3797 3698 3850 vellent.
3734 3794 3978 3866 Semper

2373 3889 2514 3941 enim
2537 3887 2656 3942 dico
2687 3907 2699 3942 :
2731 3888 2960 3952 Domine,
2985 3889 3215 3941 voluntas
3245 3897 3331 3940 tua
3360 3889 3449 3955 fiat
3473 3886 3583 3956 (Id.
3615 3887 3667 3941 6.
3701 3887 3825 3956 10):
3860 3903 3976 3943 non

2375 3977 2514 4046 quod
2539 3978 2626 4033 ille
2655 3978 2784 4042 vult,
2818 3978 2896 4031 vel
2928 3978 3034 4042 illc,
3069 3977 3162 4032 sed
3192 3977 3331 4047 quod
3363 3986 3418 4031 tu
3446 3977 3527 4031 vis
3553 3993 3565 4032 :
3601 3985 3688 4030 tua
3713 3978 3979 4033 voluntas

2377 4069 2504 4123 mihi
2553 4071 2712 4124 turris
2753 4069 3072 4135 fortissima,
3119 4079 3174 4123 et
3221 4078 3369 4139 petra
3407 4069 3630 4133 stabilis,
3659 4078 3714 4124 et
3738 4068 3979 4128 baculus

2378 4161 2531 4215 fidus.
2558 4160 2613 4215 Si
2644 4170 2696 4215 tu
2721 4161 2798 4215 vis
2824 4175 3137 4230 permanere
3156 4175 3362 4214 mecum
3385 4159 3492 4225 hic,
3524 4159 3696 4214 habeo
3713 4159 3978 4230 gratiam:

2375 4253 2417 4304 si
2446 4267 2548 4306 non
2581 4253 2680 4316 vis,
2713 4253 2940 4306 similem
2983 4251 3157 4306 refero
3200 4252 3441 4321 gratiam.
3488 4250 3656 4304 Nemo
3706 4266 3803 4305 vos
3831 4269 3976 4308 com

2379 4344 2574 4408 turbet,
2619 4347 2828 4406 fratres,
2875 4355 3022 4398 orate
3066 4353 3268 4397 tantum
3313 4359 3324 4395 :
3374 4342 3489 4396 Ιιωο
3526 4343 3666 4396 enim
3718 4342 3983 4401 diabolus

2377 4446 2574 4500 movet,
2610 4450 2711 4487 non
2735 4435 2891 4488 aliam
2922 4435 2991 4488 ob
3019 4448 3256 4499 causam,
3288 4450 3444 4503 quam
3486 4443 3544 4487 ut
3573 4433 3820 4505 religiosa
3853 4445 3978 4490 stu‘

2377 4527 2460 4580 dia
2494 4534 2666 4580 vestra
2689 4525 3001 4594 disrumpat,
3033 4535 3087 4579 et
3117 4525 3371 4578 exercitia
3395 4535 3589 4590 vestra,
3615 4541 3734 4595 qua:
3764 4525 3818 4580 in
3848 4541 3975 4583 ora:

2381 4619 2610 4671 tionibus
2662 4627 2716 4671 et
2765 4615 2956 4685 vigiliis
2980 4616 3263 4685 gerebatis,
3315 4617 3633 4685 exstinguat.
3693 4615 3803 4672 Sed
3852 4634 3972 4676 non

2380 4709 2667 4774 obtinebit,
2702 4721 2804 4762 nec
2841 4708 3030 4778 eripiet
3068 4724 3097 4760 a
3130 4708 3278 4763 vobis
3317 4708 3488 4762 studia
3521 4708 3766 4779 religiosa
3807 4728 3821 4763 :
3873 4712 3978 4768 nisi

2380 4800 2502 4867 quia
2531 4799 2865 4854 sollicitiores
2892 4814 2985 4853 vos
3012 4799 3264 4864 inveniet,
3307 4809 3359 4854 ct
3401 4799 3715 4855 fervidiores
3744 4801 3977 4859 efficiet.

2380 4892 2621 4944 Crastina
2668 4892 2936 4947 vobiscum
2986 4891 3142 4948 exibo
3183 4891 3248 4947 ad
3293 4893 3598 4949 orationes:
3633 4903 3686 4948 et
3733 4893 3825 4949 ubi
3876 4910 3980 4966 ego

2380 4999 2517 5047 sum,
2547 4983 2615 5037 ibi
2643 4991 2698 5037 et
2717 4998 2811 5036 vos
2835 4983 2982 5037 eritis
3023 5001 3036 5039 :
3068 4990 3122 5038 et
3150 4982 3234 5037 ubi
3280 4999 3371 5038 vos
3401 4985 3549 5048 estis,
3569 4983 3638 5037 ibi
3670 4999 3766 5038 ero
3781 4994 3978 5057 etcgo.

2385 5076 2552 5130 Unum
2585 5091 2778 5144 corpus
2819 5089 3023 5141 sumus,
3071 5091 3240 5145 neque
3273 5085 3430 5144 caput
3457 5092 3486 5129 a
3517 5091 3763 5146 corpore,
3795 5094 3982 5149 neque

2380 5182 2574 5236 corpus
2599 5183 2627 5219 a
2656 5167 2828 5236 capite
2852 5166 3205 5235 separabitur,
3240 5167 3447 5222 etiamsi
3490 5169 3607 5223 loco
3642 5168 3978 5233 dividatnur,

2379 5261 2472 5315 sed
2498 5260 2715 5315 caritate
2758 5259 3158 5329 conjungimur;
3185 5275 3284 5329 ego
3313 5275 3342 5313 a
3379 5261 3528 5315 vobis
3554 5275 3652 5316 nec
3679 5271 3855 5318 morte
3889 5265 3980 5319 di-

2381 5352 2563 5407 vellar.
2596 5350 2726 5404 Nam
2755 5351 2852 5404 etsi
2884 5365 3076 5418 corpus
3118 5365 3292 5405 meum
3333 5350 3609 5415 moriatur,
3641 5352 3818 5406 anima
3853 5371 3977 5408 mea

2384 5443 2531 5509 vivit,
2564 5451 2617 5496 et
2643 5441 2951 5495 memoriam
2982 5442 3142 5497 vestri
3173 5439 3389 5496 tenebit.
3421 5441 3528 5496 Vos
3556 5442 3683 5496 estis
3714 5443 3845 5497 mihi
3880 5461 3978 5508 pa-

2385 5543 2514 5597 tres,
2547 5548 2643 5587 vos
2669 5531 2796 5585 mihi
2824 5542 3015 5598 mater,
3046 5545 3139 5585 vos
3169 5531 3295 5585 mihi
3323 5533 3450 5597 vita,
3486 5547 3582 5585 vos
3613 5531 3738 5585 mihi
3765 5537 3977 5602 gratia:

2383 5626 2425 5678 si
2454 5639 2548 5679 vos
2574 5624 2846 5694 proficitis,
2876 5624 3003 5679 mihi
3033 5625 3279 5694 placebit.
3314 5625 3417 5678 \‘os
3449 5626 3576 5679 estis
3603 5640 3802 5679 corona
3826 5644 3978 5694 mea,

2382 5730 2436 5776 et
2458 5721 2651 5775 divitire
2679 5735 2842 5785 mete;
2871 5735 2966 5774 vos
2991 5719 3118 5775 estis
3145 5719 3422 5772 thesaurus
3445 5733 3612 5772 meus.
3641 5717 3754 5787 Ego
3777 5723 3980 5775 millies

2387 5829 2483 5885 pro
2509 5813 2657 5871 vobis
2701 5813 2960 5871 immolari
2994 5821 3204 5884 paratus
3246 5827 3361 5867 sum
3389 5829 3398 5867 ε
3429 5819 3482 5868 ct
3509 5825 3603 5867 nec
3635 5813 3810 5882 gratia
3843 5814 3987 5872 mihi
