  <div class='ocr_page' id='page_1' title='image "/cluster/home/n/w/nwhite01/storage/ocr_20150623/52/uva.x030486926/058.png"; bbox 0 0 4104 6494; ppageno 0'>
   <div class='ocr_carea' id='block_1_1' title="bbox 157 412 2549 511">
    <p class='ocr_par' dir='ltr' id='par_1_1' title="bbox 157 412 2549 511">
     <span class='ocr_line' id='line_1_1' title="bbox 157 412 2549 511; baseline -0.006 0"><span class='ocrx_word' id='word_1_1' title='bbox 157 450 234 503; x_wconf 59' lang='lat'><strong>13&#39;?</strong></span> <span class='ocrx_word' id='word_1_2' title='bbox 1046 453 1185 511; x_wconf 74' lang='lat' dir='ltr'><strong>CUM</strong></span> <span class='ocrx_word' id='word_1_3' title='bbox 1229 452 1315 508; x_wconf 76' lang='lat' dir='ltr'><strong>DF.</strong></span> <span class='ocrx_word' id='word_1_4' title='bbox 1354 451 1789 509; x_wconf 74' lang='lat' dir='ltr'><strong>EXPITLSIONE</strong></span> <span class='ocrx_word' id='word_1_5' title='bbox 1828 449 2041 508; x_wconf 82' lang='lat' dir='ltr'><strong>IPSIUS</strong></span> <span class='ocrx_word' id='word_1_6' title='bbox 2071 443 2471 502; x_wconf 75' lang='lat' dir='ltr'><strong>AGERETUR.</strong></span> <span class='ocrx_word' id='word_1_7' title='bbox 2542 412 2549 419; x_wconf 25' lang='grc' dir='ltr'><strong>ι</strong></span> 
     </span>
    </p>
   </div>
   <div class='ocr_carea' id='block_1_2' title="bbox 154 567 1727 639">
    <p class='ocr_par' dir='ltr' id='par_1_2' title="bbox 154 567 1727 639">
     <span class='ocr_line' id='line_1_2' title="bbox 154 567 1727 639; baseline 0.001 -18"><span class='ocrx_word' id='word_1_8' title='bbox 154 570 192 621; x_wconf 82' lang='lat' dir='ltr'><strong>in</strong></span> <span class='ocrx_word' id='word_1_9' title='bbox 232 567 322 620; x_wconf 85' lang='lat' dir='ltr'><strong>hoc</strong></span> <span class='ocrx_word' id='word_1_10' title='bbox 364 576 466 630; x_wconf 85' lang='lat' dir='ltr'><strong>est.</strong></span> <span class='ocrx_word' id='word_1_11' title='bbox 514 570 617 627; x_wconf 87' lang='lat' dir='ltr'><strong>sed</strong></span> <span class='ocrx_word' id='word_1_12' title='bbox 658 571 901 628; x_wconf 72' lang='lat' dir='ltr'><strong>debitum</strong></span> <span class='ocrx_word' id='word_1_13' title='bbox 945 572 1130 628; x_wconf 84' lang='lat' dir='ltr'><strong>reddo.</strong></span> <span class='ocrx_word' id='word_1_14' title='bbox 1157 572 1333 627; x_wconf 85' lang='lat' dir='ltr'><strong>Bonus</strong></span> <span class='ocrx_word' id='word_1_15' title='bbox 1359 570 1502 627; x_wconf 88' lang='lat' dir='ltr'><strong>enim</strong></span> <span class='ocrx_word' id='word_1_16' title='bbox 1532 572 1727 639; x_wconf 88' lang='lat' dir='ltr'><strong>&#39;pastor</strong></span> 
     </span>
    </p>
   </div>
   <div class='ocr_carea' id='block_1_3' title="bbox 151 656 1721 734">
    <p class='ocr_par' dir='ltr' id='par_1_3' title="bbox 151 656 1721 734">
     <span class='ocr_line' id='line_1_3' title="bbox 151 656 1721 734; baseline 0.003 -23"><span class='ocrx_word' id='word_1_17' title='bbox 151 656 283 712; x_wconf 87' lang='lat' dir='ltr'><strong>debet</strong></span> <span class='ocrx_word' id='word_1_18' title='bbox 324 660 559 715; x_wconf 88' lang='lat' dir='ltr'><strong>animam</strong></span> <span class='ocrx_word' id='word_1_19' title='bbox 605 678 766 719; x_wconf 88' lang='lat' dir='ltr'><strong>suam</strong></span> <span class='ocrx_word' id='word_1_20' title='bbox 810 678 907 734; x_wconf 84' lang='lat' dir='ltr'><strong>pro</strong></span> <span class='ocrx_word' id='word_1_21' title='bbox 949 665 1138 720; x_wconf 88' lang='lat' dir='ltr'><strong>ovibus</strong></span> <span class='ocrx_word' id='word_1_22' title='bbox 1184 665 1297 719; x_wconf 90' lang='lat' dir='ltr'><strong>suis</strong></span> <span class='ocrx_word' id='word_1_23' title='bbox 1321 677 1520 734; x_wconf 89' lang='lat' dir='ltr'><strong>ponere</strong></span> <span class='ocrx_word' id='word_1_24' title='bbox 1542 660 1721 732; x_wconf 86' lang='lat' dir='ltr'><strong>(Joan.</strong></span> 
     </span>
    </p>
   </div>
   <div class='ocr_carea' id='block_1_4' title="bbox 154 746 1723 825">
    <p class='ocr_par' dir='ltr' id='par_1_4' title="bbox 154 746 1723 825">
     <span class='ocr_line' id='line_1_4' title="bbox 154 746 1723 825; baseline 0.006 -26"><span class='ocrx_word' id='word_1_25' title='bbox 154 746 226 800; x_wconf 75' lang='grc'><strong>10.</strong></span> <span class='ocrx_word' id='word_1_26' title='bbox 250 746 329 819; x_wconf 86' lang='lat' dir='ltr'><strong>ll)</strong></span> <span class='ocrx_word' id='word_1_27' title='bbox 358 749 711 821; x_wconf 85' lang='lat' dir='ltr'><strong>:hujusmodi</strong></span> <span class='ocrx_word' id='word_1_28' title='bbox 739 756 885 810; x_wconf 89' lang='lat' dir='ltr'><strong>enim</strong></span> <span class='ocrx_word' id='word_1_29' title='bbox 912 771 1059 811; x_wconf 89' lang='lat' dir='ltr'><strong>mors</strong></span> <span class='ocrx_word' id='word_1_30' title='bbox 1084 756 1534 811; x_wconf 73' lang='lat' dir='ltr'><strong>immortalitatem</strong></span> <span class='ocrx_word' id='word_1_31' title='bbox 1564 755 1723 825; x_wconf 88' lang='lat' dir='ltr'><strong>parit.</strong></span> 
     </span>
    </p>
   </div>
   <div class='ocr_carea' id='block_1_5' title="bbox 151 838 1723 915">
    <p class='ocr_par' dir='ltr' id='par_1_5' title="bbox 151 838 1723 915">
     <span class='ocr_line' id='line_1_5' title="bbox 151 838 1723 915; baseline 0.005 -22"><span class='ocrx_word' id='word_1_32' title='bbox 151 838 246 894; x_wconf 81' lang='lat' dir='ltr'><strong>Non</strong></span> <span class='ocrx_word' id='word_1_33' title='bbox 287 841 424 896; x_wconf 88' lang='lat' dir='ltr'><strong>enim</strong></span> <span class='ocrx_word' id='word_1_34' title='bbox 472 856 704 914; x_wconf 86' lang='lat' dir='ltr'><strong>propter</strong></span> <span class='ocrx_word' id='word_1_35' title='bbox 764 845 974 903; x_wconf 85' lang='lat' dir='ltr'><strong>divitias</strong></span> <span class='ocrx_word' id='word_1_36' title='bbox 1016 848 1199 902; x_wconf 90' lang='lat' dir='ltr'><strong>mundi</strong></span> <span class='ocrx_word' id='word_1_37' title='bbox 1245 847 1465 902; x_wconf 82' lang='lat' dir='ltr'><strong>insidias</strong></span> <span class='ocrx_word' id='word_1_38' title='bbox 1510 846 1723 915; x_wconf 87' lang='lat' dir='ltr'><strong>patior:</strong></span> 
     </span>
    </p>
   </div>
   <div class='ocr_carea' id='block_1_6' title="bbox 150 932 1727 1009">
    <p class='ocr_par' dir='ltr' id='par_1_6' title="bbox 150 932 1727 1009">
     <span class='ocr_line' id='line_1_6' title="bbox 150 932 1727 1009; baseline 0.004 -23"><span class='ocrx_word' id='word_1_39' title='bbox 150 932 267 1002; x_wconf 86' lang='lat' dir='ltr'><strong>quod</strong></span> <span class='ocrx_word' id='word_1_40' title='bbox 304 935 346 989; x_wconf 88' lang='lat' dir='ltr'><strong>si</strong></span> <span class='ocrx_word' id='word_1_41' title='bbox 389 946 559 1005; x_wconf 82' lang='lat' dir='ltr'><strong>esset,</strong></span> <span class='ocrx_word' id='word_1_42' title='bbox 609 938 801 1009; x_wconf 87' lang='lat' dir='ltr'><strong>utique</strong></span> <span class='ocrx_word' id='word_1_43' title='bbox 824 942 1125 996; x_wconf 89' lang='lat' dir='ltr'><strong>contristari</strong></span> <span class='ocrx_word' id='word_1_44' title='bbox 1150 940 1440 995; x_wconf 82' lang='lat' dir='ltr'><strong>deberem:</strong></span> <span class='ocrx_word' id='word_1_45' title='bbox 1472 954 1571 995; x_wconf 88' lang='lat' dir='ltr'><strong>nec</strong></span> <span class='ocrx_word' id='word_1_46' title='bbox 1597 954 1727 1008; x_wconf 84' lang='lat' dir='ltr'><strong>pro-</strong></span> 
     </span>
    </p>
   </div>
   <div class='ocr_carea' id='block_1_7' title="bbox 151 1024 1728 1102">
    <p class='ocr_par' dir='ltr' id='par_1_7' title="bbox 151 1024 1728 1102">
     <span class='ocr_line' id='line_1_7' title="bbox 151 1024 1728 1102; baseline 0.005 -26"><span class='ocrx_word' id='word_1_47' title='bbox 151 1032 249 1094; x_wconf 84' lang='lat' dir='ltr'><strong>pter</strong></span> <span class='ocrx_word' id='word_1_48' title='bbox 278 1024 487 1095; x_wconf 82' lang='lat' dir='ltr'><strong>aliquod</strong></span> <span class='ocrx_word' id='word_1_49' title='bbox 527 1038 837 1097; x_wconf 86' lang='lat' dir='ltr'><strong>peccatum,</strong></span> <span class='ocrx_word' id='word_1_50' title='bbox 869 1032 963 1087; x_wconf 90' lang='lat' dir='ltr'><strong>sed</strong></span> <span class='ocrx_word' id='word_1_51' title='bbox 1002 1038 1217 1102; x_wconf 87' lang='lat' dir='ltr'><strong>propter</strong></span> <span class='ocrx_word' id='word_1_52' title='bbox 1242 1030 1539 1096; x_wconf 76' lang='lat' dir='ltr'><strong>caritatem,</strong></span> <span class='ocrx_word' id='word_1_53' title='bbox 1566 1044 1728 1100; x_wconf 83' lang='lat' dir='ltr'><strong>quam</strong></span> 
     </span>
    </p>
   </div>
   <div class='ocr_carea' id='block_1_8' title="bbox 151 1118 1725 1194">
    <p class='ocr_par' dir='ltr' id='par_1_8' title="bbox 151 1118 1725 1194">
     <span class='ocr_line' id='line_1_8' title="bbox 151 1118 1725 1194; baseline 0.004 -24"><span class='ocrx_word' id='word_1_54' title='bbox 151 1130 253 1186; x_wconf 86' lang='lat' dir='ltr'><strong>erga</strong></span> <span class='ocrx_word' id='word_1_55' title='bbox 280 1131 372 1172; x_wconf 84' lang='lat' dir='ltr'><strong>vos</strong></span> <span class='ocrx_word' id='word_1_56' title='bbox 414 1118 596 1174; x_wconf 83' lang='lat' dir='ltr'><strong>habeo</strong></span> <span class='ocrx_word' id='word_1_57' title='bbox 618 1137 635 1174; x_wconf 90' lang='lat'><strong>:</strong></span> <span class='ocrx_word' id='word_1_58' title='bbox 654 1122 795 1191; x_wconf 84' lang='lat' dir='ltr'><strong>quia</strong></span> <span class='ocrx_word' id='word_1_59' title='bbox 820 1125 996 1177; x_wconf 85' lang='lat' dir='ltr'><strong>omnia</strong></span> <span class='ocrx_word' id='word_1_60' title='bbox 1025 1138 1143 1194; x_wconf 89' lang='lat' dir='ltr'><strong>ago,</strong></span> <span class='ocrx_word' id='word_1_61' title='bbox 1189 1133 1247 1177; x_wconf 94' lang='lat' dir='ltr'><strong>ut</strong></span> <span class='ocrx_word' id='word_1_62' title='bbox 1274 1138 1370 1178; x_wconf 86' lang='lat' dir='ltr'><strong>vos</strong></span> <span class='ocrx_word' id='word_1_63' title='bbox 1397 1122 1725 1193; x_wconf 83' lang='lat' dir='ltr'><strong>proﬁciatis:</strong></span> 
     </span>
    </p>
   </div>
   <div class='ocr_carea' id='block_1_9' title="bbox 151 1209 1726 1285">
    <p class='ocr_par' dir='ltr' id='par_1_9' title="bbox 151 1209 1726 1285">
     <span class='ocr_line' id='line_1_9' title="bbox 151 1209 1726 1285; baseline 0.004 -24"><span class='ocrx_word' id='word_1_64' title='bbox 151 1215 193 1261; x_wconf 88' lang='lat' dir='ltr'><strong>et</strong></span> <span class='ocrx_word' id='word_1_65' title='bbox 216 1222 275 1261; x_wconf 85' lang='lat' dir='ltr'><strong>ne</strong></span> <span class='ocrx_word' id='word_1_66' title='bbox 297 1209 634 1265; x_wconf 83' lang='lat' dir='ltr'><strong>subintroeat</strong></span> <span class='ocrx_word' id='word_1_67' title='bbox 664 1213 987 1269; x_wconf 88' lang='lat' dir='ltr'><strong>conturbare</strong></span> <span class='ocrx_word' id='word_1_68' title='bbox 1012 1230 1227 1285; x_wconf 84' lang='lat' dir='ltr'><strong>gregem</strong></span> <span class='ocrx_word' id='word_1_69' title='bbox 1249 1215 1385 1270; x_wconf 87' lang='lat' dir='ltr'><strong>bene</strong></span> <span class='ocrx_word' id='word_1_70' title='bbox 1406 1215 1726 1279; x_wconf 85' lang='lat' dir='ltr'><strong>institutum,</strong></span> 
     </span>
    </p>
   </div>
   <div class='ocr_carea' id='block_1_10' title="bbox 150 1298 1729 1375">
    <p class='ocr_par' dir='ltr' id='par_1_10' title="bbox 150 1298 1729 1375">
     <span class='ocr_line' id='line_1_10' title="bbox 150 1298 1729 1375; baseline 0.005 -23"><span class='ocrx_word' id='word_1_71' title='bbox 150 1298 295 1353; x_wconf 85' lang='lat' dir='ltr'><strong>sedut</strong></span> <span class='ocrx_word' id='word_1_72' title='bbox 322 1302 695 1368; x_wconf 89' lang='lat' dir='ltr'><strong>permaneatis</strong></span> <span class='ocrx_word' id='word_1_73' title='bbox 714 1303 764 1358; x_wconf 92' lang='lat' dir='ltr'><strong>in</strong></span> <span class='ocrx_word' id='word_1_74' title='bbox 787 1305 1124 1375; x_wconf 86' lang='lat' dir='ltr'><strong>simplicitate</strong></span> <span class='ocrx_word' id='word_1_75' title='bbox 1146 1304 1289 1360; x_wconf 88' lang='lat' dir='ltr'><strong>ﬁdei.</strong></span> <span class='ocrx_word' id='word_1_76' title='bbox 1318 1306 1444 1360; x_wconf 68' lang='lat' dir='ltr'><strong>Haec</strong></span> <span class='ocrx_word' id='word_1_77' title='bbox 1468 1315 1549 1361; x_wconf 90' lang='lat' dir='ltr'><strong>est</strong></span> <span class='ocrx_word' id='word_1_78' title='bbox 1569 1320 1729 1360; x_wconf 83' lang='lat' dir='ltr'><strong>causa</strong></span> 
     </span>
    </p>
   </div>
   <div class='ocr_carea' id='block_1_11' title="bbox 150 1388 1731 1460">
    <p class='ocr_par' dir='ltr' id='par_1_11' title="bbox 150 1388 1731 1460">
     <span class='ocr_line' id='line_1_11' title="bbox 150 1388 1731 1460; baseline 0.007 -19"><span class='ocrx_word' id='word_1_79' title='bbox 150 1388 477 1457; x_wconf 79' lang='lat' dir='ltr'><strong>periculorum</strong></span> <span class='ocrx_word' id='word_1_80' title='bbox 509 1407 793 1460; x_wconf 87' lang='lat' dir='ltr'><strong>meorum,</strong></span> <span class='ocrx_word' id='word_1_81' title='bbox 823 1405 877 1450; x_wconf 89' lang='lat' dir='ltr'><strong>et</strong></span> <span class='ocrx_word' id='word_1_82' title='bbox 905 1396 1019 1450; x_wconf 73' lang='lat' dir='ltr'><strong>bazc</strong></span> <span class='ocrx_word' id='word_1_83' title='bbox 1049 1395 1317 1451; x_wconf 89' lang='lat' dir='ltr'><strong>sufﬁciant</strong></span> <span class='ocrx_word' id='word_1_84' title='bbox 1338 1396 1466 1451; x_wconf 85' lang='lat' dir='ltr'><strong>mihi</strong></span> <span class='ocrx_word' id='word_1_85' title='bbox 1488 1396 1555 1451; x_wconf 88' lang='lat' dir='ltr'><strong>ad</strong></span> <span class='ocrx_word' id='word_1_86' title='bbox 1576 1412 1731 1452; x_wconf 84' lang='lat' dir='ltr'><strong>coro-</strong></span> 
     </span>
    </p>
   </div>
   <div class='ocr_carea' id='block_1_12' title="bbox 148 1481 1731 1559">
    <p class='ocr_par' dir='ltr' id='par_1_12' title="bbox 148 1481 1731 1559">
     <span class='ocr_line' id='line_1_12' title="bbox 148 1481 1731 1559; baseline 0.007 -25"><span class='ocrx_word' id='word_1_87' title='bbox 148 1496 270 1535; x_wconf 87' lang='lat' dir='ltr'><strong>nam.</strong></span> <span class='ocrx_word' id='word_1_88' title='bbox 298 1481 433 1550; x_wconf 86' lang='lat' dir='ltr'><strong>Quid</strong></span> <span class='ocrx_word' id='word_1_89' title='bbox 478 1485 632 1541; x_wconf 88' lang='lat' dir='ltr'><strong>enim</strong></span> <span class='ocrx_word' id='word_1_90' title='bbox 667 1502 777 1542; x_wconf 88' lang='lat' dir='ltr'><strong>non</strong></span> <span class='ocrx_word' id='word_1_91' title='bbox 824 1487 997 1557; x_wconf 87' lang='lat' dir='ltr'><strong>patior</strong></span> <span class='ocrx_word' id='word_1_92' title='bbox 1018 1504 1116 1559; x_wconf 91' lang='lat' dir='ltr'><strong>pro</strong></span> <span class='ocrx_word' id='word_1_93' title='bbox 1140 1488 1326 1544; x_wconf 78' lang='lat' dir='ltr'><strong>vobis?</strong></span> <span class='ocrx_word' id='word_1_94' title='bbox 1359 1488 1467 1545; x_wconf 84' lang='lat' dir='ltr'><strong>Vos</strong></span> <span class='ocrx_word' id='word_1_95' title='bbox 1493 1488 1623 1542; x_wconf 88' lang='lat' dir='ltr'><strong>mihi</strong></span> <span class='ocrx_word' id='word_1_96' title='bbox 1648 1488 1731 1544; x_wconf 88' lang='lat' dir='ltr'><strong>ci-</strong></span> 
     </span>
    </p>
   </div>
   <div class='ocr_carea' id='block_1_13' title="bbox 147 1574 1729 1648">
    <p class='ocr_par' dir='ltr' id='par_1_13' title="bbox 147 1574 1729 1648">
     <span class='ocr_line' id='line_1_13' title="bbox 147 1574 1729 1648; baseline 0.008 -26"><span class='ocrx_word' id='word_1_97' title='bbox 147 1585 242 1637; x_wconf 79' lang='lat' dir='ltr'><strong>ves,</strong></span> <span class='ocrx_word' id='word_1_98' title='bbox 262 1586 350 1626; x_wconf 89' lang='lat' dir='ltr'><strong>vos</strong></span> <span class='ocrx_word' id='word_1_99' title='bbox 376 1574 511 1629; x_wconf 90' lang='lat' dir='ltr'><strong>mihi</strong></span> <span class='ocrx_word' id='word_1_100' title='bbox 539 1575 767 1645; x_wconf 82' lang='lat' dir='ltr'><strong>fratres,</strong></span> <span class='ocrx_word' id='word_1_101' title='bbox 788 1593 883 1634; x_wconf 90' lang='lat' dir='ltr'><strong>vos</strong></span> <span class='ocrx_word' id='word_1_102' title='bbox 906 1578 1038 1635; x_wconf 91' lang='lat' dir='ltr'><strong>mihi</strong></span> <span class='ocrx_word' id='word_1_103' title='bbox 1060 1580 1173 1646; x_wconf 89' lang='lat' dir='ltr'><strong>ﬁlii,</strong></span> <span class='ocrx_word' id='word_1_104' title='bbox 1198 1596 1293 1636; x_wconf 87' lang='lat' dir='ltr'><strong>vos</strong></span> <span class='ocrx_word' id='word_1_105' title='bbox 1314 1581 1444 1635; x_wconf 91' lang='lat' dir='ltr'><strong>mihi</strong></span> <span class='ocrx_word' id='word_1_106' title='bbox 1468 1580 1729 1648; x_wconf 86' lang='lat' dir='ltr'><strong>membra,</strong></span> 
     </span>
    </p>
   </div>
   <div class='ocr_carea' id='block_1_14' title="bbox 147 1660 1732 1737">
    <p class='ocr_par' dir='ltr' id='par_1_14' title="bbox 147 1660 1732 1737">
     <span class='ocr_line' id='line_1_14' title="bbox 147 1660 1732 1737; baseline 0.008 -23"><span class='ocrx_word' id='word_1_107' title='bbox 147 1676 227 1716; x_wconf 82' lang='lat' dir='ltr'><strong>vos</strong></span> <span class='ocrx_word' id='word_1_108' title='bbox 266 1660 388 1717; x_wconf 86' lang='lat' dir='ltr'><strong>mihi</strong></span> <span class='ocrx_word' id='word_1_109' title='bbox 415 1678 644 1736; x_wconf 87' lang='lat' dir='ltr'><strong>corpus,</strong></span> <span class='ocrx_word' id='word_1_110' title='bbox 689 1684 788 1724; x_wconf 87' lang='lat' dir='ltr'><strong>vos</strong></span> <span class='ocrx_word' id='word_1_111' title='bbox 817 1670 947 1724; x_wconf 89' lang='lat' dir='ltr'><strong>mibi</strong></span> <span class='ocrx_word' id='word_1_112' title='bbox 975 1671 1084 1737; x_wconf 80' lang='lat' dir='ltr'><strong>lux,</strong></span> <span class='ocrx_word' id='word_1_113' title='bbox 1117 1671 1227 1726; x_wconf 89' lang='lat' dir='ltr'><strong>imo</strong></span> <span class='ocrx_word' id='word_1_114' title='bbox 1252 1679 1304 1727; x_wconf 89' lang='lat' dir='ltr'><strong>et</strong></span> <span class='ocrx_word' id='word_1_115' title='bbox 1336 1672 1434 1726; x_wconf 88' lang='lat' dir='ltr'><strong>ista</strong></span> <span class='ocrx_word' id='word_1_116' title='bbox 1466 1670 1585 1726; x_wconf 86' lang='lat' dir='ltr'><strong>luce</strong></span> <span class='ocrx_word' id='word_1_117' title='bbox 1606 1671 1732 1726; x_wconf 91' lang='lat' dir='ltr'><strong>dul-</strong></span> 
     </span>
    </p>
   </div>
   <div class='ocr_carea' id='block_1_15' title="bbox 147 1751 1732 1833">
    <p class='ocr_par' dir='ltr' id='par_1_15' title="bbox 147 1751 1732 1833">
     <span class='ocr_line' id='line_1_15' title="bbox 147 1751 1732 1833; baseline 0.007 -25"><span class='ocrx_word' id='word_1_118' title='bbox 147 1751 317 1809; x_wconf 82' lang='lat' dir='ltr'><strong>ciores.</strong></span> <span class='ocrx_word' id='word_1_119' title='bbox 342 1753 480 1822; x_wconf 86' lang='lat' dir='ltr'><strong>Quid</strong></span> <span class='ocrx_word' id='word_1_120' title='bbox 507 1758 662 1813; x_wconf 86' lang='lat' dir='ltr'><strong>enim</strong></span> <span class='ocrx_word' id='word_1_121' title='bbox 707 1760 839 1815; x_wconf 91' lang='lat' dir='ltr'><strong>mihi</strong></span> <span class='ocrx_word' id='word_1_122' title='bbox 871 1769 1076 1817; x_wconf 84' lang='lat' dir='ltr'><strong>tantum</strong></span> <span class='ocrx_word' id='word_1_123' title='bbox 1109 1772 1363 1833; x_wconf 59' lang='lat' dir='ltr'><strong>praestant</strong></span> <span class='ocrx_word' id='word_1_124' title='bbox 1403 1762 1541 1818; x_wconf 87' lang='lat' dir='ltr'><strong>radii</strong></span> <span class='ocrx_word' id='word_1_125' title='bbox 1581 1763 1732 1831; x_wconf 86' lang='lat' dir='ltr'><strong>solis,</strong></span> 
     </span>
    </p>
   </div>
   <div class='ocr_carea' id='block_1_16' title="bbox 147 1848 1734 1927">
    <p class='ocr_par' dir='ltr' id='par_1_16' title="bbox 147 1848 1734 1927">
     <span class='ocr_line' id='line_1_16' title="bbox 147 1848 1734 1927; baseline 0.008 -28"><span class='ocrx_word' id='word_1_126' title='bbox 147 1852 374 1912; x_wconf 77' lang='lat' dir='ltr'><strong>quantum</strong></span> <span class='ocrx_word' id='word_1_127' title='bbox 403 1848 654 1905; x_wconf 74' lang='lat' dir='ltr'><strong>caritatis</strong></span> <span class='ocrx_word' id='word_1_128' title='bbox 684 1860 882 1908; x_wconf 61' lang='lat' dir='ltr'><strong>vestra</strong></span> <span class='ocrx_word' id='word_1_129' title='bbox 908 1853 1159 1925; x_wconf 89' lang='lat' dir='ltr'><strong>splendor</strong></span> <span class='ocrx_word' id='word_1_130' title='bbox 1179 1856 1440 1926; x_wconf 79' lang='lat' dir='ltr'><strong>acquirit?</strong></span> <span class='ocrx_word' id='word_1_131' title='bbox 1471 1855 1608 1911; x_wconf 84' lang='lat' dir='ltr'><strong>Ecce</strong></span> <span class='ocrx_word' id='word_1_132' title='bbox 1636 1870 1734 1927; x_wconf 91' lang='lat' dir='ltr'><strong>pro</strong></span> 
     </span>
    </p>
   </div>
   <div class='ocr_carea' id='block_1_17' title="bbox 149 1936 1732 2017">
    <p class='ocr_par' dir='ltr' id='par_1_17' title="bbox 149 1936 1732 2017">
     <span class='ocr_line' id='line_1_17' title="bbox 149 1936 1732 2017; baseline 0.011 -29"><span class='ocrx_word' id='word_1_133' title='bbox 149 1936 345 1993; x_wconf 79' lang='lat' dir='ltr'><strong>caritate</strong></span> <span class='ocrx_word' id='word_1_134' title='bbox 368 1950 550 1998; x_wconf 84' lang='lat' dir='ltr'><strong>vestra</strong></span> <span class='ocrx_word' id='word_1_135' title='bbox 583 1957 791 2001; x_wconf 89' lang='lat' dir='ltr'><strong>corona</strong></span> <span class='ocrx_word' id='word_1_136' title='bbox 813 1946 942 2002; x_wconf 83' lang='lat' dir='ltr'><strong>mihi</strong></span> <span class='ocrx_word' id='word_1_137' title='bbox 972 1957 1187 2017; x_wconf 85' lang='lat' dir='ltr'><strong>paratur</strong></span> <span class='ocrx_word' id='word_1_138' title='bbox 1215 1948 1267 2004; x_wconf 93' lang='lat' dir='ltr'><strong>in</strong></span> <span class='ocrx_word' id='word_1_139' title='bbox 1297 1949 1474 2005; x_wconf 86' lang='lat' dir='ltr'><strong>futuro</strong></span> <span class='ocrx_word' id='word_1_140' title='bbox 1501 1951 1732 2017; x_wconf 61' lang='lat' dir='ltr'><strong>saeculo;</strong></span> 
     </span>
    </p>
   </div>
   <div class='ocr_carea' id='block_1_18' title="bbox 151 2024 1737 2111">
    <p class='ocr_par' dir='ltr' id='par_1_18' title="bbox 151 2024 1737 2111">
     <span class='ocr_line' id='line_1_18' title="bbox 151 2024 1737 2111; baseline 0.011 -31"><span class='ocrx_word' id='word_1_141' title='bbox 151 2024 236 2083; x_wconf 85' lang='lat' dir='ltr'><strong>hoc</strong></span> <span class='ocrx_word' id='word_1_142' title='bbox 246 2028 369 2085; x_wconf 84' lang='lat' dir='ltr'><strong>mihi</strong></span> <span class='ocrx_word' id='word_1_143' title='bbox 382 2032 517 2091; x_wconf 89' lang='lat' dir='ltr'><strong>solis</strong></span> <span class='ocrx_word' id='word_1_144' title='bbox 534 2035 705 2107; x_wconf 84' lang='lat' dir='ltr'><strong>hujus</strong></span> <span class='ocrx_word' id='word_1_145' title='bbox 718 2036 975 2110; x_wconf 85' lang='lat' dir='ltr'><strong>splendor</strong></span> <span class='ocrx_word' id='word_1_146' title='bbox 989 2050 1242 2107; x_wconf 66' lang='lat' dir='ltr'><strong>praestare</strong></span> <span class='ocrx_word' id='word_1_147' title='bbox 1254 2055 1357 2096; x_wconf 91' lang='lat' dir='ltr'><strong>non</strong></span> <span class='ocrx_word' id='word_1_148' title='bbox 1377 2042 1590 2111; x_wconf 87' lang='lat' dir='ltr'><strong>poterit.</strong></span> <span class='ocrx_word' id='word_1_149' title='bbox 1610 2040 1737 2097; x_wconf 65' lang='lat' dir='ltr'><strong>Haac</strong></span> 
     </span>
    </p>
   </div>
   <div class='ocr_carea' id='block_1_19' title="bbox 3325 446 3432 539">
    <p class='ocr_par' dir='ltr' id='par_1_19' title="bbox 3325 446 3432 539">
     <span class='ocr_line' id='line_1_19' title="bbox 3325 446 3432 539; baseline 0 0"><span class='ocrx_word' id='word_1_150' title='bbox 3325 446 3432 539; x_wconf 61' lang='grc' dir='ltr'><strong>δερ</strong></span> 
     </span>
    </p>
   </div>
   <div class='ocr_carea' id='block_1_20' title="bbox 1831 564 3437 639">
    <p class='ocr_par' dir='ltr' id='par_1_20' title="bbox 1831 564 3437 639">
     <span class='ocr_line' id='line_1_20' title="bbox 1831 564 3437 639; baseline -0.001 -18"><span class='ocrx_word' id='word_1_151' title='bbox 1831 576 2009 624; x_wconf 87' lang='lat' dir='ltr'><strong>autem</strong></span> <span class='ocrx_word' id='word_1_152' title='bbox 2021 568 2143 624; x_wconf 91' lang='lat' dir='ltr'><strong>dico</strong></span> <span class='ocrx_word' id='word_1_153' title='bbox 2158 571 2210 623; x_wconf 92' lang='lat' dir='ltr'><strong>in</strong></span> <span class='ocrx_word' id='word_1_154' title='bbox 2224 568 2443 624; x_wconf 88' lang='lat' dir='ltr'><strong>auribus</strong></span> <span class='ocrx_word' id='word_1_155' title='bbox 2458 568 2787 624; x_wconf 90' lang='lat' dir='ltr'><strong>audientium</strong></span> <span class='ocrx_word' id='word_1_156' title='bbox 2798 612 2811 625; x_wconf 93' lang='lat'><strong>.</strong></span> <span class='ocrx_word' id='word_1_157' title='bbox 2822 568 2893 624; x_wconf 85' lang='lat' dir='ltr'><strong>Et</strong></span> <span class='ocrx_word' id='word_1_158' title='bbox 2906 566 3031 639; x_wconf 89' lang='lat' dir='ltr'><strong>quid</strong></span> <span class='ocrx_word' id='word_1_159' title='bbox 3050 566 3119 622; x_wconf 88' lang='lat' dir='ltr'><strong>ita</strong></span> <span class='ocrx_word' id='word_1_160' title='bbox 3136 566 3201 621; x_wconf 90' lang='lat' dir='ltr'><strong>ad</strong></span> <span class='ocrx_word' id='word_1_161' title='bbox 3219 564 3437 621; x_wconf 81' lang='lat' dir='ltr'><strong>audien-</strong></span> 
     </span>
    </p>
   </div>
   <div class='ocr_carea' id='block_1_21' title="bbox 1832 658 3437 732">
    <p class='ocr_par' dir='ltr' id='par_1_21' title="bbox 1832 658 3437 732">
     <span class='ocr_line' id='line_1_21' title="bbox 1832 658 3437 732; baseline -0.001 -16"><span class='ocrx_word' id='word_1_162' title='bbox 1832 660 1957 716; x_wconf 91' lang='lat' dir='ltr'><strong>dum</strong></span> <span class='ocrx_word' id='word_1_163' title='bbox 1986 660 2271 715; x_wconf 88' lang='lat' dir='ltr'><strong>sollicitum</strong></span> <span class='ocrx_word' id='word_1_164' title='bbox 2301 671 2357 716; x_wconf 88' lang='lat' dir='ltr'><strong>ct</strong></span> <span class='ocrx_word' id='word_1_165' title='bbox 2377 670 2642 732; x_wconf 84' lang='lat' dir='ltr'><strong>paratum,</strong></span> <span class='ocrx_word' id='word_1_166' title='bbox 2665 675 2825 731; x_wconf 87' lang='lat' dir='ltr'><strong>quam</strong></span> <span class='ocrx_word' id='word_1_167' title='bbox 2848 673 3012 715; x_wconf 86' lang='lat' dir='ltr'><strong>aures</strong></span> <span class='ocrx_word' id='word_1_168' title='bbox 3036 658 3270 715; x_wconf 62' lang='lat' dir='ltr'><strong>vestras?</strong></span> <span class='ocrx_word' id='word_1_169' title='bbox 3296 658 3437 714; x_wconf 60' lang='lat' dir='ltr'><strong>Ecce</strong></span> 
     </span>
    </p>
   </div>
   <div class='ocr_carea' id='block_1_22' title="bbox 1832 750 3440 821">
    <p class='ocr_par' dir='ltr' id='par_1_22' title="bbox 1832 750 3440 821">
     <span class='ocr_line' id='line_1_22' title="bbox 1832 750 3440 821; baseline -0.001 -18"><span class='ocrx_word' id='word_1_170' title='bbox 1832 750 2093 821; x_wconf 88' lang='lat' dir='ltr'><strong>quotdics</strong></span> <span class='ocrx_word' id='word_1_171' title='bbox 2122 759 2250 804; x_wconf 90' lang='lat' dir='ltr'><strong>sunt</strong></span> <span class='ocrx_word' id='word_1_172' title='bbox 2280 750 2421 821; x_wconf 90' lang='lat' dir='ltr'><strong>quod</strong></span> <span class='ocrx_word' id='word_1_173' title='bbox 2448 750 2697 821; x_wconf 87' lang='lat' dir='ltr'><strong>vigilatis,</strong></span> <span class='ocrx_word' id='word_1_174' title='bbox 2724 760 2778 805; x_wconf 90' lang='lat' dir='ltr'><strong>et</strong></span> <span class='ocrx_word' id='word_1_175' title='bbox 2806 750 3013 806; x_wconf 90' lang='lat' dir='ltr'><strong>nullum</strong></span> <span class='ocrx_word' id='word_1_176' title='bbox 3032 759 3269 805; x_wconf 89' lang='lat' dir='ltr'><strong>vestrum</strong></span> <span class='ocrx_word' id='word_1_177' title='bbox 3291 762 3440 803; x_wconf 87' lang='lat' dir='ltr'><strong>som-</strong></span> 
     </span>
    </p>
   </div>
   <div class='ocr_carea' id='block_1_23' title="bbox 1833 838 3435 913">
    <p class='ocr_par' dir='ltr' id='par_1_23' title="bbox 1833 838 3435 913">
     <span class='ocr_line' id='line_1_23' title="bbox 1833 838 3435 913; baseline -0.004 -17"><span class='ocrx_word' id='word_1_178' title='bbox 1833 842 1981 897; x_wconf 88' lang='lat' dir='ltr'><strong>nium</strong></span> <span class='ocrx_word' id='word_1_179' title='bbox 2008 841 2301 909; x_wconf 82' lang='lat' dir='ltr'><strong>inclinavit,</strong></span> <span class='ocrx_word' id='word_1_180' title='bbox 2334 857 2435 897; x_wconf 90' lang='lat' dir='ltr'><strong>nec</strong></span> <span class='ocrx_word' id='word_1_181' title='bbox 2455 843 2710 912; x_wconf 87' lang='lat' dir='ltr'><strong>temporis</strong></span> <span class='ocrx_word' id='word_1_182' title='bbox 2734 842 2964 913; x_wconf 88' lang='lat' dir='ltr'><strong>spatium</strong></span> <span class='ocrx_word' id='word_1_183' title='bbox 2990 840 3212 911; x_wconf 79' lang='lat' dir='ltr'><strong>frangit;</strong></span> <span class='ocrx_word' id='word_1_184' title='bbox 3232 838 3435 892; x_wconf 85' lang='lat' dir='ltr'><strong>nullum</strong></span> 
     </span>
    </p>
   </div>
   <div class='ocr_carea' id='block_1_24' title="bbox 1836 928 3437 1001">
    <p class='ocr_par' dir='ltr' id='par_1_24' title="bbox 1836 928 3437 1001">
     <span class='ocr_line' id='line_1_24' title="bbox 1836 928 3437 1001; baseline -0.001 -14"><span class='ocrx_word' id='word_1_185' title='bbox 1836 934 2017 1001; x_wconf 87' lang='lat' dir='ltr'><strong>timor,</strong></span> <span class='ocrx_word' id='word_1_186' title='bbox 2048 934 2250 989; x_wconf 89' lang='lat' dir='ltr'><strong>nullum</strong></span> <span class='ocrx_word' id='word_1_187' title='bbox 2282 934 2444 988; x_wconf 82' lang='lat' dir='ltr'><strong>minae</strong></span> <span class='ocrx_word' id='word_1_188' title='bbox 2463 932 2759 999; x_wconf 83' lang='lat' dir='ltr'><strong>deterrent,</strong></span> <span class='ocrx_word' id='word_1_189' title='bbox 2781 933 2878 989; x_wconf 90' lang='lat' dir='ltr'><strong>sed</strong></span> <span class='ocrx_word' id='word_1_190' title='bbox 2905 942 3078 987; x_wconf 92' lang='lat' dir='ltr'><strong>terror</strong></span> <span class='ocrx_word' id='word_1_191' title='bbox 3103 945 3292 986; x_wconf 87' lang='lat' dir='ltr'><strong>eorum</strong></span> <span class='ocrx_word' id='word_1_192' title='bbox 3324 928 3437 985; x_wconf 85' lang='lat' dir='ltr'><strong>for-</strong></span> 
     </span>
    </p>
   </div>
   <div class='ocr_carea' id='block_1_25' title="bbox 1834 1023 3438 1094">
    <p class='ocr_par' dir='ltr' id='par_1_25' title="bbox 1834 1023 3438 1094">
     <span class='ocr_line' id='line_1_25' title="bbox 1834 1023 3438 1094; baseline -0.004 -12"><span class='ocrx_word' id='word_1_193' title='bbox 1834 1028 2001 1083; x_wconf 86' lang='lat' dir='ltr'><strong>tiores</strong></span> <span class='ocrx_word' id='word_1_194' title='bbox 2023 1043 2120 1083; x_wconf 84' lang='lat' dir='ltr'><strong>vos</strong></span> <span class='ocrx_word' id='word_1_195' title='bbox 2149 1026 2356 1083; x_wconf 87' lang='lat' dir='ltr'><strong>reddet.</strong></span> <span class='ocrx_word' id='word_1_196' title='bbox 2387 1025 2554 1082; x_wconf 77' lang='lat' dir='ltr'><strong>Video</strong></span> <span class='ocrx_word' id='word_1_197' title='bbox 2584 1028 2637 1081; x_wconf 93' lang='lat' dir='ltr'><strong>in</strong></span> <span class='ocrx_word' id='word_1_198' title='bbox 2666 1025 2817 1080; x_wconf 80' lang='lat' dir='ltr'><strong>vobis</strong></span> <span class='ocrx_word' id='word_1_199' title='bbox 2837 1024 2979 1094; x_wconf 90' lang='lat' dir='ltr'><strong>quod</strong></span> <span class='ocrx_word' id='word_1_200' title='bbox 3003 1038 3220 1092; x_wconf 91' lang='lat' dir='ltr'><strong>semper</strong></span> <span class='ocrx_word' id='word_1_201' title='bbox 3236 1023 3438 1092; x_wconf 87' lang='lat' dir='ltr'><strong>optavi,</strong></span> 
     </span>
    </p>
   </div>
   <div class='ocr_carea' id='block_1_26' title="bbox 1836 1112 3441 1192">
    <p class='ocr_par' dir='ltr' id='par_1_26' title="bbox 1836 1112 3441 1192">
     <span class='ocr_line' id='line_1_26' title="bbox 1836 1112 3441 1192; baseline -0.007 -14"><span class='ocrx_word' id='word_1_202' title='bbox 1836 1122 1957 1178; x_wconf 89' lang='lat' dir='ltr'><strong>ideo</strong></span> <span class='ocrx_word' id='word_1_203' title='bbox 1982 1120 2124 1192; x_wconf 89' lang='lat' dir='ltr'><strong>quod</strong></span> <span class='ocrx_word' id='word_1_204' title='bbox 2167 1120 2566 1189; x_wconf 87' lang='lat' dir='ltr'><strong>contempsistis</strong></span> <span class='ocrx_word' id='word_1_205' title='bbox 2608 1117 2795 1173; x_wconf 88' lang='lat' dir='ltr'><strong>mundi</strong></span> <span class='ocrx_word' id='word_1_206' title='bbox 2824 1116 3057 1188; x_wconf 89' lang='lat' dir='ltr'><strong>negotia,</strong></span> <span class='ocrx_word' id='word_1_207' title='bbox 3091 1112 3441 1171; x_wconf 86' lang='lat' dir='ltr'><strong>renuntiastis</strong></span> 
     </span>
    </p>
   </div>
   <div class='ocr_carea' id='block_1_27' title="bbox 1834 1205 3441 1281">
    <p class='ocr_par' dir='ltr' id='par_1_27' title="bbox 1834 1205 3441 1281">
     <span class='ocr_line' id='line_1_27' title="bbox 1834 1205 3441 1281; baseline -0.007 -11"><span class='ocrx_word' id='word_1_208' title='bbox 1834 1213 2085 1272; x_wconf 88' lang='lat' dir='ltr'><strong>omnibus</strong></span> <span class='ocrx_word' id='word_1_209' title='bbox 2113 1232 2126 1268; x_wconf 91' lang='lat'>:</span> <span class='ocrx_word' id='word_1_210' title='bbox 2157 1214 2284 1268; x_wconf 85' lang='lat' dir='ltr'><strong>nihil</strong></span> <span class='ocrx_word' id='word_1_211' title='bbox 2307 1212 2417 1281; x_wconf 88' lang='lat' dir='ltr'><strong>jam</strong></span> <span class='ocrx_word' id='word_1_212' title='bbox 2449 1211 2519 1267; x_wconf 91' lang='lat' dir='ltr'><strong>de</strong></span> <span class='ocrx_word' id='word_1_213' title='bbox 2548 1219 2710 1276; x_wconf 88' lang='lat' dir='ltr'><strong>terra,</strong></span> <span class='ocrx_word' id='word_1_214' title='bbox 2740 1225 2915 1280; x_wconf 87' lang='lat' dir='ltr'><strong>neque</strong></span> <span class='ocrx_word' id='word_1_215' title='bbox 2952 1208 3022 1264; x_wconf 91' lang='lat' dir='ltr'><strong>de</strong></span> <span class='ocrx_word' id='word_1_216' title='bbox 3048 1206 3279 1263; x_wconf 86' lang='lat' dir='ltr'><strong>terrenis</strong></span> <span class='ocrx_word' id='word_1_217' title='bbox 3304 1205 3441 1259; x_wconf 86' lang='lat' dir='ltr'><strong>acti-</strong></span> 
     </span>
    </p>
   </div>
   <div class='ocr_carea' id='block_1_28' title="bbox 1836 1300 3438 1377">
    <p class='ocr_par' dir='ltr' id='par_1_28' title="bbox 1836 1300 3438 1377">
     <span class='ocr_line' id='line_1_28' title="bbox 1836 1300 3438 1377; baseline -0.006 -16"><span class='ocrx_word' id='word_1_218' title='bbox 1836 1305 1938 1362; x_wconf 90' lang='lat' dir='ltr'><strong>bus</strong></span> <span class='ocrx_word' id='word_1_219' title='bbox 1965 1307 2233 1377; x_wconf 81' lang='lat' dir='ltr'><strong>cogitatis.</strong></span> <span class='ocrx_word' id='word_1_220' title='bbox 2274 1304 2356 1359; x_wconf 90' lang='lat' dir='ltr'><strong>Ad</strong></span> <span class='ocrx_word' id='word_1_221' title='bbox 2397 1304 2631 1360; x_wconf 74' lang='lat' dir='ltr'><strong>cmlestia</strong></span> <span class='ocrx_word' id='word_1_222' title='bbox 2673 1318 2770 1357; x_wconf 89' lang='lat' dir='ltr'><strong>vos</strong></span> <span class='ocrx_word' id='word_1_223' title='bbox 2800 1303 3063 1373; x_wconf 78' lang='lat' dir='ltr'><strong>migrasse</strong></span> <span class='ocrx_word' id='word_1_224' title='bbox 3099 1300 3211 1370; x_wconf 88' lang='lat' dir='ltr'><strong>jam</strong></span> <span class='ocrx_word' id='word_1_225' title='bbox 3240 1313 3438 1362; x_wconf 84' lang='lat' dir='ltr'><strong>cerno,</strong></span> 
     </span>
    </p>
   </div>
   <div class='ocr_carea' id='block_1_29' title="bbox 1836 1390 3446 1465">
    <p class='ocr_par' dir='ltr' id='par_1_29' title="bbox 1836 1390 3446 1465">
     <span class='ocr_line' id='line_1_29' title="bbox 1836 1390 3446 1465; baseline -0.007 -12"><span class='ocrx_word' id='word_1_226' title='bbox 1836 1398 2067 1455; x_wconf 87' lang='lat' dir='ltr'><strong>absoluti</strong></span> <span class='ocrx_word' id='word_1_227' title='bbox 2112 1398 2245 1453; x_wconf 89' lang='lat' dir='ltr'><strong>estis</strong></span> <span class='ocrx_word' id='word_1_228' title='bbox 2289 1396 2518 1452; x_wconf 85' lang='lat' dir='ltr'><strong>vinculis</strong></span> <span class='ocrx_word' id='word_1_229' title='bbox 2562 1394 2827 1465; x_wconf 84' lang='lat' dir='ltr'><strong>corporis,</strong></span> <span class='ocrx_word' id='word_1_230' title='bbox 2868 1392 2934 1447; x_wconf 92' lang='lat' dir='ltr'><strong>ad</strong></span> <span class='ocrx_word' id='word_1_231' title='bbox 2964 1393 3174 1447; x_wconf 84' lang='lat' dir='ltr'><strong>beatam</strong></span> <span class='ocrx_word' id='word_1_232' title='bbox 3213 1390 3360 1444; x_wconf 89' lang='lat' dir='ltr'><strong>illam</strong></span> <span class='ocrx_word' id='word_1_233' title='bbox 3390 1397 3446 1443; x_wconf 86' lang='lat' dir='ltr'><strong>ct</strong></span> 
     </span>
    </p>
   </div>
   <div class='ocr_carea' id='block_1_30' title="bbox 1834 1482 3446 1559">
    <p class='ocr_par' dir='ltr' id='par_1_30' title="bbox 1834 1482 3446 1559">
     <span class='ocr_line' id='line_1_30' title="bbox 1834 1482 3446 1559; baseline -0.007 -12"><span class='ocrx_word' id='word_1_234' title='bbox 1834 1492 2107 1547; x_wconf 73' lang='lat' dir='ltr'><strong>cmlestem</strong></span> <span class='ocrx_word' id='word_1_235' title='bbox 2137 1489 2463 1545; x_wconf 84' lang='lat' dir='ltr'><strong>contenditis</strong></span> <span class='ocrx_word' id='word_1_236' title='bbox 2492 1486 2907 1559; x_wconf 82' lang='lat' dir='ltr'><strong>philosophiam.</strong></span> <span class='ocrx_word' id='word_1_237' title='bbox 2945 1485 3060 1541; x_wconf 78' lang='lat' dir='ltr'><strong>Hoc</strong></span> <span class='ocrx_word' id='word_1_238' title='bbox 3085 1483 3218 1539; x_wconf 87' lang='lat' dir='ltr'><strong>mihi</strong></span> <span class='ocrx_word' id='word_1_239' title='bbox 3244 1482 3446 1538; x_wconf 83' lang='lat' dir='ltr'><strong>sufﬁcit</strong></span> 
     </span>
    </p>
   </div>
   <div class='ocr_carea' id='block_1_31' title="bbox 1838 1573 3446 1647">
    <p class='ocr_par' dir='ltr' id='par_1_31' title="bbox 1838 1573 3446 1647">
     <span class='ocr_line' id='line_1_31' title="bbox 1838 1573 3446 1647; baseline -0.006 -10"><span class='ocrx_word' id='word_1_240' title='bbox 1838 1582 2037 1638; x_wconf 82' lang='lat' dir='ltr'><strong>vidisse</strong></span> <span class='ocrx_word' id='word_1_241' title='bbox 2085 1582 2152 1637; x_wconf 91' lang='lat' dir='ltr'><strong>de</strong></span> <span class='ocrx_word' id='word_1_242' title='bbox 2190 1580 2379 1647; x_wconf 84' lang='lat' dir='ltr'><strong>vobis;</strong></span> <span class='ocrx_word' id='word_1_243' title='bbox 2430 1579 2547 1635; x_wconf 70' lang='lat' dir='ltr'><strong>hmc</strong></span> <span class='ocrx_word' id='word_1_244' title='bbox 2595 1594 2717 1634; x_wconf 84' lang='lat' dir='ltr'><strong>mea</strong></span> <span class='ocrx_word' id='word_1_245' title='bbox 2755 1577 3084 1644; x_wconf 87' lang='lat' dir='ltr'><strong>consolatio;</strong></span> <span class='ocrx_word' id='word_1_246' title='bbox 3134 1576 3238 1631; x_wconf 91' lang='lat' dir='ltr'><strong>ista</strong></span> <span class='ocrx_word' id='word_1_247' title='bbox 3264 1589 3353 1630; x_wconf 89' lang='lat' dir='ltr'><strong>me</strong></span> <span class='ocrx_word' id='word_1_248' title='bbox 3393 1573 3446 1627; x_wconf 87' lang='lat' dir='ltr'><strong>in</strong></span> 
     </span>
    </p>
   </div>
   <div class='ocr_carea' id='block_1_32' title="bbox 1837 1666 3445 1744">
    <p class='ocr_par' dir='ltr' id='par_1_32' title="bbox 1837 1666 3445 1744">
     <span class='ocr_line' id='line_1_32' title="bbox 1837 1666 3445 1744; baseline -0.006 -15"><span class='ocrx_word' id='word_1_249' title='bbox 1837 1673 2099 1744; x_wconf 74' lang='lat' dir='ltr'><strong>agonibus</strong></span> <span class='ocrx_word' id='word_1_250' title='bbox 2138 1672 2273 1727; x_wconf 89' lang='lat' dir='ltr'><strong>meis</strong></span> <span class='ocrx_word' id='word_1_251' title='bbox 2302 1670 2449 1727; x_wconf 91' lang='lat' dir='ltr'><strong>velut</strong></span> <span class='ocrx_word' id='word_1_252' title='bbox 2476 1679 2744 1741; x_wconf 77' lang='lat' dir='ltr'><strong>unguenta</strong></span> <span class='ocrx_word' id='word_1_253' title='bbox 2779 1667 3025 1740; x_wconf 84' lang='lat' dir='ltr'><strong>quaedam</strong></span> <span class='ocrx_word' id='word_1_254' title='bbox 3066 1666 3445 1731; x_wconf 78' lang='lat' dir='ltr'><strong>corroborant,</strong></span> 
     </span>
    </p>
   </div>
   <div class='ocr_carea' id='block_1_33' title="bbox 1838 1754 3447 1832">
    <p class='ocr_par' dir='ltr' id='par_1_33' title="bbox 1838 1754 3447 1832">
     <span class='ocr_line' id='line_1_33' title="bbox 1838 1754 3447 1832; baseline -0.008 -11"><span class='ocrx_word' id='word_1_255' title='bbox 1838 1774 1895 1821; x_wconf 89' lang='lat' dir='ltr'><strong>et</strong></span> <span class='ocrx_word' id='word_1_256' title='bbox 1935 1764 2212 1821; x_wconf 84' lang='lat' dir='ltr'><strong>fortiorem</strong></span> <span class='ocrx_word' id='word_1_257' title='bbox 2254 1777 2343 1819; x_wconf 92' lang='lat' dir='ltr'><strong>me</strong></span> <span class='ocrx_word' id='word_1_258' title='bbox 2370 1761 2633 1832; x_wconf 80' lang='lat' dir='ltr'><strong>agonibus</strong></span> <span class='ocrx_word' id='word_1_259' title='bbox 2663 1758 2918 1824; x_wconf 88' lang='lat' dir='ltr'><strong>reddunt,</strong></span> <span class='ocrx_word' id='word_1_260' title='bbox 2947 1766 3002 1815; x_wconf 90' lang='lat' dir='ltr'><strong>et</strong></span> <span class='ocrx_word' id='word_1_261' title='bbox 3027 1756 3096 1812; x_wconf 89' lang='lat' dir='ltr'><strong>ad</strong></span> <span class='ocrx_word' id='word_1_262' title='bbox 3126 1755 3318 1828; x_wconf 84' lang='lat' dir='ltr'><strong>gaudia</strong></span> <span class='ocrx_word' id='word_1_263' title='bbox 3348 1754 3447 1809; x_wconf 89' lang='lat' dir='ltr'><strong>im-</strong></span> 
     </span>
    </p>
   </div>
   <div class='ocr_carea' id='block_1_34' title="bbox 1837 1847 3448 1927">
    <p class='ocr_par' dir='ltr' id='par_1_34' title="bbox 1837 1847 3448 1927">
     <span class='ocr_line' id='line_1_34' title="bbox 1837 1847 3448 1927; baseline -0.007 -15"><span class='ocrx_word' id='word_1_264' title='bbox 1837 1856 2085 1911; x_wconf 86' lang='lat' dir='ltr'><strong>mortalia</strong></span> <span class='ocrx_word' id='word_1_265' title='bbox 2127 1865 2289 1927; x_wconf 84' lang='lat' dir='ltr'><strong>atque</strong></span> <span class='ocrx_word' id='word_1_266' title='bbox 2341 1864 2543 1910; x_wconf 66' lang='lat' dir='ltr'><strong>aeterna</strong></span> <span class='ocrx_word' id='word_1_267' title='bbox 2590 1852 3010 1908; x_wconf 87' lang='lat' dir='ltr'><strong>transmittunt:</strong></span> <span class='ocrx_word' id='word_1_268' title='bbox 3044 1864 3141 1921; x_wconf 87' lang='lat' dir='ltr'><strong>pro</strong></span> <span class='ocrx_word' id='word_1_269' title='bbox 3190 1847 3273 1903; x_wconf 87' lang='lat' dir='ltr'><strong>his</strong></span> <span class='ocrx_word' id='word_1_270' title='bbox 3323 1860 3448 1917; x_wconf 89' lang='lat' dir='ltr'><strong>gra-</strong></span> 
     </span>
    </p>
   </div>
   <div class='ocr_carea' id='block_1_35' title="bbox 1840 1940 3447 2021">
    <p class='ocr_par' dir='ltr' id='par_1_35' title="bbox 1840 1940 3447 2021">
     <span class='ocr_line' id='line_1_35' title="bbox 1840 1940 3447 2021; baseline -0.008 -16"><span class='ocrx_word' id='word_1_271' title='bbox 1840 1950 1946 2005; x_wconf 86' lang='lat' dir='ltr'><strong>tias</strong></span> <span class='ocrx_word' id='word_1_272' title='bbox 1980 1963 2204 2021; x_wconf 83' lang='lat' dir='ltr'><strong>agamus</strong></span> <span class='ocrx_word' id='word_1_273' title='bbox 2247 1948 2380 2017; x_wconf 87' lang='lat' dir='ltr'><strong>Deo,</strong></span> <span class='ocrx_word' id='word_1_274' title='bbox 2421 1947 2507 2003; x_wconf 91' lang='lat' dir='ltr'><strong>cui</strong></span> <span class='ocrx_word' id='word_1_275' title='bbox 2544 1946 2717 2019; x_wconf 87' lang='lat' dir='ltr'><strong>gloria</strong></span> <span class='ocrx_word' id='word_1_276' title='bbox 2755 1945 2812 2001; x_wconf 89' lang='lat' dir='ltr'><strong>in</strong></span> <span class='ocrx_word' id='word_1_277' title='bbox 2850 1942 3045 2002; x_wconf 67' lang='lat' dir='ltr'><strong>saecula</strong></span> <span class='ocrx_word' id='word_1_278' title='bbox 3098 1940 3447 1997; x_wconf 69' lang='lat' dir='ltr'><strong>saeculorum.</strong></span> 
     </span>
    </p>
   </div>
   <div class='ocr_carea' id='block_1_36' title="bbox 1845 2043 2039 2098">
    <p class='ocr_par' dir='ltr' id='par_1_36' title="bbox 1845 2043 2039 2098">
     <span class='ocr_line' id='line_1_36' title="bbox 1845 2043 2039 2098; baseline -0.01 -1"><span class='ocrx_word' id='word_1_279' title='bbox 1845 2043 2039 2098; x_wconf 77' lang='lat' dir='ltr'><strong>Amen.</strong></span> 
     </span>
    </p>
   </div>
  </div>
