4104 6532
698 459 824 514 835⁸

1381 456 1440 512 s.
1475 413 1758 513 Joauuts
1793 448 2281 510 CHRYSOSTOMI
2335 444 2651 503 meumr.
2692 439 3228 502 CONSTANTINOP.

2137 1263 2492 1325 MONITUM

765 1604 939 1659 Aliam
967 1602 1178 1657 edimus
1223 1600 1644 1664 oratiunculam,
1671 1598 2061 1669 Chrysostomo
2097 1596 2428 1666 ascriptam,
2459 1611 2622 1665 quam
2669 1609 2734 1650 ex
2796 1592 3059 1651 Vaticano
3118 1597 3351 1666 quodam
3401 1597 3602 1652 Codice
3667 1596 3939 1662 eruimus,

693 1748 748 1794 et
787 1739 840 1794 in
876 1755 984 1811 qua
1014 1747 1209 1810 praeter
1235 1739 1472 1805 initium,
1500 1738 1589 1793 ubi
1619 1739 1866 1814 quamam
1902 1747 2218 1808 comparent
2256 1736 2444 1792 eadem
2481 1753 2602 1808 qua:
2642 1737 2696 1792 in
2737 1738 2905 1808 priori
2945 1739 3213 1804 oratione,
3251 1747 3445 1793 caetera
3486 1737 3764 1808 perplexa,
3806 1736 3936 1791 inti-

695 1907 904 1965 tumque
932 1903 1074 1950 notae
1100 1893 1352 1949 videntur
1382 1908 1524 1958 esse,
1553 1893 1800 1963 quadam
1855 1894 1981 1948 item
2031 1908 2098 1948 ex
2141 1893 2443 1962 posteriore
2481 1893 2670 1964 prima
2719 1892 2984 1948 orationis
3025 1901 3181 1962 parte
3219 1901 3491 1963 excerpta.
3537 1889 3718 1946 Unum
3752 1898 3940 1946 tamen

693 2043 794 2100 est,
823 2034 966 2105 quod
998 2033 1161 2104 hujus
1181 2035 1427 2105 opusculi
1456 2033 1790 2104 γηνσιότητα
1821 2049 2167 2104 prepugnare
2193 2034 2459 2088 videatur.
2494 2031 2763 2087 Nimirum
2811 2032 3265 2103 Chrysostomus,
3299 2030 3560 2087 Oratione
3604 2031 3783 2101 prima
3811 2042 3940 2100 post

692 2175 926 2232 reditum
957 2178 1024 2233 ab
1049 2177 1261 2245 exsilio,
1293 2191 1457 2248 quam
1479 2191 1602 2231 cum
1628 2175 1859 2232 eruditis
1890 2193 2028 2246 pene
2059 2177 2312 2232 omnibus
2353 2186 2666 2245 germanam
2699 2190 3007 2240 censemus,
3047 2177 3159 2232 haec
3193 2178 3266 2230 ait
3299 2196 3312 2231 :
3357 2177 3677 2230 Meministis
3722 2192 3806 2230 me
3834 2174 3942 2229 Jo-

693 2318 814 2372 i‘um
848 2320 901 2372 in
928 2320 1155 2374 medium
1178 2317 1456 2381 adducere,
1490 2333 1552 2369 ac
1581 2317 1791 2370 dicere:
1825 2313 1908 2368 Sit
1941 2328 2125 2367 nomen
2159 2311 2372 2366 Domini
2409 2311 2735 2365 benedictum
2779 2313 2832 2364 in
2873 2311 3087 2366 alecula.
3135 2311 3262 2364 Ha’c
3309 2313 3449 2366 vobis
3487 2313 3712 2378 pignora
3753 2314 3939 2368 exiens

1559 3275 1795 3366 CUM
1875 3276 2156 3366 [RET
2231 3277 2352 3366 IN
2427 3275 3060 3367 EXSILIUM.

775 4120 821 4172 l.
866 4119 1004 4174 laeta
1033 4122 1187 4177 nobis
1207 4125 1376 4180 oratio
1396 4167 1411 4191 ,
1439 4125 1630 4182 fratres
1652 4167 1667 4196 ,
1694 4128 2108 4201 splendidusquc
2137 4147 2271 4187 con-

696 4220 906 4276 vculuS,
938 4223 991 4266 et
1017 4213 1176 4269 latum
1203 4217 1594 4288 spatiosumque
1614 4233 1759 4273 mare
1786 4221 2016 4288 plenum,
2044 4222 2137 4277 sed
2163 4238 2268 4278 non

697 4312 972 4358 ventorum
1015 4307 1212 4376 impetu
1233 4309 1506 4379 agitatum.
1537 4311 1692 4365 Venit
1723 4313 1864 4366 enim
1897 4327 2065 4369 mater
2090 4318 2264 4384 pacis,

695 4411 814 4463 quae
843 4407 1118 4455 ventorum
1149 4401 1400 4472 impetum
1434 4405 1737 4475 exstinguit.
1773 4406 1936 4460 Mater
1966 4409 2092 4463 Sion
2117 4411 2266 4479 dicet,

701 4489 849 4543 homo
867 4501 912 4544 et
935 4492 1082 4546 homo
1099 4504 1243 4550 natus
1255 4506 1329 4551 est
1352 4497 1404 4551 in
1431 4514 1509 4564 ea,
1529 4509 1574 4552 et
1594 4500 1699 4567 ipse
1720 4501 1946 4570 fundavit
1967 4519 2075 4555 eam
2097 4503 2267 4574 (I’sal.

699 4579 788 4634 86.
819 4581 894 4651 5).
926 4583 1096 4640 Filioli
1143 4587 1284 4652 mei,
1328 4604 1414 4644 me
1455 4591 1779 4646 iutcrl'eeturi
1824 4595 1986 4648 sunt?
2032 4595 2096 4648 Et
2145 4597 2270 4665 quid

700 4681 925 4728 mortem
957 4675 1211 4730 timeam?
1242 4677 1374 4731 Milli
1399 4681 1556 4734 vivere
1580 4681 1807 4736 Christus
1833 4694 1903 4738 est
1926 4725 1939 4746 ,
1969 4694 2013 4738 et
2035 4687 2161 4738 mori
2188 4689 2270 4740 lu-

696 4780 838 4817 crum
868 4765 1123 4839 (Philipp.
1153 4771 1204 4824 1.
1229 4769 1293 4827 2|
1320 4770 1362 4841 ).
1393 4771 1496 4826 Sed
1519 4773 1569 4826 in
1599 4774 1839 4829 exsilium
1886 4777 2135 4830 mittent?
2164 4778 2270 4832 Do-

701 4855 824 4908 mini
852 4867 925 4910 est
951 4866 1103 4924 terra,
1133 4869 1182 4914 et
1207 4860 1479 4930 plenitudo
1495 4865 1600 4932 ejus
1630 4862 1799 4930 (Psnl.
1833 4865 1919 4918 ‘23.
1949 4867 2022 4933 l).
2059 4866 2161 4920 Sed
2195 4867 2271 4920 fa-

696 4947 922 5002 cultates
951 4964 1083 5004 mete
1110 4951 1556 5019 publicabuntur?
1592 4951 1738 5005 Nihil
1763 4955 2020 5009 intulimus
2054 4957 2106 5009 in
2142 4957 2272 5012 hunc

701 5040 962 5106 mundum,
996 5052 1277 5110 certumque
1304 5051 1375 5096 est
1405 5043 1538 5111 quod
1566 5043 1694 5097 nihil
1723 5045 1839 5098 hinc
1876 5048 2149 5116 poterimus
2175 5066 2269 5101 au-

700 5131 832 5196 ferre
853 5129 931 5199 (1.
963 5129 1092 5184 Tim.
1119 5134 1171 5187 6.
1198 5132 1275 5202 7).
1301 5133 1405 5188 Sed
1433 5134 1578 5188 scitis
1599 5150 1699 5204 qua
1725 5135 1790 5191 de
1809 5151 1964 5190 causa
1993 5153 2078 5192 me
2108 5139 2270 5208 depo-

700 5217 853 5274 situri
883 5219 1005 5275 sint.
1036 5221 1166 5288 Quia
1195 5232 1397 5292 tapetes
1427 5238 1532 5278 non
1557 5225 1803 5293 erpaudi,
1829 5235 1881 5281 et
1907 5230 2090 5284 sericis
2110 5232 2270 5286 vesti-

700 5308 802 5364 bus
839 5325 945 5364 non
989 5326 1106 5367 sum
1137 5327 1264 5367 usus
1283 5354 1297 5380 ,
1327 5314 1446 5382 quia
1476 5329 1659 5370 eorum
1686 5318 1965 5386 ingluviem
1993 5337 2098 5376 non
2133 5321 2267 5389 fovi,

703 5418 802 5457 nec
841 5419 1027 5459 aurum
1070 5407 1153 5460 vel
1195 5415 1468 5477 argentum
1519 5409 1646 5477 ipsis
1680 5410 1862 5464 obtuli.
1893 5411 2082 5468 Dicunt
2112 5429 2270 5484 porro

701 5496 829 5550 mihi
855 5513 868 5550 :
897 5495 1182 5553 Comedisli
1221 5507 1273 5553 et
1297 5498 1491 5565 bibisti,
1523 5508 1578 5554 et
1606 5499 1899 5571 baptizasti.
1929 5503 1984 5558 Si
2019 5504 2120 5560 hoc
2146 5504 2266 5569 feci,

703 5589 977 5643 anathema
1010 5590 1136 5644 mihi
1161 5630 1178 5657 ,
1204 5606 1272 5646 ne
1311 5605 1563 5648 numerer
1594 5608 1711 5646 cmn
1740 5595 2000 5664 episc0pis
2024 5635 2037 5658 ,
2071 5611 2139 5648 ne
2169 5595 2268 5648 sim

703 5694 822 5732 cum
858 5681 1078 5750 angelis,
1109 5687 1174 5737 n‘e
1202 5682 1309 5736 Deo
1335 5683 1590 5751 placeam.
1624 5683 1838 5738 Etiamsi
1868 5699 1995 5739 vero
2021 5685 2270 5739 comede-

706 5769 804 5822 rim
831 5781 886 5824 et
926 5771 1328 5840 baptizaverim,
1372 5774 1499 5828 nihil
1536 5791 1718 5830 eorum
1761 5779 2106 5846 inopportuno
2150 5779 2266 5832 feci.

705 5857 983 5929 Deponant
1023 5873 1077 5920 et
1115 5864 1342 5920 Paulum
1370 5866 1700 5935 apostolum,
1735 5868 1871 5938 quod
1915 5878 2032 5938 post
2062 5883 2267 5923 coenam

2376 4129 2580 4187 custodi
2606 4129 2833 4184 carceris
2848 4127 3110 4196 baptisma
3136 4125 3418 4181 contulerit
3443 4125 3572 4196 (Act.
3603 4123 3691 4180 16.
3715 4124 3810 4194 33)
3833 4125 3959 4181 :dc-

2375 4233 2572 4292 ponant
2606 4222 2776 4292 ipsum
2804 4221 3086 4275 Dominum
3110 4263 3123 4285 ,
3155 4218 3296 4288 quod
3327 4229 3446 4289 post
3473 4233 3682 4274 caenam
3710 4233 3962 4272 commn-

2374 4315 2588 4370 nionem
2620 4311 2891 4382 discipulis
2915 4310 3142 4367 dederit.
3174 4310 3364 4365 Multos
3393 4310 3546 4365 video
3583 4309 3809 4375 ﬂuctus,
3840 4325 3964 4380 gra-

2373 4420 2600 4474 vemque
2621 4402 2931 4473 procellam,
2952 4412 3266 4472 paratasque
3296 4400 3475 4455 hastas
3504 4417 3518 4452 :
3551 4410 3601 4454 at
3628 4415 3729 4471 ego
3756 4400 3960 4470 guber-

2374 4505 2528 4551 nator
2559 4509 2749 4565 magna
2785 4494 3060 4564 ingruente
3085 4501 3419 4562 tempestate,
3450 4491 3500 4544 in
3532 4490 3734 4545 duabus
3762 4490 3962 4560 navigii

2375 4589 2638 4658 puppibus
2683 4586 2879 4651 sedeo,
2916 4586 3153 4650 scilicet,
3184 4585 3238 4640 in
3267 4584 3446 4640 Veteri
3487 4594 3542 4640 et
3577 4583 3725 4638 Novo
3767 4582 3960 4638 Testa-

2376 4689 2577 4747 mento,
2602 4689 2760 4750 atque
2785 4679 2947 4734 remis
2979 4687 3344 4747 tempestatem
3370 4675 3581 4746 depello
3615 4694 3626 4729 :
3658 4689 3764 4729 non
3798 4675 3964 4728 remis

2377 4771 2583 4842 ligneis,
2613 4771 2706 4826 sed
2732 4770 3030 4826 veneranda
3065 4784 3224 4825 cruce
3253 4766 3463 4822 Domini
3504 4770 3880 4834 tempestatem
3910 4766 3960 4819 in

2379 4880 2561 4933 pacem
2580 4872 2851 4918 converto.
2872 4862 3130 4917 Dominus
3148 4860 3318 4929 jubet,
3337 4869 3390 4914 et
3413 4866 3698 4915 coronatur
3723 4871 3922 4912 servus
3946 4873 3959 4908 :

2380 4954 2604 5024 ideoque
2635 4970 2740 5008 non
2783 4968 2906 5009 eum
2933 4953 2986 5006 in
3011 4949 3207 5005 diaboli
3249 4964 3437 5004 manus
3478 4946 3656 5002 tradit.
3686 4947 3769 5001 An
3812 4947 3964 5018 igno-

2378 5054 2495 5098 rant
2515 5045 2774 5109 homines,
2791 5058 2883 5098 vas
2912 5042 3254 5113 purissimum
3285 5038 3540 5094 immundi
3561 5037 3964 5107 comparatione

2376 5136 2719 5206 conspicuum
2764 5134 2918 5190 ﬁeri?
2978 5133 3218 5199 Fratres,
3274 5130 3598 5202 bypotbeses
3643 5128 3796 5182 vobis
3851 5139 3964 5184 tres

2377 5241 2520 5296 pono
2539 5268 2554 5292 ,
2589 5226 2744 5281 (idem
2771 5267 2785 5291 ,
2814 5224 3159 5280 tentationem
3186 5264 3200 5289 ,
3246 5221 3647 5277 continentiam.
3675 5218 3729 5274 Si
3770 5219 3963 5274 dicatis

2378 5318 2534 5374 [idem
2564 5334 2659 5373 vos
2689 5320 2974 5385 sustinere,
3004 5315 3281 5372 imitamini
3309 5314 3521 5370 beatum
3552 5311 3844 5378 Abraham,
3874 5315 3962 5384 qui

2377 5412 2441 5466 ad
2480 5423 2807 5469 senectutem
2835 5413 3077 5482 pervenit
3095 5452 3109 5475 ,
3137 5419 3192 5466 et
3231 5420 3467 5465 maturos
3494 5405 3699 5476 accepit
3731 5405 3962 5463 fructus.

2377 5503 2430 5559 Si
2460 5505 2646 5561 dicatis
2669 5522 2760 5561 vos
2811 5506 3155 5560 tentationem
3185 5504 3466 5564 sustinere,
3509 5500 3790 5554 imitamini
3836 5501 3964 5556 bea-

2380 5605 2487 5649 tum
2519 5597 2637 5652 Job.
2667 5598 2794 5666 Ejus
2835 5611 3013 5650 mores
3042 5595 3230 5658 nostis,
3261 5603 3316 5648 ct
3350 5591 3655 5662 patientiam
3695 5591 3920 5644 audistis
3942 5632 3961 5655 ,

2377 5703 2474 5742 nec
2496 5690 2744 5758 ignoratis
2762 5689 2968 5757 qualem
2987 5687 3206 5741 sortitus
3226 5685 3294 5738 sit
3319 5683 3498 5738 linem.
3520 5682 3614 5736 Sin
3635 5681 3809 5736 velitis
3827 5695 3962 5735 con-

2379 5780 2648 5835 tinentiam
2682 5781 2980 5842 sustinere,
3011 5776 3286 5831 imitamini
3335 5775 3546 5828 beatum
3589 5772 3824 5840 Josepb,
3869 5771 3958 5839 qui

2376 5870 2618 5926 venditus
2637 5882 2716 5926 est
2745 5873 2795 5926 in
2818 5868 3100 5940 .lEgyptuui
3120 5864 3492 5934 ducendus,et
3518 5863 3654 5918 fame
3683 5862 3958 5917 tabesccn~
