4104 6492
166 466 249 526 451
655 459 1061 523 ORATIONES
1102 455 1279 517 POST
1319 454 1639 513 REDITUM
1678 451 1770 508 AB
1809 448 2087 507 EXSlLIO
2130 447 2381 505 DICT/E.
2421 476 2490 488 -—
2534 439 2877 499 MONITUM.

165 590 250 635 tem
287 578 568 651 Egyptum
626 581 893 635 liberavit.
934 578 1012 633 Illi
1054 575 1253 646 quippe
1294 556 1519 629 tentatio
1551 570 1727 625 oblata

164 681 230 727 cst
270 685 356 741 per
384 671 727 725 meretricem
758 668 1066 741 Egyptiam
1109 680 1296 721 amore
1328 664 1446 735 ejus
1472 671 1683 733 captam
1710 701 1724 725 ,

161 780 259 833 quae
283 765 373 834 ipsi
397 763 696 828 assidebat,
724 761 864 819 Cuba
887 777 1084 816 mecum
1105 757 1263 830 (Gen.
1291 756 1384 813 39.
1406 758 1486 827 7),
1516 755 1722 809 dicens.

165 858 355 913 Volebat
395 859 535 912 enim
582 870 711 910 eum
751 871 783 910 a
828 854 1075 909 castitate
1111 852 1381 907 abducere
1409 850 1464 905 in
1493 847 1727 933 Egypt}!

161 950 418 1020 Algyptia:
461 948 547 1001 hic
597 963 731 1002 vero
767 945 1050 1018 Egyptius
1100 944 1273 1000 adest.
1308 942 1506 998 Verum
1550 952 1725 1009 neque

160 1044 227 1096 illa
264 1052 492 1096 sanctum
534 1040 900 1110 supplantavit
925 1081 941 1105 ,
971 1052 1146 1109 neque
1183 1036 1327 1091 hunc
1355 1033 1465 1090 ille.
1496 1031 1602 1088 Sed
1630 1046 1723 1100 ap-

160 1134 303 1201 paruit
327 1131 479 1186 simul
501 1130 770 1186 libertatis
798 1116 1166 1199 temperantia,
1199 1127 1427 1183 filiorum
1449 1123 1718 1187 nobilitas,

156 1234 198 1276 et
220 1222 438 1278 barbara:
461 1221 708 1277 mulieris
730 1220 1133 1276 incontinentia.

210 1315 256 1369 9.
290 1314 527 1383 Fratres,
559 1314 649 1369 fur
689 1330 793 1370 non
825 1314 1123 1385 ingreditur
1159 1327 1257 1379 eo,
1282 1309 1373 1365 uhi
1404 1308 1555 1379 palea
1579 1349 1593 1374 ,
1622 1306 1717 1362 fm-

157 1421 257 1461 oum
278 1447 294 1474 ,
324 1416 375 1462 et
408 1407 608 1476 lignum
637 1406 873 1471 adsunt;
901 1406 996 1462 sed
1028 1405 1116 1461 ubi
1144 1419 1330 1460 aurum
1356 1444 1372 1471 ,
1399 1412 1678 1473 argentum
1700 1441 1716 1466 ,

155 1510 225 1553 aut
249 1503 517 1570 margarita
547 1503 669 1556 :sie
696 1509 750 1555 et
772 1500 1018 1556 diabolus
1046 1514 1154 1555 non
1184 1514 1250 1554 eo
1278 1496 1595 1568 ingreditur,
1628 1494 1715 1548 ubi

158 1602 402 1658 scortator,
449 1601 543 1648 aut
593 1592 890 1663 profanus,
942 1602 1034 1649 aut
1085 1606 1283 1663 rapax,
1338 1598 1433 1645 aut
1484 1604 1710 1654 avarus;

154 1685 225 1737 sed
253 1684 332 1739 ubi
366 1684 460 1752 illi,
487 1686 580 1754 qni
613 1684 908 1740 solitariam
938 1693 1103 1755 agunt
1132 1683 1317 1738 vitam.
1351 1683 1589 1746 Fratres,
1620 1696 1717 1736 vo-

156 1776 359 1831 lumusne
387 1776 620 1846 linguam
647 1792 842 1833 acuere
859 1776 1116 1833 adversus
1143 1775 1579 1847 lmperatricem?
1608 1774 1715 1830 Sed

153 1866 251 1934 quid
274 1865 479 1922 dicam?
505 1867 724 1923 Jezabel
756 1868 1039 1923 tumultum
1063 1868 1207 1939 agit,
1240 1875 1293 1922 et
1328 1867 1508 1922 Helias
1538 1864 1670 1937 fugit
1698 1882 1711 1918 :

154 1956 373 2011 tlorodias
419 1958 669 2024 laetatur,
720 1969 775 2014 et
825 1958 1061 2015 Joannes
1109 1958 1337 2013 vinculis
1386 1958 1713 2028 stringitur:

154 2048 364 2120 ngptia
411 2051 707 2115 mentitur,
735 2060 789 2105 et
814 2050 1015 2121 Joseph
1072 2051 1124 2106 in
1160 2065 1433 2105 carcerem
1462 2050 1711 2105 truditur.

151 2139 192 2192 Si
228 2142 387 2210 itaque
420 2157 505 2196 me
532 2143 591 2195 in
618 2142 863 2197 exsilium
890 2142 1154 2207 miserint,
1188 2141 1394 2197 lleliam
1426 2142 1712 2205 imitabor;

150 2232 181 2283 si
208 2232 251 2286 in
277 2246 477 2289 canum
510 2235 864 2302 proiecerit“,
892 2234 1213 2299 Jercmiam;
1243 2234 1288 2288 si
1319 2235 1369 2287 in
1402 2250 1549 2288 mare
1578 2252 1716 2304 prm-

151 2325 478 2391 ripitaverint.
509 2326 707 2381 Jnnam
741 2328 1090 2397 prophetam;
1123 2327 1167 2383 si
1200 2329 1251 2382 in
1294 2327 1488 2384 lacum.
1526 2328 1702 2383 llanie-

150 2414 733 2487 lem;silapitlavcrint,
766 2421 1146 2491 Stephanum;
1191 2418 1238 2475 si
1283 2418 1461 2488 capite
1496 2429 1719 2476 trunca-

151 2508 317 2572 verint,
357 2508 626 2565 Joannem
686 2509 1115 2578 Praecursorem;
1175 2512 1221 2569 si
1274 2512 1710 2577 verberaverint,

152 2596 439 2666 Paulum;si
491 2617 649 2657 serra
695 2604 990 2668 secuerint,
1058 2602 1267 2660 Isaiam.
1312 2603 1529 2661 Utinam
1580 2618 1711 2660 vero

151 2702 269 2744 serra
296 2690 482 2762 lignea.
514 2702 580 2748 ut
617 2709 803 2751 amore
830 2697 1006 2751 crucis
1044 2695 1211 2751 fruar.
1234 2694 1503 2766 Corporea
1532 2696 1712 2751 ineor-

150 2793 331 2848 poreum
357 2795 633 2855 oppugnat
661 2804 676 2841 :
702 2802 823 2857 quae
850 2787 1055 2843 balneis
1082 2797 1137 2843 et
1163 2788 1447 2859 unguentis
1494 2788 1710 2856 fruitur,

148 2889 244 2939 qua:
267 2890 376 2930 cum
415 2879 535 2934 viro
564 2881 1021 2950 circumplicatur,
1046 2882 1242 2937 bellum
1276 2882 1414 2952 gerit
1454 2880 1713 2938 adversus

150 2977 300 3028 puram
328 2976 378 3020 et
406 2967 806 3024 immaculatam
840 2971 1156 3026 Ecclesiam.
1190 2968 1260 3025 At
1300 2972 1443 3028 enim
1474 2972 1562 3027 illa
1598 2974 1709 3041 jam

150 3053 272 3109 vidua
313 3057 561 3123 sedebit,
615 3062 780 3115 etiam
826 3063 941 3115 viro
984 3064 1273 3132 superstite
1304 3079 1319 3117 :
1350 3065 1472 3134 quia
1518 3079 1710 3134 nempe

148 3147 306 3201 mulier
328 3164 385 3203 es
405 3191 420 3215 ,
447 3162 503 3205 et
536 3152 616 3206 vis
650 3152 943 3207 Ecclesiam
974 3154 1187 3210 viduam
1232 3156 1429 3212 facere.
1460 3157 1584 3211 Heri
1614 3173 1707 3211 ve-

146 3239 261 3304 speri
284 3257 364 3294 me
389 3244 607 3299 tertium
634 3244 905 3301 decimum
934 3248 1233 3317 apostolum
1261 3249 1503 3313 vocabat,
1530 3259 1585 3304 et
1616 3249 1711 3303 ho-

147 3329 215 3383 die
247 3330 424 3390 Judam
452 3337 708 3406 appellat.
747 3338 869 3394 lleri
898 3354 1021 3395 cum
1056 3341 1304 3398 libertate
1338 3356 1545 3397 mecum
1574 3358 1709 3397 con-

3322 440 3430 497 438

1840 568 2090 635 sidebat,
2123 578 2181 625 et
2232 568 2389 625 hodie
2438 582 2538 625 ceu
2581 565 2699 624 fera
2751 567 2804 622 in
2852 582 2940 622 me
2982 567 3158 624 irruit.
3208 567 3457 639 Oportnit

1839 662 2007 716 solem
2035 661 2176 730 apml
2204 676 2302 715 nos
2326 660 2622 733 exstingui,
2650 670 2709 717 et
2733 661 2914 717 lunam
2938 676 3046 716 non
3075 675 3341 732 apparere
3367 674 3456 731 po-

1839 754 1965 821 tius,
2010 768 2172 824 quam
2222 755 2369 809 verbi
2419 754 2522 810 Job
2560 755 3027 811 oblivisceremur.
3058 755 3271 810 Etenim
3312 754 3454 822 Job,

1836 846 1928 914 qui
1953 853 2156 899 tantam
2188 860 2479 916 perpessus
2511 854 2596 902 est
2621 845 2834 917 plagam
2857 888 2870 911 ,
2900 846 3031 902 nihil
3076 848 3222 902 aliud
3248 848 3457 902 clama-

1837 936 1957 1001 bat,
1993 950 2152 1005 quam
2175 976 2190 1000 ,
2222 935 2305 991 Sit
2344 953 2529 991 nomen
2569 936 2779 992 Domini
2809 938 3132 992 benedictum
3171 939 3223 992 in
3265 939 3457 993 statuta

1836 1027 1959 1096 (Job
1993 1029 2043 1083 t.
2073 1028 2191 1098 ει).
2216 1028 2349 1083 Cum
2378 1031 2522 1085 enim
2572 1046 2708 1086 uxor
2735 1032 2853 1099 ejus
2878 1032 3186 1087 occlamans
3214 1032 3453 1087 diceret:

1839 1119 1933 1174 Dic
1979 1123 2182 1175 verbum
2209 1131 2387 1175 contra
2426 1118 2708 1176 Dominum
2739 1165 2752 1190 ,
2784 1137 2829 1176 et
2861 1140 3056 1178 morere
3101 1122 3232 1193 (Iri.
3261 1123 3317 1177 2.
3347 1123 3403 1193 9)
3437 1139 3454 1187 ;

1832 1217 2001 1283 ipsam
2029 1214 2327 1283 increpavit
2354 1216 2540 1271 dicens
2571 1234 2584 1269 :
2619 1216 2724 1271 Cur
2751 1217 2900 1285 quasi
2936 1234 3038 1270 una
3063 1232 3128 1271 ea:
3154 1217 3448 1289 insipienti-

1831 1308 1922 1358 bus
1962 1305 2257 1360 mulieribus
2299 1308 2508 1377 loquuta
2533 1324 2586 1361 es
2638 1307 2813 1380 (Ibid.
2847 1324 2894 1361 υ.
2931 1307 3077 1381 10)?
3107 1308 3153 1363 Ο
3187 1308 3453 1379 ingratam

1830 1398 2142 1453 mulierem!
2173 1414 2207 1453 ο
2232 1402 2584 1471 emplastrum
2613 1400 2899 1455 dolorum!
2932 1400 3202 1471 Numquid
3225 1444 3240 1469 ,
3271 1418 3304 1459 ο
3334 1418 3453 1456 mu-

1830 1491 1960 1559 lier,
2007 1500 2059 1547 te
2108 1494 2301 1548 morbo
2347 1493 2660 1559 laborante,
2706 1497 2826 1549 talia
2870 1506 3045 1551 tecum
3087 1496 3341 1566 loquutus
3368 1504 3453 1550 est

1826 1582 1969 1638 Job?
1995 1599 2174 1639 nonne
2200 1585 2450 1654 precibus
2470 1595 2524 1641 ct
2544 1586 2737 1641 officiis
2770 1596 2914 1640 tuam
2939 1586 3194 1643 abstersit
3220 1587 3441 1657 :egritu-

1830 1664 2050 1733 dinem?
2073 1677 2209 1733 Cum
2242 1681 2296 1733 in
2326 1679 2489 1749 regiis
2516 1680 2667 1734 atriis
2697 1679 2945 1747 degeret,
2972 1695 3096 1735 cum
3124 1681 3315 1750 opibus
3343 1681 3445 1734 llo-

1828 1778 1991 1836 reret,
2023 1784 2144 1825 cum
2176 1770 2326 1841 regio
2355 1771 2501 1826 cultu
2523 1814 2538 1838 ,
2570 1771 2703 1825 uilut
2735 1773 2913 1828 simile
2938 1770 3155 1828 dicebas
3175 1813 3190 1836 ,
3218 1782 3273 1826 et
3304 1787 3448 1827 nunc

1826 1864 1914 1919 ubi
1945 1863 2095 1919 vides
2124 1864 2271 1919 illum
2312 1864 2364 1919 in
2396 1865 2523 1920 timo
2561 1864 2865 1933 sedentem,
2895 1874 2951 1920 et
2977 1880 3005 1918 a
3032 1865 3306 1921 vermibus
3333 1866 3443 1919 cir-

1826 1954 2221 2021 cumvolutum,
2270 1954 2373 2009 hoc
2430 1955 2666 2026 loqueris
2699 1974 2712 2010 :
2749 1954 2845 2009 Dic
2870 1956 3074 2009 verbum
3118 1965 3298 2009 contra
3336 1954 3444 2009 Do-

1824 2050 2040 2114 minum,
2078 2059 2125 2103 et
2152 2065 2367 2103 morere.
2396 2046 2515 2104 Non
2544 2050 2674 2105 satis
2700 2057 2817 2104 erat
2859 2050 2933 2104 illi
2975 2059 3322 2118 temporanca
3349 2064 3443 2103 ca»

1820 2143 2053 2212 stigatio.
2083 2144 2177 2198 sed
2209 2143 2257 2198 ei
2291 2158 2386 2213 per
2411 2143 2513 2197 hoc
2545 2144 2793 2207 verbum,
2825 2150 3087 2197 aeternum
3110 2123 3434 2212 supplicium

1824 2235 2125 2304 procuras?
2170 2236 2275 2291 Sed
2318 2236 2448 2306 quid
2494 2237 2680 2290 beatus
2718 2235 2863 2291 Job?
2906 2232 3013 2291 Cur
3050 2235 3198 2304 quasi
3237 2251 3340 2288 una
3380 2250 3446 2288 ea:

1821 2329 2173 2400 insipientibus
2202 2330 2497 2382 mulieribus
2529 2330 2737 2396 loquuta
2758 2330 2851 2383 es?
2876 2327 2939 2383 Si
2967 2328 3098 2381 bona
3128 2327 3443 2396 suscepimus

1823 2420 1886 2475 de
1915 2437 2069 2474 manu
2108 2420 2340 2487 Domini,
2366 2422 2503 2475 mala
2534 2438 2634 2475 non
2660 2420 3057 2475 sustinebimus?
3086 2419 3225 2487 Quid
3258 2428 3439 2475 autem

1824 2512 1939 2567 haec
1959 2513 2137 2583 iniqua
2158 2512 2412 2569 etodiosa
2435 2529 2450 2578 ;
2477 2513 2613 2581 haec,
2634 2514 2873 2582 inquant,
2893 2529 3029 2568 nova
3050 2511 3287 2569 Jezabel.
3324 2552 3337 2566 .
3372 2552 3386 2565 .
3421 2552 3435 2566 .

1822 2606 1931 2662 Sed
1966 2607 2130 2662 tnittit
2158 2607 2287 2662 mihi
2315 2607 2569 2663 consules
2597 2616 2652 2661 ct
2678 2608 2921 2662 tribunos
2942 2648 2956 2667 ,
2988 2614 3302 2675 tantumque
3335 2606 3438 2659 mi-

1821 2700 2042 2754 nitatur.
2089 2700 2158 2755 Et
2194 2700 2321 2771 quid
2370 2698 2439 2755 ad
2489 2715 2576 2755 me
2617 2698 2849 2756 attinet?
2881 2700 3105 2754 Araneze
3138 2698 3207 2752 ab
3243 2712 3441 2753 aranea

1822 2794 2021 2848 missae.
2056 2792 2292 2857 Fratres,
2324 2792 2577 2864 quoniam
2611 2792 2887 2847 laboribus
2910 2791 3155 2856 victoria,
3184 2792 3438 2846 certami-

1823 2885 1978 2939 nibus
2005 2899 2205 2939 corona
2238 2895 2458 2955 paratur
2480 2926 2495 2952 ,
2527 2892 2586 2939 ut
2616 2884 2829 2939 divinus
2860 2883 3056 2938 Paulus
3093 2881 3255 2937 modo
3288 2880 3437 2935 dice-

1822 2977 1910 3031 bat
1930 3018 1942 3036 .
1985 2976 2189 3030 Bonum
2241 2986 2496 3031 certamen
2539 2978 2728 3031 certari
2751 3018 2765 3041 ,
2794 2992 3002 3030 cursum
3050 2975 3396 3029 consummavi
3420 3014 3434 3034 ,

1822 3068 1975 3137 ﬁdem
1999 3069 2192 3123 servavi
2223 3086 2241 3120 :
2269 3068 2323 3122 in
2353 3070 2549 3138 reliquo
2590 3070 2815 3139 reposita
2856 3078 2931 3123 est
2967 3066 3094 3121 mihi
3136 3083 3324 3122 corona
3345 3067 3439 3138 ju-

1820 3161 1992 3226 stitite,
2021 3177 2173 3230 quam
2206 3161 2383 3216 reddet
2406 3162 2531 3214 mihi
2564 3160 2815 3215 Dominus
2840 3161 2892 3214 in
2920 3160 3013 3213 illa
3043 3160 3126 3213 die
3144 3160 3323 3230 justus
3343 3161 3439 3230 ju-

1820 3251 1919 3305 αρε
1948 3252 2033 3323 (2.
2066 3251 2197 3305 Tim.
2226 3254 2279 3308 ι.
2316 3254 2394 3323 7).
2425 3234 2690 3320 Quoniam
2723 3253 2821 3324 ipsi
2853 3253 3023 3323 gloria
3058 3262 3115 3308 et
3154 3253 3437 3320 imperium

1822 3346 1873 3398 in
1916 3347 2112 3402 sarcula
2140 3348 2481 3401 smcnlorum.
2516 3349 2711 3402 Amen.

566 4186 648 4247 IN
693 4185 889 4248 DUAS
923 4187 1365 4262 SEQUENTES
1406 4190 1593 4251 POST
1640 4182 1987 4255 REDITUM
2033 4198 2129 4256 AB
2175 4198 2474 4261 EXSILIO
2516 4202 2971 4266 ORATIONES.

158 4431 246 4486 lem
275 4449 413 4501 esse,
444 4435 681 4506 ideoque
710 4436 1121 4505 brevissimam;
1159 4438 1400 4494 secunda
1428 4450 1611 4496 autem
1645 4441 1860 4513 longior
1885 4444 2205 4517 insequente
2230 4451 2318 4503 die
2341 4452 2487 4507 dicta
2518 4453 2687 4511 fuerit
2716 4472 2731 4512 :
2761 4456 2949 4526 lapsus
2981 4475 3111 4533 ergo
3143 4462 3413 4518 Sozome-

265 4538 345 4584 est
367 4530 462 4601 qui
485 4532 935 4600 extemporalem,
969 4533 1202 4603 σχέδιον,
1236 4533 1383 4588 illam
1415 4534 1755 4604 orationem,
1788 4554 1950 4608 quam
1998 4556 2256 4597 reversus
2302 4543 2738 4617 Chrysostomus
2770 4555 2839 4611 ad
2888 4530 3148 4625 populum
3194 4556 3412 4623 habuit,

154 4619 263 4674 dicit
287 4636 404 4679 eam
429 4639 556 4680 esse
577 4640 702 4697 qua:
724 4626 1021 4682 Abrahami
1056 4637 1111 4683 et
1141 4626 1293 4685 Sara
1323 4630 2015 4702 similitudinem'adhibet,
2047 4637 2117 4692 ab
2150 4638 2359 4709 illaque
2389 4642 2623 4700 orditur.

213 4711 337 4814 lluic
356 4718 596 4773 orationi
628 4719 850 4786 Graecae,
879 4736 1043 4790 quam
1071 4720 1261 4777 Latine
1292 4725 1684 4789 convertimus,
1718 4736 1956 4784 veterem
1988 4730 2517 4801 interpretationem,
2555 4754 2679 4809 quae
2721 4743 2775 4797 in
2820 4744 2974 4814 prius
3002 4745 3168 4801 editis
3197 4745 3395 4813 fertur,

154 4807 552 4915 Subjungimns;
588 4816 845 4883 quoniam
882 4816 1008 4871 hinc
1032 4827 1086 4871 et
1112 4817 1239 4872 inde
1282 4819 1545 4874 nonnulla
1575 4822 1845 4877 habentur
1873 4825 2078 4883 Graecis
2108 4829 2377 4897 auctiora,
2411 4807 2658 4903 quautam
2690 4807 2854 4895 etiam
2890 4858 3050 4900 secus
3086 4844 3287 4915 posita.

212 4898 507 5013 Secundam
540 4908 706 4963 etiam
734 4918 795 4964 ut
819 4925 1006 4965 verum
1039 4911 1417 4984 Chrysostomi
1445 4913 1616 4970 fetum
1651 4932 1842 4973 omnes
1873 4921 2168 4978 admittunt
2195 4942 2207 4978 :
2241 4898 2471 4998 eiusque
2502 4935 2836 5005 γνησιότητα
2869 4898 3403 5013 Sozomenitslbﬂ]

152 5001 398 5101 mserit-in
427 5002 552 5058 loco
582 5018 746 5075 supra
780 5006 965 5061 allato.
1008 5005 1191 5062 Unum
1222 5016 1307 5063 est
1332 5008 1480 5077 quod
1520 5024 1626 5063 non
1662 5026 1856 5081 parum
1900 5016 2101 5085 negotii
2146 5016 2402 5077 facessat.
2428 5001 2682 5101 Frimum
2714 5001 3098 5101 C-hrysostomi
3148 5001 3410 5091 exsilium

152 5021 322 5054 urserit
345 5021 398 5056 In
428 5021 552 5058 loco
582 5021 746 5075 supra
780 5021 965 5061 auato.
1009 5021 1191 5062 unum
1222 5021 1307 5063 est
1332 5021 1480 5077 quoa
1520 5024 1626 5063 non
1662 5026 1856 5081 parum
1900 5021 2101 5085 negotii
2146 5021 2402 5077 facessat.
2428 5021 2682 5173 {rituum
2714 5029 3098 5101 Chrysostomi
3148 5037 3405 5091 exsilium

152 5093 289 5151 etab
334 5096 427 5151 illo
482 5098 683 5153 exsilio
730 5100 939 5154 reditus
976 5101 1027 5155 in
1080 5116 1285 5156 annum
1343 5103 1546 5159 cadunt
1598 5104 1739 5172 405;
1795 5110 2120 5175 secundum,
2157 5129 2189 5169 a
2242 5130 2352 5184 quo
2399 5135 2432 5173 ι]
2477 5135 2680 5191 nquam
2732 5125 2895 5181 rediit
2946 5127 3405 5201 Chrysosmmus’

158 5200 283 5243 anno
446 5194 696 5293 contigit.
729 5195 867 5293 tium
893 5198 1135 5255 secundo
1163 5198 1372 5268 eiectus
1399 5199 1499 5254 fuit
1530 5199 1979 5271 Chrysostomus,
2010 5206 2241 5279 irruptio
2267 5210 2319 5264 in
2349 5214 2638 5273 ecclesiam
2688 5218 2829 5275 facta
2879 5231 2983 5286 est,
3019 5191 3403 5293 baptisterium

157 5287 397 5355 sanguine
426 5288 691 5359 repletum
729 5289 868 5357 fuit;
892 5292 1008 5347 bare
1042 5306 1191 5358 vero,
1220 5308 1342 5363 qua:
1368 5310 1513 5350 anno
1539 5296 1643 5350 404
1671 5308 1824 5367 gesta
1866 5310 2016 5368 sunt,
2057 5303 2110 5358 in
2156 5305 2259 5361 hac
2299 5308 2548 5375 homilia,
2582 5326 2729 5368 anno
2779 5315 2887 5370 403
2927 5287 3136 5383 habita,
3164 5337 3408 5378 connne-

153 5389 431 5449 ntorantttr,
458 5383 521 5436 τὸ
546 5386 910 5457 φωτιστήριον
944 5389 1174 5457 αἵματος
1215 5389 1621 5461 ἐμπέπλησται.
1661 5391 1708 5459 ρ

1827 5394 1950 5452 todo
1998 5400 2177 5468 potuit
2223 5401 2652 5475 Cbrysostomus
2700 5424 2763 5463 ea
2814 5426 2961 5466 anno
2992 5414 3100 5469 405
3141 5422 3204 5471 ut
3252 5427 3402 5488 gesta

152 5470 349 5575 referre,
377 5491 501 5575 qua:
527 5493 672 5533 anno
704 5480 879 5575 solum
908 5482 1157 5555 sequenti
1180 5494 1330 5556 gesta
1356 5488 1524 5541 sunt?
1556 5486 1681 5544 llaec
1721 5489 1911 5560 objicit
1964 5493 2222 5564 Savilius,
2270 5470 2472 5570 quibus
2506 5504 2805 5575 respondet
2837 5506 3223 5568 Tillemontius

151 5572 300 5675 ipsum
322 5579 378 5623 es
407 5570 516 5675 hoc
532 5574 860 5675 etnsequeuti
890 5591 1035 5630 anno
1082 5580 1397 5652 contingere
1430 5586 1693 5653 potuisse.
1747 5588 1900 5644 Alius
1956 5590 2191 5649 fortasse
2234 5596 2407 5663 dicet,
2456 5601 2575 5655 haec
2598 5570 2902 5671 vadjectitia
2933 5622 3074 5675 esse,
3106 5618 3159 5664 et
3208 5625 3271 5666 ex
3299 5613 3408 5667 alio

150 5654 989 5771 {offlopuscuto-C-h.rysostomi,
1022 5676 1167 5745 quod
1204 5679 1446 5747 perierit,
1473 5682 1580 5737 huc
1610 5685 1872 5741 translata
1906 5687 2093 5745 fuisse.
2130 5691 2290 5748 Certe
2331 5710 2420 5752 res
2454 5698 2567 5753 hzec
2611 5654 2930 5758 difficultate
2972 5654 3082 5761 non
3125 5654 3394 5771 vacatio;

150 5745 197 5799 in
218 5749 587 5827 Chrysostomi
624 5757 744 5815 Vita
776 5762 1023 5831 pluribus
1047 5745 1403 5837 expendetur.

206 5839 474 5961 Eodetridi
498 5849 798 5924 Tilmanni,
831 5857 926 5927 qui
958 5862 1348 5932 paraphrasten
1378 5867 1556 5925 ootius
1587 5884 1750 5939 quam
1784 5869 2135 5943 interpretem
2177 5878 2317 5949 egit,
2358 5882 2667 5943 versionem
2706 5886 3002 5957 rejecimus
3024 5934 3038 5954 ,
3084 5906 3395 5961 novamque

153 5940 458 6001 Inarimes.

434 6037 705 6099 Paruum.
750 6042 866 6102 Gn.
917 6042 1042 6107 Lll.

3005 6077 3041 6133 [ι
