4104 6492
686 446 793 502 439

1379 435 1436 490 8.
1477 430 1759 490 JOANNIS
1794 427 2276 488 CHRVSOS'I‘OHI
2317 427 2634 486 ARCHIEP.
2677 425 3222 531 UONSTANTINOP.

3819 430 3926 486 HD

707 668 3908 704 ___________________________________

1776 1183 2113 1280 POST
2206 1187 2816 1276 REDITUM

1964 1515 2008 1570 Δ
2049 1512 2299 1572 PRIOBE
2340 1513 2425 1570 EX
2435 1512 2626 1570 SILIO.

755 2391 807 2444 l.
838 2390 972 2459 Quid
999 2391 1192 2458 dicam,
1223 2402 1311 2447 aut
1340 2392 1466 2463 quid
1494 2393 1722 2464 loquar?
1754 2393 2073 2453 Benedictus
2099 2396 2257 2454 Dens.

686 2482 794 2541 Hoc
824 2498 1070 2553 egressus
1094 2484 1223 2551 disi,
1259 2485 1357 2540 hoc
1381 2487 1572 2542 iterum
1614 2487 1846 2556 profero,
1882 2489 1988 2543 imo
2015 2489 2120 2544 illic
2145 2505 2264 2544 cum

685 2587 858 2630 essem
888 2591 993 2630 non
1022 2577 1278 2632 intermisi
1310 2577 1506 2633 dicere.
1540 2579 1850 2635 Meministis
1879 2595 1963 2635 me
1991 2579 2181 2637 Jobnm
2215 2583 2267 2636 in

685 2665 919 2721 medium
949 2666 1213 2723 adducere
1237 2709 1251 2733 ,
1293 2683 1355 2723 ac
1381 2669 1561 2725 dicere
1592 2687 1604 2723 ε
1641 2670 1722 2725 Sit
1754 2687 1931 2725 nomen
1959 2669 2161 2725 Domini
2189 2672 2269 2726 be-

691 2759 936 2813 nedictum
963 2761 1013 2813 in
1042 2761 1230 2815 uacula
1277 2760 1410 2831 (Job
1455 2764 1507 2816 l.
1548 2763 1610 2819 21
1641 2764 1681 2832 ).
1716 2764 1840 2820 11ωο
1869 2765 2021 2820 vobis
2050 2767 2266 2835 pignora

685 2852 868 2908 exiens
898 2853 1109 2924 reliqui,
1139 2855 1234 2909 bas
1253 2857 1539 2925 gratiarum
1561 2859 1800 2913 actiones
1826 2867 2010 2928 repeto
2034 2876 2047 2912 :
2077 2858 2160 2914 Sit
2181 2877 2270 2914 no-

688 2961 800 3000 men
849 2944 1053 3001 Domini
1093 2948 1402 3002 benedictum
1444 2950 1496 3002 in
1525 2947 1727 3003 secula.
1777 2949 2008 3005 Diversa:
2036 2965 2142 3010 res.
2175 2951 2267 3005 sed

688 3052 791 3091 una
817 3036 1149 3108 glorificatio.
1186 3039 1372 3094 Pulsus
1393 3041 1591 3110 gratias
1611 3040 1852 3111 agebam,
1884 3056 2130 3096 reversus
2149 3057 2270 3112 gra-

689 3129 788 3184 tias
813 3142 932 3200 ago.
960 3129 1189 3186 Diversa:
1229 3145 1334 3192 res,
1368 3132 1460 3186 sed
1493 3131 1616 3186 nnis
1647 3148 1783 3188 unus
1813 3132 2003 3188 hiemis
2035 3142 2088 3188 ct
2114 3142 2270 3188 aesta-

690 3221 793 3285 tis;
825 3235 962 3276 unus
1002 3219 1142 3288 linis,
1187 3224 1299 3292 agri
1341 3221 1580 3277 felicitas.
1615 3222 1931 3279 Benedictus
1977 3222 2150 3290 Deus,
2182 3222 2271 3292 qui

688 3313 933 3381 permisit
973 3313 1152 3384 egredi
1179 3329 1193 3372 :
1226 3313 1538 3370 benedictus
1565 3313 1755 3368 iterum
1776 3355 1792 3380 ,
1821 3315 1908 3384 qui
1939 3315 2002 3368 ad
2043 3314 2270 3369 reditum

689 3407 963 3469 evocavit;
1011 3401 1320 3460 benedictus
1351 3405 1524 3471 Deus,
1553 3404 1642 3476 qui
1675 3413 2042 3474 tempestatem
2076 3405 2273 3476 permi-

692 3494 760 3549 sit
784 3511 800 3558 ;
828 3494 1136 3552 benedictus
1163 3495 1324 3564 Deus,
1349 3495 1441 3566 qui
1463 3505 1832 3566 tempestatem
1850 3495 2028 3561 solvit,
2057 3504 2109 3550 et
2130 3505 2275 3550 tran-

691 3589 1012 3660 quillitatem
1041 3589 1262 3659 paravit.
1306 3589 1430 3644 llaec
1455 3589 1596 3656 dico,
1635 3597 1694 3644 ut
1723 3603 1818 3644 vos
1847 3589 1912 3643 ad
1955 3588 2276 3644 benedicen-

692 3681 820 3737 dum
859 3682 967 3738 Deo
994 3683 1283 3739 instituam.
1313 3682 1457 3738 Bona
1482 3683 1856 3752 contigerunt?
1885 3682 2116 3738 Benedic
2142 3682 2272 3746 Deo,

691 3783 746 3830 et
772 3776 908 3830 bona
945 3783 1179 3832 manent.
1217 3775 1347 3831 Mala
1376 3776 1725 3832 acciderunt?
1769 3775 1999 3832 Benedic
2048 3775 2177 3836 Deo.
2223 3786 2277 3832 et

693 3867 834 3923 mala
882 3867 1176 3923 solvuntur.
1217 3867 1487 3937 Siquidem
1515 3876 1572 3923 et
1597 3866 1697 3922 Job
1739 3865 1890 3922 dives
1934 3881 2055 3922 cum
2097 3877 2272 3931 esset,

691 3958 889 4029 gratias
908 3959 1114 4029 agebat,
1138 3973 1336 4029 pauper
1359 3959 1516 4015 etiam
1537 3957 1758 4014 etl‘ectus
1783 3957 1894 4014 Deo
1917 3957 2138 4028 gloriam
2157 3958 2278 4014 red-

694 4050 872 4105 debat.
904 4049 1087 4121 Neque
1116 4061 1242 4106 tunc
1269 4052 1460 4121 rapuit,
1501 4066 1676 4122 neque
1712 4060 1840 4106 tunc
1868 4050 2274 4122 blasphemavit.

699 4141 854 4197 Varia
903 4152 1176 4212 tempora,
1219 4152 1272 4200 et
1312 4160 1415 4198 una
1459 4159 1609 4201 mens
1648 4142 1748 4200 fuit
1779 4162 1792 4198 :
1823 4158 1887 4199 ac
1909 4143 2279 4214 gubernatoris

698 4235 948 4290 virtutem
973 4249 1072 4291 nec
1093 4236 1446 4307 tranquillitas
1475 4237 1716 4304 resolvit,
1748 4251 1846 4292 nec
1874 4245 2157 4306 tempestas
2188 4236 2282 4290 de-

698 4327 911 4394 mergit.
944 4325 1260 4384 Benedictus
1304 4327 1445 4384 Deus
1485 4339 1539 4385 et
1578 4344 1701 4385 cum
1741 4345 1773 4384 a
1807 4328 1960 4385 vobis
2003 4337 2279 4398 separatus

695 4431 836 4484 sum,
870 4427 924 4473 et
949 4434 1070 4474 cum
1096 4435 1192 4475 vos
1219 4421 1548 4492 recuperavi.
1575 4420 1814 4494 Utraque
1833 4421 2072 4492 ejusdem
2102 4422 2280 4492 provi-

697 4508 892 4566 dentiae
923 4513 1149 4567 fuerunt.
1178 4513 1221 4568 A
1260 4512 1411 4570 vobis
1446 4522 1724 4584 separatus
1753 4528 1869 4570 sum
1906 4529 2151 4585 corpore,
2183 4513 2277 4570 sed

699 4617 1032 4673 nequaquam
1055 4614 1252 4661 mente.
1281 4604 1470 4661 Videte
1487 4616 1684 4677 quanta
1708 4607 1930 4662 fecerint
1945 4606 2280 4662 inimicorum

702 4693 930 4749 insidiae.
960 4695 1202 4750 Studium
1242 4697 1617 4764 intenderunt,
1663 4697 1984 4753 desiderium
2032 4696 2283 4752 incende-

701 4793 846 4850 runt,
875 4792 929 4839 et
953 4795 1234 4842 sexcentos
1257 4786 1386 4842 mihi
1414 4797 1767 4860 procurarunt
1792 4796 2060 4843 amatores
2089 4805 2101 4841 :
2133 4795 2284 4841 ante-

701 4876 804 4930 hac
829 4893 914 4932 me
944 4878 1048 4933 mei
1087 4879 1371 4946 amabant,
1417 4895 1558 4937 nunc
1592 4879 1754 4935 etiam
1796 4879 1965 4936 Judaei
1996 4879 2280 4938 honorant.

703 4966 997 5039 Sperabam
1019 4985 1078 5026 se
1103 4984 1133 5024 a
1163 4971 1297 5026 meis
1323 4987 1409 5028 me
1444 4980 1782 5042 separaturos
1802 4987 1921 5029 esse
1942 5015 1958 5039 ,
2001 4983 2056 5030 et
2080 4976 2285 5034 alienos

702 5060 1060 5117 adsciverunt.
1096 5061 1288 5118 Verum
1317 5055 1422 5118 non
1455 5063 1580 5131 illis,
1607 5063 1699 5119 sed
1736 5063 1829 5119 Dei
1875 5066 2076 5121 nomini
2101 5067 2285 5137 gratia:

702 5152 1018 5222 referendae,
1048 5155 1138 5224 qui
1166 5155 1375 5210 illorum
1405 5156 1637 5226 nequitia
1666 5155 1732 5212 ad
1755 5155 2013 5213 honorem
2041 5169 2282 5215 nostrum

702 5262 835 5304 usus
862 5256 980 5304 est:
1007 5262 1126 5302 nam
1152 5257 1206 5303 et
1232 5247 1400 5304 Judaei
1429 5250 1708 5304 Dominum
1737 5259 1972 5305 nostrum
2001 5251 2285 5308 crucifixe-

703 5348 849 5408 runt,
879 5349 934 5396 et
960 5349 1200 5396 servatus
1225 5351 1306 5397 est
1335 5341 1563 5397 mundus
1593 5361 1606 5398 :
1639 5357 1813 5413 neque
1835 5343 2060 5413 gratiam
2087 5343 2285 5400 Judmis

704 5431 900 5500 habeo,
943 5431 1038 5488 sed
1074 5432 1346 5490 crucifixo.
1395 5433 1619 5490 Videant
1644 5434 1910 5504 quomodo
1939 5434 2078 5490 Deus
2105 5445 2288 5492 noster

705 5525 849 5581 videt
875 5541 890 5580 :
921 5516 1080 5595 qu'am
1100 5540 1285 5596 pacem
1314 5540 1498 5582 eorum
1531 5525 1738 5582 insidia:
1761 5535 2100 5596 pepererunt,
2128 5543 2285 5598 quam

701 5619 926 5691 gloriam
967 5627 1307 5690 paraverunt.
1347 5619 1589 5675 Antehac
1617 5617 1842 5675 ecclesia
1879 5620 1992 5675 sola
2032 5621 2290 5690 impleba-

706 5723 828 5780 tur,
882 5727 1024 5768 nunc
1074 5711 1248 5768 forum
1301 5713 1605 5769 universum
1661 5712 1884 5768 ecclesia
1938 5712 2132 5769 factum
2185 5724 2287 5768 est.

707 5805 880 5863 Unum
919 5815 1078 5879 caput
1109 5806 1234 5862 inde
1271 5806 1372 5862 huc
1409 5823 1580 5878 usque
1623 5808 1797 5862 locum
1836 5816 2079 5878 occupat.
2123 5807 2291 5864 Nemo

708 5899 873 5958 choro
901 5907 1079 5958 vestro
1106 5899 1376 5956 silentium
1401 5899 1711 5970 imperavit,
1738 5907 1791 5956 et
1818 5907 1995 5957 tamen
2013 5913 2208 5975 omnes
2237 5899 2290 5955 in

2378 2399 2623 2465 silentio,
2666 2413 2852 2453 omnes
2899 2401 2950 2452 in
2989 2401 3398 2468 compunctione
3438 2397 3809 2454 versabantur.
3869 2395 3967 2451 Alii

2375 2490 2689 2558 psallebant,
2721 2489 2807 2544 alii
2833 2488 3018 2546 beatos
3042 2491 3399 2560 praedicabant
3421 2504 3516 2544 eos
3537 2489 3627 2558 qui
3653 2489 3965 2556 psallerent.

2375 2583 2541 2638 llodie
2570 2583 2838 2638 circenses
2865 2593 3021 2650 sunt,
3049 2593 3104 2638 et
3142 2598 3300 2637 nemo
3324 2583 3511 2645 adest;
3550 2581 3642 2636 sed
3693 2595 3889 2635 omnes
3917 2579 3967 2633 in

2373 2674 2652 2729 ecclesiam
2699 2690 2797 2730 ccu
2850 2684 3114 2730 torrentes
3156 2674 3530 2730 conﬂuxerunt
3556 2691 3569 2726 :
3599 2684 3818 2729 torrens
3844 2686 3970 2728 vero

2375 2775 2551 2822 vester
2586 2776 2758 2822 coetus
2778 2808 2793 2832 ,
2834 2776 2888 2823 et
2915 2766 3128 2820 flumina
3158 2776 3283 2821 sunt
3311 2780 3471 2821 voces
3491 2807 3505 2830 ,
3549 2780 3666 2835 quae
3693 2765 3748 2818 in
3779 2764 3967 2818 caelum

2373 2856 2701 2926 ascendunt,
2732 2874 2956 2930 qumque
2995 2874 3231 2914 amorem
3271 2873 3395 2927 erga
3425 2867 3628 2927 patrem
3660 2857 3968 2926 perhibent.

2377 2949 2571 3005 Preces
2611 2961 2804 3005 vestrae
2841 2949 3142 3006 diademate
3193 2949 3584 3022 splendidiores
3627 2949 3769 3004 mihi
3824 2962 3968 3004 sunt.

2379 3039 2486 3094 Viri
2511 3041 2866 3111 mulieresque
2892 3040 3048 3096 simul
3082 3057 3096 3095 :
3128 3037 3197 3102 In
3221 3039 3422 3096 Christo
3451 3041 3592 3096 enim
3617 3038 3748 3094 Iesu
3775 3057 3879 3093 non
3903 3050 3972 3094 est

2375 3135 2628 3189 masculus
2654 3151 2813 3205 neque
2839 3135 3027 3207 femina
3055 3133 3194 3206 (Gal.
3225 3134 3282 3190 3.
3307 3135 3425 3206 ξε).
3454 3133 3740 3204 Quomodo
3781 3134 3974 3203 loquar

2376 3227 2642 3295 potentias
2689 3226 2934 3281 Domini?
2974 3226 3136 3282 Scitis
3173 3241 3332 3296 quam
3372 3227 3442 3281 sit
3481 3241 3664 3284 verum
3695 3226 3780 3290 id,
3832 3227 3976 3298 quod

2376 3317 2498 3373 dico
2528 3335 2542 3372 :
2571 3317 2627 3374 Si
2653 3317 2770 3389 quis
2796 3318 3008 3375 fortiter
3037 3319 3357 3376 tentationes
3385 3318 3542 3386 ferat,
3568 3335 3828 3392 magnum
3855 3322 3977 3377 inde

2379 3407 2607 3464 fructum
2638 3409 2894 3466 demetet.

2451 3501 2507 3556 2.
2543 3501 2719 3556 Oratio
2744 3502 2796 3556 in
2815 3501 3022 3557 ecclesia
3041 3503 3401 3572 Apostolorum
3421 3502 3610 3556 habita.
3635 3532 3705 3544 —
3725 3501 3860 3560 ideo
3881 3519 3977 3558 vos

2379 3593 2444 3648 ad
2471 3594 2741 3664 apostolos
2785 3595 3094 3649 convocavi.
3139 3594 3396 3650 Venimus
3439 3595 3572 3664 pulsi
3615 3594 3680 3649 ad
3716 3610 3840 3660 eos,
3887 3597 3976 3668 qui

2382 3686 2517 3756 pulsi
2549 3695 2693 3741 sunt.
2720 3685 2827 3741 Nos
2845 3687 3048 3741 insidiis
3077 3701 3264 3741 sumus
3287 3686 3530 3756 appetiti,
3559 3686 3630 3740 illi
3656 3687 3796 3755 pulsi
3828 3698 3972 3743 sunt.

2385 3775 2638 3832 Venimus
2659 3777 2722 3831 ad
2746 3776 3106 3841 Timotheum.
3130 3792 3326 3832 novum
3362 3777 3603 3831 Paulum.
3629 3775 3892 3833 Venimus
3913 3778 3977 3833 ad

2380 3877 2562 3922 sancta
2614 3881 2839 3938 corpora
2865 3909 2878 3932 ,
2919 3883 3039 3938 qua:
3071 3864 3266 3922 Christi
3316 3867 3561 3937 stigmata
3607 3877 3974 3938 gestavcrunt.

2384 3957 2678 4028 Numquam
2711 3957 2900 4013 timeas
2935 3958 3284 4013 tentationem
3305 3999 3322 4023 ,
3355 3959 3398 4012 si
3425 3959 3604 4014 animo
3632 3958 3739 4014 scis
3775 3960 3980 4015 instru-

2382 4056 2500 4102 ctus
2524 4063 2785 4118 generoso
2809 4065 2824 4104 :
2854 4049 3025 4103 sancti
3054 4063 3243 4103 omnes
3267 4051 3346 4103 sic
3365 4049 3602 4104 coronati
3633 4060 3777 4105 sunt.
3810 4050 3978 4106 Multa

2384 4153 2671 4208 corporum
2701 4137 2950 4206 afﬂictio,
2980 4141 3152 4209 major
3193 4154 3318 4195 vero
3344 4139 3644 4195 animorum
3676 4142 3978 4212 tranquilli-

2384 4240 2484 4286 tas.
2528 4230 2742 4288 Utinam
2788 4247 3003 4302 semper
3042 4232 3369 4313 inferumna
3398 4231 3534 4286 sitis.
3567 4231 3656 4288 Sic
3697 4241 3753 4288 et
3791 4244 3980 4304 pastor

2383 4323 2576 4396 gaudet
2601 4339 2722 4379 cum
2750 4323 2988 4380 laborem
3013 4332 3230 4394 pmpter
3249 4337 3377 4378 oves
3403 4323 3567 4377 subit.
3596 4323 3734 4389 Quid
3763 4323 3980 4394 loquar?

2384 4418 2473 4473 ubi
2499 4416 2709 4474 seram?
2741 4417 2940 4472 Locum
2976 4416 3248 4471 desertum
3276 4429 3382 4470 non
3409 4414 3603 4470 habeo.
3633 4413 3735 4471 Ubi
3766 4414 3980 4471 labora-

2383 4510 2486 4566 bo?
2515 4509 2631 4564 Non
2656 4517 2740 4564 est
2768 4509 2896 4563 mihi
2926 4509 3080 4563 vinea
3105 4516 3310 4576 aperta.
3340 4504 3443 4563 Ubi
3467 4505 3776 4561 mdificabo?
3804 4507 3980 4563 Abso-

2385 4602 2554 4656 lutum
2584 4609 2667 4656 est
2693 4601 2948 4670 templum
2973 4616 2988 4665 ;
3020 4600 3155 4654 retia
3182 4613 3299 4653 mea
3335 4607 3654 4668 rumpuntur
3685 4598 3756 4653 ob
3792 4598 3978 4654 multi—

2389 4694 2624 4750 tudinem
2676 4693 2922 4764 piscium.
2970 4691 3108 4761 Quid
3154 4690 3384 4746 faciam?
3414 4689 3714 4746 Laborandi
3767 4701 3981 4762 tempus

2389 4799 2494 4839 non
2516 4784 2766 4853 suppetit.
2793 4783 2916 4839 Ideo
2937 4783 3143 4847 hortor,
3169 4795 3275 4836 non
3296 4779 3437 4850 quod
3453 4781 3693 4836 doctrina
3711 4795 3810 4837 vos
3825 4795 3982 4853 egea-

2389 4879 2473 4942 tis,
2508 4876 2601 4933 sed
2629 4887 2687 4931 ut
2723 4876 3002 4932 ostendam
3034 4875 3314 4945 genuinam
3343 4888 3516 4928 meam
3547 4887 3670 4944 erga
3700 4887 3800 4928 vos
3837 4873 3980 4930 cari-

2392 4979 2573 5026 tatem.
2605 4968 2813 5039 Ubique
2840 4969 3002 5038 spicaa
3031 4975 3276 5022 vernant.
3308 4965 3410 5022 Tot
3429 4975 3554 5021 sunt
3578 4980 3728 5031 oves,
3771 4974 3829 5021 et
3857 4979 3984 5021 nus-

2391 5079 2550 5135 quam
2610 5065 2805 5133 lupus;
2839 5071 2916 5116 tot
2937 5072 3061 5117 sunt
3089 5061 3271 5132 spicae,
3299 5070 3350 5116 et
3377 5075 3637 5130 nusquam
3663 5060 3876 5128 silium;
3906 5069 3982 5113 tot

2391 5164 2516 5211 sunt
2551 5156 2706 5219 vites,
2730 5163 2785 5209 et
2812 5168 3071 5222 nusquam
3102 5152 3308 5224 vulpes.
3337 5151 3614 5207 Mordaces
3641 5149 3828 5205 bestiae
3859 5149 3985 5204 sub-

2393 5266 2586 5307 mersa:
2619 5259 2762 5316 sunt,
2790 5249 2898 5320 lupi
2925 5248 3190 5319 fugerunt.
3221 5247 3352 5313 Quis
3389 5247 3509 5300 illos
3529 5245 3846 5314 insequutus
3863 5241 3986 5297 at?

2389 5347 2505 5403 Non
2523 5360 2620 5416 ego
2641 5354 2839 5416 pastor.
2858 5343 2950 5397 sed
2974 5357 3066 5398 vos
3085 5354 3234 5396 oves.
3262 5340 3306 5394 Ο
3326 5338 3575 5393 nobilitas
3601 5336 3791 5392 ovium
3811 5335 3826 5390 l
3848 5334 3987 5390 Abs-

2391 5448 2513 5492 ente
2547 5445 2779 5507 pastore,
2824 5434 2978 5504 lupos
3001 5430 3369 5503 proﬂigarunt.
3393 5429 3436 5484 0
3455 5425 3795 5499 pulchritudo
3819 5440 3988 5497 spon-

2393 5544 2467 5584 src
2492 5569 2507 5592 ,
2537 5527 2642 5580 imo
2672 5526 2851 5595 potius
2879 5525 3095 5579 castitas
3122 5523 3137 5577 ι
3181 5521 3404 5576 absente
3430 5520 3546 5574 viro
3571 5517 3846 5573 adulteros
3892 5515 3988 5571 ab-

2393 5624 2520 5692 egit.
2550 5620 2594 5674 Ο
2622 5617 2963 5689 pulchritudo
2987 5625 3042 5671 et
3067 5615 3285 5672 castitas
3309 5614 3553 5683 sponsznl
3603 5609 3842 5666 ostendit
3874 5607 3991 5680 pul-

2393 5712 2780 5776 chritudinem;
2811 5706 3045 5764 ostendit
3071 5714 3126 5761 et
3169 5703 3512 5778 probitatem.
3563 5698 3847 5769 Quomodo
3901 5697 3990 5753 ab-

2395 5805 2548 5876 egisti
2603 5799 2929 5858 adulteros‘l
2989 5798 3143 5867 Quod
3197 5797 3369 5851 virum
3410 5807 3641 5850 amares.
3707 5788 3989 5861 Quomodo

2395 5897 2617 5968 abegisti
2647 5895 2958 5953 adulteros?
2986 5889 3258 5948 Castitatis
3288 5884 3673 5958 magnitudine.
3709 5882 3830 5941 Non
3859 5879 3992 5938 arri-
