2052 3241
14 2914 19 3022 E

77 218 112 245 ill
612 219 727 249 SERMO
747 218 832 246 POST

902 219 1006 249 DITIJM
1026 221 1071 250 ΑΒ
1091 221 1236 252 εχειιιο.

76 275 109 309 pui
121 282 200 307 arma,
212 282 265 301 non
282 275 386 308 hastas,
404 284 456 303 non
476 277 579 311 clipeos
596 286 602 303 :
618 278 723 304 ostendi
738 278 790 304 illis
804 278 859 312 pul-

74 321 234 348 chritudinem
251 330 359 355 meatu,
385 331 437 349 non
461 324 579 350 tulerunt
603 323 785 359 splendorem.
808 324 858 351 Ubi

75 374 132 393 nunc
145 367 198 393 illi?
220 367 246 393 In
269 368 441 402 turpitudine.
461 368 509 396 Ubi
533 369 599 395 nos?
626 370 652 396 In
669 370 856 396 exsultatione.

75 414 233 448 huperatorus
250 414 409 444 nobiscum;
426 415 560 449 principes
583 416 732 442 nobiscum.
757 414 858 449 Ecquid

73 460 164 486 dicam?
178 460 239 494 quid
253 461 366 495 loquar?
377 462 488 495 Arljicint
501 461 623 488 Dominus
637 471 712 495 super
725 470 766 487 vos
778 466 800 487 et
811 470 855 487 .m-

1663 226 1717 254 Nl

911 287 956 315 per
975 279 1044 314 lilio;
1063 285 1157 308 uestros
1177 280 1264 316 (Ρωι.
1282 281 1344 309 H5.
1361 281 1424 319 η).
1440 282 1661 319 alacritatemque
1675 291 1718 311 ve-

911 331 996 354 stram
1018 327 1096 362 quasi
1119 332 1217 363 sageua
1230 327 1331 363 capiat.
1347 327 1398 356 Hic
1410 335 1475 356 vero
1495 328 1576 356 liuetn
1591 329 1718 364 loquendi

911 371 1057 406 faciamus,
1078 373 1104 400 in
1125 373 1252 402 omnibus
1271 373 1373 410 gratias
1386 378 1499 410 agentes
1517 374 1634 411 benigno
1650 376 1717 410 Deo,

911 417 955 446 cui
968 417 1053 453 gloria
1067 418 1093 446 in
1109 419 1218 447 arcula.
1234 420 1332 448 Amen.

537 587 634 618 POST
659 587 838 617 ltEDlTUM
861 586 888 617 Α
909 586 1057 619 PRIORE
1077 589 1254 622 EXSILIO.

100 669 162 703 Quid
175 669 280 697 dieam‘.l
302 671 363 704 quid
378 671 493 705 loquar?
507 671 667 697 Benedictus
684 671 763 697 Deus.
780 670 856 697 llunc

72 715 196 749 egrediens
213 716 266 742 dixi
283 724 451 747 sermonem,
467 717 537 742 hunc
552 717 642 743 iteravi
659 721 812 747 revertens,
830 720 856 743 et

72 762 116 787 ilhc
133 761 293 789 constitutus
308 761 377 788 hunc
394 762 417 788 in
434 769 481 788 ore
497 762 646 788 volvebant.
663 762 729 788 l‘ulo
744 769 790 788 vos
803 769 856 789 me~

73 808 184 838 minisse,
209 816 269 835 eum
293 814 355 835 ante
370 808 420 835 hoc
444 809 550 835 beatum
564 808 614 835 Job
635 808 806 835 adduxissem
829 808 855 835 in

72 854 147 881 medio
164 854 296 881 dicentem
310 864 316 881 :
334 855 374 882 Si!
388 864 476 881 nomen
492 854 593 881 Domini
611 855 766 881 benedictum
783 853 855 889 (Job

73 899 155 935 1.21).
181 900 253 927 Hanc
268 902 344 928 vobis
368 901 505 928 historiam
530 901 675 935 dereliqui,
700 902 746 926 has
761 901 855 935 gratia-

73 954 119 972 rum
131 947 247 973 actioues
259 947 362 973 iterabo
377 954 525 980 regressus.
541 946 581 974 Sit
595 956 683 975 nomen
700 947 801 972 Domini
812 947 855 973 be-

72 993 181 1019 nedictum
204 994 230 1020 in
251 994 354 1020 uacula.
381 994 497 1021 Diversae
516 1002 603 1021 rerum
626 1001 724 1023 cause,
739 994 785 1020 sed
802 1001 854 1021 una

70 1038 218 1071 glerilicttio.
236 1039 268 1066 Et
285 1047 345 1066 eum
359 1040 525 1074 expellebnr,
551 1040 752 1072 benediceham,
770 1045 796 1066 et
812 1048 854 1067 re-

71 1093 148 1111 versus
163 1086 258 1112 iterum
274 1087 412 1114 benedieo.
437 1087 470 1114 Et
487 1088 508 1114 si
532 1088 611 1114 varire
626 1088 732 1122 quidem
748 1095 852 1121 causm,

70 1131 106 1157 sed
120 1140 166 1158 una
180 1132 311 1159 delinitio.
327 1133 413 1168 Super
427 1134 541 1161 hiemem
556 1139 582 1160 et
596 1139 715 1161 mstatem
732 1142 800 1161 unus
812 1138 854 1162 est

71 1179 119 1204 linis
133 1187 138 1205 :
152 1179 273 1211 cultus-1‘.
292 1179 415 1206 fertilitas
432 1181 598 1215 subsequens
621 1182 718 1215 campi.
744 1181 853 1208 Benedi-

68 1228 117 1249 ctus
131 1224 205 1256 Deus,
222 1226 267 1260 qui
283 1227 416 1253 concessit
430 1227 521 1259 exire;
543 1227 698 1254 benedictus
712 1228 791 1260 Deus,
806 1229 852 1263 qul

68 1271 142 1299 redire
156 1273 296 1307 praecepit;
312 1273 469 1302 benedictus
485 1275 570 1306 Deus,
588 1275 633 1309 qni
651 1276 772 1310 permisit
792 1276 851 1303 hie.

68 1324 139 1350 mem;
152 1318 308 1347 benedictus
321 1321 400 1353 Deus,
415 1322 458 1355 qui
471 1322 594 1349 dissolvit
607 1322 732 1355 hiemem,
748 1327 775 1350 et
789 1323 852 1351 fecit

68 1364 281 1398 tranquillitatem.
298 1365 362 1393 Haec
376 1366 436 1393 dico
451 1367 599 1396 admonens
614 1376 671 1401 vos,
698 1373 726 1395 ut
743 1377 851 1404 semper

67 1409 224 1437 benedicatis.
241 1411 268 1439 Si
283 1413 422 1439 evenerint
438 1413 517 1446 mala,
534 1415 693 1446 benedicite.
709 1421 735 1442 et
753 1416 849 1443 dissol-

67 1458 148 1482 rcntur
158 1457 236 1483 mala.
251 1457 279 1484 Si
293 1466 418 1493 prospera
434 1460 567 1492 venerint,
580 1460 737 1491 benedicite.
752 1466 778 1488 et
790 1470 850 1495 per-

66 1502 210 1529 severabunt
227 1510 363 1538 prospera.
380 1504 516 1539 Siquidem
529 1505 579 1533 Job
594 1514 654 1533 cum
672 1507 696 1533 in
714 1508 850 1542 prosperis

66 1550 133 1578 esset,
160 1547 336 1576 benedicebat
351 1557 357 1576 :
373 1556 398 1576 et
414 1558 474 1577 eum
506 1558 606 1585 pauper
630 1557 701 1579 esset
724 1552 847 1584 allectus,

64 1591 221 1623 gloriﬁcabat.
248 1594 340 1630 Neque
355 1600 418 1623 tunc
438 1597 556 1631 ingratus
570 1597 628 1630 fuit,
657 1606 743 1633 neque
756 1604 847 1634 postea

66 1638 251 1673 blasphemavit.
271 1641 380 1668 Diversa
395 1643 502 1677 quidem
520 1648 650 1678 tempora,
673 1646 720 1672 sed
737 1654 786 1672 una
801 1654 848 1672 vo—

64 1683 155 1711 luntas:
170 1686 345 1720 gubernantis
359 1693 447 1715 actum
461 1696 510 1716 nec
525 1690 702 1725 tranquillitas
724 1692 845 1724 resolvit,

64 1737 103 1757 nec
116 1735 256 1767 tempestas
278 1733 373 1762 hiemis
394 1735 534 1770 demergit.
550 1736 709 1765 Benedictus
726 1739 805 1772 Deus,
820 1746 847 1767 et

63 1785 111 1805 cum
121 1787 135 1806 a
144 1781 217 1808 vobis
226 1789 285 1808 sum
296 1788 461 1818 segregatus,
475 1789 569 1812 etcum
582 1786 676 1812 iterum
690 1788 777 1821 recepi
788 1796 844 1815 vos.

64 1823 84 1849 lu
97 1830 201 1861 utroque
219 1827 263 1854 Dei
277 1829 442 1862 pretidentin
456 1836 506 1857 est.
520 1831 663 1868 Separatus
674 1840 688 1858 a
701 1833 776 1860 vobis
787 1842 847 1860 cor-

63 1878 124 1906 pore,
137 1874 182 1901 sed
195 1875 286 1902 anima
296 1883 347 1902 non
361 1883 418 1903 sum
432 1885 445 1903 a
461 1877 536 1904 vobis
547 1878 657 1906 divisus.
668 1879 701 1906 Et
715 1888 745 1907 ex
757 1887 846 1907 vestro

62 1917 142 1946 allecto
153 1928 242 1948 meum
258 1923 389 1950 metimini
401 1925 529 1951 animum.
546 1925 577 1952 Et
590 1926 651 1961 quid
665 1927 771 1954 dicam?
786 1928 844 1956 Non

61 1970 107 1990 sum
119 1972 254 1999 separatus
264 1975 279 1994 a
294 1968 380 2002 vobis,
396 1970 442 1996 sed
457 1971 540 2005 magis
554 1978 684 1999 accensus
700 1980 758 2000 sum
774 1973 845 2002 desi-

61 2009 121 2038 derio
134 2013 225 2045 vestri,
236 2013 308 2048 quod
319 2015 398 2042 etiam
413 2016 446 2043 de
460 2017 537 2043 Vobis
552 2019 666 2046 conﬁdo.
684 2020 752 2048 Nihil
769 2022 844 2049 nobis

61 2061 158 2084 uomere
166 2058 280 2092 insidia,
293 2060 358 2087 nihil
369 2060 437 2088 laesit
448 2062 556 2095 invidia,
567 2064 612 2091 sed
623 2066 706 2099 magis
717 2074 845 2102 augmen-

61 2103 104 2127 tum
120 2103 242 2136 praestitit
258 2106 379 2138 caritati.
400 2111 428 2134 et
450 2108 634 2142 multiplicavit
652 2111 842 2146 discipulorum

60 2153 182 2177 numerum
195 2159 202 2177 :
216 2155 280 2179 ante
293 2151 345 2179 hoc
355 2154 424 2181 enim
438 2154 566 2190 diligebar
576 2164 591 2183 a
606 2158 681 2191 meis,
699 2167 767 2186 nttnc
779 2169 843 2189 vero

61 2193 242 2224 honoriﬁcabor
252 2204 267 2224 a
281 2197 390 2226 Judteis.
405 2200 555 2235 Sperabam
568 2210 610 2230 tne
620 2211 634 2230 a
647 2205 713 2232 meis
728 2206 788 2233 ﬁliis
800 2216 842 2235 sc-

60 2246 146 2273 tnrare,
168 2242 216 2270 sed
238 2244 323 2279 magis
339 2245 402 2273 mihi
418 2252 560 2275 extraneos
576 2250 761 2283 adjunxerunt.
785 2253 841 2279 Non

60 2284 101 2313 illis
111 2294 183 2323 agam
194 2290 297 2325 gratias
311 2299 318 2317 :
334 2291 381 2319 sed
396 2292 440 2320 Dei
462 2295 652 2324 misericordia:
671 2297 781 2331 gloriam
798 2300 843 2327 r'e-

60 2332 138 2367 ferant,
149 2335 193 2370 qui
201 2341 318 2364 conatus
329 2337 435 2366 illorum
451 2340 535 2368 malos
547 2342 572 2367 in
585 2342 680 2369 melius
694 2350 841 2372 commuta-

59 2377 176 2409 Vil:nam
191 2386 218 2410 et
233 2381 320 2410 «ἰηιΙωὶ
340 2386 529 2414 crueillxerunt
549 2388 702 2420 Christum,
724 2396 749 2417 et
772 2392 841 2419 illius

58 2430 128 2454 morte
139 2427 286 2458 humanum
298 2431 427 2459 salvatum
439 2437 480 2459 est
490 2441 590 2468 genus;
608 2443 660 2461 nou
673 2436 723 2462 illis
736 2438 838 2471 gratim,

56 2470 93 2498 sed
109 2474 248 2503 cruciﬁxi).
273 2476 449 2506 Considerent
469 2480 532 2513 quid
555 2480 616 2507 boni
640 2488 725 2516 pugna
739 2470 838 2510 eorum

57 2520 175 2554 ιηςιίιῑι,
197 2522 306 2550 insidia:
318 2531 410 2551 eorum
423 2525 529 2559 qualem
546 2526 621 2553 nobis
638 2528 755 2555 lii-titiam
771 2538 839 2564 pric-

57 2568 208 2595 Murum.
233 2568 307 2596 Ante
330 2568 381 2596 hoc
402 2570 508 2604 quidem
531 2572 643 2599 ecclesia
675 2574 836 2608 replebatur,

55 2608 167 2640 Mount:
184 2619 212 2641 et
227 2613 257 2641 in
272 2614 367 2649 plateis
382 2617 504 2644 ecclesiae
519 2617 594 2645 facta:
608 2624 679 2645 sunt.
699 2620 731 2646 Et
742 2622 837 2647 unani-

56 2661 108 2688 ma.
121 2660 301 2694 etcoujuucti
323 2661 487 2695 psallentes,
507 2663 553 2690 Dei
571 2664 596 2690 in
618 2672 666 2691 vos
687 2668 837 2699 provocatis

54 2707 170 2736 ιιμκιυιι
183 2714 191 2733 :
210 2713 296 2735 voces
310 2713 407 2736 vestra
420 2710 478 2736 cmli
494 2715 596 2738 secreta
611 2718 793 2746 penetrarunt,
810 2720 838 2741 ut

54 2749 126 2778 Mlti
146 2755 211 2788 atas
233 2759 340 2781 vestras
367 2755 528 2789 psalnmdias
557 2759 699 2785 miraretur
722 2765 835 2788 attenta.

14 2798 15 2801 “
54 2793 276 2835 (ἔπαινοι-σω
292 2800 390 2835 hodie,
406 2807 433 2830 et
447 2805 520 2838 pauci
541 2805 603 2832 illuc
614 2826 620 2838 ,
638 2806 691 2833 imo
706 2810 794 2835 cuncti
810 2811 834 2836 in

53 2840 145 2871 milia
159 2853 167 2872 :
180 2846 260 2881 quasi
271 2851 383 2875 torrens
396 2849 502 2883 quidam
516 2857 548 2878 ac
561 2851 657 2879 ﬂuvius
668 2860 754 2880 vestra
767 2855 834 2881 facta

54 2889 234 2920 estut-tutum.
244 2892 334 2922 Voces
343 2899 440 2923 vestra:
452 2896 590 2925 elevantur
598 2898 631 2925 ad
640 2899 745 2931 crclum,
760 2909 833 2928 amo-

56 2936 102 2961 1ἀιι
110 2936 154 2974 qui
166 2937 199 2966 ad
214 2944 322 2975 patrem
334 2945 376 2969 est
384 2942 564 2971 ostendentes.
577 2943 720 2973 Orationes
736 2953 833 2976 vestra:

15 3059 16 3072 l

229 3116 240 3128 τ
262 3120 272 3136 τι
292 3127 293 3130 η
316 3129 317 3132 η

264 3143 277 3152 ηε.
294 3143 313 3147 ν·
341 3137 346 3144 '

910 680 1002 701 meum
1016 679 1317 710 coronaveruntcaput.
1331 674 1424 704 Oratio
1437 676 1512 705 omni
1530 677 1624 706 monili
1640 685 1712 714 pra-

908 720 1008 748 elarior
1022 719 1074 748 viri
1089 725 1117 749 et
1131 721 1261 749 mulieris.
1276 721 1311 750 In
1326 722 1427 751 Christo
1443 724 1510 751 enim
1521 723 1585 752 lem
1595 733 1645 753 non
1658 733 1716 753 ma.

912 766 1013 800 uultu,
1026 774 1108 802 neque
1128 766 1227 801 femina
1245 765 1318 801 (Gal.
1338 766 1365 794 3.
1381 766 1427 802 9.8)
1443 766 1569 800 Qualiter
1583 773 1710 793 enarrem

912 812 1047 848 potentias
1063 812 1181 846 Domini,
1196 818 1244 840 aut
1255 811 1389 840 mirabilia
1401 811 1464 847 ejus
1473 812 1653 840 recenseam?
1666 811 1711 838 Vi-

912 858 1050 894 detisquia
1057 858 1130 894 quod
1137 858 1201 886 dico
1209 864 1302 886 verum
1312 863 1355 886 est
1362 866 1369 884 :
1377 857 1514 891 Quoniam
1522 858 1544 885 si
1554 858 1617 893 quis
1623 861 1712 885 tenta-

912 904 1014 933 tionem
1030 904 1145 932 viriliter
1158 904 1260 937 tulerit,
1279 912 1407 939 magnum
1426 911 1459 931 ex
1483 904 1542 939 ipsa
1560 904 1714 931 viudemiat

912 949 1044 979 fructum.
1057 949 1120 980 Ideo
1128 957 1177 977 vos
1185 950 1218 977 ad
1227 950 1367 985 apostolos
1382 949 1506 982 invitavi,
1515 954 1546 977 ut
1555 949 1586 976 ad
1596 958 1655 981 eos,
1664 950 1713 985 qui

911 996 1059 1032 aliquando
1068 1001 1192 1031 pcrsecut
1204 1003 1284 1024 onem
1292 996 1366 1032 passi
1376 996 1493 1030 fuerant,
1506 997 1671 1024 veniremus.
1683 996 1716 1023 Et

911 1050 963 1071 nos
979 1042 1089 1079 quidem
1108 1042 1222 1071 insidias
1236 1043 1321 1078 passi,
1342 1042 1380 1070 illi
1396 1050 1461 1070 vero
1482 1042 1643 1078 impugnati.
1660 1043 1713 1070 Sed

911 1088 1015 1117 inimici
1038 1089 1091 1117 illis
1110 1089 1177 1117 nihil
1195 1093 1372 1117 nocuerunt:
1390 1089 1457 1124 quia
1475 1089 1520 1117 isti
1536 1090 1630 1117 orbem
1658 1094 1714 1116 ter-

911 1143 1006 1164 rarum
1014 1135 1356 1164 lucraveruntNeuiamus
1365 1136 1400 1164 ad
1410 1141 1505 1164 sancta
1520 1144 1562 1165 col
1571 1144 1714 1172 pora.qu:u

910 1181 1015 1211 Christi
1029 1183 1158 1219 stigmata
1182 1187 1379 1218 portaverunt.
1399 1182 1550 1210 Veniamus
1569 1183 1602 1210 ad
1617 1182 1713 1210 Timo-

912 1228 1005 1256 theum
1014 1235 1115 1257 navum
1126 1229 1251 1262 Paulum,
1260 1230 1433 1257 etAndream
1456 1230 1573 1257 alterum
1588 1229 1710 1257 Petrum.

911 1276 1058 1306 Credimus
1075 1276 1226 1312 juvarinos
1236 1277 1347 1305 illorum
1358 1276 1474 1305 meritis.
1484 1276 1512 1304 Si
1531 1277 1637 1305 virilem
1653 1277 1714 1304 ani-

911 1331 987 1351 mum
995 1323 1078 1359 geris,
1087 1330 1142 1351 non
1154 1323 1251 1351 timeas
1261 1323 1436 1351 tentationes.
1449 1322 1552 1351 Omnes
1561 1323 1648 1351 sancti
1662 1330 1712 1358 per

912 1369 963 1397 ista
973 1369 1237 1397 transieruutjlulta
1248 1369 1391 1397 tribulatio
1399 1369 1611 1403 eorporum,sed
1620 1367 1712 1404 majus

910 1416 1086 1451 refrigerium
1094 1416 1258 1443 animarum.
1269 1415 1384 1443 Praestet
1391 1423 1440 1443 vos
1455 1414 1588 1443 Dominus
1602 1423 1712 1451 semper

910 1462 1017 1497 augeri,
1023 1466 1051 1489 et
1063 1461 1184 1490 celebres
1191 1467 1346 1490 conventus
1356 1469 1447 1497 agere.
1456 1461 1548 1489 Gloria
1555 1462 1656 1497 quippe
1662 1469 1710 1497 pa-

910 1508 995 1536 storis
1005 1511 1049 1535 est
1055 1508 1147 1535 ovium
1157 1507 1311 1535 multitudo.
1318 1506 1387 1542 Quid
1396 1507 1582 1543 faciam?quid
1594 1508 1710 1543 loquar?

910 1554 1047 1583 Incultum
1057 1554 1103 1582 ubi
1114 1554 1246 1582 seminam
1256 1562 1309 1582 non
1316 1554 1404 1583 habeo
1412 1562 1520 1591 agrum.
1533 1554 1652 1584 Exlensa
1665 1559 1707 1583 est

911 1602 1144 1637 propagovitium,
1153 1601 1303 1637 perfectum
1315 1602 1506 1637 esttemplum,
1516 1606 1541 1629 et
1549 1610 1604 1637 pra:
1612 1602 1701 1630 multi-

910 1648 1006 1677 tudine
1014 1648 1130 1685 piscium
1136 1653 1301 1684 rumpuntur
1310 1649 1376 1676 retia
1384 1647 1527 1681 mea.Quid
1536 1648 1649 1676 faciam?
1656 1647 1708 1676 La-

901 1695 1013 1725 borandi
1032 1696 1121 1724 locum
1140 1703 1194 1724 non
1210 1695 1314 1729 habeo,
1327 1695 1461 1732 gaudendi
1477 1696 1564 1724 habeo
1587 1701 1703 1731 tempus.

900 1741 962 1770 Ideo
988 1742 1107 1778 loquor:
1128 1749 1183 1770 non
1207 1742 1269 1778 quia
1294 1742 1419 1779 indigetis
1439 1742 1581 1776 doctrina,
1605 1741 1653 1770 sed
1676 1746 1706 1770 ut

899 1796 987 1816 meam
1003 1788 1169 1816 voluntatem
1185 1787 1262 1816 vobis
1272 1787 1424 1816 ostendam.
1440 1787 1546 1824 Ubique
1561 1788 1643 1823 spica!
1653 1795 1702 1815 co-

898 1839 983 1863 mant.
997 1835 1090 1863 Tanta:
1104 1841 1187 1868 oves,
1208 1839 1236 1862 et
1249 1842 1381 1869 nusquam
1395 1834 1495 1870 lupus;
1516 1839 1556 1862 tot
1568 1834 1661 1869 spicm,
1676 1839 1704 1862 et

899 1890 1030 1918 nusquam
1052 1881 1162 1915 lolium;
1187 1886 1268 1909 tanta:
1287 1881 1391 1915 vinem,
1406 1885 1435 1909 et
1449 1888 1581 1916 nusquam
1598 1880 1702 1916 vulpes.

898 1930 950 1959 Ubi
969 1936 1042 1958 nunc
1061 1929 1145 1957 latent
1165 1929 1237 1964 lupi?
1250 1936 1304 1963 quo
1316 1928 1441 1956 abierunt
1458 1928 1563 1963 vulpes,
1575 1935 1636 1963 qua:
1655 1935 1702 1956 col

898 1980 1068 2012 persequuue
1080 1974 1163 2003 sunt?
1177 1974 1200 2002 0
1211 1982 1268 2002 rem
1285 1974 1448 2002 inauditam!
1463 1980 1554 2009 pastor
1569 1973 1702 2009 quiescit,

896 2028 924 2050 et
938 2029 1002 2050 oves
1023 2021 1147 2057 luporum
1167 2021 1268 2057 rapiem
1282 2020 1440 2056 abegerunt,
1457 2020 1568 2048 insidias
1581 2020 1702 2056 vulpium

897 2072 1099 2104 oppresserunt.
1114 2068 1137 2096 0
1149 2068 1239 2095 ovium
1252 2068 1400 2103 sapientia!
1413 2075 1429 2095 ο
1442 2068 1556 2095 ﬁliorum
1570 2067 1700 2096 aﬂ'ectusl

897 2123 914 2143 ο
933 2114 1124 2150 discipulorum
1142 2114 1261 2141 caritas!
1282 2121 1298 2141 o
1315 2112 1486 2148 pulchritudo
1500 2113 1623 2149 sponse!
1638 2114 1701 2141 abs-
1716 2145 1722 2150 _

897 2167 960 2190 ento
976 2161 1034 2189 viro
1056 2160 1146 2196 abegit
1165 2159 1320 2192 adulteros;
1335 2164 1452 2188 ostensa:
1474 2163 1537 2187 sunt
1558 2158 1617 2194 eius
1629 2158 1700 2187 divi-

900 2208 954 2241 tim,
968 2207 1091 2244 apparuit
1107 2206 1286 2242 pulchritudo.
1301 2206 1434 2234 Latrones
1444 2206 1550 2234 confusi
1564 2206 1663 2239 ierunt,
1676 2210 1701 2233 et

895 2254 1066 2290 aufugerunt.
1091 2254 1175 2282 Dicite
1197 2253 1281 2286 mihi,
1304 2253 1441 2289 quomodo
1459 2253 1615 2288 persequuti
1636 2252 1699 2281 esti:

895 2301 994 2337 lupos?
1008 2300 1144 2336 quomodo
1160 2301 1299 2336 pepulistis
1320 2301 1459 2329 latrones?
1479 2299 1642 2336 Frequenti,
1661 2299 1687 2327 in

895 2354 952 2384 quit
962 2369 970 2381 ,
986 2348 1109 2376 oratione
1121 2347 1155 2375 ad
1170 2347 1265 2375 Deum.
1282 2347 1423 2381 Quomodo
1438 2347 1601 2382 despexistis
1622 2346 1696 2374 adul-

895 2395 987 2423 teros?
999 2393 1151 2427 Continuis,
1166 2394 1261 2429 inquit,
1274 2393 1401 2430 lacrymis
1411 2414 1418 2425 ,
1439 2401 1472 2421 ex
1487 2393 1623 2421 desiderio
1637 2392 1695 2420 viri.

895 2439 953 2467 Non
963 2440 1053 2475 accepi
1064 2447 1150 2472 arma,
1160 2447 1212 2467 non
1221 2439 1324 2474 sumpsi
1335 2440 1453 2471 lanceas,
1463 2446 1517 2466 non
1527 2438 1626 2474 arripui
1638 2445 1700 2466 scu-

894 2490 950 2512 tum
963 2494 969 2512 :
984 2485 1154 2513 solummodo
1169 2485 1273 2513 ostendi
1291 2484 1331 2512 eis
1350 2484 1577 2519 pulchritudinem
1591 2491 1695 2511 meant-

893 2540 944 2567 qua
963 2536 1102 2567 perspecta
1115 2530 1246 2559 vulnerati
1263 2532 1397 2566 fugerttnt.
1413 2530 1462 2559 Ubi
1478 2538 1550 2558 nunc
1564 2530 1622 2557 illi?
1632 2530 1686 2557 Pro

892 2578 935 2606 cul
946 2577 1028 2606 dubio
1043 2578 1068 2605 itt
1081 2577 1249 2605 confusione.
1263 2577 1314 2605 Ubi
1328 2576 1394 2604 nos?
1408 2577 1435 2604 ln
1448 2576 1551 2604 lwtitia.
1565 2576 1615 2605 Ubi
1627 2584 1699 2603 nunc

892 2625 931 2652 illi
942 2625 954 2652 τ
966 2623 1144 2653 Conscientire
1154 2631 1210 2651 sua:
1223 2624 1295 2651 malo
1315 2624 1464 2651 tabcscunt.
1482 2623 1532 2652 Ubi
1545 2630 1611 2650 vero
1625 2624 1698 2650 nos?

892 2670 920 2698 ln
943 2678 1039 2706 magna
1054 2670 1236 2699 exsultatione
1251 2670 1434 2706 gloriﬁcamus
1454 2670 1550 2701 Deum.
1573 2669 1643 2703 Quid
1659 2670 1697 2697 di-

890 2718 972 2745 cam?
988 2716 1050 2753 quid
1064 2717 1177 2752 loquar?
1187 2716 1299 2753 Adjiciat
1314 2716 1439 2743 Dominus
1454 2724 1529 2752 super
1541 2724 1596 2747 vos,
1619 2720 1642 2743 et
1655 2724 1693 2742 .m-

890 2764 1013 2799 per/itiot
1028 2768 1122 2791 uestros
1141 2762 1227 2798 (Ρωι.
1245 2762 1306 2790 115.
1322 2763 1368 2797 Η)
1384 2771 1390 2789 :
1406 2767 1433 2790 et
1448 2762 1549 2790 allevat
1568 2762 1698 2789 Dominus

890 2811 995 2837 vultum
1008 2817 1087 2838 suum
1098 2830 1106 2842 ,
1121 2815 1147 2838 et
1161 2810 1321 2837 misereatur
1343 2809 1425 2837 vestri
1435 2830 1442 2840 .
1462 2809 1489 2836 in
1503 2807 1613 2837 Christo
1633 2808 1698 2836 Jesn

890 2856 1004 2884 Domino
1019 2861 1128 2888 nostro,
1145 2864 1206 2883 cum
1225 2863 1278 2891 quo
1298 2860 1340 2883 est
1354 2856 1409 2884 Deo
1428 2855 1512 2888 Patri,
1533 2859 1561 2883 et
1582 2854 1693 2890 Spiritui

888 2906 982 2930 sancto
993 2901 1090 2934 honor,
1104 2902 1199 2938 gloria,
1220 2906 1248 2930 et
1260 2906 1380 2937 potestas
1393 2909 1441 2938 per
1461 2901 1630 2931 immortalia
1643 2908 1693 2928 ste-

887 2949 958 2977 cula.
971 2950 1066 2977 Amen.
