4104 6488
611 410 614 414 λ
691 448 789 502 ttt

1434 574 1597 581 ﬁ..—

1602 571 1967 581 _———~o.—

1456 446 1511 499 S.
1552 442 1829 499 JUANNIS
1854 439 2324 500 CIIRYSUSTOXII
2367 438 2675 494 AllCIlIH‘.
2722 436 3253 493 (IUNSTANTINOP.

3874 434 3971 487 tibi

1651 648 2127 719 I"..lllSl)l'IM
2198 642 2457 714 POST
2510 643 3001 713 REDI'I‘UM

1864 824 1885 861 ξ
1937 816 2163 859 PRIOR}?
2196 813 2445 855 Εῐςιυο
2492 815 2787 859 IIONIIIJL

2072 963 2286 973 ..___——

762 1083 811 1137 i.
852 1082 981 1136 Cum
1012 1088 1193 1137 Suram
1224 1085 1289 1139 ab
1320 1086 1617 1138 Ahrahanm
1647 1084 1865 1136 abstulit
1897 1082 2121 1144 Pharao,
2150 1078 2271 1146 pul-

681 1178 875 1229 chram
924 1173 1314 1241 foruutsamque
1358 1176 1633 1229 mulierem
1672 1174 1943 1243 improbus
1984 1173 2268 1225 barbarus-

695 1277 799 1330 qttc
831 1262 1113 1335 Egyptius
1138 1306 1151 1327 ,
1185 1274 1237 1319 et
1282 1266 1473 1335 iniquis
1514 1266 1683 1319 oculis
1722 1266 1838 1333 ejus
1879 1262 2270 1333 pulchritudine

697 1366 1011 1422 conspecta,
1057 1357 1369 1411 adulterium
1417 1368 1719 1427 perpetrare
1757 1358 1918 1413 vellet
1949 1376 1960 1409 :
1998 1366 2123 1411 tunc
2167 1370 2270 1408 non

696 1446 746 1497 in
768 1445 885 1514 ipso
917 1446 1092 1500 statim
1131 1448 1278 1500 initio
1314 1462 1521 1516 pmuam
1546 1448 1760 1502 immisit
1781 1449 1935 1510 Dens,
1958 1444 2153 1514 utjusti
2178 1444 2273 1507 \riri

691 1538 881 1601 virtus,
900 1540 1138 1593 mulieris
1168 1541 1616 1603 castitas,barhari
1646 1539 2273 1610 intemperantia.Deique

703 1630 999 1699 benignitas
1022 1632 1317 1686 eminerent
1346 1648 1360 1685 :
1391 1633 1485 1685 viri
1510 1633 1634 1701 justi
1660 1633 1844 1697 virtus,
1877 1633 1993 1701 quia
2022 1646 2130 1685 rem
2152 1644 2272 1684 cum

698 1723 983 1788 gratiarum
1006 1726 1212 1778 actione
1235 1726 1348 1779 tulit
1373 1742 1385 1787 ;
1418 1726 1652 1779 mulieris
1673 1728 1906 1789 castitas,
1931 1726 2051 1793 quia
2079 1726 2128 1779 in
2153 1725 2277 1778 bar-

700 1815 946 1868 barorum
981 1832 1166 1869 math
1196 1817 1406 1885 delapsa
1441 1818 1741 1887 pudicitiam
1770 1820 2031 1879 servavit;
2068 1816 2271 1870 barbari

702 1908 1129 1975 intemperantia,
1154 1909 1274 1978 quia
1302 1909 1529 1964 alienum
1558 1917 1729 1964 torum
1754 1912 1940 1963 invasit
1963 1925 1977 1968 ;
2010 1909 2100 1963 Dei
2123 1908 2273 1963 beni-

703 1999 891 2065 gnitas,
916 2000 1164 2068 quoniant
1186 2016 1304 2055 eum
1332 2016 1417 2055 res
1446 2000 1745 2055 hominibus
1767 2003 2059 2070 desperata:
2075 2009 2272 2065 essent,

703 2101 823 2143 tunc
861 2106 1110 2145 coronam
1137 2093 1281 2160 justo
1328 2094 1569 2148 contulit.
1619 2095 1739 2149 lla'c
1780 2106 1903 2149 tunc
1946 2097 1996 2147 in
2045 2093 2280 2147 Abraha-

708 2196 847 2233 mum
870 2191 1016 2250 gesta
1039 2192 1162 2237 sunt
1182 2201 1195 2239 :
1214 2196 1358 2254 gesta
1387 2185 1512 2241 item
1534 2185 1690 2241 hodie
1708 2188 1759 2240 in
1785 2187 2094 2242 Ecclesiatn.
2119 2188 2280 2259 [Egy-

702 2272 839 2340 ptius
879 2271 964 2328 hic
1000 2274 1110 2345 (a),
1146 2285 1203 2330 ut
1240 2277 1326 2333 ille
1365 2276 1649 2349 Egyptius
1687 2290 1802 2334 erat
1844 2298 1859 2334 :
1906 2280 1991 2335 hic
2026 2282 2281 2336 satellites

705 2361 923 2428 habuit,
952 2366 1041 2420 ille
1086 2376 1413 2436 protectores
1447 2387 1459 2421 :
1494 2369 1583 2424 ille
1622 2370 1805 2425 Saram
1827 2412 1841 2435 ,
1873 2371 1958 2427 hie
1988 2372 2277 2427 Ecclesiam

705 2456 875 2523 rapuit
908 2471 921 2508 :
956 2472 1057 2511 ttua
1088 2469 1241 2515 nocte
1273 2460 1361 2515 ille
1400 2461 1660 2528 detinuit,
1696 2464 1779 2517 hic
1816 2480 1911 2534 per
1955 2476 2115 2520 unum
2139 2465 2279 2521 diem

706 2550 1019 2620 orcnpavit;
1048 2567 1111 2605 ac
1151 2567 1216 2605 ne
1259 2554 1471 2623 quidem
1517 2570 1608 2625 per
1648 2572 1809 2610 utmtn
1840 2557 1978 2612 diem
2022 2572 2283 2628 occupare

708 2642 996 2703 permissus
1020 2653 1130 2706 est;
1160 2643 1253 2698 sed
1284 2644 1456 2699 solum
1489 2656 1545 2699 ut
1570 2660 1781 2715 sponsa:
1808 2648 2021 2703 castitas
2050 2658 2174 2704 nota
2198 2663 2283 2705 es-

706 2739 789 2783 set
813 2772 828 2794 ,
870 2732 989 2800 quia
1028 2733 1116 2786 illo
1156 2734 1278 2790 licet
1316 2735 1644 2805 ingrediente
1683 2738 1796 2808 ejus
1826 2740 2083 2795 castitatis
2125 2741 2285 2797 decor

706 2832 988 2890 corruptus
1017 2841 1120 2877 non
1164 2834 1246 2879 est
1275 2842 1287 2879 :
1320 2829 1527 2882 tametsi
1577 2831 1840 2885 mmchum
1887 2842 2201 2900 paraverat,
2232 2842 2286 2889 et

707 2913 914 2967 tabella:
940 2914 1210 2971 adut-naue
1230 2929 1399 2981 erant.
1430 2929 1484 2974 et
1523 2920 1670 2975 multi
1706 2936 1736 2976 e
1765 2921 1925 2978 domo
1949 2923 2282 2993 subscripse-

706 3016 841 3059 t-ant.
875 3008 1143 3062 Adornata
1169 3019 1251 3065 est
1280 3012 1522 3067 machina
1548 3054 1564 3081 ,
1600 3014 1691 3068 sed
1719 3015 1918 3070 exitum
1946 3031 2049 3071 non
2081 3016 2281 3073 habuit.

710 3100 886 3155 illuxit
914 3102 1070 3156 simul
1096 3102 1209 3173 ejus
1249 3105 1501 3174 nequitia,
1520 3116 1566 3161 et
1603 3106 1695 3162 Dei
1719 3106 2039 3179 benignitas.
2069 3114 2137 3164 At
2161 3110 2285 3165 har-

712 3192 867 3245 ltarus
896 3202 1017 3249 tunc
1047 3195 1132 3250 ille
1156 3237 1171 3262 ,
1206 3206 1420 3266 peccato
1457 3199 1637 3266 agnito
1659 3240 1675 3264 ,
1719 3199 1968 3256 delictum
2010 3202 2287 3256 confessus

712 3294 795 3339 est
826 3303 838 3339 :
872 3288 1003 3342 dixit
1034 3290 1174 3343 enim
1206 3290 1471 3346 Abraham
1506 3309 1518 3345 :
1551 3291 1653 3348 Cur
1681 3293 1775 3349 Itoc
1800 3295 2009 3365 fecisti?
2036 3311 2126 3348 cur
2155 3295 2288 3349 dixi-

710 3381 773 3431 sti
797 3420 813 3443 ,
844 3382 1003 3435 Soror
1038 3398 1144 3437 mea
1175 3384 1285 3437 est?
1308 3392 1355 3438 et
1400 3402 1577 3455 parum
1607 3387 1800 3458 abfuit,
1831 3388 1952 3459 quin
1982 3389 2288 3458 peccaverint

711 3472 863 3537 (Gen.
889 3475 977 3528 12.
1012 3477 1098 3531 18.
1135 3478 1225 3549 19)
1254 3495 1267 3531 :
1298 3478 1384 3533 hic
1407 3494 1532 3534 vero
1556 3481 1713 3534 etiam
1742 3489 1862 3550 post
1886 3481 2061 3536 scelus
2084 3482 2138 3535 in
2165 3495 2287 3537 cer-

711 3567 906 3621 tamine
934 3570 1181 3636 perstitit.
1213 3570 1256 3625 O
1287 3572 1447 3625 miser
1474 3580 1528 3625 et
1554 3570 1736 3626 infelix
1761 3574 1774 3626 !
1806 3571 2036 3627 Peccain
2054 3615 2069 3639 ,
2095 3574 2290 3643 quiesce

710 3657 870 3715 (ibid.
899 3661 931 3713 .t
981 3661 1142 3730 7),ne
1166 3663 1381 3733 adjicias
1408 3672 1677 3732 peccatum
1706 3673 1943 3733 peccato.
1972 3663 2039 3719 Et
2062 3664 2145 3718 illa
2168 3664 2287 3735 qui-

710 3752 826 3805 dem
862 3752 1017 3808 rediit
1045 3755 1233 3823 opibus
1263 3756 1516 3810 instructa
1562 3755 1893 3827 Egyptiacis
1925 3774 1936 3809 :
1970 3767 2023 3811 et
2051 3757 2287 3813 Ecclesia

712 3859 921 3912 quoque
952 3845 1141 3910 rediit,
1174 3848 1366 3902 mentis
1392 3847 1588 3901 divitiis
1619 3848 1896 3913 instructa,
1930 3858 1984 3903 et
2012 3849 2288 3903 continen-

712 3935 814 3987 tiur
836 3934 1041 3989 effecta.
1066 3937 1193 3992 Vide
1215 3939 1422 3993 barbari
1445 3939 1725 3995 insaniam.
1751 3918 1965 4010 Ejecisti
1991 3952 2287 4010 pastorem:

716 4042 808 4080 cur
832 4043 1043 4097 gregem
1072 4030 1373 4098 dissipasti?
1416 4031 1671 4084 Amovisti
1715 4032 2123 4101 gubernatorem
2154 4051 2166 4086 :
2196 4046 2292 4087 cur

717 4120 1068 4187 gubernacula
1092 4122 1434 4191 confregisti?
1461 4122 1755 4178 Vinitoretn
1784 4124 2018 4192 eiecisti;
2045 4140 2140 4179 cur
2157 4124 2293 4180 vites

716 4206 989 4269 avulsisti?
1006 4228 1104 4268 cur
1127 4214 1453 4269 monasteria
1476 4212 1929 4283 pessumdedisti?
1942 4216 2291 4272 Barbarurum

719 4301 1044 4357 iuvasionem
1075 4303 1306 4359 imitatus
1332 4320 1410 4359 es.

788 4394 839 4445 2.
885 4393 1007 4448 llaec
1032 4395 1206 4449 omnia
1236 4395 1358 4451 fecit
1381 4396 1487 4462 ille,
1512 4406 1566 4450 ut
1594 4398 1757 4452 virtus
1782 4406 2058 4467 appareret
2082 4411 2288 4465 vestra;

718 4483 892 4537 omnia
922 4483 1063 4549 fecit,
1092 4496 1149 4538 ιιι
1172 4486 1435 4541 edisceret
1462 4487 1547 4541 hic
1575 4488 1760 4543 adesse
1782 4505 1997 4559 gregem
2024 4506 2050 4541 a
2080 4490 2291 4545 (lltristu

716 4585 928 4644 pauore
956 4578 1190 4631 ductum.
1232 4580 1465 4636 Absente
1503 4594 1715 4650 pastore
1753 4598 1883 4653 grex
1926 4585 2080 4638 simul
2114 4604 2295 4639 mane-

722 4669 804 4720 bat
826 4709 841 4733 ,
874 4678 925 4722 et
952 4672 1273 4737 apostolicus
1317 4685 1493 4726 sermo
1532 4674 1848 4741 itnplehatur
1876 4694 1889 4728 :
1923 4674 2042 4729 Non
2078 4678 2127 4729 in
2162 4694 2291 4744 pra:-

723 4761 877 4811 sentia
900 4762 996 4812 mei
1022 4772 1210 4813 tantum
1238 4804 1249 4821 .
1280 4764 1366 4815 sed
1392 4764 1537 4816 etiam
1567 4765 1619 4817 in
1643 4766 1861 4818 absentia
1884 4805 1899 4830 ,
1924 4783 2037 4819 cum
2058 4768 2231 4820 timore
2251 4778 2295 4820 et

723 4863 930 4906 trmttore
960 4853 1169 4905 salutem
1200 4865 1410 4908 vestram
1440 4857 1633 4921 operati
1662 4857 1776 4910 estis
1805 4855 2059 4927 (Philipp.
2090 4858 2145 4911 2.
2181 4858 2293 4928 η).

726 4942 847 4995 l|.re
868 4944 1204 4999 minabantur
1227 4947 1469 5000 timentes
1496 4947 1739 5002 virtutem
1774 4959 2000 5003 vestram
2021 4991 2036 5015 ,
2063 4951 2298 5005 caritatis

725 5038 848 5099 vim,
868 5052 1209 5107 amoremque
1227 5039 1346 5093 mei.
1365 5039 1502 5093 Nihil
1525 5040 1799 5105 audemus,
1816 5040 2047 5104 aiebant,
2068 5041 2119 5095 in
2136 5041 2294 5097 urbe:

721 5145 839 5182 ςτιιιιι
874 5131 1024 5184 nobis
1051 5130 1175 5186 date
1201 5132 1345 5186 foris.
1372 5132 1558 5201 Capite
1587 5148 1669 5187 me
1692 5133 1818 5189 foris
1844 5176 1856 5199 ,
1887 5144 1942 5189 ut
1966 5134 2181 5191 discatis
2203 5136 2299 5190 Ee-

724 5222 896 5274 t-lcsia:
924 5238 1158 5277 amorem
1184 5262 1198 5287 ,
1228 5225 1522 5293 agnoscatis
1553 5225 1778 5280 filiorum
1805 5240 2041 5281 meorum
2071 5243 2297 5297 genero-

727 5327 835 5363 sam
870 5312 1095 5366 indolem
1120 5353 1136 5379 ,
1166 5312 1386 5368 militum
1421 5316 1667 5370 virtutem
1688 5357 1703 5383 ,
1734 5326 2057 5373 armatorum
2096 5318 2261 5373 robur
2282 5362 2296 5383 ,

720 5402 1079 5458 diadematntn
1107 5404 1463 5474 splendorem,
1483 5407 1783 5461 divitiarum
1804 5406 2128 5475 facultatem,
2152 5424 2301 5463 amo-

724 5494 800 5548 ris
846 5495 1285 5563 magnitudinem,
1318 5506 1647 5552 constantem
1692 5500 2016 5568 patientiam,
2047 5500 2301 5555 libertatis

722 5587 929 5653 ﬂorent,
959 5590 1189 5643 victoria:
1219 5590 1458 5658 gloriam,
1488 5590 1655 5646 cladis
1681 5600 1783 5645 tua:
1809 5591 2113 5647 ludibrium.
2144 5591 2188 5647 Ο
2218 5607 2302 5646 res

729 5698 891 5737 novas
905 5692 957 5737 et
982 5682 1317 5737 admirandas
1342 5685 1355 5737 !
1392 5694 1567 5753 pastor
1597 5685 1764 5748 abeSI,
1795 5692 1851 5741 et
1878 5700 2004 5754 grex
2033 5685 2261 5740 exsultat
2286 5728 2299 5751 ,

722 5776 823 5829 dux
871 5774 1075 5840 procul,
1109 5783 1161 5829 et
1186 5775 1383 5830 milites
1408 5784 1697 5830 armantur.
1730 5775 1843 5830 Non
1876 5777 2045 5830 solum
2077 5776 2303 5833 ecclesia

790 5886 862 5942 (α)
895 5886 1209 5946 ’ίίιηυιιὶιίιειιιι
1235 5890 1611 5938 Λιιικίωαιιίιιιιιιι
1638 5897 1783 5937 nutat.

2289 939 2394 993 ,ἱἷὲ

2400 962 2606 976 9——

2385 1079 2674 1132 exercitum
2723 1080 2924 1139 habuit,
2952 1083 3044 1131 sed
3078 1091 3181 1133 tota
3212 1081 3396 1133 civitas
3423 1081 3648 1135 ecclesia
3678 1078 3799 1135 fuit.
3840 1080 3979 1143 \‘icr,

2384 1166 2517 1233 fora,
2549 1185 2641 1222 aer
2669 1170 3138 1224 sanctitieabantur
3171 1190 3182 1224 :
3210 1171 3442 1224 Ita-retici
3481 1170 3942 1225 convertebantur
3965 1158 3994 1237 ,Δ

2380 1259 2547 1315 Judzri
2576 1263 2825 1316 meliores
2862 1263 3249 1323 efﬁciebantur,
3295 1263 3599 1317 sacerdotes
3644 1262 3985 1317 damnaban-

2384 1360 2490 1415 tttr,
2522 1363 2576 1405 et
2600 1352 2765 1406 .lttdai
2799 1353 2961 1406 Deum
2994 1352 3297 1417 laudabant,
3328 1361 3486 1423 atque
3504 1352 3569 1406 ad
3600 1366 3697 1406 nos
3724 1366 3985 1406 accurre-

2380 1444 2525 1497 ltant.
2562 1442 2635 1497 Ita
2674 1443 2870 1497 Christi
2902 1452 3139 1511 tempore
3183 1443 3375 1497 factum
3422 1453 3522 1497 est.
3556 1442 3787 1513 Caiphas
3828 1443 3985 1495 cruri

2379 1537 2566 1599 aftlxit,
2613 1547 2667 1591 et
2709 1537 2847 1590 latro
2890 1537 3165 1591 confessus
3190 1547 3291 1591 est.
3322 1536 3365 1591 Ο
3410 1551 3573 1590 novas
3603 1551 3690 1591 res
3716 1544 3772 1591 et
3799 1535 3984 1589 admi-

2377 1629 2572 1683 randas
2598 1629 2610 1683 !
2642 1630 2949 1684 sacerdotes
2977 1630 3304 1689 occiderunt.
3336 1639 3388 1683 et
3418 1630 3555 1697 magi
3592 1628 3985 1682 adoravemttt.

2382 1719 2507 1774 llzec
2538 1736 2603 1773 ne
2632 1721 2915 1775 ecclesiam
2946 1721 3275 1790 perturbent.
3310 1721 3419 1776 Nisi
3450 1721 3563 1776 lucc
3587 1723 3985 1790 contigissent,

2379 1812 2576 1867 divitia:
2604 1822 2822 1875 nostrae,
2868 1829 2989 1884 qua:
3018 1828 3141 1869 vere
3181 1814 3422 1878 aderant,
3455 1829 3559 1867 non
3587 1824 3821 1867 ostensa:
3849 1812 3990 1866 fuis-

2380 1913 2518 1957 sent.
2552 1902 2703 1958 Sicut
2726 1904 2865 1973 enim
2892 1904 3014 1969 Job,
3037 1906 3137 1959 etsi
3158 1905 3333 1973 justus
3358 1917 3524 1969 esset,
3554 1919 3659 1958 non
3684 1903 3808 1957 talis
3833 1903 3910 1954 vi:
3928 1918 3992 1957 τις

2383 1993 2589 2061 fuisset,
2620 1997 2722 2050 nisi
2772 1998 2993 2051 vulnera
3038 2008 3093 2052 et
3120 2012 3331 2053 vermes
3372 1998 3776 2069 apparuissent;
3810 1996 3886 2049 ita
3937 2004 3990 2047 tt

2385 2098 2571 2143 vestae
2600 2088 2796 2145 divitia:
2842 2105 3126 2161 numquam
3177 2100 3315 2146 nota:
3361 2090 3587 2146 fuissent
3633 2088 3733 2144 nisi
3779 2086 3992 2158 [aratis

2386 2181 2610 2237 insidiis.
2646 2182 2784 2236 Deus
2827 2198 2958 2237 sane
2998 2185 3147 2253 quasi
3178 2199 3297 2238 sese
3334 2197 3594 2237 excusans
3623 2180 3759 2235 John
3806 2180 3988 2233 dicit:

2390 2272 2612 2328 Putasne
2651 2292 2726 2328 me
2753 2275 2901 2329 aliter
2925 2275 3013 2328 tibi
3052 2276 3385 2343 respondisse,
3418 2290 3567 2341 quam
3598 2285 3648 2325 ut
3683 2273 3861 2343 justus
3894 2287 3993 2337 ap-

2386 2376 2586 2428 parcrcs
2631 2357 2752 2427 (Job
2795 2360 2882 2413 40.
2926 2358 3028 2430 8)?
3069 2358 3302 2414 lttsidtati
3346 2367 3470 2412 sunt
3512 2358 3605 2419 illi,
3638 2356 3838 2411 bellum
3870 2371 3995 2410 mo-

2385 2462 2593 2516 verunt,
2626 2462 2679 2505 ct
2725 2452 2847 2505 victi
2898 2462 3040 2505 sunt.
3090 2450 3369 2517 Quomodo
3418 2451 3613 2505 bellum
3653 2450 3995 2519 gesserunt?

2388 2544 2655 2599 Fletibus.
2705 2544 2985 2611 Quomodo
3021 2546 3140 2599 victi
3172 2542 3339 2598 sunt’
3382 2542 3657 2598 Precibus.
3689 2542 3750 2595 Si
3795 2542 3917 2610 quis
3950 2552 3996 2593 te

2388 2640 2683 2709 percusserit
2722 2640 2773 2691 in
2813 2640 3073 2691 dexteram
3116 2637 3397 2702 maxillam,
3439 2645 3571 2689 verte
3609 2633 3687 2687 illi
3730 2642 3780 2685 et
3829 2633 3995 2686 alium

2390 2730 2601 2801 (Matth.
2644 2732 2698 2786 5.
2736 2731 2848 2799 39).
2882 2730 2959 2784 Tu
2990 2729 3157 2785 fustes
3200 2731 3250 2783 in
3288 2728 3568 2785 ecclesiam
3600 2727 3763 2781 infers
3786 2735 3844 2780 et
3866 2741 3994 2780 eam

2389 2839 2699 2893 oppugnas;
2733 2824 2819 2876 ubi
2852 2838 2948 2892 pax
2991 2832 3072 2876 est
3101 2821 3366 2884 omnibus,
3410 2820 3603 2874 bellum
3634 2832 3862 2871 moves:
3893 2832 3997 2871 nec

2390 2915 2563 2969 lucum
2594 2914 2876 2979 revereris,
2909 2913 3071 2967 miser
3110 2921 3163 2966 et
3190 2912 3392 2975 infelix,
3425 2924 3530 2964 non
3571 2908 3863 2963 sacerdotii
3913 2909 3996 2961 di-

2388 3007 2660 3078 gnitatem,
2682 3025 2785 3062 non
2808 3007 3135 3077 principatus
3154 3003 3574 3074 amplitudinem.
3604 3002 3996 3071 Baptisteritun

2389 3100 2647 3171 sanguine
2676 3101 2935 3169 repletum
2966 3111 3086 3163 est;
3120 3098 3206 3151 ttbi
3239 3107 3575 3167 peccatorum
3611 3095 3887 3160 remissio,
3924 3095 3996 3147 31ιί

2390 3195 2662 3265 sanguinis
2690 3195 2899 3250 effusio.
2953 3195 3005 3248 In
3049 3209 3276 3264 quanam
3321 3193 3435 3247 acie
3480 3192 3591 3245 lucc
3640 3191 3774 3245 facta
3822 3192 3999 3245 sunt?

2394 3286 2684 3358 Imperator
2728 3290 2886 3343 intrat
2928 3297 2979 3341 et
3014 3287 3220 3357 projicit
3258 3287 3484 3355 clipeum
3514 3294 3567 3339 et
3612 3284 3904 3346 diadema;
3942 3294 3998 3337 tu

2394 3384 2623 3448 intrasti,
2674 3392 2728 3437 et
2771 3382 2951 3437 clavas
2988 3381 3280 3449 arripuisti.
3338 3380 3427 3434 Ille
3490 3378 3695 3446 imperii
3744 3378 3997 3448 syntheta

2394 3478 2535 3531 foras
2555 3474 2800 3545 relinquit
2822 3490 2836 3539 ;
2863 3483 2914 3529 tu
2933 3474 3052 3528 belli
3076 3473 3314 3543 symbola
3347 3471 3673 3526 intromittis.
3694 3471 3805 3525 Sed
3821 3488 3999 3538 Spon-

2392 3588 2504 3626 sam
2534 3585 2702 3624 meam
2733 3567 2880 3622 nullo
2919 3566 3078 3621 modo
3109 3565 3311 3629 Lusisti,
3342 3577 3395 3619 at
3423 3572 3601 3617 manet
3632 3562 3721 3617 illa
3756 3563 4000 3632 pulchre

2395 3664 2626 3718 tudinem
2651 3678 2803 3715 suam
2834 3660 3112 3715 exhibens.

2464 3757 2515 3809 3.
2547 3755 2665 3807 Suis
2696 3755 2755 3805 tle
2776 3753 2937 3823 gloria
2964 3753 3075 3818 ipso
3121 3751 3320 3803 absente
3353 3755 3643 3816 comparata
3673 3746 3999 3817 gratulatur.

2398 3845 2467 3898 La
2486 3846 2593 3898 tilia
2618 3846 2669 3898 in
2700 3846 2859 3897 rctlittt
2899 3840 3261 3912 Chrysostomi.
3292 3869 3361 3880 -—
3390 3837 3591 3893 Idcirco
3616 3837 3855 3909 gaudeo,
3889 3853 4001 3892 non

2395 3938 2568 3991 solum
2596 3937 2715 4005 quia
2757 3935 2979 4000 vicistis,
3024 3933 3116 3989 sed
3155 3932 3277 4004 quia
3317 3946 3402 3987 me
3429 3931 3650 3986 absente
3678 3930 3915 3985 vicistis.
3945 3931 4005 3984 Si

2397 4030 2706 4095 adfuissem,
2758 4029 2808 4082 in
2856 4035 3062 4097 partem
3095 4024 3329 4079 victoria:
3360 4022 3631 4079 vobiscum
3674 4021 3959 4077 venissem
3989 4042 3999 4075 :

2398 4122 2520 4191 quia
2552 4135 2679 4176 vero
2708 4120 2926 4181 secessi,
2952 4117 3150 4171 nudum
3177 4116 3326 4170 vobis
3352 4124 3609 4183 trepzeum
3634 4111 3755 4168 fuit.
3790 4112 4003 4169 Verum

2399 4226 2449 4267 et
2480 4213 2603 4267 illud
2635 4228 2748 4266 mea
2782 4212 2894 4264 laus
2919 4219 2999 4264 est
3032 4227 3044 4263 :
3076 4217 3235 4277 atque
3261 4221 3470 4261 rursum
3500 4206 3551 4259 in
3588 4214 3794 4275 partem
3823 4205 4009 4259 victo-

2397 4305 2489 4361 ria:
2532 4305 2803 4359 vobiscum
2834 4304 3008 4366 venio,
3037 4302 3158 4372 quia
3198 4301 3281 4354 si.
3315 4314 3408 4353 vos
3450 4298 3694 4363 educavi,
3726 4306 3788 4352 ut
3827 4298 4008 4352 etiam

2397 4396 2618 4451 absente
2636 4404 2785 4464 patre
2802 4402 3029 4448 vestram
3050 4391 3377 4445 nobilitatem
3398 4388 3774 4444 ostenderetis.
3795 4387 4010 4455 Quem-

2397 4487 2684 4540 admodum
2711 4486 2852 4540 enim
2880 4485 3082 4540 strenui
3112 4482 3326 4537 athletae
3367 4483 3526 4535 etiam
3558 4482 3779 4535 absente
3807 4480 4008 4551 βιαιο-

2402 4581 2531 4634 tt'iba
2561 4579 2723 4633 robur
2748 4592 2901 4632 suum
2930 4578 3181 4632 exhibent
3212 4594 3224 4627 :
3256 4576 3331 4629 sic
3361 4585 3412 4630 et
3458 4574 3577 4629 fidei
3608 4585 3799 4630 vestra:
3825 4590 4011 4645 gene-

2401 4672 2611 4735 rositas,
2655 4671 2812 4724 etiam
2841 4670 3060 4723 absente
3089 4669 3323 4731 ductore,
3358 4668 3548 4722 bonam
3580 4681 3728 4721 suam
3757 4668 4010 4723 indolem

2401 4764 2654 4817 exhibuit.
2689 4762 2823 4828 Quid
2869 4777 3003 4829 Opus
3048 4762 3264 4815 verbis?
3294 4759 3521 4828 Lapides
3566 4760 3821 4824 clamant,
3860 4765 4010 4816 nutri

2404 4871 2584 4911 \ocem
2631 4855 2899 4909 emittunt.
2951 4854 3050 4907 Adi
3102 4854 3468 4921 imperatorias
3513 4852 3682 4917 aulas,
3727 4860 3785 4905 et
3814 4854 4012 4908 statim

2403 4949 2551 5004 audis
2584 4967 2596 5002 :
2630 4947 2816 5017 POpnli
2847 4946 3438 5016 Constantinopolitani.
3470 4946 3550 4999 Ad
3594 4960 3744 5000 mare
3772 4954 3828 5001 te
3874 4962 4017 5002 con-

2404 5045 2497 5109 fer,
2529 5042 2801 5098 desertum
2848 5050 2990 5111 pete,
3032 5048 3263 5103 montes,
3308 5038 3540 5094 domos:
3569 5038 3882 5095 encomium
3920 5056 4017 5095 ve-

2403 5146 2570 5189 strmn
2601 5133 2795 5203 ubique
2839 5132 3161 5201 descriptum
3208 5140 3311 5186 est.
3358 5131 3560 5197 Quibus
3590 5130 3711 5186 telis
3751 5131 4019 5189 vicistis?

2404 5228 2517 5283 Non
2563 5226 2772 5295 opibus,
2823 5224 2914 5280 sed
2960 5224 3081 5280 fide.
3115 5224 3159 5279 Ο
3203 5223 3395 5294 popule
3436 5222 3670 5278 doctoris
3712 5227 3953 5279 amans!
3985 5242 4023 5280 ο

2405 5323 2597 5394 populo
2640 5328 2845 5391 patrem
2894 5318 3157 5388 diligens!
3209 5318 3361 5371 beata
3412 5316 3576 5381 urbs,
3625 5330 3732 5370 non
3783 5328 4022 5387 propter

2407 5416 2683 5469 columnas
2710 5422 2763 5467 et
2809 5411 3074 5481 laquearia
3112 5425 3295 5475 aurea,
3344 5409 3437 5464 sed
3484 5417 3701 5479 propter
3749 5409 4021 5465 virtutem

2405 5516 2638 5560 vestram
2658 5506 2672 5559 l.
2696 5504 2797 5559 Tot
2818 5513 3085 5573 tautmque
3105 5511 3259 5558 erant
3278 5501 3503 5569 insidizc,
3521 5509 3574 5555 et
3600 5514 3789 5571 preces
3809 5511 4023 5558 vestra:

2407 5602 2649 5654 vicerunt
2682 5616 2693 5652 :
2727 5597 2884 5667 idque
2922 5596 3041 5666 jure
3072 5596 3307 5650 merito:
3339 5610 3458 5647 nam
3496 5607 3685 5662 preces
3727 5602 3891 5648 erant
3928 5610 4025 5649 as-

2408 5694 2595 5758 sidute,
2628 5702 2681 5747 et
2720 5692 3071 5761 lacrymarnm
3120 5689 3296 5743 fontes
3338 5687 3650 5742 eflluebant.
3679 5684 3759 5740 Illi
3793 5685 3903 5741 tela
3932 5689 4021 5741 vi-

2411 5785 2652 5850 brabant,
2699 5798 2796 5837 vos
2840 5784 3099 5852 lacrymas
3133 5798 3143 5832 :
3178 5780 3252 5835 illi
3303 5777 3534 5835 furorem
3561 5776 3877 5849 spirabant,
3906 5793 4014 5833 vos

2411 5875 2886 5932 mansuctmliuem.
2937 5875 3087 5941 Quod
3134 5875 3212 5929 vis
3278 5871 3436 5927 facito
3479 5889 3491 5924 :
3538 5885 3637 5925 vos
3687 5870 3879 5924 oratis.
3930 5870 4018 5924 Ilti
