4104 6484
167 421 251 478 645
1100 410 1334 469 SERMO
1372 409 1544 468 POST
1574 404 1879 465 REDITUM
1915 406 2008 462 AB
2047 405 2340 466 EXSILIO.

165 554 292 607 vero,
316 537 400 609 qui
444 532 805 600 obsistebant,
836 529 1051 586 ubinam
1080 526 1250 582 sunt?
1274 527 1357 581 An
1387 539 1536 580 arma
1566 522 1741 578 movi-

167 628 300 687 mus?
323 644 387 683 an
435 641 599 682 arcus
646 622 974 680 intendimus
992 620 1018 674 '.'
1045 633 1112 674 an
1138 619 1242 674 tela
1269 616 1586 674 emisimus?
1610 615 1740 672 Pre-

166 724 410 783 cabamur,
437 718 596 774 etilli
639 714 958 787 fugiebant:
989 727 1112 766 nam
1153 712 1304 780 quasi
1347 724 1538 764 aranea
1588 707 1745 763 dissi—

169 813 258 883 pati
302 818 441 873 sunt,
489 819 545 864 ct
597 822 695 862 vos
741 803 891 876 quasi
938 811 1087 874 petra
1131 801 1375 857 stetistis.
1409 801 1602 855 Beatus
1647 813 1748 869 ego

167 909 359 973 propter
406 915 520 955 vos.
569 897 820 955 Sciebam
879 907 933 950 et
988 902 1145 949 antea
1196 892 1410 963 quantis
1460 891 1748 947 instructus

167 1010 319 1051 essem
361 993 581 1054 divitiis.
617 991 668 1047 id
719 1001 895 1045 tamen
941 1003 1081 1042 nunc
1119 987 1342 1041 miratus
1385 1000 1524 1039 smn.
1557 983 1749 1039 Procul

168 1102 314 1151 eram,
358 1094 413 1141 et
454 1083 648 1140 civitas
693 1082 799 1137 alio
825 1077 1264 1136 transferebatur.
1311 1076 1553 1133 Hominis
1591 1076 1750 1131 unius

171 1193 307 1234 causa
354 1178 576 1249 pelagus
618 1176 672 1230 in
699 1175 968 1230 civitatem
1016 1179 1276 1227 mutatum
1317 1179 1421 1227 est.
1461 1169 1748 1236 Mulieres,

171 1269 275 1337 viri,
306 1269 606 1324 immatura:
654 1267 830 1322 atatis
877 1263 1121 1334 parvuli,
1168 1262 1419 1319 mulieres
1463 1259 1752 1316 infantulos

171 1361 444 1433 gestabant.
469 1360 696 1431 pelagus
715 1357 863 1413 adire
886 1372 992 1411 non
1012 1353 1351 1420 dubitabant,
1378 1351 1573 1411 ﬂuctus
1601 1368 1752 1423 sper-

172 1453 366 1510 nebant.
393 1451 512 1509 Non
541 1450 822 1507 metuebat
847 1449 1034 1504 herum
1061 1462 1271 1514 servus,
1303 1445 1494 1502 mulier
1521 1444 1747 1500 inﬁmi-

174 1547 279 1601 tatis
299 1560 408 1600 suae
429 1559 539 1600 non
559 1543 898 1598 meminerat.
932 1541 1132 1597 Forum
1157 1540 1210 1594 in
1226 1537 1506 1594 ecclesiam
1537 1553 1749 1592 versum

171 1647 274 1703 est;
301 1639 476 1693 omnia
525 1635 727 1706 ubique
771 1643 992 1705 prepter
1030 1646 1131 1688 nos
1173 1629 1548 1687 movebantur.
1580 1629 1751 1699 Quem

173 1745 262 1784 non
288 1728 594 1788 erudivistis
611 1729 637 1783 τ
663 1725 1064 1798 lmperatricem
1094 1725 1369 1782 vobiscum
1413 1725 1609 1780 choros
1653 1723 1754 1779 du-

171 1831 356 1878 centem
392 1821 706 1894 accepistis,
733 1835 908 1891 neque
954 1819 1098 1874 enim
1127 1819 1245 1890 ejus
1279 1817 1512 1874 studium
1542 1815 1748 1872 tacebo.

173 1915 270 1971 Non
292 1914 544 1970 adulandi
571 1928 734 1970 causa
761 1913 902 1977 dico,
934 1911 1030 1967 sed
1055 1911 1174 1983 ejus
1216 1911 1468 1982 pietatem
1495 1909 1710 1965 celebro
1733 1949 1750 1977 ,

175 2021 326 2076 neque
351 2021 496 2062 enim
525 2005 702 2061 zelum
733 2004 853 2075 ejus
881 2003 1095 2060 silentio
1126 2002 1428 2074 prmteribo.
1459 2001 1579 2059 Non
1604 2017 1752 2058 arma

174 2099 292 2162 tulit,
330 2098 423 2154 sed
464 2096 678 2154 virtutis
722 2096 976 2166 praeclara
1005 2104 1175 2166 gesta.
1207 2094 1359 2150 Tunc
1403 2093 1748 2151 abducebar:

174 2193 301 2248 scitis
322 2205 428 2264 quo
453 2199 636 2262 pacto.
667 2188 800 2245 Nam
827 2187 1117 2259 injucunda
1158 2187 1248 2243 illa
1277 2202 1583 2244 memorare
1624 2201 1754 2243 con-

177 2286 321 2352 venit,
352 2292 410 2340 nt
429 2283 673 2355 jucunda
698 2292 753 2340 et
777 2282 948 2338 fausta
977 2281 1248 2350 ediscatis,
1277 2290 1332 2338 et
1360 2281 1596 2338 noscatis
1619 2297 1753 2353 quo-

174 2375 312 2431 modo
333 2375 597 2432 abductus
627 2375 750 2442 sim,
773 2383 829 2431 et
851 2390 959 2446 quo
986 2383 1142 2446 pacto
1171 2373 1444 2430 redierim.
1477 2374 1575 2442 Qui
1596 2375 1751 2430 semi-

174 2478 274 2521 nant
310 2469 360 2522 in
389 2467 635 2540 lacryntis
658 2509 674 2534 ,
702 2468 755 2522 in
793 2467 1128 2522 multatione
1154 2477 1358 2522 nictent.
1387 2466 1586 2524 Enntes
1614 2469 1754 2523 ibant

171 2569 211 2612 et
228 2559 422 2628 ﬂebam,
442 2560 697 2614 mittentes
711 2559 904 2614 semina
930 2574 1024 2612 sua
1054 2575 1073 2614 :
1098 2559 1347 2615 venientes
1365 2570 1536 2614 autem
1557 2561 1754 2615 venient

172 2669 265 2704 cum
285 2653 638 2718 exsultatione,
672 2661 930 2723 portantes
955 2653 1244 2724 manipulos
1267 2671 1385 2710 suos
1413 2653 1590 2724 (Psal.
1622 2655 1749 2712 125.

173 2744 215 2796 5.
259 2744 350 2813 6).
397 2745 528 2800 Htec
575 2745 736 2801 verba
784 2761 845 2801 re
893 2756 1040 2816 gesta
1090 2757 1232 2801 sunt.
1281 2748 1414 2802 Cum
1459 2750 1751 2818 gratiarum

171 2837 356 2892 actione
379 2838 698 2907 suscepistis
723 2853 866 2902 eum,
889 2854 1047 2906 quem
1075 2841 1251 2895 maesti
1277 2840 1642 2898 deduxeratis.
1674 2845 1752 2898 Ae

172 2941 260 2980 non
279 2927 441 2984 multo
464 2938 590 3000 post
614 2936 856 2999 tempore
880 2972 894 2996 ,
932 2930 1028 2985 sed
1055 2942 1176 3000 post
1207 2947 1368 2986 unum
1397 2931 1540 2988 diem
1567 2936 1747 2989 omnia

172 3017 317 3074 soluta
337 3030 480 3075 sunt.
514 3020 726 3077 Etenim
753 3030 971 3093 propter
992 3037 1087 3078 vos
1113 3022 1210 3078 fuit
1239 3025 1354 3081 inec
1383 3041 1530 3081 mora
1561 3043 1576 3080 :
1609 3029 1749 3084 Deus

171 3112 342 3180 quippe
362 3112 469 3181 jam
500 3113 570 3168 ab
601 3113 754 3168 initio
777 3113 894 3169 hac
923 3115 1266 3172 dissolverat.

228 3201 276 3258 Δ.
315 3203 443 3258 Rem
485 3219 630 3260 nunc
665 3203 818 3261 vobis
863 3221 1113 3263 arcanam
1144 3207 1284 3265 dico.
1313 3209 1536 3283 Pelagus
1566 3214 1749 3284 trajeci

169 3295 295 3349 solus
325 3295 619 3352 Ecclesiam
655 3307 902 3369 gestans;
946 3300 1158 3357 dilectio
1182 3302 1326 3358 enim
1369 3319 1475 3359 non
1507 3308 1558 3359 in
1585 3322 1752 3378 angu-

169 3394 288 3442 stum
326 3387 604 3460 redigitur.
636 3389 750 3446 Non
793 3405 1017 3464 angusta
1048 3395 1200 3449 navis
1243 3406 1396 3461 erat;
1430 3413 1524 3453 vos
1551 3399 1750 3470 quippe

174 3477 276 3533 Non
307 3482 671 3553 σημαίαιἱηί
705 3484 760 3538 in
798 3485 941 3540 nobis
984 3485 1073 3558 (2.
1098 3486 1226 3543 "Cor.
1257 3489 1310 3544 6.
1354 3489 1479 3563 12).
1517 3491 1748 3550 Discessi

171 3583 324 3629 vestra
350 3590 569 3644 curans,
600 3587 879 3648 separatus
903 3594 1152 3651 corpore,
1183 3592 1366 3640 mente
1392 3589 1744 3655 conjunctus;

169 3663 365 3723 diuessi
394 3664 506 3725 Deo
527 3670 852 3740 supplicans.
881 3687 944 3728 ac
971 3683 1203 3731 vestram
1234 3678 1574 3735 dilectionem
1600 3696 1749 3736 eom-

169 3757 440 3828 tncndans;
477 3761 732 3818 sedebam
764 3763 931 3830 solus,
962 3765 1030 3821 de
1053 3766 1216 3823 rebus
1246 3771 1438 3825 vestris
1460 3771 1742 3841 sollicitus,

167 3849 312 3917 solus,
349 3852 415 3908 de
456 3852 706 3925 profectu
739 3854 1063 3912 deliberans.
1120 3858 1372 3918 Protinus
1429 3863 1747 3936 intempesta

167 3952 304 3999 nocte
329 3943 443 4001 haec
484 3947 882 4018 religiosissima
930 3951 1154 4009 Domina
1199 3955 1279 4027 (a)
1311 3957 1427 4029 ipso
1455 3962 1630 4030 primo
1657 3961 1747 4020 die

167 4033 323 4093 literas
351 4039 518 4107 misit,
547 4056 770 4111 quarum
801 4041 916 4100 lucc
940 4056 1094 4102 erant
1119 4049 1318 4117 verba;
1351 4053 1551 4109 etenim
1580 4055 1744 4112 verba

169 4126 261 4193 ipsa
283 4141 403 4185 sunt
426 4132 706 4190 referenda
731 4153 744 4189 :
771 4134 824 4189 Ν
830 4153 856 4188 e
868 4138 1138 4194 arbitretur
1160 4141 1418 4199 Sanctitas
1444 4157 1532 4201 tua
1554 4165 1633 4204 me
1653 4151 1748 4205 illa

166 4219 337 4274 novisse
351 4239 464 4291 qua
476 4234 616 4294 gesta
636 4238 769 4280 sunt.
797 4227 1047 4284 limacem
1069 4250 1159 4304 ego
1179 4251 1292 4289 sum
1319 4254 1350 4289 a
1365 4244 1613 4311 sanguine
1632 4254 1740 4298 tuo.

169 4305 372 4381 improbi
407 4323 456 4368 et
499 4317 688 4386 perditi
720 4320 946 4376 homines
990 4323 1122 4378 Iutnc
1157 4335 1387 4384 struxere
1430 4305 1739 4392 machinam.

172 4397 377 4456 limam
403 4421 522 4460 vero
550 4407 894 4479 laci-gittarum
923 4416 1062 4469 testis
1098 4415 1256 4486 Deus,
1289 4422 1374 4475 cui
1402 4440 1548 4479 sacra
1583 4428 1739 4497 facio.

166 4492 313 4553 Quam
334 4493 642 4553 libationem
669 4499 895 4557 ell'uditl
922 4507 1120 4562 etenim
1148 4508 1399 4582 laeryma:
1421 4514 1536 4584 ejus
1558 4492 1742 4575 libatio

164 4594 314 4678 erant.
341 4589 434 4643 Cui
476 4608 626 4646 saera
657 4595 812 4664 facio.
858 4596 1124 4654 Sacerdos
1163 4603 1249 4658 illa
1297 4621 1490 4678 nempe
1532 4627 1628 4680 per
1655 4614 1743 4670 se-

167 4676 313 4742 ipsam
338 4681 607 4751 ordinata,
633 4701 754 4756 qua:
798 4687 908 4745 Deo
937 4691 1197 4749 offerebat
1223 4676 1505 4769 lacrymas,
1528 4676 1742 4762 confes-

165 4768 346 4868 sionem
384 4781 441 4829 et
471 4776 861 4847 ptenitentiam,
904 4798 1009 4838 non
1051 4801 1148 4856 pro
1176 4768 1474 4858 sacerdote,
1519 4797 1613 4853 sed
1645 4814 1743 4868 pro

167 4859 402 4934 Ecclesia,
454 4884 553 4939 pro
600 4872 799 4942 populo
841 4876 1105 4948 disperso.
1137 4881 1339 4940 Memor
1365 4897 1501 4957 erat,
1534 4908 1742 4949 memor

166 4965 294 5012 certe
328 4969 479 5026 erat,
512 4969 568 5016 et
613 4963 843 5022 filiorum
882 4979 937 5023 et
969 4970 1320 5041 baptismatis.
1367 4978 1625 5037 Πετρηίου·
1653 5002 1743 5056 per

167 5063 324 5103 inanes
347 5060 461 5107 tuas
488 5054 626 5122 ﬁlios
654 5073 790 5113 meos
831 5059 988 5128 fuisse
1027 5063 1325 5133 baptizatos.
1357 5070 1484 5128 iltec
1512 5054 1742 5146 impera-

164 5145 280 5208 trix;
310 5147 622 5204 sacerdotes
652 5165 813 5220 porro
839 5169 1028 5211 omnes
1059 5158 1250 5215 invidia
1279 5168 1531 5222 excmcati
1563 5145 1738 5226 locum

165 5235 478 5305 ignorabant,
508 5255 616 5310 quo
645 5241 990 5300 divertcram.
1016 5247 1276 5322 Quodque
1314 5257 1557 5315 mirabile
1598 5263 1742 5318 dictu

163 5331 249 5386 est,
277 5324 383 5393 illa,
413 5343 480 5386 ac
497 5332 542 5386 si
585 5332 696 5388 tilio
741 5336 972 5404 timeret,
1005 5357 1438 5414 quoquoversum
1471 5353 1599 5421 ibat,
1635 5372 1741 5412 non

164 5426 386 5484 wrpore,
415 5421 510 5478 sed
558 5425 808 5481 militaris
853 5445 1040 5487 manus
1066 5437 1341 5495 missione.
1375 5443 1557 5515 Neque
1596 5450 1739 5505 enim

166 5507 344 5567 sciebat
361 5512 564 5581 locum,
584 5515 675 5570 ubi
703 5517 971 5588 degerem.
1001 5525 1444 5598 Quoquovcrsum
1471 5507 1738 5606 mittebat,

169 5613 224 5650 ne
243 5613 414 5666 pastor
441 5606 572 5660 dolo
596 5609 992 5671 circumventus
1030 5620 1365 5679 occideretur
1405 5639 1461 5682 et
1491 5641 1738 5688 venatum

162 5697 428 5758 amitteret.
483 5702 598 5758 lloc
638 5711 866 5768 tantum.
906 5725 1024 5778 qtae
1069 5728 1307 5772 mearum
1355 5729 1479 5776 sunt
1509 5724 1736 5793 partium

219 5856 285 5922 (η)
306 5864 370 5910 tte
390 5863 602 5911 tutulan
630 5863 861 5926 loquitur.

3354 419 3472 479 440

1855 529 2074 588 praesto.
2105 521 2300 589 Quaaro
2326 520 2523 588 solum,
2558 530 2618 576 ut
2650 521 2726 577 illi
2753 534 2859 577 non
2888 520 3234 592 praevaleant.
3268 516 3466 573 Ilostes

1857 609 2092 680 undique
2119 611 2418 666 circuihant
2456 612 2824 682 expendentes
2847 612 3003 676 retia,
3033 620 3094 666 ut
3120 617 3378 681 caperent
3406 617 3461 665 et

1856 701 1908 756 in
1939 700 2151 756 illorum
2183 717 2376 758 manus
2414 702 2763 758 adducerent.
2793 701 2932 758 Hine
2972 702 3062 757 illa
3090 700 3329 772 rogabat,
3359 698 3460 754 lm-

1857 793 2226 863 peratorisque
2250 809 2426 865 genua
2456 795 2728 866 tangebat,
2760 803 2818 850 ut
2849 794 3021 849 virum
3053 792 3257 849 faceret
3296 805 3461 848 rena-

1859 885 2020 940 tionis
2067 895 2376 942 consortem
2407 904 2420 940 :
2448 885 2902 956 quemadmodum
2947 885 3221 940 Abraham
3249 883 3461 949 Seram,

1856 976 1941 1044 sit;
1961 977 2048 1031 illa
2090 977 2284 1031 virum.
2318 977 2675 1046 Perdidimus,
2721 979 2913 1050 inquit,
2958 977 3291 1034 sacerdotem
3323 994 3336 1031 :
3365 975 3460 1032 sed

1857 1066 2196 1123 reducamus.
2244 1068 2402 1125 Nulla
2431 1070 2590 1127 nobis
2635 1070 2847 1141 imperii
2884 1085 3010 1142 spes
3052 1079 3319 1140 superest,
3362 1067 3462 1122 nisi

1859 1159 2010 1215 illum
2036 1159 2375 1216 reducamus.
2409 1160 2528 1218 Non
2568 1176 2789 1233 possum
2832 1177 2956 1219 eum
2979 1161 3230 1233 quopiam
3275 1175 3458 1216 eorutr

1858 1253 2284 1322 communicare,
2313 1255 2404 1325 qui
2433 1255 2550 1312 haec
2589 1264 2970 1327 perpetrarunt
3002 1271 3017 1310 :
3048 1253 3314 1327 lacrymas
3343 1255 3460 1309 fitn-

1858 1342 2017 1411 dens,
2044 1344 2158 1400 Deo
2181 1345 2514 1416 supplicans,
2540 1347 2848 1419 nullamque
2872 1346 3176 1404 machinam
3203 1364 3311 1404 non
3343 1362 3462 1402 mo-

1859 1451 2012 1492 vens.
2044 1435 2208 1493 Scitis
2231 1451 2354 1493 etim
2380 1446 2582 1510 quanta
2612 1438 2994 1497 benevolentia
3021 1455 3120 1497 nos
3145 1440 3465 1510 susceperit,

1859 1529 2130 1598 quomodo
2157 1530 2298 1586 ulnis
2322 1534 2615 1601 exceperit,
2643 1549 2745 1590 ceu
2786 1536 3002 1605 propria
3043 1535 3283 1591 membra
3316 1553 3330 1590 :
3359 1549 3472 1606 quo

1863 1631 2022 1692 pacto
2060 1622 2264 1680 diceret
2310 1640 2370 1681 se
2417 1625 2696 1684 vobiscum
2759 1627 3043 1684 sollicitam
3087 1643 3228 1684 esse.
3285 1627 3510 1711 Neque,

1859 1716 2003 1771 enim
2035 1715 2152 1773 hac
2174 1717 2337 1774 verba
2364 1730 2601 1775 vestrum
2630 1719 2880 1776 affectum
2902 1721 3138 1777 latebant
3168 1738 3181 1776 :
3215 1721 3464 1791 quoniam

1859 1809 2174 1880 suscepistis
2202 1821 2429 1867 matrem
2473 1813 2858 1880 Ecclesiarum,
2888 1813 3129 1869 altricem
3176 1812 3468 1868 monacho.

1860 1917 2003 1967 rum,
2027 1911 2334 1959 sanctorum
2365 1913 2664 1974 patronam,
2699 1921 2997 1976 pauperum
3029 1905 3294 1962 baculum.
3329 1905 3470 1960 Laus

1859 1996 1978 2066 ejus
2007 1997 2061 2051 in
2112 1995 2207 2052 Dei
2229 1996 2454 2068 gloriam
2485 1999 2671 2066 vertit,
2703 1999 2757 2055 in
2797 2014 3053 2056 coronam
3079 1999 3466 2056 Ecclesiarum.

1861 2088 2117 2148 Dicamne
2168 2090 2449 2149 ardentem
2497 2092 2618 2164 ejus
2655 2093 2939 2150 amorem?
2967 2092 3140 2149 dicam
3185 2094 3301 2162 eius
3344 2108 3470 2163 erga

1859 2197 1948 2238 me
1992 2183 2446 2242 sollicitudinem?
2475 2185 2600 2242 lleri
2640 2187 2860 2257 vesperi
2912 2185 3028 2243 haec
3069 2186 3136 2242 ad
3181 2202 3266 2242 me
3310 2186 3470 2241 verba

1862 2274 2009 2329 misit
2039 2292 2052 2329 :
2087 2274 2262 2332 Dicito
2287 2276 2338 2332 ei
2369 2294 2383 2332 :
2412 2277 2600 2334 Oratio
2629 2293 2749 2336 mea
2777 2279 2997 2350 impleta
3034 2289 3138 2348 est,
3166 2296 3278 2335 rem
3304 2281 3468 2351 impe-

1860 2366 1996 2421 travi
2051 2385 2066 2422 :
2114 2367 2307 2423 melius
2331 2377 2587 2425 coronata
2628 2384 2775 2438 sum,
2818 2386 2979 2442 quam
3009 2385 3107 2441 per
3150 2372 3322 2442 ipsum
3353 2371 3464 2428 dia-

1860 2455 2042 2513 dema.
2091 2457 2292 2530 Recepi
2338 2459 2704 2529 sacerdotem,
2761 2470 2924 2534 caput
2965 2464 3177 2534 corpori
3222 2463 3469 2530 restitui,

1859 2549 2272 2619 gubernatorem
2318 2553 2464 2622 navi,
2513 2563 2782 2625 pastorem
2824 2557 2996 2628 gregi,
3029 2556 3265 2636 thalamo
3307 2572 3469 2630 spon-

1933 2772 1988 2829 5.
2030 2773 2242 2832 Pudore
2269 2775 2448 2834 allecti
2493 2787 2621 2836 sunt
2652 2777 2906 2836 adulteri.
2954 2780 3062 2839 Seu
3101 2783 3275 2838 vivam
3309 2825 3324 2850 ,
3370 2799 3466 2840 seu

1863 2868 2093 2936 moriar,
2141 2870 2271 2926 nihil
2301 2872 2431 2928 mihi
2464 2889 2609 2932 cura:
2636 2883 2740 2932 est.
2768 2874 2960 2934 Videte
2985 2879 3297 2934 tentationis
3327 2895 3470 2950 prae-

1860 2959 2063 3016 clarum
2089 2963 2312 3018 exitum.
2337 2963 2476 3032 Quid
2499 2964 2714 3035 faciam,
2739 2975 2797 3022 ut
2821 2983 2918 3038 pro
2938 2968 3228 3026 dilectione
3252 2971 3471 3043 dignum

1861 3053 2012 3110 vobis
2038 3071 2234 3112 munus
2262 3058 2596 3130 rependam?
2623 3060 2850 3131 Dignum
2879 3079 3108 3136 nequeo,
3138 3065 3296 3136 quale
3321 3065 3475 3122 adest

1860 3148 2057 3204 tribuo.
2097 3149 2278 3222 Usque
2315 3152 2453 3209 adeo
2478 3153 2644 3226 diligo
2667 3196 2682 3222 ,
2716 3165 2774 3210 ut
2815 3168 3032 3227 paratus
3056 3159 3158 3214 sim
3188 3159 3254 3214 ad
3297 3159 3472 3215 effun-

1858 3237 2094 3296 dendum
2145 3257 2246 3312 pro
2299 3245 2470 3300 salute
2515 3255 2694 3302 vestra
2739 3249 3078 3318 sanguinem.
3124 3249 3295 3306 Nemo
3339 3250 3473 3308 tales

1859 3329 2020 3388 habet
2060 3332 2196 3390 ﬁlios
2225 3375 2241 3398 ,
2276 3351 2436 3392 nemo
2461 3338 2620 3393 talem
2645 3353 2864 3410 gregem
2889 3341 3126 3405 ,'nullus
3166 3356 3354 3413 agrum
3401 3342 3471 3398 ita

1857 3421 2163 3480 ﬂorentem.
2194 3426 2310 3482 Non
2336 3442 2473 3498 opus
2500 3429 2633 3484 mihi
2659 3431 2980 3501 agricultura
3009 3450 3023 3499 ;
3055 3448 3142 3490 me
3165 3434 3471 3494 dormiente

1857 3528 2081 3572 vernant
2105 3519 2288 3589 spicte.
2319 3520 2477 3576 Nullo
2507 3521 2639 3579 mihi
2666 3537 2803 3593 opus
2827 3533 2913 3581 est
2939 3525 3125 3582 labore
3157 3544 3170 3580 :
3203 3543 3290 3584 me
3318 3529 3472 3600 quie-

1855 3619 2042 3666 scente
2083 3625 2213 3667 oves
2255 3613 2438 3682 lupum
2487 3625 2763 3686 superant.
2795 3615 2898 3686 Qui
2947 3631 3044 3674 vos
3089 3621 3473 3692 compellabo?

1855 3715 2000 3767 oves,
2032 3718 2098 3756 an
2131 3714 2379 3775 pastores
2402 3748 2416 3771 ,
2449 3721 2516 3761 an
2546 3707 2956 3778 gubernatores,
2986 3711 3253 3769 militesne
3279 3731 3346 3769 an
3371 3715 3470 3772 du-

1853 3794 1989 3849 ces?
2022 3797 2147 3852 llaze
2176 3799 2395 3853 nomina
2429 3815 2553 3855 vera
2574 3813 2696 3857 esse
2718 3799 2901 3859 dicere
2930 3817 3171 3874 possum.
3205 3807 3338 3862 Cum
3371 3809 3467 3866 bo—

1854 3901 1982 3940 num
2013 3886 2260 3944 ordinem
2285 3889 2444 3946 video
2463 3932 2478 3956 ,
2510 3906 2640 3949 oves
2665 3907 2801 3950 voco
2826 3911 2842 3961 ;
2869 3910 2993 3951 cum
3026 3899 3419 3967 providentiam
3447 3945 3462 3968 ,

1855 3990 2128 4051 pastores;
2146 3997 2268 4038 cum
2287 3986 2627 4054 sapientiam,
2643 3987 3058 4059 gubernatores;
3074 4007 3196 4048 cum
3213 3995 3467 4053 virtutem

1853 4083 1904 4128 et
1923 4076 2301 4145 constantiam,
2318 4088 2371 4134 et
2391 4080 2590 4136 milites
2604 4090 2657 4136 et
2675 4081 2840 4139 duces
2860 4099 2958 4139 vos
2974 4101 3162 4143 omnes
3174 4089 3318 4145 dico.
3331 4086 3376 4147 0
3393 4093 3470 4147 la-

1853 4166 2061 4225 borem!
2083 4185 2116 4224 o
2135 4172 2520 4240 providentiam
2540 4176 2741 4246 populi!
2763 4178 2915 4250 lupos
2927 4181 3230 4251 expulistis,
3247 4193 3304 4240 et
3320 4187 3468 4243 solli-

1852 4261 2145 4316 citudinem
2175 4278 2282 4318 non
2309 4264 3266 4344 deposuistis.Nauta’qnivobiscum
3286 4289 3463 4346 erant,

1851 4361 2036 4407 contra
2057 4368 2153 4410 vos
2169 4357 2415 4413 conversi
2433 4366 2580 4424 sunt,
2598 4367 2655 4415 et
2669 4362 2789 4415 navi
2807 4362 3004 4418 bellum
3025 4365 3463 4428 intulerunt.Cla-

1852 4454 2014 4513 mate,
2034 4447 2282 4505 Facessat
2295 4452 2494 4517 clerus,
2509 4453 2781 4523 aliumque
2798 4457 3002 4513 clerum
3019 4459 3272 4519 Ecclesiae
3290 4475 3465 4536 postu-

1853 4535 1986 4593 late.
2043 4540 2186 4608 Quid
2248 4557 2392 4612 opus
2425 4535 3461 4629 clamoreMbierunt,etdepulsisunt,

1852 4629 2066 4684 nemine
2084 4630 2398 4703 insequente
2416 4637 2469 4692 in
2489 4637 2668 4709 fugam
2693 4644 2854 4699 versi.
2879 4645 2995 4702 Non
3020 4647 3180 4706 homo
3207 4652 3348 4722 illos,
3365 4657 3462 4712 sed

1849 4723 2174 4778 conscientia
2192 4737 2435 4782 accusat:
2455 4729 2516 4784 Si
2535 4733 2772 4788 inimicus
2785 4740 3136 4809 exprobrasset
3152 4747 3299 4818 mihi,
3315 4753 3461 4806 susti-

1850 4812 2071 4869 nuissent
2091 4817 2262 4884 utique
2280 4817 2449 4889 (Psal.
2471 4822 2540 4878 54
2556 4824 2695 4894 .13).
2714 4827 2814 4895 Qui
2839 4832 3117 4890 nobiseum
3134 4812 3318 4909 erant,
3341 4858 3461 4899 cou-

1852 4912 1931 4958 tra
1961 4922 2059 4961 nos
2085 4913 2336 4966 conversi
2367 4925 2489 4968 sunt
2515 4932 2529 4969 ε
2558 4918 2649 4987 qui
2683 4920 2960 4976 nobiscum
2990 4929 3165 4984 navim
3195 4934 3462 5002 guberna-

1853 4993 1999 5063 bant,
2029 5001 2204 5055 navim
2235 5001 2554 5076 demergere
2574 5011 2750 5064 conati
2773 5023 2919 5068 sunt.
2948 5015 3169 5078 Miratus
3190 4993 3307 5081 sum
3329 5043 3461 5086 eon-

1847 5091 2126 5148 scientiam
2163 5106 2415 5153 vestram.
2463 5100 2586 5157 llaec
2624 5104 2781 5174 dico,
2825 5121 3009 5166 nonut
3043 5116 3109 5170 ad
3139 5120 3457 5182 seditionem

1851 5195 1947 5235 vos
1970 5183 2218 5287 excitem.
2245 5187 2377 5243 Nam
2400 5206 2519 5261 qua:
2541 5192 2616 5248 illi
2639 5211 2920 5267 paravere,
2950 5207 3142 5264 seditio
3165 5223 3308 5280 sunt,
3337 5232 3460 5287 quae

1850 5287 1946 5326 vos
1972 5272 2193 5344 fecistis,
2223 5280 2390 5336 zelus.
2421 5283 2536 5339 Non
2567 5289 2710 5343 enim
2743 5296 2969 5364 rogastis
2998 5298 3118 5356 illos
3144 5272 3335 5375 occidi,

1850 5365 2097 5436 impediri
2125 5375 2413 5441 quominus
2460 5379 2586 5434 illud
2617 5385 2857 5441 eveniret
2901 5391 2982 5446 vel
3015 5393 3166 5450 vobis
3191 5440 3206 5464 ,
3245 5365 3334 5457 vel
3361 5405 3460 5460 Ec—

1847 5458 2047 5526 clesim,
2073 5479 2139 5518 ne
2165 5480 2349 5522 rursus
2376 5471 2832 5545 submergeretur.
2864 5481 3040 5538 Virtus
3061 5489 3256 5560 quippe
3280 5508 3455 5552 vestra

1849 5567 1954 5604 non
1982 5553 2104 5607 sivit
2131 5555 2380 5626 ingruere
2403 5570 2797 5636 tempestatem,
2829 5575 2920 5626 sed
2949 5553 3454 5645 illornm'sententia

1849 5643 2040 5699 iiuctus
2065 5651 2373 5706 concitavit.
2406 5655 2518 5726 Ego
2545 5675 2673 5714 vero
2719 5678 2830 5717 rem
2880 5684 2984 5723 mm
3025 5679 3319 5735 secundum
3345 5686 3451 5739 exi-

1851 5743 1985 5805 tum,
2006 5739 2100 5794 scd
2131 5745 2424 5803 secundum
2449 5750 2663 5808 illorum
2690 5769 2921 5816 mentem
2948 5769 3178 5825 mstimo.
3195 5773 3271 5829 Tu
3296 5775 3459 5836 homo
