4104 6490
646 423 743 479 M7
1342 413 1397 467 S.
1440 406 1720 465 JOANNIS
1760 399 2235 459 CllRYSOSTOMI
2280 397 2597 457 ARCHIEP.
2638 391 3175 452 CONS'I‘ANTINUP.

646 538 729 605 qui
758 534 909 590 altari
934 530 1133 595 adstas,
1155 526 1239 581 cui
1262 523 1392 579 lanii
1422 520 1596 592 populi
1619 534 1744 573 cura
1775 514 2079 577 commissa,
2100 527 2220 567 cum

649 630 759 686 hac
794 626 963 683 tristia
1002 620 1355 690 comprimere
1390 613 1615 676 deberes
1643 652 1660 679 ,
1710 615 2077 679 tempestatem
2124 619 2219 658 au-

649 724 765 777 sisti
792 760 808 785 ,
861 724 1046 772 contra
1075 712 1301 781 teipsum
1330 706 1561 779 gladium
1608 702 1824 759 vibrasti
1855 740 1872 766 ,
1922 700 2056 752 lilins
2103 707 2221 750 tuos

644 800 1049 879 consumpsisti,
1095 804 1141 858 si
1189 816 1296 857 non
1339 798 1510 867 reipsa
1550 806 1604 850 et
1645 794 2030 864 experimento,
2076 796 2223 842 certe

652 905 843 958 mimo.
887 899 992 956 Sed
1039 897 1179 952 Deus
1216 891 1501 963 prohibuit.
1551 888 1732 957 Itaque
1775 899 1868 939 vos
1900 882 2137 937 demiror
2169 887 2224 933 et

650 996 827 1061 laudo,
852 994 991 1066 quod
1022 1001 1143 1062 post
1169 988 1391 1051 bellum,
1425 999 1554 1056 pace
1578 981 1875 1043 conciliata,
1908 974 2139 1032 caveatis
2168 981 2225 1028 ut

651 1090 881 1159 perlecta
933 1102 1034 1158 pax
1082 1091 1313 1139 maneat.
1358 1076 1765 1150 Oportctsenim
1813 1072 2222 1143 gubernatorem

649 1198 769 1237 cum
790 1181 963 1235 nautis
989 1176 1235 1233 concordi
1279 1187 1395 1229 esse
1422 1171 1600 1226 animo
1631 1186 1645 1223 :
1674 1167 1719 1222 si
1743 1165 1884 1221 enim
1913 1159 2223 1225 dissideant,

650 1270 843 1341 scapha
869 1268 1214 1337 demergitur.
1249 1264 1355 1319 Vos
1383 1276 1564 1332 pacem
1593 1260 1729 1313 hanc
1764 1271 1858 1327 per
1882 1254 1975 1309 Dei
2000 1252 2223 1323 gratiam

648 1361 882 1417 stabilite
913 1378 927 1415 :
956 1374 1051 1415 vos
1078 1355 1379 1412 securitatis
1406 1364 1684 1409 consortes
1712 1348 1958 1404 elliciam.
1984 1344 2115 1401 Sine
2139 1357 2227 1397 vo-

651 1454 732 1509 bis
775 1452 905 1507 nihil
954 1450 1139 1505 l’aciam
1167 1491 1182 1515 ,
1229 1462 1331 1503 nec
1371 1447 1488 1501 sine
1532 1440 1925 1514 religiosissima
1970 1439 2225 1507 Augusta.

3818 386 3922 441 M3

2327 510 2603 566 scientiam
2630 550 2645 575 ,
2684 518 2739 563 et
2779 507 3161 576 lmperatorum
3190 500 3596 573 providentiam.
3629 496 3743 551 Non
3769 496 3922 553 enim

2330 602 2401 657 ita
2429 601 2497 657 de
2526 601 2664 656 bello
2693 599 2903 655 solliciti
2929 604 3054 651 sunt
3079 636 3092 660 ,
3124 604 3179 648 ut
3204 593 3272 647 de
3302 590 3539 647 Ecclesia
3565 630 3581 655 ,
3612 604 3717 643 non
3745 588 3817 642 ita
3845 587 3918 642 de

2330 695 2542 751 civitate
2566 735 2579 760 ,
2610 701 2668 747 ut
2692 691 2760 747 de
2786 689 3044 745 Ecclesia.
3074 687 3357 741 Preccmur
3382 682 3560 752 itaque
3588 681 3755 735 Deum
3782 721 3797 744 ,
3826 694 3919 734 ro-

2330 800 2517 859 gemus
2564 785 2705 839 illam
2737 785 2752 814 ³
2796 784 2849 837 in
2898 780 3145 852 precibus
3192 788 3595 847 perseveremus
3626 814 3643 839 ,
3693 786 3870 841 neque
3906 814 3921 837 ,

2331 877 2579 948 quoniam
2604 873 2881 930 calamitas
2923 871 3095 927 soluta
3139 877 3221 924 est
3247 908 3263 934 ,
3305 866 3578 936 segniores
3601 863 3921 921 evadamus.

2332 970 2455 1027 Ideo
2495 968 2562 1023 ad
2610 967 2746 1021 hanc
2790 980 2956 1035 usque
2993 963 3134 1018 diem
3175 973 3473 1030 precamur,
3510 966 3568 1011 ut
3610 956 3698 1011 illa
3748 956 3923 1010 tristia

2332 1064 2624 1121 solvantur.
2658 1061 2867 1117 Gratias
2896 1059 3007 1113 Deo
3031 1070 3249 1126 agamus
3278 1071 3291 1107 :
3326 1062 3381 1109 ut
3408 1063 3530 1108 tunc
3570 1053 3774 1108 strenui
3823 1052 3923 1105 lui-

2333 1170 2483 1222 mus,
2514 1154 2591 1209 sic
2627 1154 2737 1223 jam
2778 1150 3001 1205 studiosi
3039 1148 3225 1202 simus.
3274 1146 3379 1201 Pro
3406 1144 3489 1199 bis
3514 1160 3643 1200 vero
3670 1143 3927 1198 omnibus

2332 1248 2529 1320 gratias
2571 1260 2789 1316 agamus
2830 1243 2941 1298 Deo
2965 1282 2981 1309 ,
3029 1239 3114 1295 cui
3152 1238 3320 1309 gloria
3368 1245 3423 1292 et
3463 1236 3751 1308 imperium
3796 1250 3923 1289 cum

2339 1339 2473 1395 Filio
2493 1346 2550 1395 et
2574 1345 2760 1393 sancto
2782 1332 3097 1402 vivil‘tcoque
3119 1330 3341 1400 Spiritu,
3362 1344 3503 1384 nunc
3529 1338 3584 1385 et
3610 1342 3850 1397 semper,
3868 1335 3925 1383 et

2334 1434 2390 1489 in
2410 1431 2604 1487 smcula
2624 1428 2960 1484 szeculorum.
2992 1425 3185 1479 Amen.

649 1544 885 1614 Namque
908 1552 961 1598 et
988 1541 1074 1597 illa
1101 1546 1289 1604 curat,
1317 1537 1541 1592 sollicita
1568 1544 1670 1599 est,
1700 1532 1938 1600 nihilque
1969 1544 2072 1583 non
2097 1529 2226 1598 agit,

649 1646 706 1689 ut
731 1633 869 1704 quod
898 1634 1186 1703 plantatum
1211 1638 1327 1695 est,
1376 1627 1583 1682 ﬁrmum
1613 1634 1825 1679 maneat
1848 1663 1864 1688 ,
1898 1630 1953 1676 ut
1994 1619 2228 1675 Ecclesia

652 1726 767 1781 sine
791 1726 1035 1783 ﬂuetibus
1068 1725 1244 1795 degat.
1290 1720 1523 1777 Laudavi
1562 1719 1738 1788 itaque
1762 1724 1816 1771 et
1844 1721 2075 1769 vestram
2101 1725 2229 1766 con-

2401 1592 2417 1622 ί
2452 1595 2611 1646 Forte,
2626 1586 2780 1637 illum.
2804 1586 2846 1635 Si
2869 1592 2968 1635 stet
2982 1582 3145 1644 lectio,
3163 1580 3316 1636 illam.
3336 1581 3601 1646 etquidem
3624 1586 3756 1646 stare
3780 1590 3926 1646 [uisse

2338 1652 2547 1709 videtur,
2571 1639 2832 1699 referenda
2852 1656 2928 1697 est
2951 1647 3008 1696 ad
3034 1639 3380 1709 [articulorum
3404 1639 3757 1706 providentiam
3783 1639 3927 1704 paulo

2340 1722 2455 1765 ante
2477 1721 2791 1763 memoratam
2799 1750 2807 1761 .

1553 2628 1899 2693 MONITUM
1944 2629 2021 2689 ΙΝ
2064 2625 2440 2689 HOMILIAM
2484 2624 2579 2683 DE
2620 2616 3042 2683 (ἶΗΑΝΑΝᾹίᾹ

748 2940 903 2999 Circa
936 2937 1101 3009 hujus
1131 2931 1366 2990 homilim
1387 2932 1716 3003 γνησιὰτητα
1748 2931 2080 3001 disputatum
2104 2926 2224 2982 luit.
2262 2924 2498 2981 Savilius
2537 2922 2622 2977 vir
2654 2935 2819 2991 sagax
2842 2929 2894 2975 et
2926 2918 3173 2973 eruditus
3208 2928 3329 2970 eam
3376 2924 3434 2968 ut
3486 2912 3787 2983 genuinam
3819 2912 3926 2966 ha-

679 3082 842 3138 buit:
880 3081 995 3136 hac
1023 3082 1167 3133 enim
1211 3077 1285 3131 ait
1324 3076 1379 3131 in
1423 3073 1577 3130 Notis
1610 3088 1664 3144 p.
1705 3070 1848 3126 7‘26:
1900 3069 2172 3127 Orationis
2205 3067 2360 3138 hujus
2405 3064 2760 3136 apographum
2803 3076 2868 3117 ea:
2920 3058 3249 3113 Bibliotheca
3295 3054 3555 3110 Palatina
3603 3052 3933 3122 descriptum

677 3213 1065 3271 emendacimus
1095 3227 1160 3265 es;
1187 3208 1389 3265 duobus
1418 3204 1798 3276 Hunuscriptis
1826 3205 1881 3259 in
1911 3201 2237 3258 Bibliotheca
2269 3199 2431 3254 Ducis
2462 3196 2725 3253 Bauaritr.
2758 3194 2933 3249 Multa
2962 3192 3114 3246 habet
3143 3191 3445 3245 communia
3476 3205 3596 3243 curn
3629 3185 3840 3243 Homil.
3868 3185 3937 3242 5‘2

680 3355 735 3407 in
768 3350 1082 3406 llattlurum
1105 3348 1250 3419 (qua:
1275 3356 1359 3403 est
1388 3346 1457 3402 53
1486 3344 1625 3417 apud
1656 3340 1981 3412 Morellum),
2013 3354 2175 3410 neque
2210 3337 2449 3409 agnoscit
2479 3334 2764 3406 Catalogus
2814 3331 3175 3406 Augustanus.
3222 3328 3363 3384 Puto
3408 3339 3580 3384 tamen
3621 3344 3938 3398 germanam

681 3514 813 3564 esse,
842 3499 1079 3569 quamvis
1107 3490 1527 3565 languidiuscule
1554 3489 1833 3558 scriptam,
1867 3495 1924 3541 ut
1954 3494 2076 3540 sunt
2105 3484 2290 3537 multa
2323 3480 2478 3551 hujus
2509 3478 2678 3534 nostri
2706 3472 3333 3545 Comlanlinopolilanw.
3365 3470 3529 3526 Aliud
3555 3471 3764 3526 sentire
3786 3469 3941 3525 vidc-

686 3657 774 3702 tur
798 3642 1004 3699 Fronto
1034 3642 1282 3706 Ducmus,
1316 3640 1409 3711 qui
1439 3639 1491 3694 in
1524 3636 1679 3694 Notis
1701 3636 1767 3691 ad
1797 3636 1938 3691 hanc
1974 3633 2251 3689 homiliam
2285 3647 2339 3702 p.
2366 3630 2526 3696 ιοδι,
2562 3639 2710 3685 torno
2736 3626 2827 3695 Vl,
2850 3627 2924 3683 ita
2960 3625 3242 3697 loquitur:
3293 3622 3470 3694 Hujus
3512 3622 3747 3676 humilia!
3787 3618 3943 3676 Cra:-

685 3807 803 3845 cunt
834 3800 1032 3845 textum
1060 3804 1124 3844 ea:
1156 3786 1419 3843 Palatinis
1447 3783 1725 3842 Codicibus
1752 3780 1977 3837 ascribi
2008 3778 2207 3833 curavit
2242 3774 2500 3838 Sauilius,
2531 3785 2579 3830 et
2618 3790 2683 3829 ex
2726 3772 2999 3829 Bavaricis
3038 3768 3352 3833 emendavit,
3398 3768 3489 3836 qui
3530 3774 3579 3821 et
3625 3781 3943 3836 germanum

687 3946 799 3985 esse
825 3940 976 4001 putat
1005 3945 1135 3999 opus
1167 3928 1319 4003 [452]
1346 3926 1728 4001 Chrysostorni,
1754 3924 1993 3996 quamvis
2015 3921 2080 3977 ab
2106 3921 2415 3992 Augustano
2440 3914 2697 3986 Catalogo
2725 3932 2827 3970 non
2853 3922 3192 3986 agnoscatur,
3212 3922 3263 3967 et
3283 3909 3710 3981 languidiuscule
3733 3906 3946 3975 scripta

694 4068 952 4123 uideatur.
985 4066 1139 4133 Quod
1171 4083 1296 4122 sane
1324 4068 1541 4130 mirum,
1572 4082 1691 4120 cum
1718 4063 1908 4120 Sixtus
1939 4062 2186 4118 Senensis
2217 4070 2340 4114 ante
2362 4058 2623 4113 monuerit
2652 4057 2887 4112 eamdem
2916 4055 3058 4125 apud
3079 4052 3357 4125 Origenem
3384 4062 3595 4106 exstare
3612 4046 3793 4102 Serm.
3830 4044 3864 4099 7
3893 4047 3949 4101 in

691 4202 921 4256 diversos
952 4201 1115 4267 locos,
1149 4209 1199 4255 et
1228 4201 1362 4254 inter
1390 4199 1639 4253 homilias
1668 4212 1733 4253 ea:
1760 4196 1922 4251 variis
1952 4196 2006 4249 in
2047 4194 2359 4250 Matthteum
2387 4192 2514 4246 locis
2546 4207 2658 4245 esse
2698 4190 2955 4246 decimam
2985 4189 3284 4257 septimam,
3315 4187 3412 4241 hoc
3439 4194 3517 4241 est
3547 4187 3601 4238 in
3629 4200 3691 4238 ea
3723 4182 3952 4238 Sermo-

692 4360 814 4398 uurn
846 4342 1134 4412 farragine,
1164 4356 1320 4410 quant
1343 4340 1551 4409 judicat
1585 4352 1696 4392 esse
1739 4334 1984 4390 monachi
2023 4335 2195 4403 potius
2225 4329 2533 4402 cujusdam,
2578 4332 2670 4401 qui
2698 4329 3105 4401 Euangeliorum
3135 4325 3536 4396 explanationes
3575 4326 3735 4379 uariis
3781 4327 3951 4381 inter-

695 4481 888 4533 mixtos
923 4479 1189 4551 allegoriis
1229 4477 1414 4534 edidit.
1452 4476 1621 4533 Porro
1656 4478 1794 4546 apud
1830 4476 2108 4547 Origenem
2147 4475 2311 4529 alium
2346 4477 2679 4543 interpretem
2716 4472 2891 4539 habet,
2926 4483 2975 4527 et
3019 4471 3221 4526 breuior
3262 4479 3361 4535 est,
3396 4484 3555 4540 quam
3590 4467 3640 4519 in
3693 4466 3844 4520 libro
3887 4483 3951 4520 ex

696 4619 855 4673 variis
884 4621 939 4673 in
975 4619 1286 4676 llattlueum
1323 4621 1448 4674 locis
1481 4636 1498 4674 :
1534 4622 1585 4673 in
1619 4629 1837 4689 utroque
1870 4628 2045 4673 tamen
2084 4620 2195 4673 loco
2223 4620 2404 4689 incipit
2431 4619 2496 4672 ab
2519 4617 2628 4672 illis
2663 4616 2849 4681 verbis,
2882 4614 3108 4671 Miratur
3151 4611 3481 4681 evangelista
3512 4631 3525 4668 ε
3556 4628 3675 4678 qua:
3716 4614 3954 4681 reperies

695 4781 747 4827 ρ.
784 4763 890 4820 298
934 4762 976 4818 D
1016 4765 1168 4837 [θύη.
1205 4762 1418 4835 Morel.)
1448 4764 1605 4833 hujus
1652 4764 1945 4818 editionis:
1984 4778 2102 4833 qua:
2151 4779 2268 4818 vero
2304 4764 2605 4834 praecedunt
2655 4763 2722 4815 ab
2771 4761 2924 4814 initio
2958 4757 3191 4812 homilite
3234 4764 3375 4811 uetus
3420 4753 3637 4826 quidam
3684 4754 3957 4822 interpres

697 4903 884 4960 Latine
920 4907 1070 4959 vertit
1100 4921 1118 4959 :
1151 4914 1200 4960 et
1237 4903 1493 4960 habentur
1518 4902 1737 4957 Itomilia
1761 4901 1966 4956 decima
1997 4910 2189 4971 quarta
2209 4917 2275 4955 ex
2302 4902 2464 4956 uariis
2496 4902 2553 4954 in
2584 4898 2891 4953 Matthwum
2919 4897 3087 4951 locis:
3119 4896 3299 4951 Multa
3324 4899 3698 4961 tempestates,
3734 4891 3957 4963 inquie—

699 5041 828 5097 tndo
862 5040 1050 5095 aeris:
1084 5049 1134 5095 et
1180 5038 1343 5093 aliam
1394 5054 1579 5094 rursus
1627 5039 2107 5110 interpretationem
2146 5042 2200 5095 in
2230 5038 2580 5110 Latharingia
2627 5040 2771 5093 nacti
2818 5055 2999 5094 sumus
3045 5053 3111 5091 ea:
3159 5033 3263 5090 Ms.
3306 5031 3502 5089 Codice
3527 5039 3762 5095 erutam,
3797 5044 3959 5094 quam

700 5196 821 5235 cum
852 5182 1031 5234 eadem
1070 5180 1286 5234 homilia
1322 5180 1385 5234 l7
1420 5181 1754 5251 conjunctant
1795 5183 2169 5249 rccensuimus,
2200 5193 2249 5237 ct
2303 5183 2463 5237 variis
2497 5182 2807 5237 lectionibus
2850 5191 3004 5253 atque
3047 5177 3498 5235 cmcndationibus
3549 5190 3615 5229 ea:
3660 5170 3955 5227 collatione

702 5336 819 5372 cum
850 5317 1040 5374 Codice
1073 5318 1256 5375 erco
1278 5320 1628 5378 illustrissimi
1658 5322 1961 5376 Cardinalis
1993 5322 2233 5376 l’erronii
2262 5321 2723 5392 ampliﬁcavimus.
2754 5318 2877 5375 llaec
2926 5317 3129 5374 Fronto
3179 5317 3428 5381 bucinus,
3460 5314 3768 5371 secundum
3799 5309 3964 5381 cujus

706 5460 848 5515 haud
881 5460 1046 5525 dubie
1070 5461 1391 5515 Setitentiam
1425 5460 1539 5516 haec
1572 5460 1797 5515 homilia
1829 5461 1883 5513 in
1912 5460 2041 5515 edit.
2079 5460 2270 5515 Morel.
2300 5461 2343 5515 Τ
2348 5477 2474 5516 omo
2505 5459 2571 5514 Vl
2604 5461 2741 5515 inter
2782 5457 2979 5529 Spuria
3025 5474 3156 5513 cusa
3195 5455 3314 5511 fuit.
3356 5453 3461 5511 Sed
3499 5454 3629 5509 huic
3670 5453 3963 5509 sententia:

707 5598 965 5652 reclamat
998 5597 1371 5654 Tillemontins
1398 5640 1411 5666 ,
1444 5615 1672 5670 eamque
1706 5601 1847 5656 inter
1879 5615 2033 5655 veras
2065 5614 2461 5669 germanasque
2496 5612 2679 5655 censet
2722 5598 3082 5659 retinendam,
3114 5594 3261 5667 quod
3290 5595 3436 5649 nulla
3472 5604 3553 5649 sat
3597 5593 3795 5648 idonea
3838 5594 3959 5665 ejus

709 5736 1013 5805 rejicicndae
1042 5741 1179 5795 ratio
1213 5739 1487 5796 aﬂ‘eratur.

780 5877 936 5932 Certe
970 5880 1110 5948 quod
1147 5889 1349 5950 .sllCCl'dl
1376 5880 1437 5935 .nl
1469 5896 1696 5951 pruinam
1724 5895 1928 5951 pauent
1962 5885 2029 5939 ad
2065 5898 2235 5953 usque
2261 5881 2412 5951 illud,
2446 5899 2595 5939 num-
2629 5883 2698 5939 Ii.
2738 5882 2963 5937 Mllulttt
3016 5879 3366 5951 et'anyclistn,
3416 5893 3527 5934 t't‘t't‘
3570 5878 3778 5944 multa:
3827 5886 3957 5943 τιν,
