  <div class='ocr_page' id='page_1' title='image "/cluster/home/n/w/nwhite01/storage/ocr_20150623/52/uva.x030486926/072.png"; bbox 0 0 4104 6484; ppageno 0'>
   <div class='ocr_carea' id='block_1_1' title="bbox 197 408 1779 493">
    <p class='ocr_par' dir='ltr' id='par_1_1' title="bbox 197 413 1776 493">
     <span class='ocr_line' id='line_1_1' title="bbox 197 413 1776 493; baseline -0.016 1"><span class='ocrx_word' id='word_1_1' title='bbox 197 438 286 493; x_wconf 67' lang='grc'><strong>649</strong></span> <span class='ocrx_word' id='word_1_2' title='bbox 1543 414 1631 471; x_wconf 81' lang='lat' dir='ltr'><strong>DE</strong></span> <span class='ocrx_word' id='word_1_3' title='bbox 1684 413 1776 471; x_wconf 80' lang='lat' dir='ltr'><strong>Cll</strong></span> 
     </span>
    </p>
   </div>
   <div class='ocr_carea' id='block_1_2' title="bbox 1886 408 2118 493">
    <p class='ocr_par' dir='ltr' id='par_1_2' title="bbox 1886 408 2118 466">
     <span class='ocr_line' id='line_1_2' title="bbox 1886 408 2118 466; baseline -0.013 0"><span class='ocrx_word' id='word_1_4' title='bbox 1886 408 2118 466; x_wconf 64' lang='grc' dir='ltr'><strong>ᾹΝΕΛ.</strong></span> 
     </span>
    </p>
   </div>
   <div class='ocr_carea' id='block_1_3' title="bbox 3376 388 3484 446">
    <p class='ocr_par' dir='ltr' id='par_1_3' title="bbox 3376 388 3484 446">
     <span class='ocr_line' id='line_1_3' title="bbox 3376 388 3484 446; baseline -0.009 0"><span class='ocrx_word' id='word_1_5' title='bbox 3376 388 3484 446; x_wconf 70' lang='grc'><strong>150</strong></span> 
     </span>
    </p>
   </div>
   <div class='ocr_carea' id='block_1_4' title="bbox 226 591 3447 656">
    <p class='ocr_par' dir='ltr' id='par_1_4' title="bbox 226 591 3447 656">
     <span class='ocr_line' id='line_1_4' title="bbox 226 591 3447 656; baseline -0.01 -20"><span class='ocrx_word' id='word_1_6' title='bbox 226 591 3447 656; x_wconf 81' lang='lat'><strong>______________________________________</strong></span> 
     </span>
    </p>
   </div>
   <div class='ocr_carea' id='block_1_5' title="bbox 917 942 1779 1054">
    <p class='ocr_par' dir='ltr' id='par_1_5' title="bbox 917 952 1779 1054">
     <span class='ocr_line' id='line_1_5' title="bbox 917 952 1779 1054; baseline -0.014 0"><span class='ocrx_word' id='word_1_7' title='bbox 917 966 1041 1054; x_wconf 87' lang='lat' dir='ltr'><strong>IN</strong></span> <span class='ocrx_word' id='word_1_8' title='bbox 1120 952 1779 1049; x_wconf 81' lang='lat' dir='ltr'><strong>DIMISSIONJ</strong></span> 
     </span>
    </p>
   </div>
   <div class='ocr_carea' id='block_1_6' title="bbox 1886 942 2768 1054">
    <p class='ocr_par' dir='ltr' id='par_1_6' title="bbox 1886 942 2768 1043">
     <span class='ocr_line' id='line_1_6' title="bbox 1886 942 2768 1043; baseline -0.015 -3"><span class='ocrx_word' id='word_1_9' title='bbox 1886 951 1926 1040; x_wconf 72' lang='lat' dir='ltr'><strong>d</strong></span> <span class='ocrx_word' id='word_1_10' title='bbox 2002 942 2768 1043; x_wconf 68' lang='lat' dir='ltr'><strong>CHANANASIE.</strong></span> 
     </span>
    </p>
   </div>
   <div class='ocr_carea' id='block_1_7' title="bbox 826 1175 1779 1266">
    <p class='ocr_par' dir='ltr' id='par_1_7' title="bbox 826 1204 1779 1266">
     <span class='ocr_line' id='line_1_7' title="bbox 826 1204 1779 1266; baseline -0.018 0"><span class='ocrx_word' id='word_1_11' title='bbox 826 1215 1056 1266; x_wconf 75' lang='grc' dir='ltr'><strong>ΒΔΒΙΤΔ</strong></span> <span class='ocrx_word' id='word_1_12' title='bbox 1110 1210 1325 1260; x_wconf 71' lang='grc' dir='ltr'><strong>ΔυΤΕΙ</strong></span> <span class='ocrx_word' id='word_1_13' title='bbox 1378 1208 1496 1256; x_wconf 70' lang='lat' dir='ltr'><strong>EST</strong></span> <span class='ocrx_word' id='word_1_14' title='bbox 1554 1205 1711 1252; x_wconf 79' lang='lat' dir='ltr'><strong>POST</strong></span> <span class='ocrx_word' id='word_1_15' title='bbox 1769 1204 1779 1249; x_wconf 88' lang='lat' dir='ltr'><strong>l</strong></span> 
     </span>
    </p>
   </div>
   <div class='ocr_carea' id='block_1_8' title="bbox 1886 1175 2853 1266">
    <p class='ocr_par' dir='ltr' id='par_1_8' title="bbox 1886 1175 2853 1259">
     <span class='ocr_line' id='line_1_8' title="bbox 1886 1175 2853 1259; baseline -0.012 -10"><span class='ocrx_word' id='word_1_16' title='bbox 1886 1204 1920 1249; x_wconf 88' lang='lat' dir='ltr'><strong>s</strong></span> <span class='ocrx_word' id='word_1_17' title='bbox 1974 1200 2257 1248; x_wconf 67' lang='lat' dir='ltr'><strong>summm</strong></span> <span class='ocrx_word' id='word_1_18' title='bbox 2308 1198 2389 1243; x_wconf 64' lang='lat' dir='ltr'><strong>an</strong></span> <span class='ocrx_word' id='word_1_19' title='bbox 2446 1194 2689 1241; x_wconf 72' lang='lat'><strong>81511.10</strong></span> <span class='ocrx_word' id='word_1_20' title='bbox 2744 1175 2853 1259; x_wconf 81' lang='grc' dir='ltr'><strong>(α).</strong></span> 
     </span>
    </p>
   </div>
   <div class='ocr_carea' id='block_1_9' title="bbox 251 1740 1777 1827">
    <p class='ocr_par' dir='ltr' id='par_1_9' title="bbox 251 1740 1777 1827">
     <span class='ocr_line' id='line_1_9' title="bbox 251 1740 1777 1827; baseline -0.014 -12"><span class='ocrx_word' id='word_1_21' title='bbox 251 1760 302 1817; x_wconf 85' lang='grc'><strong>1.</strong></span> <span class='ocrx_word' id='word_1_22' title='bbox 329 1758 650 1827; x_wconf 82' lang='lat' dir='ltr'><strong>Tempestas</strong></span> <span class='ocrx_word' id='word_1_23' title='bbox 676 1751 867 1823; x_wconf 84' lang='lat' dir='ltr'><strong>ingens</strong></span> <span class='ocrx_word' id='word_1_24' title='bbox 892 1746 1048 1803; x_wconf 65' lang='lat' dir='ltr'><strong>sevit</strong></span> <span class='ocrx_word' id='word_1_25' title='bbox 1072 1785 1088 1813; x_wconf 93' lang='lat'><strong>,</strong></span> <span class='ocrx_word' id='word_1_26' title='bbox 1120 1742 1216 1801; x_wconf 87' lang='lat' dir='ltr'><strong>sed</strong></span> <span class='ocrx_word' id='word_1_27' title='bbox 1245 1757 1431 1801; x_wconf 89' lang='lat' dir='ltr'><strong>eorum</strong></span> <span class='ocrx_word' id='word_1_28' title='bbox 1457 1740 1548 1813; x_wconf 97' lang='lat' dir='ltr'><strong>qui</strong></span> <span class='ocrx_word' id='word_1_29' title='bbox 1578 1753 1777 1797; x_wconf 85' lang='lat' dir='ltr'><strong>conve-</strong></span> 
     </span>
    </p>
   </div>
   <div class='ocr_carea' id='block_1_10' title="bbox 189 1833 1777 1910">
    <p class='ocr_par' dir='ltr' id='par_1_10' title="bbox 189 1833 1777 1910">
     <span class='ocr_line' id='line_1_10' title="bbox 189 1833 1777 1910; baseline -0.017 0"><span class='ocrx_word' id='word_1_30' title='bbox 189 1862 365 1910; x_wconf 88' lang='lat' dir='ltr'><strong>nerunt</strong></span> <span class='ocrx_word' id='word_1_31' title='bbox 394 1848 734 1905; x_wconf 74' lang='lat' dir='ltr'><strong>alacritatem</strong></span> <span class='ocrx_word' id='word_1_32' title='bbox 767 1857 873 1897; x_wconf 90' lang='lat' dir='ltr'><strong>non</strong></span> <span class='ocrx_word' id='word_1_33' title='bbox 902 1837 1180 1902; x_wconf 89' lang='lat' dir='ltr'><strong>cohibuit;</strong></span> <span class='ocrx_word' id='word_1_34' title='bbox 1213 1837 1397 1891; x_wconf 75' lang='lat' dir='ltr'><strong>multa:</strong></span> <span class='ocrx_word' id='word_1_35' title='bbox 1428 1833 1777 1895; x_wconf 89' lang='lat' dir='ltr'><strong>tentationes,</strong></span> 
     </span>
    </p>
   </div>
   <div class='ocr_carea' id='block_1_11' title="bbox 188 1924 1783 2001">
    <p class='ocr_par' dir='ltr' id='par_1_11' title="bbox 188 1924 1783 2001">
     <span class='ocr_line' id='line_1_11' title="bbox 188 1924 1783 2001; baseline -0.015 1"><span class='ocrx_word' id='word_1_36' title='bbox 188 1944 277 2001; x_wconf 78' lang='lat' dir='ltr'><strong>sed</strong></span> <span class='ocrx_word' id='word_1_37' title='bbox 303 1940 633 1999; x_wconf 78' lang='lat' dir='ltr'><strong>desiderium</strong></span> <span class='ocrx_word' id='word_1_38' title='bbox 672 1942 910 1990; x_wconf 81' lang='lat' dir='ltr'><strong>vestrum</strong></span> <span class='ocrx_word' id='word_1_39' title='bbox 949 1946 1057 1987; x_wconf 91' lang='lat' dir='ltr'><strong>non</strong></span> <span class='ocrx_word' id='word_1_40' title='bbox 1099 1928 1394 1985; x_wconf 87' lang='lat' dir='ltr'><strong>solverunt.</strong></span> <span class='ocrx_word' id='word_1_41' title='bbox 1442 1924 1562 1981; x_wconf 82' lang='lat' dir='ltr'><strong>Non</strong></span> <span class='ocrx_word' id='word_1_42' title='bbox 1604 1932 1783 1979; x_wconf 84' lang='lat' dir='ltr'><strong>cessat</strong></span> 
     </span>
    </p>
   </div>
   <div class='ocr_carea' id='block_1_12' title="bbox 190 2014 1783 2103">
    <p class='ocr_par' dir='ltr' id='par_1_12' title="bbox 190 2014 1783 2103">
     <span class='ocr_line' id='line_1_12' title="bbox 190 2014 1783 2103; baseline -0.014 -11"><span class='ocrx_word' id='word_1_43' title='bbox 190 2034 417 2092; x_wconf 75' lang='lat' dir='ltr'><strong>Ecclesia</strong></span> <span class='ocrx_word' id='word_1_44' title='bbox 458 2026 761 2103; x_wconf 86' lang='lat' dir='ltr'><strong>oppugnari</strong></span> <span class='ocrx_word' id='word_1_45' title='bbox 788 2067 807 2094; x_wconf 91' lang='lat'><strong>,</strong></span> <span class='ocrx_word' id='word_1_46' title='bbox 834 2032 890 2081; x_wconf 87' lang='lat' dir='ltr'><strong>et</strong></span> <span class='ocrx_word' id='word_1_47' title='bbox 925 2022 1182 2087; x_wconf 87' lang='lat' dir='ltr'><strong>vincere;</strong></span> <span class='ocrx_word' id='word_1_48' title='bbox 1224 2018 1431 2074; x_wconf 78' lang='lat' dir='ltr'><strong>insidiis</strong></span> <span class='ocrx_word' id='word_1_49' title='bbox 1476 2014 1697 2086; x_wconf 90' lang='lat' dir='ltr'><strong>impeti,</strong></span> <span class='ocrx_word' id='word_1_50' title='bbox 1727 2021 1783 2070; x_wconf 88' lang='lat' dir='ltr'><strong>et</strong></span> 
     </span>
    </p>
   </div>
   <div class='ocr_carea' id='block_1_13' title="bbox 188 2109 1782 2197">
    <p class='ocr_par' dir='ltr' id='par_1_13' title="bbox 188 2109 1782 2197">
     <span class='ocr_line' id='line_1_13' title="bbox 188 2109 1782 2197; baseline -0.014 -14"><span class='ocrx_word' id='word_1_51' title='bbox 188 2138 432 2197; x_wconf 85' lang='lat' dir='ltr'><strong>superare</strong></span> <span class='ocrx_word' id='word_1_52' title='bbox 458 2118 707 2178; x_wconf 79' lang='lat' dir='ltr'><strong>insidias.</strong></span> <span class='ocrx_word' id='word_1_53' title='bbox 728 2116 940 2185; x_wconf 88' lang='lat' dir='ltr'><strong>Quanto</strong></span> <span class='ocrx_word' id='word_1_54' title='bbox 963 2114 1136 2184; x_wconf 84' lang='lat' dir='ltr'><strong>magis</strong></span> <span class='ocrx_word' id='word_1_55' title='bbox 1152 2111 1243 2167; x_wconf 88' lang='lat' dir='ltr'><strong>alii</strong></span> <span class='ocrx_word' id='word_1_56' title='bbox 1266 2109 1608 2172; x_wconf 90' lang='lat' dir='ltr'><strong>insidiantur,</strong></span> <span class='ocrx_word' id='word_1_57' title='bbox 1633 2113 1782 2163; x_wconf 88' lang='lat' dir='ltr'><strong>tanto</strong></span> 
     </span>
    </p>
   </div>
   <div class='ocr_carea' id='block_1_14' title="bbox 190 2206 1784 2288">
    <p class='ocr_par' dir='ltr' id='par_1_14' title="bbox 190 2206 1784 2288">
     <span class='ocr_line' id='line_1_14' title="bbox 190 2206 1784 2288; baseline -0.011 -16"><span class='ocrx_word' id='word_1_58' title='bbox 190 2216 347 2288; x_wconf 85' lang='lat' dir='ltr'><strong>magis</strong></span> <span class='ocrx_word' id='word_1_59' title='bbox 376 2214 471 2270; x_wconf 89' lang='lat' dir='ltr'><strong>illa</strong></span> <span class='ocrx_word' id='word_1_60' title='bbox 499 2219 725 2283; x_wconf 87' lang='lat' dir='ltr'><strong>augetur</strong></span> <span class='ocrx_word' id='word_1_61' title='bbox 754 2226 769 2265; x_wconf 92' lang='lat'><strong>:</strong></span> <span class='ocrx_word' id='word_1_62' title='bbox 799 2208 995 2264; x_wconf 84' lang='lat' dir='ltr'><strong>ﬂuctus</strong></span> <span class='ocrx_word' id='word_1_63' title='bbox 1019 2206 1367 2276; x_wconf 87' lang='lat' dir='ltr'><strong>dissipantur,</strong></span> <span class='ocrx_word' id='word_1_64' title='bbox 1398 2212 1455 2258; x_wconf 89' lang='lat' dir='ltr'><strong>et</strong></span> <span class='ocrx_word' id='word_1_65' title='bbox 1493 2209 1645 2272; x_wconf 87' lang='lat' dir='ltr'><strong>petra</strong></span> <span class='ocrx_word' id='word_1_66' title='bbox 1676 2207 1784 2256; x_wconf 88' lang='lat' dir='ltr'><strong>stat</strong></span> 
     </span>
    </p>
   </div>
   <div class='ocr_carea' id='block_1_15' title="bbox 188 2292 1783 2365">
    <p class='ocr_par' dir='ltr' id='par_1_15' title="bbox 188 2292 1783 2365">
     <span class='ocr_line' id='line_1_15' title="bbox 188 2292 1783 2365; baseline -0.011 -1"><span class='ocrx_word' id='word_1_67' title='bbox 188 2305 491 2364; x_wconf 78' lang='lat' dir='ltr'><strong>immobilis.</strong></span> <span class='ocrx_word' id='word_1_68' title='bbox 522 2301 763 2361; x_wconf 80' lang='lat' dir='ltr'><strong>interdiu</strong></span> <span class='ocrx_word' id='word_1_69' title='bbox 786 2299 1052 2364; x_wconf 85' lang='lat' dir='ltr'><strong>doctrina,</strong></span> <span class='ocrx_word' id='word_1_70' title='bbox 1080 2305 1242 2353; x_wconf 90' lang='lat' dir='ltr'><strong>noctu</strong></span> <span class='ocrx_word' id='word_1_71' title='bbox 1273 2293 1464 2365; x_wconf 72' lang='lat' dir='ltr'><strong>vigilite</strong></span> <span class='ocrx_word' id='word_1_72' title='bbox 1482 2310 1498 2361; x_wconf 91' lang='lat'><strong>;</strong></span> <span class='ocrx_word' id='word_1_73' title='bbox 1516 2292 1633 2349; x_wconf 83' lang='lat' dir='ltr'><strong>dies</strong></span> <span class='ocrx_word' id='word_1_74' title='bbox 1659 2306 1783 2349; x_wconf 88' lang='lat' dir='ltr'><strong>cum</strong></span> 
     </span>
    </p>
   </div>
   <div class='ocr_carea' id='block_1_16' title="bbox 188 2382 1784 2460">
    <p class='ocr_par' dir='ltr' id='par_1_16' title="bbox 188 2382 1784 2460">
     <span class='ocr_line' id='line_1_16' title="bbox 188 2382 1784 2460; baseline -0.012 -2"><span class='ocrx_word' id='word_1_75' title='bbox 188 2410 334 2458; x_wconf 88' lang='lat' dir='ltr'><strong>nocte</strong></span> <span class='ocrx_word' id='word_1_76' title='bbox 359 2406 537 2455; x_wconf 85' lang='lat' dir='ltr'><strong>certat</strong></span> <span class='ocrx_word' id='word_1_77' title='bbox 562 2414 578 2451; x_wconf 87' lang='lat'><strong>:</strong></span> <span class='ocrx_word' id='word_1_78' title='bbox 611 2395 721 2452; x_wconf 89' lang='lat' dir='ltr'><strong>illic</strong></span> <span class='ocrx_word' id='word_1_79' title='bbox 748 2392 1013 2460; x_wconf 64' lang='lat' dir='ltr'><strong>collecta,</strong></span> <span class='ocrx_word' id='word_1_80' title='bbox 1038 2398 1093 2446; x_wconf 91' lang='lat' dir='ltr'><strong>et</strong></span> <span class='ocrx_word' id='word_1_81' title='bbox 1126 2388 1216 2445; x_wconf 89' lang='lat' dir='ltr'><strong>hic</strong></span> <span class='ocrx_word' id='word_1_82' title='bbox 1243 2386 1483 2443; x_wconf 68' lang='lat' dir='ltr'><strong>collectae</strong></span> <span class='ocrx_word' id='word_1_83' title='bbox 1514 2402 1531 2441; x_wconf 89' lang='lat'><strong>:</strong></span> <span class='ocrx_word' id='word_1_84' title='bbox 1561 2398 1668 2441; x_wconf 81' lang='lat' dir='ltr'><strong>nox</strong></span> <span class='ocrx_word' id='word_1_85' title='bbox 1697 2382 1784 2439; x_wconf 87' lang='lat' dir='ltr'><strong>fo-</strong></span> 
     </span>
    </p>
   </div>
   <div class='ocr_carea' id='block_1_17' title="bbox 188 2476 1782 2551">
    <p class='ocr_par' dir='ltr' id='par_1_17' title="bbox 188 2476 1782 2551">
     <span class='ocr_line' id='line_1_17' title="bbox 188 2476 1782 2551; baseline -0.012 0"><span class='ocrx_word' id='word_1_86' title='bbox 188 2509 294 2550; x_wconf 89' lang='lat' dir='ltr'><strong>rum</strong></span> <span class='ocrx_word' id='word_1_87' title='bbox 339 2490 617 2549; x_wconf 77' lang='lat' dir='ltr'><strong>convenit</strong></span> <span class='ocrx_word' id='word_1_88' title='bbox 660 2488 717 2544; x_wconf 91' lang='lat' dir='ltr'><strong>in</strong></span> <span class='ocrx_word' id='word_1_89' title='bbox 756 2486 1080 2551; x_wconf 87' lang='lat' dir='ltr'><strong>ecclesiam;</strong></span> <span class='ocrx_word' id='word_1_90' title='bbox 1110 2480 1363 2539; x_wconf 82' lang='lat' dir='ltr'><strong>alacritas</strong></span> <span class='ocrx_word' id='word_1_91' title='bbox 1406 2479 1573 2535; x_wconf 89' lang='lat' dir='ltr'><strong>animi</strong></span> <span class='ocrx_word' id='word_1_92' title='bbox 1617 2476 1782 2534; x_wconf 80' lang='lat' dir='ltr'><strong>vestri</strong></span> 
     </span>
    </p>
   </div>
   <div class='ocr_carea' id='block_1_18' title="bbox 187 2572 1786 2660">
    <p class='ocr_par' dir='ltr' id='par_1_18' title="bbox 187 2572 1786 2660">
     <span class='ocr_line' id='line_1_18' title="bbox 187 2572 1786 2660; baseline -0.011 -16"><span class='ocrx_word' id='word_1_93' title='bbox 187 2590 296 2660; x_wconf 89' lang='lat' dir='ltr'><strong>igne</strong></span> <span class='ocrx_word' id='word_1_94' title='bbox 322 2583 700 2642; x_wconf 77' lang='lat' dir='ltr'><strong>vehementior</strong></span> <span class='ocrx_word' id='word_1_95' title='bbox 722 2590 828 2637; x_wconf 86' lang='lat' dir='ltr'><strong>est.</strong></span> <span class='ocrx_word' id='word_1_96' title='bbox 856 2577 1243 2637; x_wconf 86' lang='lat' dir='ltr'><strong>Cohortatione</strong></span> <span class='ocrx_word' id='word_1_97' title='bbox 1270 2588 1381 2631; x_wconf 91' lang='lat' dir='ltr'><strong>non</strong></span> <span class='ocrx_word' id='word_1_98' title='bbox 1409 2572 1658 2645; x_wconf 88' lang='lat' dir='ltr'><strong>indigetis</strong></span> <span class='ocrx_word' id='word_1_99' title='bbox 1681 2613 1697 2639; x_wconf 92' lang='lat'><strong>,</strong></span> <span class='ocrx_word' id='word_1_100' title='bbox 1729 2580 1786 2627; x_wconf 89' lang='lat' dir='ltr'><strong>et</strong></span> 
     </span>
    </p>
   </div>
   <div class='ocr_carea' id='block_1_19' title="bbox 186 2663 1784 2738">
    <p class='ocr_par' dir='ltr' id='par_1_19' title="bbox 186 2663 1784 2738">
     <span class='ocr_line' id='line_1_19' title="bbox 186 2663 1784 2738; baseline -0.011 -2"><span class='ocrx_word' id='word_1_101' title='bbox 186 2679 415 2735; x_wconf 83' lang='lat' dir='ltr'><strong>studium</strong></span> <span class='ocrx_word' id='word_1_102' title='bbox 453 2674 722 2733; x_wconf 79' lang='lat' dir='ltr'><strong>exhibctis</strong></span> <span class='ocrx_word' id='word_1_103' title='bbox 763 2681 1028 2729; x_wconf 88' lang='lat' dir='ltr'><strong>vestrum.</strong></span> <span class='ocrx_word' id='word_1_104' title='bbox 1071 2670 1200 2738; x_wconf 84' lang='lat' dir='ltr'><strong>Quis</strong></span> <span class='ocrx_word' id='word_1_105' title='bbox 1242 2681 1351 2724; x_wconf 91' lang='lat' dir='ltr'><strong>non</strong></span> <span class='ocrx_word' id='word_1_106' title='bbox 1390 2663 1784 2735; x_wconf 78' lang='lat' dir='ltr'><strong>Obstupescat?</strong></span> 
     </span>
    </p>
   </div>
   <div class='ocr_carea' id='block_1_20' title="bbox 186 2760 1781 2843">
    <p class='ocr_par' dir='ltr' id='par_1_20' title="bbox 186 2760 1781 2843">
     <span class='ocr_line' id='line_1_20' title="bbox 186 2760 1781 2843; baseline -0.011 -16"><span class='ocrx_word' id='word_1_107' title='bbox 186 2772 294 2843; x_wconf 75' lang='lat' dir='ltr'><strong>quis</strong></span> <span class='ocrx_word' id='word_1_108' title='bbox 332 2786 443 2826; x_wconf 89' lang='lat' dir='ltr'><strong>non</strong></span> <span class='ocrx_word' id='word_1_109' title='bbox 488 2765 764 2824; x_wconf 76' lang='lat' dir='ltr'><strong>miretur?</strong></span> <span class='ocrx_word' id='word_1_110' title='bbox 792 2764 909 2820; x_wconf 83' lang='lat' dir='ltr'><strong>Non</strong></span> <span class='ocrx_word' id='word_1_111' title='bbox 954 2760 1116 2819; x_wconf 90' lang='lat' dir='ltr'><strong>modo</strong></span> <span class='ocrx_word' id='word_1_112' title='bbox 1142 2762 1229 2831; x_wconf 89' lang='lat' dir='ltr'><strong>qui</strong></span> <span class='ocrx_word' id='word_1_113' title='bbox 1261 2760 1431 2815; x_wconf 76' lang='lat' dir='ltr'><strong>noStri</strong></span> <span class='ocrx_word' id='word_1_114' title='bbox 1477 2766 1637 2822; x_wconf 90' lang='lat' dir='ltr'><strong>sunt,</strong></span> <span class='ocrx_word' id='word_1_115' title='bbox 1675 2770 1781 2811; x_wconf 93' lang='lat' dir='ltr'><strong>non</strong></span> 
     </span>
    </p>
   </div>
   <div class='ocr_carea' id='block_1_21' title="bbox 185 2851 1781 2926">
    <p class='ocr_par' dir='ltr' id='par_1_21' title="bbox 185 2851 1781 2926">
     <span class='ocr_line' id='line_1_21' title="bbox 185 2851 1781 2926; baseline -0.009 -9"><span class='ocrx_word' id='word_1_116' title='bbox 185 2863 466 2919; x_wconf 85' lang='lat' dir='ltr'><strong>abfuerunt</strong></span> <span class='ocrx_word' id='word_1_117' title='bbox 489 2901 506 2926; x_wconf 94' lang='lat'><strong>,</strong></span> <span class='ocrx_word' id='word_1_118' title='bbox 546 2858 642 2916; x_wconf 86' lang='lat' dir='ltr'><strong>sed</strong></span> <span class='ocrx_word' id='word_1_119' title='bbox 668 2857 830 2914; x_wconf 89' lang='lat' dir='ltr'><strong>etiam</strong></span> <span class='ocrx_word' id='word_1_120' title='bbox 857 2855 947 2926; x_wconf 86' lang='lat' dir='ltr'><strong>qui</strong></span> <span class='ocrx_word' id='word_1_121' title='bbox 992 2851 1164 2910; x_wconf 85' lang='lat' dir='ltr'><strong>nostri</strong></span> <span class='ocrx_word' id='word_1_122' title='bbox 1194 2866 1300 2908; x_wconf 89' lang='lat' dir='ltr'><strong>non</strong></span> <span class='ocrx_word' id='word_1_123' title='bbox 1338 2858 1503 2916; x_wconf 89' lang='lat' dir='ltr'><strong>sunt,</strong></span> <span class='ocrx_word' id='word_1_124' title='bbox 1536 2862 1781 2904; x_wconf 82' lang='lat' dir='ltr'><strong>accesse-</strong></span> 
     </span>
    </p>
   </div>
   <div class='ocr_carea' id='block_1_22' title="bbox 186 2941 1781 3021">
    <p class='ocr_par' dir='ltr' id='par_1_22' title="bbox 186 2941 1781 3021">
     <span class='ocr_line' id='line_1_22' title="bbox 186 2941 1781 3021; baseline -0.012 -11"><span class='ocrx_word' id='word_1_125' title='bbox 186 2965 301 3011; x_wconf 90' lang='lat' dir='ltr'><strong>runt</strong></span> <span class='ocrx_word' id='word_1_126' title='bbox 368 2953 385 2984; x_wconf 84' lang='grc'>¹</span> <span class='ocrx_word' id='word_1_127' title='bbox 422 2992 441 3007; x_wconf 94' lang='grc'><strong>.</strong></span> <span class='ocrx_word' id='word_1_128' title='bbox 487 2947 799 3021; x_wconf 86' lang='lat' dir='ltr'><strong>llujusmodi</strong></span> <span class='ocrx_word' id='word_1_129' title='bbox 841 2955 926 3003; x_wconf 89' lang='lat' dir='ltr'><strong>est</strong></span> <span class='ocrx_word' id='word_1_130' title='bbox 968 2944 1325 3002; x_wconf 87' lang='lat' dir='ltr'><strong>tentationum</strong></span> <span class='ocrx_word' id='word_1_131' title='bbox 1373 2941 1579 2996; x_wconf 90' lang='lat' dir='ltr'><strong>lucrum</strong></span> <span class='ocrx_word' id='word_1_132' title='bbox 1611 2956 1625 2993; x_wconf 91' lang='lat'><strong>:</strong></span> <span class='ocrx_word' id='word_1_133' title='bbox 1656 2954 1781 2993; x_wconf 89' lang='lat' dir='ltr'><strong>nam</strong></span> 
     </span>
    </p>
   </div>
   <div class='ocr_carea' id='block_1_23' title="bbox 184 3034 1782 3119">
    <p class='ocr_par' dir='ltr' id='par_1_23' title="bbox 184 3034 1782 3119">
     <span class='ocr_line' id='line_1_23' title="bbox 184 3034 1782 3119; baseline -0.013 -13"><span class='ocrx_word' id='word_1_134' title='bbox 184 3052 312 3105; x_wconf 78' lang='lat' dir='ltr'><strong>sicut</strong></span> <span class='ocrx_word' id='word_1_135' title='bbox 337 3047 523 3119; x_wconf 88' lang='lat' dir='ltr'><strong>pluvia</strong></span> <span class='ocrx_word' id='word_1_136' title='bbox 550 3043 806 3102; x_wconf 89' lang='lat' dir='ltr'><strong>decidens</strong></span> <span class='ocrx_word' id='word_1_137' title='bbox 840 3040 1049 3098; x_wconf 83' lang='lat' dir='ltr'><strong>semina</strong></span> <span class='ocrx_word' id='word_1_138' title='bbox 1073 3038 1307 3103; x_wconf 79' lang='lat' dir='ltr'><strong>excitat,</strong></span> <span class='ocrx_word' id='word_1_139' title='bbox 1353 3035 1434 3091; x_wconf 91' lang='lat' dir='ltr'><strong>sic</strong></span> <span class='ocrx_word' id='word_1_140' title='bbox 1468 3043 1523 3089; x_wconf 92' lang='lat' dir='ltr'><strong>et</strong></span> <span class='ocrx_word' id='word_1_141' title='bbox 1550 3034 1782 3088; x_wconf 80' lang='lat' dir='ltr'><strong>animam</strong></span> 
     </span>
    </p>
   </div>
   <div class='ocr_carea' id='block_1_24' title="bbox 184 3127 1781 3206">
    <p class='ocr_par' dir='ltr' id='par_1_24' title="bbox 184 3127 1781 3206">
     <span class='ocr_line' id='line_1_24' title="bbox 184 3127 1781 3206; baseline -0.01 -9"><span class='ocrx_word' id='word_1_142' title='bbox 184 3141 439 3197; x_wconf 87' lang='lat' dir='ltr'><strong>invadens</strong></span> <span class='ocrx_word' id='word_1_143' title='bbox 484 3138 710 3195; x_wconf 88' lang='lat' dir='ltr'><strong>tentatio</strong></span> <span class='ocrx_word' id='word_1_144' title='bbox 754 3136 911 3206; x_wconf 88' lang='lat' dir='ltr'><strong>erigit</strong></span> <span class='ocrx_word' id='word_1_145' title='bbox 949 3133 1209 3189; x_wconf 89' lang='lat' dir='ltr'><strong>animum.</strong></span> <span class='ocrx_word' id='word_1_146' title='bbox 1240 3128 1480 3185; x_wconf 77' lang='lat' dir='ltr'><strong>Verbum</strong></span> <span class='ocrx_word' id='word_1_147' title='bbox 1529 3127 1622 3183; x_wconf 87' lang='lat' dir='ltr'><strong>Dei</strong></span> <span class='ocrx_word' id='word_1_148' title='bbox 1652 3135 1736 3182; x_wconf 90' lang='lat' dir='ltr'><strong>est</strong></span> <span class='ocrx_word' id='word_1_149' title='bbox 1766 3144 1781 3181; x_wconf 92' lang='lat'><strong>:</strong></span> 
     </span>
    </p>
   </div>
   <div class='ocr_carea' id='block_1_25' title="bbox 186 3218 1783 3292">
    <p class='ocr_par' dir='ltr' id='par_1_25' title="bbox 186 3218 1783 3292">
     <span class='ocr_line' id='line_1_25' title="bbox 186 3218 1783 3292; baseline -0.013 -2"><span class='ocrx_word' id='word_1_150' title='bbox 186 3235 499 3291; x_wconf 78' lang='lat' dir='ltr'><strong>inconcussa</strong></span> <span class='ocrx_word' id='word_1_151' title='bbox 539 3239 625 3285; x_wconf 89' lang='lat' dir='ltr'><strong>est</strong></span> <span class='ocrx_word' id='word_1_152' title='bbox 665 3226 904 3283; x_wconf 82' lang='lat' dir='ltr'><strong>Ecclesia</strong></span> <span class='ocrx_word' id='word_1_153' title='bbox 934 3242 950 3280; x_wconf 91' lang='lat'><strong>:</strong></span> <span class='ocrx_word' id='word_1_154' title='bbox 979 3220 1156 3279; x_wconf 73' lang='lat' dir='ltr'><strong>Porta:</strong></span> <span class='ocrx_word' id='word_1_155' title='bbox 1189 3221 1341 3292; x_wconf 79' lang='lat' dir='ltr'><strong>inferi</strong></span> <span class='ocrx_word' id='word_1_156' title='bbox 1386 3236 1493 3273; x_wconf 80' lang='lat' dir='ltr'><strong>non</strong></span> <span class='ocrx_word' id='word_1_157' title='bbox 1537 3218 1783 3288; x_wconf 71' lang='lat' dir='ltr'><strong>prmia-</strong></span> 
     </span>
    </p>
   </div>
   <div class='ocr_carea' id='block_1_26' title="bbox 186 3308 1779 3392">
    <p class='ocr_par' dir='ltr' id='par_1_26' title="bbox 186 3308 1779 3392">
     <span class='ocr_line' id='line_1_26' title="bbox 186 3308 1779 3392; baseline -0.011 -12"><span class='ocrx_word' id='word_1_158' title='bbox 186 3330 299 3379; x_wconf 76' lang='lat' dir='ltr'><strong>lmtt</strong></span> <span class='ocrx_word' id='word_1_159' title='bbox 324 3324 575 3378; x_wconf 72' lang='lat' dir='ltr'><strong>adversus</strong></span> <span class='ocrx_word' id='word_1_160' title='bbox 603 3335 718 3375; x_wconf 73' lang='lat' dir='ltr'><strong>eam</strong></span> <span class='ocrx_word' id='word_1_161' title='bbox 749 3314 974 3392; x_wconf 77' lang='lat' dir='ltr'><strong>(Matth.</strong></span> <span class='ocrx_word' id='word_1_162' title='bbox 1010 3314 1098 3371; x_wconf 83' lang='grc'><strong>16.</strong></span> <span class='ocrx_word' id='word_1_163' title='bbox 1128 3312 1256 3383; x_wconf 87' lang='grc'><strong>18).</strong></span> <span class='ocrx_word' id='word_1_164' title='bbox 1286 3311 1386 3379; x_wconf 87' lang='lat' dir='ltr'><strong>Qtti</strong></span> <span class='ocrx_word' id='word_1_165' title='bbox 1414 3311 1688 3383; x_wconf 82' lang='lat' dir='ltr'><strong>impugnat</strong></span> <span class='ocrx_word' id='word_1_166' title='bbox 1718 3308 1779 3363; x_wconf 83' lang='lat' dir='ltr'><strong>il-</strong></span> 
     </span>
    </p>
   </div>
   <div class='ocr_carea' id='block_1_27' title="bbox 186 3400 1779 3483">
    <p class='ocr_par' dir='ltr' id='par_1_27' title="bbox 186 3400 1779 3483">
     <span class='ocr_line' id='line_1_27' title="bbox 186 3400 1779 3483; baseline -0.009 -12"><span class='ocrx_word' id='word_1_167' title='bbox 186 3419 307 3480; x_wconf 81' lang='lat' dir='ltr'><strong>lam,</strong></span> <span class='ocrx_word' id='word_1_168' title='bbox 324 3429 384 3469; x_wconf 85' lang='lat' dir='ltr'><strong>se</strong></span> <span class='ocrx_word' id='word_1_169' title='bbox 405 3416 583 3483; x_wconf 90' lang='lat' dir='ltr'><strong>ipsum</strong></span> <span class='ocrx_word' id='word_1_170' title='bbox 608 3408 874 3482; x_wconf 79' lang='lat' dir='ltr'><strong>proﬂigat,</strong></span> <span class='ocrx_word' id='word_1_171' title='bbox 904 3407 1181 3476; x_wconf 80' lang='lat' dir='ltr'><strong>ipsamque</strong></span> <span class='ocrx_word' id='word_1_172' title='bbox 1207 3401 1484 3458; x_wconf 79' lang='lat' dir='ltr'><strong>fortiorem</strong></span> <span class='ocrx_word' id='word_1_173' title='bbox 1505 3400 1741 3455; x_wconf 80' lang='lat' dir='ltr'><strong>ostendit</strong></span> <span class='ocrx_word' id='word_1_174' title='bbox 1765 3417 1779 3456; x_wconf 89' lang='lat'><strong>:</strong></span> 
     </span>
    </p>
   </div>
   <div class='ocr_carea' id='block_1_28' title="bbox 187 3495 1785 3579">
    <p class='ocr_par' dir='ltr' id='par_1_28' title="bbox 187 3495 1785 3579">
     <span class='ocr_line' id='line_1_28' title="bbox 187 3495 1785 3579; baseline -0.011 -14"><span class='ocrx_word' id='word_1_175' title='bbox 187 3512 266 3579; x_wconf 68' lang='lat' dir='ltr'><strong>qui</strong></span> <span class='ocrx_word' id='word_1_176' title='bbox 305 3509 584 3578; x_wconf 83' lang='lat' dir='ltr'><strong>impugnat</strong></span> <span class='ocrx_word' id='word_1_177' title='bbox 626 3503 768 3558; x_wconf 90' lang='lat' dir='ltr'><strong>illam</strong></span> <span class='ocrx_word' id='word_1_178' title='bbox 792 3543 809 3567; x_wconf 92' lang='lat'><strong>,</strong></span> <span class='ocrx_word' id='word_1_179' title='bbox 836 3500 980 3554; x_wconf 83' lang='lat' dir='ltr'><strong>vires</strong></span> <span class='ocrx_word' id='word_1_180' title='bbox 1018 3511 1145 3552; x_wconf 85' lang='lat' dir='ltr'><strong>suas</strong></span> <span class='ocrx_word' id='word_1_181' title='bbox 1170 3495 1354 3566; x_wconf 84' lang='lat' dir='ltr'><strong>dejicit</strong></span> <span class='ocrx_word' id='word_1_182' title='bbox 1379 3534 1396 3559; x_wconf 90' lang='lat'><strong>,</strong></span> <span class='ocrx_word' id='word_1_183' title='bbox 1434 3502 1785 3562; x_wconf 79' lang='lat' dir='ltr'><strong>nostrumque</strong></span> 
     </span>
    </p>
   </div>
   <div class='ocr_carea' id='block_1_29' title="bbox 186 3585 1782 3674">
    <p class='ocr_par' dir='ltr' id='par_1_29' title="bbox 186 3585 1782 3674">
     <span class='ocr_line' id='line_1_29' title="bbox 186 3585 1782 3674; baseline -0.013 -14"><span class='ocrx_word' id='word_1_184' title='bbox 186 3615 439 3674; x_wconf 69' lang='lat' dir='ltr'><strong>U&#39;opzenm</strong></span> <span class='ocrx_word' id='word_1_185' title='bbox 466 3597 646 3655; x_wconf 85' lang='lat' dir='ltr'><strong>reddit</strong></span> <span class='ocrx_word' id='word_1_186' title='bbox 671 3594 953 3651; x_wconf 84' lang='lat' dir='ltr'><strong>illustrius.</strong></span> <span class='ocrx_word' id='word_1_187' title='bbox 979 3589 1303 3662; x_wconf 85' lang='lat' dir='ltr'><strong>Splendidus</strong></span> <span class='ocrx_word' id='word_1_188' title='bbox 1328 3596 1445 3643; x_wconf 88' lang='lat' dir='ltr'><strong>erat</strong></span> <span class='ocrx_word' id='word_1_189' title='bbox 1471 3596 1629 3641; x_wconf 86' lang='lat' dir='ltr'><strong>antea</strong></span> <span class='ocrx_word' id='word_1_190' title='bbox 1656 3585 1782 3653; x_wconf 84' lang='lat' dir='ltr'><strong>Job,</strong></span> 
     </span>
    </p>
   </div>
   <div class='ocr_carea' id='block_1_30' title="bbox 185 3678 1783 3766">
    <p class='ocr_par' dir='ltr' id='par_1_30' title="bbox 185 3678 1783 3766">
     <span class='ocr_line' id='line_1_30' title="bbox 185 3678 1783 3766; baseline -0.012 -15"><span class='ocrx_word' id='word_1_191' title='bbox 185 3706 362 3766; x_wconf 80' lang='lat' dir='ltr'><strong>postea</strong></span> <span class='ocrx_word' id='word_1_192' title='bbox 409 3708 541 3748; x_wconf 86' lang='lat' dir='ltr'><strong>vero</strong></span> <span class='ocrx_word' id='word_1_193' title='bbox 589 3685 921 3760; x_wconf 84' lang='lat' dir='ltr'><strong>splendidior</strong></span> <span class='ocrx_word' id='word_1_194' title='bbox 962 3682 1231 3753; x_wconf 84' lang='lat' dir='ltr'><strong>apparuit.</strong></span> <span class='ocrx_word' id='word_1_195' title='bbox 1278 3678 1503 3748; x_wconf 87' lang='lat' dir='ltr'><strong>Quando</strong></span> <span class='ocrx_word' id='word_1_196' title='bbox 1551 3691 1783 3746; x_wconf 88' lang='lat' dir='ltr'><strong>corpore</strong></span> 
     </span>
    </p>
   </div>
   <div class='ocr_carea' id='block_1_31' title="bbox 184 3767 1782 3850">
    <p class='ocr_par' dir='ltr' id='par_1_31' title="bbox 184 3767 1782 3850">
     <span class='ocr_line' id='line_1_31' title="bbox 184 3767 1782 3850; baseline -0.014 -8"><span class='ocrx_word' id='word_1_197' title='bbox 184 3800 342 3842; x_wconf 77' lang='lat' dir='ltr'><strong>sanus</strong></span> <span class='ocrx_word' id='word_1_198' title='bbox 365 3793 505 3850; x_wconf 86' lang='lat' dir='ltr'><strong>erat,</strong></span> <span class='ocrx_word' id='word_1_199' title='bbox 539 3796 647 3836; x_wconf 89' lang='lat' dir='ltr'><strong>non</strong></span> <span class='ocrx_word' id='word_1_200' title='bbox 673 3779 745 3834; x_wconf 87' lang='lat' dir='ltr'><strong>ita</strong></span> <span class='ocrx_word' id='word_1_201' title='bbox 773 3773 1087 3849; x_wconf 90' lang='lat' dir='ltr'><strong>splendidus</strong></span> <span class='ocrx_word' id='word_1_202' title='bbox 1115 3770 1235 3839; x_wconf 87' lang='lat' dir='ltr'><strong>fuit,</strong></span> <span class='ocrx_word' id='word_1_203' title='bbox 1268 3779 1325 3825; x_wconf 91' lang='lat' dir='ltr'><strong>ut</strong></span> <span class='ocrx_word' id='word_1_204' title='bbox 1353 3783 1474 3824; x_wconf 90' lang='lat' dir='ltr'><strong>cum</strong></span> <span class='ocrx_word' id='word_1_205' title='bbox 1502 3767 1782 3823; x_wconf 79' lang='lat' dir='ltr'><strong>vulnerum</strong></span> 
     </span>
    </p>
   </div>
   <div class='ocr_carea' id='block_1_32' title="bbox 181 3856 1779 3932">
    <p class='ocr_par' dir='ltr' id='par_1_32' title="bbox 181 3856 1779 3932">
     <span class='ocr_line' id='line_1_32' title="bbox 181 3856 1779 3932; baseline -0.013 -1"><span class='ocrx_word' id='word_1_206' title='bbox 181 3878 330 3932; x_wconf 80' lang='lat' dir='ltr'><strong>sanie</strong></span> <span class='ocrx_word' id='word_1_207' title='bbox 370 3872 756 3931; x_wconf 78' lang='lat' dir='ltr'><strong>coronabatur.</strong></span> <span class='ocrx_word' id='word_1_208' title='bbox 794 3867 915 3923; x_wconf 85' lang='lat' dir='ltr'><strong>Noli</strong></span> <span class='ocrx_word' id='word_1_209' title='bbox 950 3865 1301 3922; x_wconf 89' lang='lat' dir='ltr'><strong>tentationem</strong></span> <span class='ocrx_word' id='word_1_210' title='bbox 1330 3873 1583 3931; x_wconf 89' lang='lat' dir='ltr'><strong>umquam</strong></span> <span class='ocrx_word' id='word_1_211' title='bbox 1613 3856 1779 3913; x_wconf 78' lang='lat' dir='ltr'><strong>refor-</strong></span> 
     </span>
    </p>
   </div>
   <div class='ocr_carea' id='block_1_33' title="bbox 182 3952 1782 4037">
    <p class='ocr_par' dir='ltr' id='par_1_33' title="bbox 182 3952 1782 4037">
     <span class='ocr_line' id='line_1_33' title="bbox 182 3952 1782 4037; baseline -0.012 -12"><span class='ocrx_word' id='word_1_212' title='bbox 182 3971 426 4035; x_wconf 85' lang='lat' dir='ltr'><strong>midare,</strong></span> <span class='ocrx_word' id='word_1_213' title='bbox 471 3968 517 4022; x_wconf 90' lang='lat' dir='ltr'><strong>si</strong></span> <span class='ocrx_word' id='word_1_214' title='bbox 557 3972 907 4037; x_wconf 63' lang='lat' dir='ltr'><strong>praeparatam</strong></span> <span class='ocrx_word' id='word_1_215' title='bbox 956 3959 1154 4013; x_wconf 84' lang='lat' dir='ltr'><strong>habeas</strong></span> <span class='ocrx_word' id='word_1_216' title='bbox 1193 3955 1451 4011; x_wconf 90' lang='lat' dir='ltr'><strong>animam.</strong></span> <span class='ocrx_word' id='word_1_217' title='bbox 1482 3952 1782 4009; x_wconf 83' lang='lat' dir='ltr'><strong>Tribulatio</strong></span> 
     </span>
    </p>
   </div>
   <div class='ocr_carea' id='block_1_34' title="bbox 182 4041 1774 4125">
    <p class='ocr_par' dir='ltr' id='par_1_34' title="bbox 182 4041 1774 4125">
     <span class='ocr_line' id='line_1_34' title="bbox 182 4041 1774 4125; baseline -0.012 -8"><span class='ocrx_word' id='word_1_218' title='bbox 182 4063 311 4117; x_wconf 81' lang='lat' dir='ltr'><strong>nihil</strong></span> <span class='ocrx_word' id='word_1_219' title='bbox 339 4060 511 4116; x_wconf 80' lang='lat' dir='ltr'><strong>ofﬁcit</strong></span> <span class='ocrx_word' id='word_1_220' title='bbox 538 4099 555 4125; x_wconf 91' lang='lat'><strong>,</strong></span> <span class='ocrx_word' id='word_1_221' title='bbox 596 4055 693 4112; x_wconf 77' lang='lat' dir='ltr'><strong>sed</strong></span> <span class='ocrx_word' id='word_1_222' title='bbox 739 4052 1047 4125; x_wconf 81' lang='lat' dir='ltr'><strong>patientiam</strong></span> <span class='ocrx_word' id='word_1_223' title='bbox 1076 4055 1332 4118; x_wconf 86' lang='lat' dir='ltr'><strong>operatur</strong></span> <span class='ocrx_word' id='word_1_224' title='bbox 1361 4045 1380 4118; x_wconf 89' lang='lat'><strong>(</strong></span> <span class='ocrx_word' id='word_1_225' title='bbox 1412 4044 1567 4099; x_wconf 84' lang='lat' dir='ltr'><strong>Rom.</strong></span> <span class='ocrx_word' id='word_1_226' title='bbox 1598 4044 1652 4101; x_wconf 87' lang='lat'><strong>5.</strong></span> <span class='ocrx_word' id='word_1_227' title='bbox 1680 4043 1716 4098; x_wconf 76' lang='lat'><strong>3</strong></span> <span class='ocrx_word' id='word_1_228' title='bbox 1736 4041 1774 4115; x_wconf 86' lang='lat'><strong>).</strong></span> 
     </span>
    </p>
   </div>
   <div class='ocr_carea' id='block_1_35' title="bbox 182 4139 1781 4223">
    <p class='ocr_par' dir='ltr' id='par_1_35' title="bbox 182 4139 1781 4223">
     <span class='ocr_line' id='line_1_35' title="bbox 182 4139 1781 4223; baseline -0.013 -12"><span class='ocrx_word' id='word_1_229' title='bbox 182 4156 314 4211; x_wconf 73' lang='lat' dir='ltr'><strong>Nam</strong></span> <span class='ocrx_word' id='word_1_230' title='bbox 345 4148 798 4223; x_wconf 85' lang='lat' dir='ltr'><strong>quemadmodum</strong></span> <span class='ocrx_word' id='word_1_231' title='bbox 824 4146 954 4200; x_wconf 87' lang='lat' dir='ltr'><strong>nihil</strong></span> <span class='ocrx_word' id='word_1_232' title='bbox 982 4144 1148 4199; x_wconf 82' lang='lat' dir='ltr'><strong>oltlcit</strong></span> <span class='ocrx_word' id='word_1_233' title='bbox 1173 4158 1305 4196; x_wconf 87' lang='lat' dir='ltr'><strong>auro</strong></span> <span class='ocrx_word' id='word_1_234' title='bbox 1336 4139 1547 4203; x_wconf 82' lang='lat' dir='ltr'><strong>fornax,</strong></span> <span class='ocrx_word' id='word_1_235' title='bbox 1577 4139 1655 4193; x_wconf 91' lang='lat' dir='ltr'><strong>sic</strong></span> <span class='ocrx_word' id='word_1_236' title='bbox 1684 4153 1781 4193; x_wconf 87' lang='lat' dir='ltr'><strong>nc-</strong></span> 
     </span>
    </p>
   </div>
   <div class='ocr_carea' id='block_1_36' title="bbox 182 4234 1783 4317">
    <p class='ocr_par' dir='ltr' id='par_1_36' title="bbox 182 4234 1783 4317">
     <span class='ocr_line' id='line_1_36' title="bbox 182 4234 1783 4317; baseline -0.009 -16"><span class='ocrx_word' id='word_1_237' title='bbox 182 4263 285 4317; x_wconf 87' lang='lat' dir='ltr'><strong>que</strong></span> <span class='ocrx_word' id='word_1_238' title='bbox 314 4243 591 4307; x_wconf 77' lang='lat' dir='ltr'><strong>tribulatio</strong></span> <span class='ocrx_word' id='word_1_239' title='bbox 616 4254 880 4312; x_wconf 87' lang='lat' dir='ltr'><strong>generoso</strong></span> <span class='ocrx_word' id='word_1_240' title='bbox 906 4246 1080 4293; x_wconf 74' lang='lat' dir='ltr'><strong>nocet.</strong></span> <span class='ocrx_word' id='word_1_241' title='bbox 1112 4236 1251 4304; x_wconf 83' lang='lat' dir='ltr'><strong>Quid</strong></span> <span class='ocrx_word' id='word_1_242' title='bbox 1286 4234 1413 4289; x_wconf 90' lang='lat' dir='ltr'><strong>facit</strong></span> <span class='ocrx_word' id='word_1_243' title='bbox 1444 4234 1633 4288; x_wconf 80' lang='lat' dir='ltr'><strong>fornax</strong></span> <span class='ocrx_word' id='word_1_244' title='bbox 1661 4248 1783 4302; x_wconf 75' lang='lat' dir='ltr'><strong>qua:</strong></span> 
     </span>
    </p>
   </div>
   <div class='ocr_carea' id='block_1_37' title="bbox 182 4325 1785 4406">
    <p class='ocr_par' dir='ltr' id='par_1_37' title="bbox 182 4325 1785 4406">
     <span class='ocr_line' id='line_1_37' title="bbox 182 4325 1785 4406; baseline -0.01 -13"><span class='ocrx_word' id='word_1_245' title='bbox 182 4356 371 4395; x_wconf 77' lang='lat' dir='ltr'><strong>aurum</strong></span> <span class='ocrx_word' id='word_1_246' title='bbox 416 4333 661 4406; x_wconf 75' lang='lat' dir='ltr'><strong>excipit?</strong></span> <span class='ocrx_word' id='word_1_247' title='bbox 706 4332 905 4387; x_wconf 78' lang='lat' dir='ltr'><strong>Purum</strong></span> <span class='ocrx_word' id='word_1_248' title='bbox 948 4327 1077 4384; x_wconf 89' lang='lat' dir='ltr'><strong>illud</strong></span> <span class='ocrx_word' id='word_1_249' title='bbox 1123 4326 1320 4382; x_wconf 90' lang='lat' dir='ltr'><strong>reddit.</strong></span> <span class='ocrx_word' id='word_1_250' title='bbox 1362 4325 1500 4395; x_wconf 87' lang='lat' dir='ltr'><strong>Quid</strong></span> <span class='ocrx_word' id='word_1_251' title='bbox 1530 4335 1785 4394; x_wconf 84' lang='lat' dir='ltr'><strong>operatur</strong></span> 
     </span>
    </p>
   </div>
   <div class='ocr_carea' id='block_1_38' title="bbox 183 4415 1783 4486">
    <p class='ocr_par' dir='ltr' id='par_1_38' title="bbox 183 4415 1783 4486">
     <span class='ocr_line' id='line_1_38' title="bbox 183 4415 1783 4486; baseline -0.012 -1"><span class='ocrx_word' id='word_1_252' title='bbox 183 4430 457 4486; x_wconf 73' lang='lat' dir='ltr'><strong>tribulatio</strong></span> <span class='ocrx_word' id='word_1_253' title='bbox 519 4422 821 4481; x_wconf 82' lang='lat' dir='ltr'><strong>toleranti?</strong></span> <span class='ocrx_word' id='word_1_254' title='bbox 875 4421 1215 4477; x_wconf 87' lang='lat' dir='ltr'><strong>Patientiam.</strong></span> <span class='ocrx_word' id='word_1_255' title='bbox 1272 4416 1655 4473; x_wconf 88' lang='lat' dir='ltr'><strong>Sublimiorem</strong></span> <span class='ocrx_word' id='word_1_256' title='bbox 1720 4415 1783 4467; x_wconf 88' lang='lat' dir='ltr'><strong>il-</strong></span> 
     </span>
    </p>
   </div>
   <div class='ocr_carea' id='block_1_39' title="bbox 183 4510 1779 4586">
    <p class='ocr_par' dir='ltr' id='par_1_39' title="bbox 183 4510 1779 4586">
     <span class='ocr_line' id='line_1_39' title="bbox 183 4510 1779 4586; baseline -0.012 -8"><span class='ocrx_word' id='word_1_257' title='bbox 183 4524 294 4578; x_wconf 86' lang='lat' dir='ltr'><strong>lum</strong></span> <span class='ocrx_word' id='word_1_258' title='bbox 314 4521 496 4586; x_wconf 80' lang='lat' dir='ltr'><strong>efﬁcit,</strong></span> <span class='ocrx_word' id='word_1_259' title='bbox 514 4517 775 4575; x_wconf 84' lang='lat' dir='ltr'><strong>desidiam</strong></span> <span class='ocrx_word' id='word_1_260' title='bbox 798 4522 1023 4580; x_wconf 84' lang='lat' dir='ltr'><strong>resecat,</strong></span> <span class='ocrx_word' id='word_1_261' title='bbox 1043 4514 1278 4568; x_wconf 88' lang='lat' dir='ltr'><strong>animum</strong></span> <span class='ocrx_word' id='word_1_262' title='bbox 1304 4510 1529 4581; x_wconf 81' lang='lat' dir='ltr'><strong>colligit,</strong></span> <span class='ocrx_word' id='word_1_263' title='bbox 1546 4517 1779 4563; x_wconf 86' lang='lat' dir='ltr'><strong>mentem</strong></span> 
     </span>
    </p>
   </div>
   <div class='ocr_carea' id='block_1_40' title="bbox 183 4602 1784 4682">
    <p class='ocr_par' dir='ltr' id='par_1_40' title="bbox 183 4602 1784 4682">
     <span class='ocr_line' id='line_1_40' title="bbox 183 4602 1784 4682; baseline -0.012 -11"><span class='ocrx_word' id='word_1_264' title='bbox 183 4614 363 4671; x_wconf 87' lang='lat' dir='ltr'><strong>reddit</strong></span> <span class='ocrx_word' id='word_1_265' title='bbox 410 4609 905 4682; x_wconf 86' lang='lat' dir='ltr'><strong>temperantiorem.</strong></span> <span class='ocrx_word' id='word_1_266' title='bbox 933 4605 1259 4660; x_wconf 80' lang='lat' dir='ltr'><strong>lnvexerunt</strong></span> <span class='ocrx_word' id='word_1_267' title='bbox 1294 4602 1644 4657; x_wconf 86' lang='lat' dir='ltr'><strong>teutationem</strong></span> <span class='ocrx_word' id='word_1_268' title='bbox 1670 4640 1687 4663; x_wconf 92' lang='lat'><strong>,</strong></span> <span class='ocrx_word' id='word_1_269' title='bbox 1726 4606 1784 4652; x_wconf 93' lang='lat' dir='ltr'><strong>ut</strong></span> 
     </span>
    </p>
   </div>
   <div class='ocr_carea' id='block_1_41' title="bbox 181 4692 1782 4776">
    <p class='ocr_par' dir='ltr' id='par_1_41' title="bbox 181 4692 1782 4776">
     <span class='ocr_line' id='line_1_41' title="bbox 181 4692 1782 4776; baseline -0.011 -14"><span class='ocrx_word' id='word_1_270' title='bbox 181 4722 317 4762; x_wconf 81' lang='lat' dir='ltr'><strong>oves</strong></span> <span class='ocrx_word' id='word_1_271' title='bbox 338 4705 637 4776; x_wconf 88' lang='lat' dir='ltr'><strong>abigerent,</strong></span> <span class='ocrx_word' id='word_1_272' title='bbox 662 4710 718 4755; x_wconf 88' lang='lat' dir='ltr'><strong>et</strong></span> <span class='ocrx_word' id='word_1_273' title='bbox 744 4699 1071 4756; x_wconf 89' lang='lat' dir='ltr'><strong>contrarium</strong></span> <span class='ocrx_word' id='word_1_274' title='bbox 1099 4697 1276 4752; x_wconf 84' lang='lat' dir='ltr'><strong>evenit</strong></span> <span class='ocrx_word' id='word_1_275' title='bbox 1308 4695 1324 4726; x_wconf 83' lang='grc'>¹</span> <span class='ocrx_word' id='word_1_276' title='bbox 1348 4710 1364 4760; x_wconf 94' lang='lat'><strong>;</strong></span> <span class='ocrx_word' id='word_1_277' title='bbox 1408 4693 1497 4748; x_wconf 88' lang='lat' dir='ltr'><strong>illa</strong></span> <span class='ocrx_word' id='word_1_278' title='bbox 1523 4692 1665 4748; x_wconf 91' lang='lat' dir='ltr'><strong>enim</strong></span> <span class='ocrx_word' id='word_1_279' title='bbox 1690 4706 1782 4761; x_wconf 85' lang='lat' dir='ltr'><strong>pa-</strong></span> 
     </span>
    </p>
   </div>
   <div class='ocr_carea' id='block_1_42' title="bbox 180 4796 733 4857">
    <p class='ocr_par' dir='ltr' id='par_1_42' title="bbox 180 4796 733 4857">
     <span class='ocr_line' id='line_1_42' title="bbox 180 4796 733 4857; baseline -0.018 1"><span class='ocrx_word' id='word_1_280' title='bbox 180 4812 385 4857; x_wconf 70' lang='lat' dir='ltr'><strong>uorem</strong></span> <span class='ocrx_word' id='word_1_281' title='bbox 416 4796 733 4853; x_wconf 70' lang='lat' dir='ltr'><strong>introduxit.</strong></span> 
     </span>
    </p>
   </div>
   <div class='ocr_carea' id='block_1_43' title="bbox 259 4878 1781 4959">
    <p class='ocr_par' dir='ltr' id='par_1_43' title="bbox 259 4878 1781 4959">
     <span class='ocr_line' id='line_1_43' title="bbox 259 4878 1781 4959; baseline -0.009 -14"><span class='ocrx_word' id='word_1_282' title='bbox 259 4890 442 4945; x_wconf 73' lang='lat' dir='ltr'><strong>Hostes</strong></span> <span class='ocrx_word' id='word_1_283' title='bbox 463 4886 809 4959; x_wconf 80' lang='lat' dir='ltr'><strong>Chrysostomi</strong></span> <span class='ocrx_word' id='word_1_284' title='bbox 829 4885 918 4939; x_wconf 84' lang='lat' dir='ltr'><strong>illo</strong></span> <span class='ocrx_word' id='word_1_285' title='bbox 947 4898 1144 4938; x_wconf 75' lang='lat' dir='ltr'><strong>reverso</strong></span> <span class='ocrx_word' id='word_1_286' title='bbox 1164 4882 1425 4952; x_wconf 69' lang='lat' dir='ltr'><strong>fugerunt.</strong></span> <span class='ocrx_word' id='word_1_287' title='bbox 1469 4878 1781 4933; x_wconf 62' lang='lat' dir='ltr'><strong>Publiceni“</strong></span> 
     </span>
    </p>
   </div>
   <div class='ocr_carea' id='block_1_44' title="bbox 176 4969 1778 5053">
    <p class='ocr_par' dir='ltr' id='par_1_44' title="bbox 176 4969 1778 5053">
     <span class='ocr_line' id='line_1_44' title="bbox 176 4969 1778 5053; baseline -0.009 -17"><span class='ocrx_word' id='word_1_288' title='bbox 176 4984 320 5053; x_wconf 70' lang='lat' dir='ltr'><strong>quia.</strong></span> <span class='ocrx_word' id='word_1_289' title='bbox 338 4980 575 5035; x_wconf 69' lang='lat' dir='ltr'><strong>Liberum</strong></span> <span class='ocrx_word' id='word_1_290' title='bbox 603 4977 891 5031; x_wconf 71' lang='lat' dir='ltr'><strong>arbitrium.</strong></span> <span class='ocrx_word' id='word_1_291' title='bbox 925 4973 1231 5029; x_wconf 74' lang='lat' dir='ltr'><strong>Panitentia</strong></span> <span class='ocrx_word' id='word_1_292' title='bbox 1258 4970 1430 5025; x_wconf 83' lang='lat' dir='ltr'><strong>omnia</strong></span> <span class='ocrx_word' id='word_1_293' title='bbox 1458 4971 1582 5025; x_wconf 73' lang='lat' dir='ltr'><strong>vitia</strong></span> <span class='ocrx_word' id='word_1_294' title='bbox 1606 4969 1778 5024; x_wconf 77' lang='lat' dir='ltr'><strong>solvit.</strong></span> 
     </span>
    </p>
   </div>
   <div class='ocr_carea' id='block_1_45' title="bbox 255 5091 1321 5160">
    <p class='ocr_par' dir='ltr' id='par_1_45' title="bbox 255 5091 1321 5160">
     <span class='ocr_line' id='line_1_45' title="bbox 255 5091 1321 5160; baseline -0.009 -10"><span class='ocrx_word' id='word_1_295' title='bbox 255 5100 314 5160; x_wconf 79' lang='grc' dir='ltr'><strong>α)</strong></span> <span class='ocrx_word' id='word_1_296' title='bbox 339 5099 527 5150; x_wconf 84' lang='lat' dir='ltr'><strong>Collata</strong></span> <span class='ocrx_word' id='word_1_297' title='bbox 555 5111 667 5146; x_wconf 87' lang='lat' dir='ltr'><strong>cum</strong></span> <span class='ocrx_word' id='word_1_298' title='bbox 689 5095 868 5160; x_wconf 72' lang='lat' dir='ltr'><strong>Codice</strong></span> <span class='ocrx_word' id='word_1_299' title='bbox 890 5094 1187 5160; x_wconf 28' lang='lat' dir='ltr'><strong>‘tinlbertlno</strong></span> <span class='ocrx_word' id='word_1_300' title='bbox 1211 5091 1321 5160; x_wconf 60' lang='lat'><strong>36:5:</strong></span> 
     </span>
    </p>
   </div>
   <div class='ocr_carea' id='block_1_46' title="bbox 286 5150 1763 5216">
    <p class='ocr_par' dir='ltr' id='par_1_46' title="bbox 286 5150 1763 5216">
     <span class='ocr_line' id='line_1_46' title="bbox 286 5150 1763 5216; baseline -0.009 -9"><span class='ocrx_word' id='word_1_301' title='bbox 286 5150 503 5210; x_wconf 53' lang='lat' dir='ltr'><strong>t&#39;blbet&#39;t.</strong></span> <span class='ocrx_word' id='word_1_302' title='bbox 535 5159 717 5208; x_wconf 83' lang='lat' dir='ltr'><strong>verba:</strong></span> <span class='ocrx_word' id='word_1_303' title='bbox 744 5157 816 5207; x_wconf 82' lang='grc' dir='ltr'><strong>Οὐ</strong></span> <span class='ocrx_word' id='word_1_304' title='bbox 842 5157 983 5216; x_wconf 80' lang='grc' dir='ltr'><strong>μόνον</strong></span> <span class='ocrx_word' id='word_1_305' title='bbox 1020 5159 1064 5202; x_wconf 89' lang='lat' dir='ltr'><strong>ol</strong></span> <span class='ocrx_word' id='word_1_306' title='bbox 1102 5155 1230 5208; x_wconf 76' lang='grc' dir='ltr'><strong>ὄντες</strong></span> <span class='ocrx_word' id='word_1_307' title='bbox 1268 5154 1357 5216; x_wconf 61' lang='grc' dir='ltr'><strong>οὐκ</strong></span> <span class='ocrx_word' id='word_1_308' title='bbox 1392 5150 1763 5216; x_wconf 60' lang='grc' dir='ltr'><strong>ἀῃελείφθῃσαν,</strong></span> 
     </span>
    </p>
   </div>
   <div class='ocr_carea' id='block_1_47' title="bbox 168 5208 1766 5285">
    <p class='ocr_par' dir='ltr' id='par_1_47' title="bbox 168 5208 1766 5285">
     <span class='ocr_line' id='line_1_47' title="bbox 168 5208 1766 5285; baseline -0.013 -7"><span class='ocrx_word' id='word_1_309' title='bbox 431 5208 495 5283; x_wconf 68' lang='grc' dir='ltr'><strong>μὴ</strong></span> <span class='ocrx_word' id='word_1_310' title='bbox 521 5208 1032 5285; x_wconf 19' lang='grc' dir='ltr'><strong>ὃντεςῂπρρσεῆένογτο.</strong></span> <span class='ocrx_word' id='word_1_311' title='bbox 1060 5216 1169 5285; x_wconf 75' lang='lat' dir='ltr'><strong>Non</strong></span> <span class='ocrx_word' id='word_1_312' title='bbox 1193 5214 1337 5264; x_wconf 87' lang='lat' dir='ltr'><strong>modo</strong></span> <span class='ocrx_word' id='word_1_313' title='bbox 1364 5211 1449 5285; x_wconf 68' lang='lat' dir='ltr'><strong>qui</strong></span> <span class='ocrx_word' id='word_1_314' title='bbox 1478 5208 1635 5285; x_wconf 60' lang='grc' dir='ltr'><strong>νεοδιγί</strong></span> <span class='ocrx_word' id='word_1_315' title='bbox 1658 5216 1766 5285; x_wconf 66' lang='lat' dir='ltr'><strong>sunt</strong></span> 
     </span>
    </p>
   </div>
   <div class='ocr_carea' id='block_1_48' title="bbox 171 5274 1766 5347">
    <p class='ocr_par' dir='ltr' id='par_1_48' title="bbox 171 5274 1766 5347">
     <span class='ocr_line' id='line_1_48' title="bbox 171 5274 1766 5347; baseline -0.011 -10"><span class='ocrx_word' id='word_1_316' title='bbox 171 5274 274 5341; x_wconf 50' lang='lat' dir='ltr'><strong>is.</strong></span> <span class='ocrx_word' id='word_1_317' title='bbox 291 5274 562 5347; x_wconf 68' lang='lat' dir='ltr'><strong>obfuerunt,</strong></span> <span class='ocrx_word' id='word_1_318' title='bbox 582 5274 670 5333; x_wconf 73' lang='lat' dir='ltr'><strong>sed</strong></span> <span class='ocrx_word' id='word_1_319' title='bbox 698 5274 846 5347; x_wconf 67' lang='lat' dir='ltr'><strong>etiam</strong></span> <span class='ocrx_word' id='word_1_320' title='bbox 869 5276 969 5347; x_wconf 67' lang='lat' dir='ltr'><strong>qui</strong></span> <span class='ocrx_word' id='word_1_321' title='bbox 978 5276 1129 5347; x_wconf 72' lang='lat' dir='ltr'><strong>nostri</strong></span> <span class='ocrx_word' id='word_1_322' title='bbox 1172 5289 1267 5347; x_wconf 83' lang='lat' dir='ltr'><strong>non</strong></span> <span class='ocrx_word' id='word_1_323' title='bbox 1288 5274 1419 5347; x_wconf 64' lang='lat' dir='ltr'><strong>sunt,</strong></span> <span class='ocrx_word' id='word_1_324' title='bbox 1448 5274 1766 5347; x_wconf 51' lang='lat' dir='ltr'><strong>advenerunt,</strong></span> 
     </span>
    </p>
   </div>
   <div class='ocr_carea' id='block_1_49' title="bbox 170 5335 1769 5401">
    <p class='ocr_par' dir='ltr' id='par_1_49' title="bbox 170 5335 1769 5401">
     <span class='ocr_line' id='line_1_49' title="bbox 170 5335 1769 5401; baseline -0.013 0"><span class='ocrx_word' id='word_1_325' title='bbox 292 5335 514 5397; x_wconf 72' lang='lat' dir='ltr'><strong>breviter</strong></span> <span class='ocrx_word' id='word_1_326' title='bbox 550 5335 811 5393; x_wconf 78' lang='lat' dir='ltr'><strong>enuntiata</strong></span> <span class='ocrx_word' id='word_1_327' title='bbox 856 5335 1090 5401; x_wconf 78' lang='lat' dir='ltr'><strong>explicari</strong></span> <span class='ocrx_word' id='word_1_328' title='bbox 1138 5344 1255 5401; x_wconf 86' lang='lat' dir='ltr'><strong>puto</strong></span> <span class='ocrx_word' id='word_1_329' title='bbox 1283 5350 1374 5399; x_wconf 88' lang='lat' dir='ltr'><strong>per</strong></span> <span class='ocrx_word' id='word_1_330' title='bbox 1398 5336 1526 5401; x_wconf 66' lang='lat' dir='ltr'><strong>haec</strong></span> <span class='ocrx_word' id='word_1_331' title='bbox 1548 5335 1769 5401; x_wconf 65' lang='lat' dir='ltr'><strong>Socratis</strong></span> 
     </span>
    </p>
   </div>
   <div class='ocr_carea' id='block_1_50' title="bbox 172 5394 1771 5465">
    <p class='ocr_par' dir='ltr' id='par_1_50' title="bbox 172 5394 1771 5465">
     <span class='ocr_line' id='line_1_50' title="bbox 172 5394 1771 5465; baseline -0.01 -8"><span class='ocrx_word' id='word_1_332' title='bbox 172 5394 377 5463; x_wconf 65' lang='grc' dir='ltr'><strong>ἱὲι-ιιῖέ</strong></span> <span class='ocrx_word' id='word_1_333' title='bbox 409 5406 469 5455; x_wconf 77' lang='lat' dir='ltr'><strong>&#39;o</strong></span> <span class='ocrx_word' id='word_1_334' title='bbox 511 5406 564 5455; x_wconf 71' lang='lat' dir='ltr'><strong>at</strong></span> <span class='ocrx_word' id='word_1_335' title='bbox 608 5404 722 5460; x_wconf 76' lang='grc' dir='ltr'><strong>λαὸς</strong></span> <span class='ocrx_word' id='word_1_336' title='bbox 763 5394 978 5465; x_wconf 67' lang='grc' dir='ltr'><strong>ἀφορηὲά</strong></span> <span class='ocrx_word' id='word_1_337' title='bbox 1020 5394 1324 5465; x_wconf 48' lang='lat' dir='ltr'><strong>tacebam.</strong></span> <span class='ocrx_word' id='word_1_338' title='bbox 1364 5399 1449 5465; x_wconf 59' lang='lat' dir='ltr'><strong>pta</strong></span> <span class='ocrx_word' id='word_1_339' title='bbox 1486 5397 1537 5445; x_wconf 73' lang='lat' dir='ltr'><strong>at</strong></span> <span class='ocrx_word' id='word_1_340' title='bbox 1563 5397 1630 5465; x_wconf 70' lang='lat' dir='ltr'><strong>_év</strong></span> <span class='ocrx_word' id='word_1_341' title='bbox 1669 5394 1771 5465; x_wconf 52' lang='lat'><strong>3034</strong></span> 
     </span>
    </p>
   </div>
   <div class='ocr_carea' id='block_1_51' title="bbox 172 5456 1771 5532">
    <p class='ocr_par' dir='ltr' id='par_1_51' title="bbox 172 5456 1771 5532">
     <span class='ocr_line' id='line_1_51' title="bbox 172 5456 1771 5532; baseline -0.012 -12"><span class='ocrx_word' id='word_1_342' title='bbox 172 5456 423 5532; x_wconf 20' lang='grc' dir='ltr'><strong>τᾶζεῖῡὲοιςλ</strong></span> <span class='ocrx_word' id='word_1_343' title='bbox 448 5466 570 5532; x_wconf 63' lang='grc' dir='ltr'><strong>φίλᾷ</strong></span> <span class='ocrx_word' id='word_1_344' title='bbox 612 5456 1048 5532; x_wconf 34' lang='grc' dir='ltr'><strong>γενεάς-βουσὶ</strong></span> <span class='ocrx_word' id='word_1_345' title='bbox 1096 5464 1192 5532; x_wconf 79' lang='grc' dir='ltr'><strong>τῷν</strong></span> <span class='ocrx_word' id='word_1_346' title='bbox 1233 5461 1458 5531; x_wconf 62' lang='grc' dir='ltr'><strong>ἀπεχθῶς</strong></span> <span class='ocrx_word' id='word_1_347' title='bbox 1490 5456 1771 5532; x_wconf 29' lang='grc' dir='ltr'><strong>ξρὸξὶαύτὸν</strong></span> 
     </span>
    </p>
   </div>
   <div class='ocr_carea' id='block_1_52' title="bbox 174 5520 1771 5597">
    <p class='ocr_par' dir='ltr' id='par_1_52' title="bbox 174 5520 1771 5597">
     <span class='ocr_line' id='line_1_52' title="bbox 174 5520 1771 5597; baseline -0.015 -11"><span class='ocrx_word' id='word_1_348' title='bbox 174 5520 485 5597; x_wconf 66' lang='grc' dir='ltr'><strong>ἶτέὶ</strong></span> <span class='ocrx_word' id='word_1_349' title='bbox 509 5520 671 5597; x_wconf 45' lang='lat' dir='ltr'><strong>olnt-ev</strong></span> <span class='ocrx_word' id='word_1_350' title='bbox 688 5520 1051 5597; x_wconf 58' lang='grc' dir='ltr'><strong>μετεϐάλλογτο,</strong></span> <span class='ocrx_word' id='word_1_351' title='bbox 1069 5524 1150 5597; x_wconf 57' lang='grc' dir='ltr'><strong>θεαὶ</strong></span> <span class='ocrx_word' id='word_1_352' title='bbox 1163 5520 1570 5597; x_wconf 39' lang='grc' dir='ltr'><strong>’ῳκοφᾶχτςῖσθαέ</strong></span> <span class='ocrx_word' id='word_1_353' title='bbox 1590 5520 1771 5597; x_wconf 52' lang='grc' dir='ltr'><strong>ἑλεγέν,</strong></span> 
     </span>
    </p>
   </div>
   <div class='ocr_carea' id='block_1_53' title="bbox 173 5582 1770 5656">
    <p class='ocr_par' dir='ltr' id='par_1_53' title="bbox 173 5582 1770 5656">
     <span class='ocr_line' id='line_1_53' title="bbox 173 5582 1770 5656; baseline -0.01 -13"><span class='ocrx_word' id='word_1_354' title='bbox 173 5582 408 5656; x_wconf 50' lang='grc' dir='ltr'><strong>ἐξ</strong></span> <span class='ocrx_word' id='word_1_355' title='bbox 432 5582 1043 5656; x_wconf 47' lang='grc' dir='ltr'><strong>ἒμπρφσθεηί-καθῃρῃμένᾳν</strong></span> <span class='ocrx_word' id='word_1_356' title='bbox 1075 5582 1333 5656; x_wconf 43' lang='lat' dir='ltr'><strong>insimulavit</strong></span> <span class='ocrx_word' id='word_1_357' title='bbox 1354 5583 1646 5656; x_wconf 57' lang='lat' dir='ltr'><strong>BeéaetrIOat_&#39;</strong></span> <span class='ocrx_word' id='word_1_358' title='bbox 1681 5582 1770 5656; x_wconf 64' lang='grc' dir='ltr'><strong>ξο-</strong></span> 
     </span>
    </p>
   </div>
   <div class='ocr_carea' id='block_1_54' title="bbox 173 5612 1771 5715">
    <p class='ocr_par' dir='ltr' id='par_1_54' title="bbox 173 5612 1771 5715">
     <span class='ocr_line' id='line_1_54' title="bbox 173 5612 1749 5656; baseline -0.01 -13"><span class='ocrx_word' id='word_1_359' title='bbox 173 5612 227 5642; x_wconf 69' lang='grc' dir='ltr'><strong>εν</strong></span> <span class='ocrx_word' id='word_1_360' title='bbox 303 5612 408 5654; x_wconf 72' lang='grc' dir='ltr'><strong>κρῳ</strong></span> <span class='ocrx_word' id='word_1_361' title='bbox 432 5612 695 5656; x_wconf 71' lang='grc' dir='ltr'><strong>εμπροσνεν</strong></span> <span class='ocrx_word' id='word_1_362' title='bbox 717 5612 1043 5649; x_wconf 53' lang='lat' dir='ltr'><strong>“vapulavi”</strong></span> <span class='ocrx_word' id='word_1_363' title='bbox 1075 5612 1333 5644; x_wconf 67' lang='lat' dir='ltr'><strong>uteuvauv</strong></span> <span class='ocrx_word' id='word_1_364' title='bbox 1354 5612 1619 5629; x_wconf 65' lang='grc' dir='ltr'><strong>υιυωυμιννι.»</strong></span> <span class='ocrx_word' id='word_1_365' title='bbox 1681 5612 1697 5626; x_wconf 82' lang='grc' dir='ltr'>ι</span> <span class='ocrx_word' id='word_1_366' title='bbox 1722 5612 1749 5627; x_wconf 91' lang='grc' dir='ltr'><strong>υ</strong></span> 
     </span>
     <span class='ocr_line' id='line_1_55' title="bbox 173 5612 1771 5715; baseline -0.013 -8"><span class='ocrx_word' id='word_1_367' title='bbox 173 5612 326 5715; x_wconf 51' lang='lat' dir='ltr'><strong>pexis</strong></span> <span class='ocrx_word' id='word_1_368' title='bbox 360 5652 678 5715; x_wconf 57' lang='lat' dir='ltr'><strong>narrandum</strong></span> <span class='ocrx_word' id='word_1_369' title='bbox 698 5650 748 5699; x_wconf 83' lang='lat' dir='ltr'><strong>in</strong></span> <span class='ocrx_word' id='word_1_370' title='bbox 778 5649 975 5715; x_wconf 66' lang='lat' dir='ltr'><strong>modum</strong></span> <span class='ocrx_word' id='word_1_371' title='bbox 1005 5644 1384 5715; x_wconf 63' lang='lat' dir='ltr'><strong>tumidltmbatur</strong></span> <span class='ocrx_word' id='word_1_372' title='bbox 1409 5655 1424 5691; x_wconf 93' lang='lat'><em>:</em></span> <span class='ocrx_word' id='word_1_373' title='bbox 1447 5649 1590 5715; x_wconf 60' lang='lat' dir='ltr'><strong>atque</strong></span> <span class='ocrx_word' id='word_1_374' title='bbox 1616 5639 1662 5688; x_wconf 85' lang='lat' dir='ltr'><strong>in</strong></span> <span class='ocrx_word' id='word_1_375' title='bbox 1684 5641 1771 5709; x_wconf 71' lang='lat' dir='ltr'><strong>hu-</strong></span> 
     </span>
    </p>
   </div>
   <div class='ocr_carea' id='block_1_55' title="bbox 168 5700 1776 5779">
    <p class='ocr_par' dir='ltr' id='par_1_55' title="bbox 168 5700 1776 5779">
     <span class='ocr_line' id='line_1_56' title="bbox 168 5700 1776 5779; baseline -0.015 -6"><span class='ocrx_word' id='word_1_376' title='bbox 168 5700 570 5779; x_wconf 49' lang='lat' dir='ltr'><strong>iriiri-Edwin:</strong></span> <span class='ocrx_word' id='word_1_377' title='bbox 601 5713 724 5763; x_wconf 71' lang='lat' dir='ltr'><strong>solet</strong></span> <span class='ocrx_word' id='word_1_378' title='bbox 756 5709 973 5779; x_wconf 65' lang='lat' dir='ltr'><strong>eratire,</strong></span> <span class='ocrx_word' id='word_1_379' title='bbox 1015 5706 1155 5756; x_wconf 81' lang='lat' dir='ltr'><strong>multi</strong></span> <span class='ocrx_word' id='word_1_380' title='bbox 1194 5720 1362 5779; x_wconf 72' lang='lat' dir='ltr'><strong>eorum</strong></span> <span class='ocrx_word' id='word_1_381' title='bbox 1392 5702 1476 5767; x_wconf 82' lang='lat' dir='ltr'><strong>qui</strong></span> <span class='ocrx_word' id='word_1_382' title='bbox 1508 5700 1694 5763; x_wconf 63' lang='lat' dir='ltr'><strong>infenso</strong></span> <span class='ocrx_word' id='word_1_383' title='bbox 1727 5700 1776 5749; x_wconf 87' lang='lat' dir='ltr'><strong>in</strong></span> 
     </span>
    </p>
   </div>
   <div class='ocr_carea' id='block_1_56' title="bbox 174 5770 1774 5831">
    <p class='ocr_par' dir='ltr' id='par_1_56' title="bbox 174 5770 1774 5831">
     <span class='ocr_line' id='line_1_57' title="bbox 174 5770 1774 5831; baseline -0.013 -2"><span class='ocrx_word' id='word_1_384' title='bbox 174 5770 318 5830; x_wconf 68' lang='lat' dir='ltr'><strong>ilium</strong></span> <span class='ocrx_word' id='word_1_385' title='bbox 337 5775 505 5827; x_wconf 79' lang='lat' dir='ltr'><strong>animo</strong></span> <span class='ocrx_word' id='word_1_386' title='bbox 525 5780 685 5831; x_wconf 85' lang='lat' dir='ltr'><strong>erant,</strong></span> <span class='ocrx_word' id='word_1_387' title='bbox 727 5770 1037 5823; x_wconf 77' lang='lat' dir='ltr'><strong>miseratione</strong></span> <span class='ocrx_word' id='word_1_388' title='bbox 1076 5770 1407 5821; x_wconf 75' lang='lat' dir='ltr'><strong>movebuntur.</strong></span> <span class='ocrx_word' id='word_1_389' title='bbox 1448 5777 1651 5831; x_wconf 67' lang='lat' dir='ltr'><strong>euntque</strong></span> <span class='ocrx_word' id='word_1_390' title='bbox 1694 5778 1774 5811; x_wconf 77' lang='lat' dir='ltr'><strong>m~</strong></span> 
     </span>
    </p>
   </div>
   <div class='ocr_carea' id='block_1_57' title="bbox 175 5828 1775 5907">
    <p class='ocr_par' dir='ltr' id='par_1_57' title="bbox 175 5828 1775 5907">
     <span class='ocr_line' id='line_1_58' title="bbox 175 5828 1775 5907; baseline -0.013 -15"><span class='ocrx_word' id='word_1_391' title='bbox 175 5828 385 5907; x_wconf 61' lang='lat' dir='ltr'><strong>iniuriis</strong></span> <span class='ocrx_word' id='word_1_392' title='bbox 423 5828 711 5907; x_wconf 71' lang='lat' dir='ltr'><strong>oppressum</strong></span> <span class='ocrx_word' id='word_1_393' title='bbox 735 5833 977 5894; x_wconf 81' lang='lat' dir='ltr'><strong>dicebant,</strong></span> <span class='ocrx_word' id='word_1_394' title='bbox 1014 5845 1154 5895; x_wconf 82' lang='lat' dir='ltr'><strong>quem</strong></span> <span class='ocrx_word' id='word_1_395' title='bbox 1176 5831 1325 5893; x_wconf 82' lang='lat' dir='ltr'><strong>paulo</strong></span> <span class='ocrx_word' id='word_1_396' title='bbox 1359 5836 1470 5878; x_wconf 81' lang='lat' dir='ltr'><strong>mttc</strong></span> <span class='ocrx_word' id='word_1_397' title='bbox 1501 5828 1775 5889; x_wconf 75' lang='lat' dir='ltr'><strong>depositum</strong></span> 
     </span>
    </p>
   </div>
   <div class='ocr_carea' id='block_1_58' title="bbox 180 5903 678 5961">
    <p class='ocr_par' dir='ltr' id='par_1_58' title="bbox 180 5903 678 5961">
     <span class='ocr_line' id='line_1_59' title="bbox 180 5903 678 5961; baseline -0.02 -8"><span class='ocrx_word' id='word_1_398' title='bbox 180 5904 353 5953; x_wconf 71' lang='lat' dir='ltr'><strong>rictrre</strong></span> <span class='ocrx_word' id='word_1_399' title='bbox 373 5903 678 5961; x_wconf 67' lang='lat' dir='ltr'><strong>optaverant.</strong></span> 
     </span>
    </p>
   </div>
   <div class='ocr_carea' id='block_1_59' title="bbox 240 5957 1722 6022">
    <p class='ocr_par' dir='ltr' id='par_1_59' title="bbox 240 5957 1722 6022">
     <span class='ocr_line' id='line_1_60' title="bbox 240 5957 1722 6022; baseline -0.015 -5"><span class='ocrx_word' id='word_1_400' title='bbox 240 5970 260 5998; x_wconf 78' lang='grc'><strong><em>⁸</em></strong></span> <span class='ocrx_word' id='word_1_401' title='bbox 278 5957 427 6016; x_wconf 70' lang='lat' dir='ltr'><strong>tioib.</strong></span> <span class='ocrx_word' id='word_1_402' title='bbox 453 5958 658 6014; x_wconf 67' lang='lat' dir='ltr'><strong>inruit.</strong></span> <span class='ocrx_word' id='word_1_403' title='bbox 700 5971 786 6022; x_wconf 80' lang='lat' dir='ltr'><strong>pro</strong></span> <span class='ocrx_word' id='word_1_404' title='bbox 810 5960 1124 6015; x_wconf 65' lang='lat' dir='ltr'><strong>inruerunt;</strong></span> <span class='ocrx_word' id='word_1_405' title='bbox 1151 5961 1395 6021; x_wconf 58' lang='lat' dir='ltr'><strong>prauum,</strong></span> <span class='ocrx_word' id='word_1_406' title='bbox 1426 5967 1529 6015; x_wconf 76' lang='lat' dir='ltr'><strong>pm,</strong></span> <span class='ocrx_word' id='word_1_407' title='bbox 1552 5957 1722 6002; x_wconf 76' lang='lat' dir='ltr'><strong>rvcmt.</strong></span> 
     </span>
    </p>
   </div>
   <div class='ocr_carea' id='block_1_60' title="bbox 1810 1470 1883 1485">
    <p class='ocr_par' dir='ltr' id='par_1_60' title="bbox 1810 1470 1883 1485">
     <span class='ocr_line' id='line_1_61' title="bbox 1810 1470 1883 1485; baseline 0 0"><span class='ocrx_word' id='word_1_408' title='bbox 1810 1470 1883 1485; x_wconf 67' lang='lat' dir='ltr'><strong>—I.</strong></span> 
     </span>
    </p>
   </div>
   <div class='ocr_carea' id='block_1_61' title="bbox 1882 1729 3487 1804">
    <p class='ocr_par' dir='ltr' id='par_1_61' title="bbox 1882 1729 3487 1804">
     <span class='ocr_line' id='line_1_62' title="bbox 1882 1729 3487 1804; baseline -0.003 -13"><span class='ocrx_word' id='word_1_409' title='bbox 1882 1765 1956 1778; x_wconf 91' lang='lat'>——</span> <span class='ocrx_word' id='word_1_410' title='bbox 1971 1734 2090 1804; x_wconf 91' lang='lat' dir='ltr'><strong>Quo</strong></span> <span class='ocrx_word' id='word_1_411' title='bbox 2113 1736 2165 1791; x_wconf 92' lang='lat' dir='ltr'><strong>in</strong></span> <span class='ocrx_word' id='word_1_412' title='bbox 2181 1742 2323 1789; x_wconf 87' lang='lat' dir='ltr'><strong>statu</strong></span> <span class='ocrx_word' id='word_1_413' title='bbox 2338 1741 2466 1789; x_wconf 86' lang='lat' dir='ltr'><strong>sunt</strong></span> <span class='ocrx_word' id='word_1_414' title='bbox 2480 1744 2568 1787; x_wconf 87' lang='lat' dir='ltr'><strong>res</strong></span> <span class='ocrx_word' id='word_1_415' title='bbox 2588 1740 2787 1787; x_wconf 66' lang='lat' dir='ltr'><strong>nostra:</strong></span> <span class='ocrx_word' id='word_1_416' title='bbox 2800 1730 2825 1785; x_wconf 64' lang='grc' dir='ltr'><em>ἲ</em></span> <span class='ocrx_word' id='word_1_417' title='bbox 2838 1729 3114 1787; x_wconf 86' lang='lat' dir='ltr'><strong>Laudibus</strong></span> <span class='ocrx_word' id='word_1_418' title='bbox 3127 1730 3487 1787; x_wconf 86' lang='lat' dir='ltr'><strong>celebrantur.</strong></span> 
     </span>
    </p>
   </div>
   <div class='ocr_carea' id='block_1_62' title="bbox 1884 1824 3493 1899">
    <p class='ocr_par' dir='ltr' id='par_1_62' title="bbox 1884 1824 3493 1899">
     <span class='ocr_line' id='line_1_63' title="bbox 1884 1824 3493 1899; baseline -0.004 -13"><span class='ocrx_word' id='word_1_419' title='bbox 1884 1830 2004 1899; x_wconf 89' lang='lat' dir='ltr'><strong>Quo</strong></span> <span class='ocrx_word' id='word_1_420' title='bbox 2027 1830 2079 1885; x_wconf 92' lang='lat' dir='ltr'><strong>in</strong></span> <span class='ocrx_word' id='word_1_421' title='bbox 2105 1837 2247 1886; x_wconf 87' lang='lat' dir='ltr'><strong>statu</strong></span> <span class='ocrx_word' id='word_1_422' title='bbox 2274 1842 2361 1884; x_wconf 88' lang='lat' dir='ltr'><strong>res</strong></span> <span class='ocrx_word' id='word_1_423' title='bbox 2388 1827 2640 1884; x_wconf 74' lang='lat' dir='ltr'><strong>illorum?</strong></span> <span class='ocrx_word' id='word_1_424' title='bbox 2660 1824 2954 1899; x_wconf 85' lang='lat' dir='ltr'><strong>Ignominia</strong></span> <span class='ocrx_word' id='word_1_425' title='bbox 2984 1825 3344 1881; x_wconf 86' lang='lat' dir='ltr'><strong>cumulantur.</strong></span> <span class='ocrx_word' id='word_1_426' title='bbox 3375 1824 3493 1893; x_wconf 88' lang='lat' dir='ltr'><strong>Qua</strong></span> 
     </span>
    </p>
   </div>
   <div class='ocr_carea' id='block_1_63' title="bbox 1883 1915 3492 1989">
    <p class='ocr_par' dir='ltr' id='par_1_63' title="bbox 1883 1915 3492 1989">
     <span class='ocr_line' id='line_1_64' title="bbox 1883 1915 3492 1989; baseline -0.006 -11"><span class='ocrx_word' id='word_1_427' title='bbox 1883 1921 2192 1978; x_wconf 90' lang='lat' dir='ltr'><strong>conditione</strong></span> <span class='ocrx_word' id='word_1_428' title='bbox 2203 1928 2330 1975; x_wconf 90' lang='lat' dir='ltr'><strong>sunt</strong></span> <span class='ocrx_word' id='word_1_429' title='bbox 2344 1919 2561 1976; x_wconf 91' lang='lat' dir='ltr'><strong>illorum</strong></span> <span class='ocrx_word' id='word_1_430' title='bbox 2580 1918 2792 1989; x_wconf 89' lang='lat' dir='ltr'><strong>negotia</strong></span> <span class='ocrx_word' id='word_1_431' title='bbox 2811 1916 2832 1971; x_wconf 73' lang='grc' dir='ltr'><strong>ἳ</strong></span> <span class='ocrx_word' id='word_1_432' title='bbox 2864 1915 2945 1972; x_wconf 82' lang='lat' dir='ltr'><strong>Ne</strong></span> <span class='ocrx_word' id='word_1_433' title='bbox 2966 1925 3228 1987; x_wconf 86' lang='lat' dir='ltr'><strong>apparent</strong></span> <span class='ocrx_word' id='word_1_434' title='bbox 3247 1916 3492 1985; x_wconf 86' lang='lat' dir='ltr'><strong>quidem.</strong></span> 
     </span>
    </p>
   </div>
   <div class='ocr_carea' id='block_1_64' title="bbox 1884 2010 3489 2084">
    <p class='ocr_par' dir='ltr' id='par_1_64' title="bbox 1884 2010 3489 2084">
     <span class='ocr_line' id='line_1_65' title="bbox 1884 2010 3489 2084; baseline -0.004 -14"><span class='ocrx_word' id='word_1_435' title='bbox 1884 2015 2086 2071; x_wconf 88' lang='lat' dir='ltr'><strong>Forum</strong></span> <span class='ocrx_word' id='word_1_436' title='bbox 2114 2026 2393 2084; x_wconf 87' lang='lat' dir='ltr'><strong>percurro,</strong></span> <span class='ocrx_word' id='word_1_437' title='bbox 2429 2021 2495 2079; x_wconf 83' lang='lat' dir='ltr'><strong>et</strong></span> <span class='ocrx_word' id='word_1_438' title='bbox 2530 2011 2803 2067; x_wconf 77' lang='lat' dir='ltr'><strong>neminem</strong></span> <span class='ocrx_word' id='word_1_439' title='bbox 2834 2010 3012 2065; x_wconf 90' lang='lat' dir='ltr'><strong>video.</strong></span> <span class='ocrx_word' id='word_1_440' title='bbox 3043 2010 3288 2066; x_wconf 86' lang='lat' dir='ltr'><strong>Frondes</strong></span> <span class='ocrx_word' id='word_1_441' title='bbox 3310 2018 3489 2075; x_wconf 86' lang='lat' dir='ltr'><strong>erant,</strong></span> 
     </span>
    </p>
   </div>
   <div class='ocr_carea' id='block_1_65' title="bbox 1884 2100 3494 2173">
    <p class='ocr_par' dir='ltr' id='par_1_65' title="bbox 1884 2100 3494 2173">
     <span class='ocr_line' id='line_1_66' title="bbox 1884 2100 3494 2173; baseline -0.004 -12"><span class='ocrx_word' id='word_1_442' title='bbox 1884 2115 1941 2162; x_wconf 93' lang='lat' dir='ltr'><strong>et</strong></span> <span class='ocrx_word' id='word_1_443' title='bbox 1959 2107 2123 2160; x_wconf 85' lang='lat' dir='ltr'><strong>ﬂante</strong></span> <span class='ocrx_word' id='word_1_444' title='bbox 2143 2113 2303 2160; x_wconf 73' lang='lat' dir='ltr'><strong>vento</strong></span> <span class='ocrx_word' id='word_1_445' title='bbox 2331 2102 2685 2169; x_wconf 89' lang='lat' dir='ltr'><strong>ceciderunt;</strong></span> <span class='ocrx_word' id='word_1_446' title='bbox 2721 2101 2890 2173; x_wconf 75' lang='lat' dir='ltr'><strong>palea:</strong></span> <span class='ocrx_word' id='word_1_447' title='bbox 2916 2109 3094 2168; x_wconf 88' lang='lat' dir='ltr'><strong>erant,</strong></span> <span class='ocrx_word' id='word_1_448' title='bbox 3137 2110 3192 2158; x_wconf 90' lang='lat' dir='ltr'><strong>et</strong></span> <span class='ocrx_word' id='word_1_449' title='bbox 3222 2100 3494 2172; x_wconf 65' lang='lat' dir='ltr'><strong>dissipata</strong></span> 
     </span>
    </p>
   </div>
   <div class='ocr_carea' id='block_1_66' title="bbox 1886 2192 3493 2266">
    <p class='ocr_par' dir='ltr' id='par_1_66' title="bbox 1886 2192 3493 2266">
     <span class='ocr_line' id='line_1_67' title="bbox 1886 2192 3493 2266; baseline -0.004 -13"><span class='ocrx_word' id='word_1_450' title='bbox 1886 2205 2033 2266; x_wconf 88' lang='lat' dir='ltr'><strong>sunt,</strong></span> <span class='ocrx_word' id='word_1_451' title='bbox 2085 2195 2533 2265; x_wconf 80' lang='lat' dir='ltr'><strong>frumentumque</strong></span> <span class='ocrx_word' id='word_1_452' title='bbox 2578 2202 2850 2250; x_wconf 88' lang='lat' dir='ltr'><strong>maturum</strong></span> <span class='ocrx_word' id='word_1_453' title='bbox 2896 2194 3173 2265; x_wconf 86' lang='lat' dir='ltr'><strong>apparuit;</strong></span> <span class='ocrx_word' id='word_1_454' title='bbox 3215 2192 3493 2265; x_wconf 86' lang='lat' dir='ltr'><strong>plumbum</strong></span> 
     </span>
    </p>
   </div>
   <div class='ocr_carea' id='block_1_67' title="bbox 1885 2286 3497 2359">
    <p class='ocr_par' dir='ltr' id='par_1_67' title="bbox 1885 2286 3497 2359">
     <span class='ocr_line' id='line_1_68' title="bbox 1885 2286 3497 2359; baseline -0.003 -13"><span class='ocrx_word' id='word_1_455' title='bbox 1885 2300 2021 2357; x_wconf 82' lang='lat' dir='ltr'><strong>erat,</strong></span> <span class='ocrx_word' id='word_1_456' title='bbox 2067 2300 2126 2347; x_wconf 86' lang='lat' dir='ltr'><strong>et</strong></span> <span class='ocrx_word' id='word_1_457' title='bbox 2154 2288 2495 2359; x_wconf 89' lang='lat' dir='ltr'><strong>liquefactum</strong></span> <span class='ocrx_word' id='word_1_458' title='bbox 2536 2295 2641 2350; x_wconf 88' lang='lat' dir='ltr'><strong>est,</strong></span> <span class='ocrx_word' id='word_1_459' title='bbox 2672 2296 2835 2358; x_wconf 88' lang='lat' dir='ltr'><strong>atque</strong></span> <span class='ocrx_word' id='word_1_460' title='bbox 2865 2302 3067 2357; x_wconf 91' lang='lat' dir='ltr'><strong>purum</strong></span> <span class='ocrx_word' id='word_1_461' title='bbox 3112 2286 3371 2340; x_wconf 90' lang='lat' dir='ltr'><strong>remansit</strong></span> <span class='ocrx_word' id='word_1_462' title='bbox 3398 2300 3497 2341; x_wconf 76' lang='lat' dir='ltr'><strong>an-</strong></span> 
     </span>
    </p>
   </div>
   <div class='ocr_carea' id='block_1_68' title="bbox 1886 2376 3490 2452">
    <p class='ocr_par' dir='ltr' id='par_1_68' title="bbox 1886 2376 3490 2452">
     <span class='ocr_line' id='line_1_69' title="bbox 1886 2376 3490 2452; baseline -0.004 -15"><span class='ocrx_word' id='word_1_463' title='bbox 1886 2397 2027 2437; x_wconf 91' lang='lat' dir='ltr'><strong>rutn.</strong></span> <span class='ocrx_word' id='word_1_464' title='bbox 2059 2382 2191 2450; x_wconf 89' lang='lat' dir='ltr'><strong>Quis</strong></span> <span class='ocrx_word' id='word_1_465' title='bbox 2210 2380 2415 2452; x_wconf 80' lang='lat' dir='ltr'><strong>fugavit</strong></span> <span class='ocrx_word' id='word_1_466' title='bbox 2444 2378 2602 2436; x_wconf 72' lang='lat' dir='ltr'><strong>illos?</strong></span> <span class='ocrx_word' id='word_1_467' title='bbox 2637 2377 2840 2445; x_wconf 83' lang='lat' dir='ltr'><strong>Nemo;</strong></span> <span class='ocrx_word' id='word_1_468' title='bbox 2887 2378 2984 2433; x_wconf 89' lang='lat' dir='ltr'><strong>sed</strong></span> <span class='ocrx_word' id='word_1_469' title='bbox 3014 2377 3373 2433; x_wconf 89' lang='lat' dir='ltr'><strong>domesticum</strong></span> <span class='ocrx_word' id='word_1_470' title='bbox 3403 2376 3490 2431; x_wconf 62' lang='lat' dir='ltr'><strong>ha.</strong></span> 
     </span>
    </p>
   </div>
   <div class='ocr_carea' id='block_1_69' title="bbox 1887 2468 3489 2539">
    <p class='ocr_par' dir='ltr' id='par_1_69' title="bbox 1887 2468 3489 2539">
     <span class='ocr_line' id='line_1_70' title="bbox 1887 2468 3489 2539; baseline -0.003 -10"><span class='ocrx_word' id='word_1_471' title='bbox 1887 2473 2015 2529; x_wconf 86' lang='lat' dir='ltr'><strong>bent</strong></span> <span class='ocrx_word' id='word_1_472' title='bbox 2063 2473 2276 2528; x_wconf 88' lang='lat' dir='ltr'><strong>hostem</strong></span> <span class='ocrx_word' id='word_1_473' title='bbox 2325 2470 2708 2527; x_wconf 83' lang='lat' dir='ltr'><strong>conscientiam</strong></span> <span class='ocrx_word' id='word_1_474' title='bbox 2759 2477 2883 2539; x_wconf 90' lang='lat' dir='ltr'><strong>post</strong></span> <span class='ocrx_word' id='word_1_475' title='bbox 2933 2477 3235 2539; x_wconf 87' lang='lat' dir='ltr'><strong>peccatum.</strong></span> <span class='ocrx_word' id='word_1_476' title='bbox 3297 2468 3489 2525; x_wconf 88' lang='lat' dir='ltr'><strong>Sciunt</strong></span> 
     </span>
    </p>
   </div>
   <div class='ocr_carea' id='block_1_70' title="bbox 1885 2561 3495 2636">
    <p class='ocr_par' dir='ltr' id='par_1_70' title="bbox 1885 2561 3495 2636">
     <span class='ocr_line' id='line_1_71' title="bbox 1885 2561 3495 2636; baseline -0.002 -16"><span class='ocrx_word' id='word_1_477' title='bbox 1885 2564 2013 2636; x_wconf 87' lang='lat' dir='ltr'><strong>quid</strong></span> <span class='ocrx_word' id='word_1_478' title='bbox 2043 2563 2288 2622; x_wconf 87' lang='lat' dir='ltr'><strong>fecerint.</strong></span> <span class='ocrx_word' id='word_1_479' title='bbox 2318 2563 2451 2619; x_wconf 83' lang='lat' dir='ltr'><strong>Nam</strong></span> <span class='ocrx_word' id='word_1_480' title='bbox 2480 2572 2535 2619; x_wconf 88' lang='lat' dir='ltr'><strong>et</strong></span> <span class='ocrx_word' id='word_1_481' title='bbox 2551 2562 2682 2619; x_wconf 84' lang='lat' dir='ltr'><strong>Cain</strong></span> <span class='ocrx_word' id='word_1_482' title='bbox 2718 2562 2936 2618; x_wconf 89' lang='lat' dir='ltr'><strong>volebat</strong></span> <span class='ocrx_word' id='word_1_483' title='bbox 2968 2561 3189 2616; x_wconf 88' lang='lat' dir='ltr'><strong>fratrem</strong></span> <span class='ocrx_word' id='word_1_484' title='bbox 3217 2576 3373 2615; x_wconf 89' lang='lat' dir='ltr'><strong>suum</strong></span> <span class='ocrx_word' id='word_1_485' title='bbox 3396 2576 3495 2617; x_wconf 84' lang='lat' dir='ltr'><strong>oc-</strong></span> 
     </span>
    </p>
   </div>
   <div class='ocr_carea' id='block_1_71' title="bbox 1886 2652 3495 2727">
    <p class='ocr_par' dir='ltr' id='par_1_71' title="bbox 1886 2652 3495 2727">
     <span class='ocr_line' id='line_1_72' title="bbox 1886 2652 3495 2727; baseline -0.003 -14"><span class='ocrx_word' id='word_1_486' title='bbox 1886 2657 2067 2713; x_wconf 85' lang='lat' dir='ltr'><strong>cidere</strong></span> <span class='ocrx_word' id='word_1_487' title='bbox 2088 2653 2246 2727; x_wconf 82' lang='lat' dir='ltr'><strong>(Gen.</strong></span> <span class='ocrx_word' id='word_1_488' title='bbox 2278 2655 2339 2726; x_wconf 75' lang='grc'><strong>4)</strong></span> <span class='ocrx_word' id='word_1_489' title='bbox 2368 2674 2383 2711; x_wconf 86' lang='lat'><strong>:</strong></span> <span class='ocrx_word' id='word_1_490' title='bbox 2408 2652 2505 2710; x_wconf 84' lang='lat' dir='ltr'><strong>sed</strong></span> <span class='ocrx_word' id='word_1_491' title='bbox 2529 2667 2652 2709; x_wconf 89' lang='lat' dir='ltr'><strong>cum</strong></span> <span class='ocrx_word' id='word_1_492' title='bbox 2685 2653 2903 2709; x_wconf 87' lang='lat' dir='ltr'><strong>volebat</strong></span> <span class='ocrx_word' id='word_1_493' title='bbox 2928 2653 3202 2717; x_wconf 82' lang='lat' dir='ltr'><strong>occidere,</strong></span> <span class='ocrx_word' id='word_1_494' title='bbox 3222 2652 3495 2722; x_wconf 84' lang='lat' dir='ltr'><strong>cupiditas</strong></span> 
     </span>
    </p>
   </div>
   <div class='ocr_carea' id='block_1_72' title="bbox 1885 2747 3492 2821">
    <p class='ocr_par' dir='ltr' id='par_1_72' title="bbox 1885 2747 3492 2821">
     <span class='ocr_line' id='line_1_73' title="bbox 1885 2747 3492 2821; baseline -0.003 -15"><span class='ocrx_word' id='word_1_495' title='bbox 1885 2748 2109 2806; x_wconf 83' lang='lat' dir='ltr'><strong>ardebat</strong></span> <span class='ocrx_word' id='word_1_496' title='bbox 2137 2766 2151 2803; x_wconf 88' lang='lat'><strong>:</strong></span> <span class='ocrx_word' id='word_1_497' title='bbox 2185 2757 2469 2821; x_wconf 85' lang='lat' dir='ltr'><strong>postquam</strong></span> <span class='ocrx_word' id='word_1_498' title='bbox 2500 2756 2681 2804; x_wconf 87' lang='lat' dir='ltr'><strong>autem</strong></span> <span class='ocrx_word' id='word_1_499' title='bbox 2711 2756 2994 2817; x_wconf 90' lang='lat' dir='ltr'><strong>peccatum</strong></span> <span class='ocrx_word' id='word_1_500' title='bbox 3017 2747 3366 2816; x_wconf 85' lang='lat' dir='ltr'><strong>perpetravit,</strong></span> <span class='ocrx_word' id='word_1_501' title='bbox 3393 2760 3492 2816; x_wconf 88' lang='lat' dir='ltr'><strong>ge-</strong></span> 
     </span>
    </p>
   </div>
   <div class='ocr_carea' id='block_1_73' title="bbox 1886 2835 3499 2909">
    <p class='ocr_par' dir='ltr' id='par_1_73' title="bbox 1886 2835 3499 2909">
     <span class='ocr_line' id='line_1_74' title="bbox 1886 2835 3499 2909; baseline -0.003 -13"><span class='ocrx_word' id='word_1_502' title='bbox 1886 2857 2040 2897; x_wconf 85' lang='lat' dir='ltr'><strong>mens</strong></span> <span class='ocrx_word' id='word_1_503' title='bbox 2064 2856 2129 2896; x_wconf 91' lang='lat' dir='ltr'><strong>ac</strong></span> <span class='ocrx_word' id='word_1_504' title='bbox 2157 2850 2396 2896; x_wconf 85' lang='lat' dir='ltr'><strong>tremens</strong></span> <span class='ocrx_word' id='word_1_505' title='bbox 2424 2838 2621 2909; x_wconf 86' lang='lat' dir='ltr'><strong>ubique</strong></span> <span class='ocrx_word' id='word_1_506' title='bbox 2650 2847 2912 2893; x_wconf 88' lang='lat' dir='ltr'><strong>terrarum</strong></span> <span class='ocrx_word' id='word_1_507' title='bbox 2935 2836 3251 2907; x_wconf 85' lang='lat' dir='ltr'><strong>vagabatur.</strong></span> <span class='ocrx_word' id='word_1_508' title='bbox 3282 2835 3343 2891; x_wconf 86' lang='lat' dir='ltr'><strong>Hi</strong></span> <span class='ocrx_word' id='word_1_509' title='bbox 3368 2851 3499 2892; x_wconf 87' lang='lat' dir='ltr'><strong>vero</strong></span> 
     </span>
    </p>
   </div>
   <div class='ocr_carea' id='block_1_74' title="bbox 1887 2926 3498 3002">
    <p class='ocr_par' dir='ltr' id='par_1_74' title="bbox 1887 2926 3498 3002">
     <span class='ocr_line' id='line_1_75' title="bbox 1887 2926 3498 3002; baseline -0.006 -12"><span class='ocrx_word' id='word_1_510' title='bbox 1887 2934 2013 2990; x_wconf 90' lang='lat' dir='ltr'><strong>licet</strong></span> <span class='ocrx_word' id='word_1_511' title='bbox 2035 2933 2212 3002; x_wconf 86' lang='lat' dir='ltr'><strong>reipsa</strong></span> <span class='ocrx_word' id='word_1_512' title='bbox 2234 2946 2340 2987; x_wconf 91' lang='lat' dir='ltr'><strong>non</strong></span> <span class='ocrx_word' id='word_1_513' title='bbox 2367 2928 2687 2996; x_wconf 87' lang='lat' dir='ltr'><strong>occiderint,</strong></span> <span class='ocrx_word' id='word_1_514' title='bbox 2731 2936 2787 2983; x_wconf 89' lang='lat' dir='ltr'><strong>at</strong></span> <span class='ocrx_word' id='word_1_515' title='bbox 2826 2926 3105 2984; x_wconf 86' lang='lat' dir='ltr'><strong>voluntate</strong></span> <span class='ocrx_word' id='word_1_516' title='bbox 3139 2935 3317 2982; x_wconf 85' lang='lat' dir='ltr'><strong>tamen</strong></span> <span class='ocrx_word' id='word_1_517' title='bbox 3350 2927 3498 2981; x_wconf 81' lang='lat' dir='ltr'><strong>occi-</strong></span> 
     </span>
    </p>
   </div>
   <div class='ocr_carea' id='block_1_75' title="bbox 1886 3019 3497 3097">
    <p class='ocr_par' dir='ltr' id='par_1_75' title="bbox 1886 3019 3497 3097">
     <span class='ocr_line' id='line_1_76' title="bbox 1886 3019 3497 3097; baseline -0.004 -17"><span class='ocrx_word' id='word_1_518' title='bbox 1886 3025 2106 3082; x_wconf 90' lang='lat' dir='ltr'><strong>derunt.</strong></span> <span class='ocrx_word' id='word_1_519' title='bbox 2156 3023 2469 3097; x_wconf 86' lang='lat' dir='ltr'><strong>Perpetrata</strong></span> <span class='ocrx_word' id='word_1_520' title='bbox 2521 3030 2606 3077; x_wconf 89' lang='lat' dir='ltr'><strong>est</strong></span> <span class='ocrx_word' id='word_1_521' title='bbox 2632 3019 2814 3076; x_wconf 68' lang='lat' dir='ltr'><strong>caedes</strong></span> <span class='ocrx_word' id='word_1_522' title='bbox 2860 3026 3122 3091; x_wconf 85' lang='lat' dir='ltr'><strong>quantum</strong></span> <span class='ocrx_word' id='word_1_523' title='bbox 3172 3020 3228 3074; x_wconf 89' lang='lat' dir='ltr'><strong>in</strong></span> <span class='ocrx_word' id='word_1_524' title='bbox 3279 3019 3497 3075; x_wconf 85' lang='lat' dir='ltr'><strong>illorum</strong></span> 
     </span>
    </p>
   </div>
   <div class='ocr_carea' id='block_1_76' title="bbox 1887 3110 3500 3187">
    <p class='ocr_par' dir='ltr' id='par_1_76' title="bbox 1887 3110 3500 3187">
     <span class='ocr_line' id='line_1_77' title="bbox 1887 3110 3500 3187; baseline -0.002 -15"><span class='ocrx_word' id='word_1_525' title='bbox 1887 3116 2222 3187; x_wconf 85' lang='lat' dir='ltr'><strong>malignitate</strong></span> <span class='ocrx_word' id='word_1_526' title='bbox 2246 3114 2411 3170; x_wconf 90' lang='lat' dir='ltr'><strong>situm</strong></span> <span class='ocrx_word' id='word_1_527' title='bbox 2441 3113 2541 3168; x_wconf 89' lang='lat' dir='ltr'><strong>fuit</strong></span> <span class='ocrx_word' id='word_1_528' title='bbox 2580 3111 2717 3179; x_wconf 89' lang='lat' dir='ltr'><strong>;sed</strong></span> <span class='ocrx_word' id='word_1_529' title='bbox 2746 3112 2856 3167; x_wconf 91' lang='lat' dir='ltr'><strong>vita</strong></span> <span class='ocrx_word' id='word_1_530' title='bbox 2886 3125 3146 3167; x_wconf 87' lang='lat' dir='ltr'><strong>concessa</strong></span> <span class='ocrx_word' id='word_1_531' title='bbox 3168 3119 3253 3165; x_wconf 90' lang='lat' dir='ltr'><strong>est</strong></span> <span class='ocrx_word' id='word_1_532' title='bbox 3277 3110 3370 3166; x_wconf 89' lang='lat' dir='ltr'><strong>Dei</strong></span> <span class='ocrx_word' id='word_1_533' title='bbox 3405 3110 3500 3169; x_wconf 82' lang='lat' dir='ltr'><strong>be-</strong></span> 
     </span>
    </p>
   </div>
   <div class='ocr_carea' id='block_1_77' title="bbox 1886 3203 3498 3281">
    <p class='ocr_par' dir='ltr' id='par_1_77' title="bbox 1886 3203 3498 3281">
     <span class='ocr_line' id='line_1_78' title="bbox 1886 3203 3498 3281; baseline -0.004 -16"><span class='ocrx_word' id='word_1_534' title='bbox 1886 3210 2168 3281; x_wconf 84' lang='lat' dir='ltr'><strong>nignitate.</strong></span> <span class='ocrx_word' id='word_1_535' title='bbox 2198 3206 2326 3263; x_wconf 66' lang='lat' dir='ltr'><strong>Haec</strong></span> <span class='ocrx_word' id='word_1_536' title='bbox 2347 3221 2378 3261; x_wconf 91' lang='lat' dir='ltr'><strong>a</strong></span> <span class='ocrx_word' id='word_1_537' title='bbox 2412 3220 2500 3262; x_wconf 91' lang='lat' dir='ltr'><strong>me</strong></span> <span class='ocrx_word' id='word_1_538' title='bbox 2523 3204 2795 3272; x_wconf 89' lang='lat' dir='ltr'><strong>dicuntur,</strong></span> <span class='ocrx_word' id='word_1_539' title='bbox 2826 3212 2885 3260; x_wconf 92' lang='lat' dir='ltr'><strong>ut</strong></span> <span class='ocrx_word' id='word_1_540' title='bbox 2904 3203 3241 3259; x_wconf 88' lang='lat' dir='ltr'><strong>alacritatem</strong></span> <span class='ocrx_word' id='word_1_541' title='bbox 3258 3214 3498 3259; x_wconf 85' lang='lat' dir='ltr'><strong>vestram</strong></span> 
     </span>
    </p>
   </div>
   <div class='ocr_carea' id='block_1_78' title="bbox 1886 3294 3499 3369">
    <p class='ocr_par' dir='ltr' id='par_1_78' title="bbox 1886 3294 3499 3369">
     <span class='ocr_line' id='line_1_79' title="bbox 1886 3294 3499 3369; baseline -0.004 -11"><span class='ocrx_word' id='word_1_542' title='bbox 1886 3303 2143 3367; x_wconf 81' lang='lat' dir='ltr'><strong>excitem,</strong></span> <span class='ocrx_word' id='word_1_543' title='bbox 2175 3307 2233 3355; x_wconf 90' lang='lat' dir='ltr'><strong>ut</strong></span> <span class='ocrx_word' id='word_1_544' title='bbox 2277 3312 2574 3369; x_wconf 88' lang='lat' dir='ltr'><strong>numquam</strong></span> <span class='ocrx_word' id='word_1_545' title='bbox 2596 3297 2948 3354; x_wconf 86' lang='lat' dir='ltr'><strong>tentationem</strong></span> <span class='ocrx_word' id='word_1_546' title='bbox 2978 3294 3363 3353; x_wconf 88' lang='lat' dir='ltr'><strong>reformidetis.</strong></span> <span class='ocrx_word' id='word_1_547' title='bbox 3397 3295 3499 3352; x_wconf 84' lang='lat' dir='ltr'><strong>Pe-</strong></span> 
     </span>
    </p>
   </div>
   <div class='ocr_carea' id='block_1_79' title="bbox 1888 3386 3496 3460">
    <p class='ocr_par' dir='ltr' id='par_1_79' title="bbox 1888 3386 3496 3460">
     <span class='ocr_line' id='line_1_80' title="bbox 1888 3386 3496 3460; baseline -0.006 -9"><span class='ocrx_word' id='word_1_548' title='bbox 1888 3404 1968 3451; x_wconf 86' lang='lat' dir='ltr'><strong>tra</strong></span> <span class='ocrx_word' id='word_1_549' title='bbox 1991 3394 2093 3451; x_wconf 77' lang='lat' dir='ltr'><strong>es?</strong></span> <span class='ocrx_word' id='word_1_550' title='bbox 2121 3386 2209 3449; x_wconf 82' lang='lat' dir='ltr'><strong>Ne</strong></span> <span class='ocrx_word' id='word_1_551' title='bbox 2246 3392 2442 3448; x_wconf 81' lang='lat' dir='ltr'><strong>ﬂuctus</strong></span> <span class='ocrx_word' id='word_1_552' title='bbox 2467 3393 2680 3457; x_wconf 85' lang='lat' dir='ltr'><strong>timeas,</strong></span> <span class='ocrx_word' id='word_1_553' title='bbox 2725 3404 2851 3445; x_wconf 86' lang='lat' dir='ltr'><strong>nam</strong></span> <span class='ocrx_word' id='word_1_554' title='bbox 2906 3389 3075 3459; x_wconf 79' lang='lat' dir='ltr'><strong>Super</strong></span> <span class='ocrx_word' id='word_1_555' title='bbox 3118 3389 3252 3443; x_wconf 82' lang='lat' dir='ltr'><strong>hanc</strong></span> <span class='ocrx_word' id='word_1_556' title='bbox 3299 3401 3496 3460; x_wconf 81' lang='lat' dir='ltr'><strong>petram</strong></span> 
     </span>
    </p>
   </div>
   <div class='ocr_carea' id='block_1_80' title="bbox 1886 3482 3498 3560">
    <p class='ocr_par' dir='ltr' id='par_1_80' title="bbox 1886 3482 3498 3560">
     <span class='ocr_line' id='line_1_81' title="bbox 1886 3482 3498 3560; baseline -0.006 -15"><span class='ocrx_word' id='word_1_557' title='bbox 1886 3490 2151 3560; x_wconf 71' lang='lat' dir='ltr'><strong>aediﬁcabo</strong></span> <span class='ocrx_word' id='word_1_558' title='bbox 2175 3486 2458 3542; x_wconf 75' lang='lat' dir='ltr'><strong>Ecclesium</strong></span> <span class='ocrx_word' id='word_1_559' title='bbox 2478 3500 2668 3545; x_wconf 76' lang='lat' dir='ltr'><strong>meam,</strong></span> <span class='ocrx_word' id='word_1_560' title='bbox 2695 3492 2742 3537; x_wconf 79' lang='lat' dir='ltr'><strong>et</strong></span> <span class='ocrx_word' id='word_1_561' title='bbox 2773 3492 2934 3554; x_wconf 81' lang='lat' dir='ltr'><strong>porta:</strong></span> <span class='ocrx_word' id='word_1_562' title='bbox 2952 3482 3103 3551; x_wconf 81' lang='lat' dir='ltr'><strong>inferi</strong></span> <span class='ocrx_word' id='word_1_563' title='bbox 3124 3498 3224 3536; x_wconf 85' lang='lat' dir='ltr'><strong>non</strong></span> <span class='ocrx_word' id='word_1_564' title='bbox 3250 3482 3498 3552; x_wconf 64' lang='lat' dir='ltr'><strong>promote-</strong></span> 
     </span>
    </p>
   </div>
   <div class='ocr_carea' id='block_1_81' title="bbox 1887 3574 3495 3648">
    <p class='ocr_par' dir='ltr' id='par_1_81' title="bbox 1887 3574 3495 3648">
     <span class='ocr_line' id='line_1_82' title="bbox 1887 3574 3495 3648; baseline -0.005 -11"><span class='ocrx_word' id='word_1_565' title='bbox 1887 3581 2012 3637; x_wconf 78' lang='lat' dir='ltr'><strong>btmt</strong></span> <span class='ocrx_word' id='word_1_566' title='bbox 2036 3582 2276 3635; x_wconf 76' lang='lat' dir='ltr'><strong>adversus</strong></span> <span class='ocrx_word' id='word_1_567' title='bbox 2296 3594 2409 3633; x_wconf 82' lang='lat' dir='ltr'><strong>eam</strong></span> <span class='ocrx_word' id='word_1_568' title='bbox 2429 3574 2645 3645; x_wconf 69' lang='lat' dir='ltr'><strong>(Matth.</strong></span> <span class='ocrx_word' id='word_1_569' title='bbox 2672 3577 2760 3632; x_wconf 85' lang='grc'><strong>16.</strong></span> <span class='ocrx_word' id='word_1_570' title='bbox 2791 3576 2894 3648; x_wconf 90' lang='grc'><strong>18)</strong></span> <span class='ocrx_word' id='word_1_571' title='bbox 2914 3616 2930 3639; x_wconf 87' lang='grc'><strong><em>,</em></strong></span> <span class='ocrx_word' id='word_1_572' title='bbox 2976 3576 3165 3645; x_wconf 87' lang='lat' dir='ltr'><strong>inquit.</strong></span> <span class='ocrx_word' id='word_1_573' title='bbox 3190 3575 3495 3646; x_wconf 81' lang='lat' dir='ltr'><strong>Aliquando</strong></span> 
     </span>
    </p>
   </div>
   <div class='ocr_carea' id='block_1_82' title="bbox 1887 3669 3492 3739">
    <p class='ocr_par' dir='ltr' id='par_1_82' title="bbox 1887 3669 3492 3739">
     <span class='ocr_line' id='line_1_83' title="bbox 1887 3669 3492 3739; baseline -0.002 -10"><span class='ocrx_word' id='word_1_574' title='bbox 1887 3684 2163 3739; x_wconf 76' lang='lat' dir='ltr'><strong>extranea,</strong></span> <span class='ocrx_word' id='word_1_575' title='bbox 2212 3670 2483 3728; x_wconf 88' lang='lat' dir='ltr'><strong>interdum</strong></span> <span class='ocrx_word' id='word_1_576' title='bbox 2529 3670 2781 3726; x_wconf 87' lang='lat' dir='ltr'><strong>intestina</strong></span> <span class='ocrx_word' id='word_1_577' title='bbox 2810 3678 2937 3726; x_wconf 85' lang='lat' dir='ltr'><strong>sunt</strong></span> <span class='ocrx_word' id='word_1_578' title='bbox 2975 3669 3275 3737; x_wconf 88' lang='lat' dir='ltr'><strong>bella;sed</strong></span> <span class='ocrx_word' id='word_1_579' title='bbox 3329 3685 3492 3726; x_wconf 83' lang='lat' dir='ltr'><strong>nemo</strong></span> 
     </span>
    </p>
   </div>
   <div class='ocr_carea' id='block_1_83' title="bbox 1890 3763 2666 3837">
    <p class='ocr_par' dir='ltr' id='par_1_83' title="bbox 1890 3763 2666 3837">
     <span class='ocr_line' id='line_1_84' title="bbox 1890 3763 2666 3837; baseline -0.004 -18"><span class='ocrx_word' id='word_1_580' title='bbox 1890 3774 2066 3837; x_wconf 82' lang='lat' dir='ltr'><strong>potest</strong></span> <span class='ocrx_word' id='word_1_581' title='bbox 2094 3765 2271 3819; x_wconf 89' lang='lat' dir='ltr'><strong>navim</strong></span> <span class='ocrx_word' id='word_1_582' title='bbox 2298 3763 2666 3833; x_wconf 84' lang='lat' dir='ltr'><strong>submergere.</strong></span> 
     </span>
    </p>
   </div>
   <div class='ocr_carea' id='block_1_84' title="bbox 1953 3899 3492 3971">
    <p class='ocr_par' dir='ltr' id='par_1_84' title="bbox 1953 3899 3492 3971">
     <span class='ocr_line' id='line_1_85' title="bbox 1953 3899 3492 3971; baseline 0 -12"><span class='ocrx_word' id='word_1_583' title='bbox 1953 3902 2011 3959; x_wconf 67' lang='grc'><strong>2.</strong></span> <span class='ocrx_word' id='word_1_584' title='bbox 2041 3902 2239 3960; x_wconf 79' lang='lat' dir='ltr'><strong>Verum</strong></span> <span class='ocrx_word' id='word_1_585' title='bbox 2264 3915 2335 3958; x_wconf 90' lang='lat' dir='ltr'><strong>ne</strong></span> <span class='ocrx_word' id='word_1_586' title='bbox 2377 3909 2547 3957; x_wconf 90' lang='lat' dir='ltr'><strong>totum</strong></span> <span class='ocrx_word' id='word_1_587' title='bbox 2584 3906 2801 3971; x_wconf 88' lang='lat' dir='ltr'><strong>tempus</strong></span> <span class='ocrx_word' id='word_1_588' title='bbox 2841 3899 2897 3955; x_wconf 91' lang='lat' dir='ltr'><strong>in</strong></span> <span class='ocrx_word' id='word_1_589' title='bbox 2930 3899 3228 3956; x_wconf 87' lang='lat' dir='ltr'><strong>referendis</strong></span> <span class='ocrx_word' id='word_1_590' title='bbox 3280 3900 3492 3959; x_wconf 82' lang='lat' dir='ltr'><strong>illorum</strong></span> 
     </span>
    </p>
   </div>
   <div class='ocr_carea' id='block_1_85' title="bbox 1883 3992 3487 4065">
    <p class='ocr_par' dir='ltr' id='par_1_85' title="bbox 1883 3992 3487 4065">
     <span class='ocr_line' id='line_1_86' title="bbox 1883 3992 3487 4065; baseline -0.004 -12"><span class='ocrx_word' id='word_1_591' title='bbox 1883 3995 2201 4055; x_wconf 86' lang='lat' dir='ltr'><strong>criminibus</strong></span> <span class='ocrx_word' id='word_1_592' title='bbox 2228 3993 2626 4065; x_wconf 87' lang='lat' dir='ltr'><strong>impendamus,</strong></span> <span class='ocrx_word' id='word_1_593' title='bbox 2645 3992 2991 4049; x_wconf 69' lang='lat' dir='ltr'><strong>conscientiae</strong></span> <span class='ocrx_word' id='word_1_594' title='bbox 3017 3993 3207 4048; x_wconf 89' lang='lat' dir='ltr'><strong>terrori</strong></span> <span class='ocrx_word' id='word_1_595' title='bbox 3234 3995 3487 4049; x_wconf 89' lang='lat' dir='ltr'><strong>commit-</strong></span> 
     </span>
    </p>
   </div>
   <div class='ocr_carea' id='block_1_86' title="bbox 1884 4082 3489 4163">
    <p class='ocr_par' dir='ltr' id='par_1_86' title="bbox 1884 4082 3489 4163">
     <span class='ocr_line' id='line_1_87' title="bbox 1884 4082 3489 4163; baseline -0.005 -17"><span class='ocrx_word' id='word_1_596' title='bbox 1884 4099 2063 4146; x_wconf 84' lang='lat' dir='ltr'><strong>tamus</strong></span> <span class='ocrx_word' id='word_1_597' title='bbox 2089 4102 2205 4152; x_wconf 89' lang='lat' dir='ltr'><strong>eos,</strong></span> <span class='ocrx_word' id='word_1_598' title='bbox 2253 4095 2308 4141; x_wconf 88' lang='lat' dir='ltr'><strong>et</strong></span> <span class='ocrx_word' id='word_1_599' title='bbox 2334 4085 2579 4140; x_wconf 87' lang='lat' dir='ltr'><strong>sinamus</strong></span> <span class='ocrx_word' id='word_1_600' title='bbox 2624 4093 2860 4163; x_wconf 51' lang='lat' dir='ltr'><strong>utentem</strong></span> <span class='ocrx_word' id='word_1_601' title='bbox 2904 4082 3116 4138; x_wconf 85' lang='lat' dir='ltr'><strong>illorum</strong></span> <span class='ocrx_word' id='word_1_602' title='bbox 3156 4097 3221 4138; x_wconf 90' lang='lat' dir='ltr'><strong>ac</strong></span> <span class='ocrx_word' id='word_1_603' title='bbox 3271 4082 3489 4138; x_wconf 71' lang='lat' dir='ltr'><strong>nefaria:</strong></span> 
     </span>
    </p>
   </div>
   <div class='ocr_carea' id='block_1_87' title="bbox 1881 4174 3485 4254">
    <p class='ocr_par' dir='ltr' id='par_1_87' title="bbox 1881 4174 3485 4254">
     <span class='ocr_line' id='line_1_88' title="bbox 1881 4174 3485 4254; baseline -0.007 -14"><span class='ocrx_word' id='word_1_604' title='bbox 1881 4181 2150 4254; x_wconf 88' lang='lat' dir='ltr'><strong>cupidinis</strong></span> <span class='ocrx_word' id='word_1_605' title='bbox 2196 4181 2455 4251; x_wconf 88' lang='lat' dir='ltr'><strong>impetum</strong></span> <span class='ocrx_word' id='word_1_606' title='bbox 2500 4193 2531 4232; x_wconf 94' lang='lat' dir='ltr'><strong>a</strong></span> <span class='ocrx_word' id='word_1_607' title='bbox 2560 4176 2856 4232; x_wconf 87' lang='lat' dir='ltr'><strong>domestico</strong></span> <span class='ocrx_word' id='word_1_608' title='bbox 2881 4175 3135 4232; x_wconf 81' lang='lat' dir='ltr'><strong>carnifice</strong></span> <span class='ocrx_word' id='word_1_609' title='bbox 3189 4174 3435 4230; x_wconf 78' lang='lat' dir='ltr'><strong>divexari</strong></span> <span class='ocrx_word' id='word_1_610' title='bbox 3471 4192 3485 4229; x_wconf 89' lang='lat'><strong>:</strong></span> 
     </span>
    </p>
   </div>
   <div class='ocr_carea' id='block_1_88' title="bbox 1881 4266 3485 4343">
    <p class='ocr_par' dir='ltr' id='par_1_88' title="bbox 1881 4266 3485 4343">
     <span class='ocr_line' id='line_1_89' title="bbox 1881 4266 3485 4343; baseline -0.006 -12"><span class='ocrx_word' id='word_1_611' title='bbox 1881 4278 2124 4332; x_wconf 87' lang='lat' dir='ltr'><strong>sinamus</strong></span> <span class='ocrx_word' id='word_1_612' title='bbox 2148 4289 2241 4331; x_wconf 89' lang='lat' dir='ltr'><strong>eos</strong></span> <span class='ocrx_word' id='word_1_613' title='bbox 2271 4274 2456 4343; x_wconf 80' lang='lat' dir='ltr'><strong>iugere</strong></span> <span class='ocrx_word' id='word_1_614' title='bbox 2492 4270 2711 4325; x_wconf 89' lang='lat' dir='ltr'><strong>nemine</strong></span> <span class='ocrx_word' id='word_1_615' title='bbox 2737 4277 3124 4339; x_wconf 86' lang='lat' dir='ltr'><strong>persequente;</strong></span> <span class='ocrx_word' id='word_1_616' title='bbox 3158 4266 3402 4321; x_wconf 85' lang='lat' dir='ltr'><strong>sinamus</strong></span> <span class='ocrx_word' id='word_1_617' title='bbox 3429 4266 3485 4322; x_wconf 91' lang='lat' dir='ltr'><strong>in</strong></span> 
     </span>
    </p>
   </div>
   <div class='ocr_carea' id='block_1_89' title="bbox 1880 4365 3483 4442">
    <p class='ocr_par' dir='ltr' id='par_1_89' title="bbox 1880 4365 3483 4442">
     <span class='ocr_line' id='line_1_90' title="bbox 1880 4365 3483 4442; baseline -0.009 -17"><span class='ocrx_word' id='word_1_618' title='bbox 1880 4370 2207 4442; x_wconf 86' lang='lat' dir='ltr'><strong>ignominia,</strong></span> <span class='ocrx_word' id='word_1_619' title='bbox 2239 4365 2455 4422; x_wconf 89' lang='lat' dir='ltr'><strong>nemine</strong></span> <span class='ocrx_word' id='word_1_620' title='bbox 2490 4370 2833 4435; x_wconf 87' lang='lat' dir='ltr'><strong>oppugnante</strong></span> <span class='ocrx_word' id='word_1_621' title='bbox 2876 4377 2889 4412; x_wconf 89' lang='lat'><strong>:</strong></span> <span class='ocrx_word' id='word_1_622' title='bbox 2917 4372 3125 4429; x_wconf 90' lang='lat' dir='ltr'><strong>nosque</strong></span> <span class='ocrx_word' id='word_1_623' title='bbox 3171 4366 3483 4414; x_wconf 89' lang='lat' dir='ltr'><strong>consuetam</strong></span> 
     </span>
    </p>
   </div>
   <div class='ocr_carea' id='block_1_90' title="bbox 1884 4453 3491 4529">
    <p class='ocr_par' dir='ltr' id='par_1_90' title="bbox 1884 4453 3491 4529">
     <span class='ocr_line' id='line_1_91' title="bbox 1884 4453 3491 4529; baseline -0.004 -13"><span class='ocrx_word' id='word_1_624' title='bbox 1884 4476 2126 4518; x_wconf 87' lang='lat' dir='ltr'><strong>mensam</strong></span> <span class='ocrx_word' id='word_1_625' title='bbox 2156 4460 2310 4515; x_wconf 89' lang='lat' dir='ltr'><strong>vobis</strong></span> <span class='ocrx_word' id='word_1_626' title='bbox 2334 4470 2688 4529; x_wconf 85' lang='lat' dir='ltr'><strong>apponamus.</strong></span> <span class='ocrx_word' id='word_1_627' title='bbox 2717 4454 2834 4510; x_wconf 87' lang='lat' dir='ltr'><strong>Non</strong></span> <span class='ocrx_word' id='word_1_628' title='bbox 2857 4453 3001 4509; x_wconf 88' lang='lat' dir='ltr'><strong>enim</strong></span> <span class='ocrx_word' id='word_1_629' title='bbox 3039 4468 3251 4523; x_wconf 67' lang='lat' dir='ltr'><strong>aequum</strong></span> <span class='ocrx_word' id='word_1_630' title='bbox 3296 4460 3400 4517; x_wconf 87' lang='lat' dir='ltr'><strong>est,</strong></span> <span class='ocrx_word' id='word_1_631' title='bbox 3434 4461 3491 4509; x_wconf 86' lang='lat' dir='ltr'><strong>nt</strong></span> 
     </span>
    </p>
   </div>
   <div class='ocr_carea' id='block_1_91' title="bbox 1884 4542 3493 4623">
    <p class='ocr_par' dir='ltr' id='par_1_91' title="bbox 1884 4542 3493 4623">
     <span class='ocr_line' id='line_1_92' title="bbox 1884 4542 3493 4623; baseline -0.008 -13"><span class='ocrx_word' id='word_1_632' title='bbox 1884 4564 2096 4623; x_wconf 89' lang='lat' dir='ltr'><strong>tempus</strong></span> <span class='ocrx_word' id='word_1_633' title='bbox 2126 4561 2362 4607; x_wconf 87' lang='lat' dir='ltr'><strong>teramus</strong></span> <span class='ocrx_word' id='word_1_634' title='bbox 2385 4546 2908 4604; x_wconf 88' lang='lat' dir='ltr'><strong>referendisillorum</strong></span> <span class='ocrx_word' id='word_1_635' title='bbox 2929 4544 3249 4611; x_wconf 86' lang='lat' dir='ltr'><strong>sceleribus,</strong></span> <span class='ocrx_word' id='word_1_636' title='bbox 3271 4553 3321 4598; x_wconf 90' lang='lat' dir='ltr'><strong>et</strong></span> <span class='ocrx_word' id='word_1_637' title='bbox 3352 4542 3493 4600; x_wconf 84' lang='lat' dir='ltr'><strong>filios</strong></span> 
     </span>
    </p>
   </div>
   <div class='ocr_carea' id='block_1_92' title="bbox 1880 4634 3491 4707">
    <p class='ocr_par' dir='ltr' id='par_1_92' title="bbox 1880 4634 3491 4707">
     <span class='ocr_line' id='line_1_93' title="bbox 1880 4634 3491 4707; baseline -0.006 -5"><span class='ocrx_word' id='word_1_638' title='bbox 1880 4646 2122 4704; x_wconf 87' lang='lat' dir='ltr'><strong>sinamus</strong></span> <span class='ocrx_word' id='word_1_639' title='bbox 2151 4642 2293 4698; x_wconf 82' lang='lat' dir='ltr'><strong>fame</strong></span> <span class='ocrx_word' id='word_1_640' title='bbox 2336 4639 2588 4696; x_wconf 87' lang='lat' dir='ltr'><strong>cruciari.</strong></span> <span class='ocrx_word' id='word_1_641' title='bbox 2640 4638 2909 4694; x_wconf 88' lang='lat' dir='ltr'><strong>llesterno</strong></span> <span class='ocrx_word' id='word_1_642' title='bbox 2958 4636 3119 4707; x_wconf 89' lang='lat' dir='ltr'><strong>igitur</strong></span> <span class='ocrx_word' id='word_1_643' title='bbox 3164 4634 3252 4691; x_wconf 90' lang='lat' dir='ltr'><strong>die</strong></span> <span class='ocrx_word' id='word_1_644' title='bbox 3296 4634 3491 4693; x_wconf 87' lang='lat' dir='ltr'><strong>Paulus</strong></span> 
     </span>
    </p>
   </div>
   <div class='ocr_carea' id='block_1_93' title="bbox 1882 4726 3489 4801">
    <p class='ocr_par' dir='ltr' id='par_1_93' title="bbox 1882 4726 3489 4801">
     <span class='ocr_line' id='line_1_94' title="bbox 1882 4726 3489 4801; baseline -0.008 -8"><span class='ocrx_word' id='word_1_645' title='bbox 1882 4737 2039 4794; x_wconf 89' lang='lat' dir='ltr'><strong>nobis</strong></span> <span class='ocrx_word' id='word_1_646' title='bbox 2066 4749 2307 4791; x_wconf 88' lang='lat' dir='ltr'><strong>mensam</strong></span> <span class='ocrx_word' id='word_1_647' title='bbox 2334 4730 2632 4801; x_wconf 88' lang='lat' dir='ltr'><strong>apparavit,</strong></span> <span class='ocrx_word' id='word_1_648' title='bbox 2674 4729 2835 4784; x_wconf 90' lang='lat' dir='ltr'><strong>hodie</strong></span> <span class='ocrx_word' id='word_1_649' title='bbox 2863 4728 3177 4791; x_wconf 73' lang='lat' dir='ltr'><strong>Matthmus;</strong></span> <span class='ocrx_word' id='word_1_650' title='bbox 3225 4726 3342 4782; x_wconf 87' lang='lat' dir='ltr'><strong>heri</strong></span> <span class='ocrx_word' id='word_1_651' title='bbox 3369 4734 3489 4781; x_wconf 89' lang='lat' dir='ltr'><strong>ten-</strong></span> 
     </span>
    </p>
   </div>
   <div class='ocr_carea' id='block_1_94' title="bbox 1884 4819 3489 4897">
    <p class='ocr_par' dir='ltr' id='par_1_94' title="bbox 1884 4819 3489 4897">
     <span class='ocr_line' id='line_1_95' title="bbox 1884 4819 3489 4897; baseline -0.01 -11"><span class='ocrx_word' id='word_1_652' title='bbox 1884 4830 2077 4886; x_wconf 90' lang='lat' dir='ltr'><strong>torium</strong></span> <span class='ocrx_word' id='word_1_653' title='bbox 2120 4824 2319 4897; x_wconf 77' lang='lat' dir='ltr'><strong>opifex,</strong></span> <span class='ocrx_word' id='word_1_654' title='bbox 2370 4823 2530 4878; x_wconf 89' lang='lat' dir='ltr'><strong>hodie</strong></span> <span class='ocrx_word' id='word_1_655' title='bbox 2579 4822 2927 4892; x_wconf 86' lang='lat' dir='ltr'><strong>publicanus;</strong></span> <span class='ocrx_word' id='word_1_656' title='bbox 2960 4820 3070 4874; x_wconf 71' lang='lat' dir='ltr'><strong>lteri</strong></span> <span class='ocrx_word' id='word_1_657' title='bbox 3120 4819 3489 4888; x_wconf 75' lang='lat' dir='ltr'><strong>blasphemus,</strong></span> 
     </span>
    </p>
   </div>
   <div class='ocr_carea' id='block_1_95' title="bbox 1882 4912 3491 4991">
    <p class='ocr_par' dir='ltr' id='par_1_95' title="bbox 1882 4912 3491 4991">
     <span class='ocr_line' id='line_1_96' title="bbox 1882 4912 3491 4991; baseline -0.007 -13"><span class='ocrx_word' id='word_1_658' title='bbox 1882 4923 2044 4978; x_wconf 88' lang='lat' dir='ltr'><strong>hodie</strong></span> <span class='ocrx_word' id='word_1_659' title='bbox 2087 4929 2303 4991; x_wconf 86' lang='lat' dir='ltr'><strong>raptor;</strong></span> <span class='ocrx_word' id='word_1_660' title='bbox 2352 4916 2467 4972; x_wconf 87' lang='lat' dir='ltr'><strong>heri</strong></span> <span class='ocrx_word' id='word_1_661' title='bbox 2505 4923 2878 4985; x_wconf 85' lang='lat' dir='ltr'><strong>persequutor,</strong></span> <span class='ocrx_word' id='word_1_662' title='bbox 2920 4913 3079 4967; x_wconf 83' lang='lat' dir='ltr'><strong>hodie</strong></span> <span class='ocrx_word' id='word_1_663' title='bbox 3124 4928 3343 4967; x_wconf 87' lang='lat' dir='ltr'><strong>avarus.</strong></span> <span class='ocrx_word' id='word_1_664' title='bbox 3384 4912 3491 4968; x_wconf 88' lang='lat' dir='ltr'><strong>Sed</strong></span> 
     </span>
    </p>
   </div>
   <div class='ocr_carea' id='block_1_96' title="bbox 1883 5005 3491 5086">
    <p class='ocr_par' dir='ltr' id='par_1_96' title="bbox 1883 5005 3491 5086">
     <span class='ocr_line' id='line_1_97' title="bbox 1883 5005 3491 5086; baseline -0.009 -12"><span class='ocrx_word' id='word_1_665' title='bbox 1883 5017 2229 5086; x_wconf 64' lang='lat' dir='ltr'><strong>blasphemus</strong></span> <span class='ocrx_word' id='word_1_666' title='bbox 2255 5013 2364 5079; x_wconf 88' lang='lat' dir='ltr'><strong>ille,</strong></span> <span class='ocrx_word' id='word_1_667' title='bbox 2396 5010 2743 5079; x_wconf 86' lang='lat' dir='ltr'><strong>blasphemus</strong></span> <span class='ocrx_word' id='word_1_668' title='bbox 2769 5024 2874 5061; x_wconf 92' lang='lat' dir='ltr'><strong>non</strong></span> <span class='ocrx_word' id='word_1_669' title='bbox 2908 5008 3126 5069; x_wconf 85' lang='lat' dir='ltr'><strong>mansit,</strong></span> <span class='ocrx_word' id='word_1_670' title='bbox 3150 5005 3245 5061; x_wconf 87' lang='lat' dir='ltr'><strong>sed</strong></span> <span class='ocrx_word' id='word_1_671' title='bbox 3272 5014 3491 5075; x_wconf 91' lang='lat' dir='ltr'><strong>aposto—</strong></span> 
     </span>
    </p>
   </div>
   <div class='ocr_carea' id='block_1_97' title="bbox 1886 5098 3485 5174">
    <p class='ocr_par' dir='ltr' id='par_1_97' title="bbox 1886 5098 3485 5174">
     <span class='ocr_line' id='line_1_98' title="bbox 1886 5098 3485 5174; baseline -0.009 -7"><span class='ocrx_word' id='word_1_672' title='bbox 1886 5111 1970 5167; x_wconf 88' lang='lat' dir='ltr'><strong>lus</strong></span> <span class='ocrx_word' id='word_1_673' title='bbox 2018 5111 2190 5166; x_wconf 86' lang='lat' dir='ltr'><strong>factus</strong></span> <span class='ocrx_word' id='word_1_674' title='bbox 2214 5117 2332 5174; x_wconf 88' lang='lat' dir='ltr'><strong>est;</strong></span> <span class='ocrx_word' id='word_1_675' title='bbox 2363 5120 2462 5161; x_wconf 89' lang='lat' dir='ltr'><strong>nec</strong></span> <span class='ocrx_word' id='word_1_676' title='bbox 2488 5111 2674 5173; x_wconf 83' lang='lat' dir='ltr'><strong>raptor</strong></span> <span class='ocrx_word' id='word_1_677' title='bbox 2702 5102 2754 5156; x_wconf 91' lang='lat' dir='ltr'><strong>in</strong></span> <span class='ocrx_word' id='word_1_678' title='bbox 2790 5100 2991 5170; x_wconf 84' lang='lat' dir='ltr'><strong>rapinis</strong></span> <span class='ocrx_word' id='word_1_679' title='bbox 3022 5100 3339 5169; x_wconf 87' lang='lat' dir='ltr'><strong>permansit,</strong></span> <span class='ocrx_word' id='word_1_680' title='bbox 3389 5098 3485 5154; x_wconf 85' lang='lat' dir='ltr'><strong>sed</strong></span> 
     </span>
    </p>
   </div>
   <div class='ocr_carea' id='block_1_98' title="bbox 1886 5189 3491 5269">
    <p class='ocr_par' dir='ltr' id='par_1_98' title="bbox 1886 5189 3491 5269">
     <span class='ocr_line' id='line_1_99' title="bbox 1886 5189 3491 5269; baseline -0.01 -9"><span class='ocrx_word' id='word_1_681' title='bbox 1886 5206 2057 5260; x_wconf 82' lang='lat' dir='ltr'><strong>factus</strong></span> <span class='ocrx_word' id='word_1_682' title='bbox 2110 5210 2195 5256; x_wconf 88' lang='lat' dir='ltr'><strong>est</strong></span> <span class='ocrx_word' id='word_1_683' title='bbox 2233 5196 2582 5269; x_wconf 79' lang='lat' dir='ltr'><strong>evangelista.</strong></span> <span class='ocrx_word' id='word_1_684' title='bbox 2632 5191 3014 5248; x_wconf 84' lang='lat' dir='ltr'><strong>Commemoro</strong></span> <span class='ocrx_word' id='word_1_685' title='bbox 3052 5189 3335 5260; x_wconf 87' lang='lat' dir='ltr'><strong>pristinam</strong></span> <span class='ocrx_word' id='word_1_686' title='bbox 3391 5206 3491 5245; x_wconf 83' lang='lat' dir='ltr'><strong>ne-</strong></span> 
     </span>
    </p>
   </div>
   <div class='ocr_carea' id='block_1_99' title="bbox 1884 5281 3489 5367">
    <p class='ocr_par' dir='ltr' id='par_1_99' title="bbox 1884 5281 3489 5367">
     <span class='ocr_line' id='line_1_100' title="bbox 1884 5281 3489 5367; baseline -0.011 -15"><span class='ocrx_word' id='word_1_687' title='bbox 1884 5296 2133 5367; x_wconf 88' lang='lat' dir='ltr'><strong>quitiam,</strong></span> <span class='ocrx_word' id='word_1_688' title='bbox 2164 5300 2219 5347; x_wconf 93' lang='lat' dir='ltr'><strong>et</strong></span> <span class='ocrx_word' id='word_1_689' title='bbox 2244 5291 2662 5358; x_wconf 87' lang='lat' dir='ltr'><strong>subsequentem</strong></span> <span class='ocrx_word' id='word_1_690' title='bbox 2689 5285 2965 5348; x_wconf 90' lang='lat' dir='ltr'><strong>virtutem,</strong></span> <span class='ocrx_word' id='word_1_691' title='bbox 2995 5290 3053 5336; x_wconf 89' lang='lat' dir='ltr'><strong>ut</strong></span> <span class='ocrx_word' id='word_1_692' title='bbox 3082 5281 3261 5336; x_wconf 85' lang='lat' dir='ltr'><strong>discas</strong></span> <span class='ocrx_word' id='word_1_693' title='bbox 3288 5291 3489 5351; x_wconf 87' lang='lat' dir='ltr'><strong>quanta</strong></span> 
     </span>
    </p>
   </div>
   <div class='ocr_carea' id='block_1_100' title="bbox 1884 5376 3492 5459">
    <p class='ocr_par' dir='ltr' id='par_1_100' title="bbox 1884 5376 3492 5459">
     <span class='ocr_line' id='line_1_101' title="bbox 1884 5376 3492 5459; baseline -0.009 -16"><span class='ocrx_word' id='word_1_694' title='bbox 1884 5385 2303 5459; x_wconf 68' lang='lat' dir='ltr'><strong>sitpcenitentiae</strong></span> <span class='ocrx_word' id='word_1_695' title='bbox 2350 5382 2570 5446; x_wconf 87' lang='lat' dir='ltr'><strong>utilitas,</strong></span> <span class='ocrx_word' id='word_1_696' title='bbox 2622 5394 2725 5433; x_wconf 89' lang='lat' dir='ltr'><strong>nec</strong></span> <span class='ocrx_word' id='word_1_697' title='bbox 2754 5392 3007 5446; x_wconf 89' lang='lat' dir='ltr'><strong>umquam</strong></span> <span class='ocrx_word' id='word_1_698' title='bbox 3050 5376 3116 5430; x_wconf 90' lang='lat' dir='ltr'><strong>de</strong></span> <span class='ocrx_word' id='word_1_699' title='bbox 3169 5382 3257 5429; x_wconf 88' lang='lat' dir='ltr'><strong>tua</strong></span> <span class='ocrx_word' id='word_1_700' title='bbox 3318 5376 3492 5429; x_wconf 81' lang='lat' dir='ltr'><strong>salute</strong></span> 
     </span>
    </p>
   </div>
   <div class='ocr_carea' id='block_1_101' title="bbox 1883 5466 3492 5550">
    <p class='ocr_par' dir='ltr' id='par_1_101' title="bbox 1883 5466 3492 5550">
     <span class='ocr_line' id='line_1_102' title="bbox 1883 5466 3492 5550; baseline -0.01 -15"><span class='ocrx_word' id='word_1_701' title='bbox 1883 5482 2159 5550; x_wconf 85' lang='lat' dir='ltr'><strong>desperes.</strong></span> <span class='ocrx_word' id='word_1_702' title='bbox 2220 5476 2477 5530; x_wconf 88' lang='lat' dir='ltr'><strong>Doctores</strong></span> <span class='ocrx_word' id='word_1_703' title='bbox 2533 5473 2701 5527; x_wconf 89' lang='lat' dir='ltr'><strong>nostri</strong></span> <span class='ocrx_word' id='word_1_704' title='bbox 2774 5470 2923 5539; x_wconf 88' lang='lat' dir='ltr'><strong>prius</strong></span> <span class='ocrx_word' id='word_1_705' title='bbox 2966 5466 3198 5535; x_wconf 88' lang='lat' dir='ltr'><strong>nequitia</strong></span> <span class='ocrx_word' id='word_1_706' title='bbox 3259 5466 3492 5521; x_wconf 75' lang='lat' dir='ltr'><strong>illustres</strong></span> 
     </span>
    </p>
   </div>
   <div class='ocr_carea' id='block_1_102' title="bbox 1886 5558 3489 5634">
    <p class='ocr_par' dir='ltr' id='par_1_102' title="bbox 1886 5558 3489 5634">
     <span class='ocr_line' id='line_1_103' title="bbox 1886 5558 3489 5634; baseline -0.01 -9"><span class='ocrx_word' id='word_1_707' title='bbox 1886 5571 2071 5634; x_wconf 86' lang='lat' dir='ltr'><strong>fuere,</strong></span> <span class='ocrx_word' id='word_1_708' title='bbox 2125 5567 2219 5622; x_wconf 88' lang='lat' dir='ltr'><strong>sed</strong></span> <span class='ocrx_word' id='word_1_709' title='bbox 2268 5564 2462 5619; x_wconf 82' lang='lat' dir='ltr'><strong>deinde</strong></span> <span class='ocrx_word' id='word_1_710' title='bbox 2515 5579 2545 5617; x_wconf 87' lang='lat' dir='ltr'><strong>a</strong></span> <span class='ocrx_word' id='word_1_711' title='bbox 2588 5561 2793 5631; x_wconf 87' lang='lat' dir='ltr'><strong>justitia</strong></span> <span class='ocrx_word' id='word_1_712' title='bbox 2862 5558 3118 5614; x_wconf 88' lang='lat' dir='ltr'><strong>celebrati</strong></span> <span class='ocrx_word' id='word_1_713' title='bbox 3180 5568 3334 5619; x_wconf 89' lang='lat' dir='ltr'><strong>sunt,</strong></span> <span class='ocrx_word' id='word_1_714' title='bbox 3393 5573 3489 5624; x_wconf 82' lang='lat' dir='ltr'><strong>pn-</strong></span> 
     </span>
    </p>
   </div>
   <div class='ocr_carea' id='block_1_103' title="bbox 1884 5651 3481 5727">
    <p class='ocr_par' dir='ltr' id='par_1_103' title="bbox 1884 5651 3481 5727">
     <span class='ocr_line' id='line_1_104' title="bbox 1884 5651 3481 5727; baseline -0.012 -7"><span class='ocrx_word' id='word_1_715' title='bbox 1884 5666 2128 5720; x_wconf 82' lang='lat' dir='ltr'><strong>blicanus</strong></span> <span class='ocrx_word' id='word_1_716' title='bbox 2172 5671 2225 5715; x_wconf 91' lang='lat' dir='ltr'><strong>et</strong></span> <span class='ocrx_word' id='word_1_717' title='bbox 2273 5657 2637 5727; x_wconf 87' lang='lat' dir='ltr'><strong>blasphemus,</strong></span> <span class='ocrx_word' id='word_1_718' title='bbox 2690 5655 2798 5709; x_wconf 90' lang='lat' dir='ltr'><strong>duo</strong></span> <span class='ocrx_word' id='word_1_719' title='bbox 2828 5653 3056 5707; x_wconf 86' lang='lat' dir='ltr'><strong>vertices</strong></span> <span class='ocrx_word' id='word_1_720' title='bbox 3105 5651 3481 5721; x_wconf 77' lang='lat' dir='ltr'><strong>improbitatis.</strong></span> 
     </span>
    </p>
   </div>
   <div class='ocr_carea' id='block_1_104' title="bbox 1883 5743 3489 5828">
    <p class='ocr_par' dir='ltr' id='par_1_104' title="bbox 1883 5743 3489 5828">
     <span class='ocr_line' id='line_1_105' title="bbox 1883 5743 3489 5828; baseline -0.012 -14"><span class='ocrx_word' id='word_1_721' title='bbox 1883 5757 2019 5828; x_wconf 87' lang='lat' dir='ltr'><strong>Quid</strong></span> <span class='ocrx_word' id='word_1_722' title='bbox 2049 5757 2191 5811; x_wconf 85' lang='lat' dir='ltr'><strong>enim</strong></span> <span class='ocrx_word' id='word_1_723' title='bbox 2219 5764 2302 5810; x_wconf 87' lang='lat' dir='ltr'><strong>est</strong></span> <span class='ocrx_word' id='word_1_724' title='bbox 2346 5751 2641 5807; x_wconf 76' lang='lat' dir='ltr'><strong>telonium?</strong></span> <span class='ocrx_word' id='word_1_725' title='bbox 2666 5747 2870 5818; x_wconf 76' lang='lat' dir='ltr'><strong>Rapina</strong></span> <span class='ocrx_word' id='word_1_726' title='bbox 2928 5746 3185 5815; x_wconf 80' lang='lat' dir='ltr'><strong>legitima,</strong></span> <span class='ocrx_word' id='word_1_727' title='bbox 3236 5743 3489 5799; x_wconf 76' lang='lat' dir='ltr'><strong>violentia</strong></span> 
     </span>
    </p>
   </div>
   <div class='ocr_carea' id='block_1_105' title="bbox 1885 5834 3493 5917">
    <p class='ocr_par' dir='ltr' id='par_1_105' title="bbox 1885 5834 3493 5917">
     <span class='ocr_line' id='line_1_106' title="bbox 1885 5834 3493 5917; baseline -0.012 -11"><span class='ocrx_word' id='word_1_728' title='bbox 1885 5850 2094 5906; x_wconf 75' lang='lat' dir='ltr'><strong>tiducim</strong></span> <span class='ocrx_word' id='word_1_729' title='bbox 2127 5847 2307 5917; x_wconf 85' lang='lat' dir='ltr'><strong>plena,</strong></span> <span class='ocrx_word' id='word_1_730' title='bbox 2334 5844 2583 5914; x_wconf 78' lang='lat' dir='ltr'><strong>iniquitas</strong></span> <span class='ocrx_word' id='word_1_731' title='bbox 2612 5840 2743 5910; x_wconf 80' lang='lat' dir='ltr'><strong>legis</strong></span> <span class='ocrx_word' id='word_1_732' title='bbox 2770 5838 3069 5909; x_wconf 74' lang='lat' dir='ltr'><strong>patrocinio</strong></span> <span class='ocrx_word' id='word_1_733' title='bbox 3092 5837 3220 5890; x_wconf 80' lang='lat' dir='ltr'><strong>fulta</strong></span> <span class='ocrx_word' id='word_1_734' title='bbox 3250 5854 3262 5890; x_wconf 90' lang='lat'>:</span> <span class='ocrx_word' id='word_1_735' title='bbox 3287 5834 3493 5887; x_wconf 77' lang='lat' dir='ltr'><strong>Inril-us</strong></span> 
     </span>
    </p>
   </div>
   <div class='ocr_carea' id='block_1_106' title="bbox 1885 5926 3491 6017">
    <p class='ocr_par' dir='ltr' id='par_1_106' title="bbox 1885 5926 3491 6017">
     <span class='ocr_line' id='line_1_107' title="bbox 1885 5926 3491 6017; baseline -0.014 -18"><span class='ocrx_word' id='word_1_736' title='bbox 1885 5944 2014 6017; x_wconf 72' lang='lat' dir='ltr'><strong>ipsis</strong></span> <span class='ocrx_word' id='word_1_737' title='bbox 2042 5940 2227 5997; x_wconf 81' lang='lat' dir='ltr'><strong>durior</strong></span> <span class='ocrx_word' id='word_1_738' title='bbox 2257 5945 2338 5995; x_wconf 71' lang='lat' dir='ltr'><strong>est</strong></span> <span class='ocrx_word' id='word_1_739' title='bbox 2370 5934 2707 6007; x_wconf 81' lang='lat' dir='ltr'><strong>publicanus.</strong></span> <span class='ocrx_word' id='word_1_740' title='bbox 2740 5930 2877 6000; x_wconf 80' lang='lat' dir='ltr'><strong>Quid</strong></span> <span class='ocrx_word' id='word_1_741' title='bbox 2906 5938 2989 5984; x_wconf 88' lang='lat' dir='ltr'><strong>est</strong></span> <span class='ocrx_word' id='word_1_742' title='bbox 3040 5928 3340 5983; x_wconf 83' lang='lat' dir='ltr'><strong>tclonium&#39;!</strong></span> <span class='ocrx_word' id='word_1_743' title='bbox 3374 5926 3491 5979; x_wconf 72' lang='lat' dir='ltr'><strong>Vio-</strong></span> 
     </span>
    </p>
   </div>
  </div>
