4104 6480
642 412 735 468 451
1343 408 1399 464 S.
1440 404 1719 463 JOANNIS
1754 398 2235 461 CIIRYSOSTOMI
2275 394 2594 455 ARClllEP.
2637 394 3176 452 CONSTANTINOP.

638 526 797 581 lentia
828 540 947 597 qua:
992 524 1342 595 patrocinium
1390 523 1521 593 legis
1549 520 1810 586 obtendit,
1847 536 1967 588 qua:
2000 515 2212 573 carniﬁ—

638 635 755 673 cem
798 634 898 689 pro
948 618 1155 673 medico
1201 616 1377 670 habet.
1432 614 1757 684 lntelligisue
1799 612 1923 682 quid
1961 607 2221 665 dixerim?

638 710 808 779 Leges
830 718 952 765 sunt
980 708 1193 772 medici,
1224 706 1415 763 deinde
1445 707 1578 760 liunt
1604 704 1882 760 carnifices
1906 720 1920 756 :
1956 718 2059 757 non
2079 700 2218 754 enim

638 802 788 855 ulcus
817 809 1026 867 sanant,
1056 801 1150 857 sed
1177 810 1392 871 augent.
1422 799 1560 867 Quid
1591 808 1673 853 est
1694 795 1948 852 telonium
1969 796 1993 847 ?
2018 792 2216 847 Pecca-

641 906 750 949 tum
780 893 1076 965 impudens,
1098 893 1280 963 rapina
1312 892 1592 947 occasione
1627 889 1897 953 destituta,
1928 884 2206 940 latrocinio

638 988 889 1043 deterior.
917 986 1075 1041 Latro
1102 986 1229 1041 dum
1278 984 1501 1047 furatur,
1550 982 1737 1036 saltem
1786 980 2098 1042 erubescit;
2136 976 2221 1030 hic

640 1092 769 1132 vero
807 1092 931 1133 cum
986 1076 1173 1131 ﬁducia
1224 1075 1513 1146 pra'datur.
1543 1073 1737 1127 Verum
1769 1071 1854 1125 hic
1909 1070 2223 1138 publicanus

642 1177 861 1238 repente
905 1166 1226 1236 evangelista
1274 1166 1444 1220 lactus
1479 1171 1584 1217 est.
1615 1159 1895 1228 Quomodo
1923 1167 1979 1215 et
2007 1173 2108 1228 qua
2134 1172 2221 1211 ra-

642 1261 823 1315 tione?
844 1258 1136 1325 Transiens,
1169 1258 1358 1327 inquit,
1386 1254 1538 1310 Iesus
1563 1254 1685 1309 vidit
1714 1253 2012 1307 Matthwum
2045 1250 2223 1305 seden-

640 1360 738 1403 tem
763 1350 816 1403 in
844 1349 1028 1403 telonio
1053 1390 1067 1413 ,
1106 1356 1153 1402 et
1177 1346 1304 1402 dixit
1335 1348 1410 1410 ei,
1438 1346 1661 1417 Sequere
1708 1361 1785 1398 me
1811 1343 2019 1416 (Matth.
2050 1343 2100 1398 9.
2130 1338 2225 1411 9).

638 1440 685 1495 υ
721 1439 892 1495 virtus
922 1440 1222 1495 sermonis!
1254 1438 1468 1494 intravit
1495 1437 1706 1502 hamus,
1734 1445 1787 1491 et
1823 1436 2087 1504 captivum
2120 1433 2223 1487 mi-

638 1533 784 1587 litem
805 1528 995 1598 eflicit,
1033 1532 1201 1586 lutum
1228 1530 1281 1586 in
1309 1534 1499 1586 aurum
1541 1528 1839 1591 convertit;
1870 1527 2085 1581 intravit
2132 1524 2225 1579 ha-

640 1640 780 1691 mus,
816 1623 884 1679 Et
914 1626 1093 1679 statim
1141 1641 1352 1696 surgens
1405 1632 1641 1693 sequutus
1670 1632 1741 1676 est
1795 1638 1928 1675 cum.
1963 1619 2017 1674 In
2061 1618 2223 1673 fundo

638 1728 756 1773 erat
783 1719 1095 1789 iniquitatis,
1124 1728 1178 1773 et
1198 1717 1265 1773 ad
1294 1716 1511 1773 culmen
1534 1714 1746 1770 virtutis
1779 1712 2036 1768 ascendit.
2060 1712 2223 1766 Nemo

641 1808 839 1878 itaque,
861 1808 1067 1875 dilecti,
1094 1807 1162 1863 de
1184 1823 1279 1863 sua
1324 1807 1500 1862 salute
1523 1806 1791 1875 desperet.
1814 1804 1928 1860 Non
1957 1804 2098 1859 enim
2121 1803 2224 1856 im-

642 1899 875 1968 probitas
895 1899 1093 1954 malutn
1123 1909 1204 1953 est
1230 1913 1259 1952 a
1289 1906 1477 1953 natura
1518 1898 1737 1953 insitum
1764 1913 1777 1949 :
1807 1895 1978 1951 libero
2004 1894 2225 1949 arbitrio

638 2001 695 2045 et
718 1990 960 2045 libertate
976 1990 1212 2044 decorati
1237 2003 1442 2045 sumus.
1464 1988 1785 2045 Publicanus
1812 1986 1903 2041 es?
1923 1986 2079 2041 Potes
2109 1984 2221 2040 ﬁeri

640 2082 989 2152 evangelista.
1037 2081 1391 2153 Blaspbemus
1430 2080 1534 2137 es?
1571 2080 1730 2136 Potes
1759 2077 2031 2147 apostolus
2082 2089 2219 2131 esse.

638 2172 798 2229 Latro
847 2172 945 2229 es?
994 2173 1151 2229 Potes
1186 2172 1485 2243 deprzedari
1536 2171 1860 2241 paradisum.
1905 2168 2086 2239 Magos
2130 2167 2224 2221 es?

639 2264 798 2320 Potes
825 2264 1050 2320 adorare
1079 2264 1381 2321 Dominum.
1408 2263 1525 2319 Non
1548 2272 1629 2318 est
1654 2262 1841 2317 vitium
1863 2260 2047 2327 ullum,
2081 2260 2221 2329 quod

641 2373 746 2411 non
790 2356 1097 2426 pomitcutia
1146 2356 1402 2411 solvatur.
1455 2354 1659 2411 Idcirco
1681 2352 1925 2409 Christus
1974 2352 2224 2424 nequitia:

638 2450 870 2512 culmina
906 2448 1122 2521 delegit,
1159 2458 1216 2505 ut
1239 2450 1292 2503 in
1310 2448 1411 2504 line
1432 2446 1635 2503 nullum
1648 2446 2038 2517 subterfugium
2059 2445 2222 2500 relin-

639 2549 785 2610 quat.

710 2638 763 2691 3.
791 2636 866 2691 Ne
892 2636 1018 2690 mihi
1049 2635 1215 2698 dicas,
1250 2634 1408 2696 Perii.
1452 2632 1582 2705 quid
1608 2632 1737 2689 mihi
1791 2632 2094 2688 faciendum
2136 2647 2223 2687 re-

638 2730 779 2783 Stat?
805 2744 870 2782 ne
898 2726 1023 2781 mibi
1051 2726 1231 2792 dicas,
1265 2726 1509 2791 Peccavi,
1542 2734 1596 2780 et
1640 2724 1770 2795 quid
1794 2725 2022 2779 iaciant?
2052 2724 2226 2779 llabes

638 2821 900 2876 medicum
945 2820 1133 2875 morbo
1181 2818 1574 2888 potentiorem,
1628 2817 1893 2873 medicum
1946 2816 2109 2872 habes
2135 2816 2223 2886 qui

639 2912 808 2966 morbi
857 2921 1097 2965 naturam
1145 2918 1383 2978 superat,
1438 2907 1705 2963 medicum
1747 2907 1913 2964 habes
1949 2907 2039 2978 qui
2095 2915 2224 2962 nutu

638 3005 753 3061 solo
782 3014 933 3060 curat
968 3044 982 3069 ,
1011 3001 1276 3058 medicum
1321 3000 1486 3056 babes
1510 3000 1600 3070 qui
1650 2999 1923 3054 voluntate
1966 2998 2221 3070 corrigit,

638 3098 729 3166 qui
753 3103 927 3167 potest
949 3101 1003 3149 et
1021 3093 1129 3148 vult
1155 3106 1365 3148 sanare.
1389 3090 1525 3147 Cum
1548 3103 1653 3145 non
1674 3103 1845 3153 esses,
1864 3098 1917 3144 te
1934 3087 2185 3158 produxit
2208 3105 2223 3155 ;

640 3203 760 3243 cum
786 3187 894 3256 jam
922 3188 996 3241 sis
1021 3193 1076 3240 et
1115 3197 1398 3254 perversos
1423 3180 1499 3237 sis
1518 3222 1533 3247 ,
1564 3180 1731 3235 multo
1759 3181 1925 3251 magis
1952 3179 2145 3250 poterit
2176 3191 2228 3234 te

640 3278 928 3348 corrigere.
981 3275 1098 3331 Non
1148 3274 1341 3331 audiSti
1368 3271 1642 3345 quomodo
1684 3271 1811 3328 olim
1844 3272 2117 3342 pulverem
2159 3270 2227 3327 de

642 3382 781 3427 terra
808 3370 1116 3441 sumpserit,
1138 3378 1195 3424 et
1214 3367 1489 3424 hominem
1533 3365 1784 3421 tinxerit?
1806 3365 2085 3435 Quomodo
2116 3375 2224 3420 ter-

644 3478 756 3517 ram
784 3460 1109 3517 converterit
1138 3460 1189 3515 in
1239 3474 1456 3515 carnem
1477 3458 1502 3512 τ
1526 3457 1795 3529 quomodo
1818 3472 2013 3513 nervos
2038 3457 2227 3512 condi-

642 3556 801 3619 derit,
833 3553 1100 3624 quomodo
1123 3567 1264 3619 ossa,
1294 3551 1564 3623 quomodo
1598 3550 1812 3621 pellem,
1841 3548 2110 3621 quomodo
2134 3564 2226 3604 vc-

644 3662 759 3710 uas,
781 3646 1049 3718 quomodo
1071 3660 1280 3710 nasum,
1303 3645 1573 3716 quomodo
1597 3644 1802 3712 oculos,
1819 3644 2087 3715 quomodo
2109 3644 2226 3713 pal-

646 3740 856 3809 pebras,
906 3738 1175 3808 quomodo
1216 3736 1581 3807 supercilium,
1626 3734 1895 3807 quomodo
1949 3735 2183 3805 linguam
2208 3777 2223 3801 ,

643 3830 911 3903 quomodo
938 3839 1141 3901 pectus,
1183 3828 1452 3899 quomodo
1490 3841 1698 3894 manus,
1744 3826 2013 3899 quomodo
2042 3826 2226 3897 pedes,

642 3922 911 3993 quomodo
953 3920 1153 3991 reliqua
1196 3917 1607 3974 omnia‘l'l‘erra
1651 3928 1769 3973 erat
1812 3916 2073 3987 subjecta,
2126 3933 2228 3972 una

644 4014 983 4071 substantia:
1027 4021 1083 4069 et
1119 4012 1329 4066 intravit
1376 4026 1485 4079 ars,
1516 4022 1677 4082 atque
1710 4011 1916 4065 varium
1958 4010 2229 4081 opiﬁcium

647 4104 913 4174 produxit.
939 4103 1201 4174 Numquid
1222 4102 1438 4157 modqu
1466 4109 1619 4172 potes
1633 4115 1925 4172 exponere,
1947 4115 2054 4171 quo
2076 4116 2231 4156 erea-

648 4208 730 4251 tus
755 4200 856 4251 es?
898 4196 987 4250 Sic
1015 4210 1185 4265 neque
1212 4194 1429 4249 modum
1479 4203 1631 4263 potes
1680 4192 1852 4261 eﬂ'ari,
1882 4208 1989 4263 quo
2015 4203 2230 4263 peccata

647 4290 923 4345 tolluntur.
936 4289 991 4343 Si
1003 4289 1145 4343 enim
1160 4287 1294 4358 ignis
1306 4285 1544 4341 incidens
1560 4285 1611 4339 in
1628 4285 1830 4355 spinas,
1850 4284 2227 4351 illasabsumit,

647 4383 815 4437 multo
845 4381 1010 4451 magis
1030 4380 1275 4435 voluntas
1306 4378 1485 4433 divina
1511 4378 1705 4434 delicta
1730 4387 1911 4433 nostra
1941 4379 2228 4445 consumit,

647 4474 900 4530 radicitus
924 4472 1129 4538 evellit,
1176 4479 1230 4527 et
1259 4481 1594 4543 peccatorem
1644 4470 1693 4527 ei
1719 4470 1811 4541 qui
1837 4487 1943 4527 non
1991 4473 2231 4542 peccavit

648 4567 874 4621 similem
897 4564 1089 4621 reddit.
1112 4563 1189 4619 Ne
1211 4579 1420 4635 qua:ras
1446 4563 1683 4632 modum,
1711 4579 1780 4620 ne
1796 4564 2083 4635 investiges
2102 4564 2229 4635 quid

651 4657 847 4712 laetum
876 4656 979 4719 sit;
1012 4653 1105 4709 sed
1124 4654 1380 4708 miraculo
1401 4653 1581 4709 crede.
1604 4653 1765 4709 Multa
1789 4670 2085 4725 magnaque
2113 4672 2235 4725 pee-

650 4747 788 4811 cavi,
814 4745 967 4800 dicis.
1003 4744 1200 4815 Ecquis
1222 4759 1252 4797 a
1282 4755 1503 4814 peccato
1540 4744 1825 4800 immunis?
1859 4747 1930 4799 At
1961 4760 2079 4801 mea
2108 4761 2233 4815 gra-

651 4840 733 4895 via
764 4844 909 4904 sunt,
963 4843 1017 4890 et
1044 4834 1355 4905 quorumvis
1399 4832 1674 4888 hominum
1706 4843 1921 4905 peccata
1960 4845 2233 4905 superant.

650 4932 763 4987 lloc
789 4930 881 4985 tibi
905 4927 1102 4983 sufﬁcit
1128 4926 1195 4981 ad
1226 4926 1545 4982 sacriﬁcium
1575 4945 1588 4981 :
1622 4927 1714 4981 Dic
1737 4936 1791 4981 tu
1813 4928 2100 4998 iniquitates
2122 4940 2233 4983 tuas

653 5023 865 5093 primus,
890 5029 945 5074 ut
952 5019 1250 5093 justi/iuris
1276 5019 1295 5087 (
1317 5016 1445 5073 Isai.
1474 5019 1567 5074 45.
1596 5018 1725 5090 26).
1758 5020 2003 5090 Agnosce
2032 5032 2083 5075 te
2114 5037 2235 5089 [ιι-ο-

649 5129 822 5178 casse,
851 5121 907 5167 et
934 5111 1140 5166 initium
1182 5110 1275 5164 tibi
1314 5110 1666 5166 correctionis
1722 5112 1823 5166 hoc
1866 5112 1975 5168 lict.
2017 5114 2233 5169 Moestus

648 5218 788 5273 esto,
814 5204 1077 5273 laerymas
1112 5201 1293 5257 funde.
1337 5200 1603 5272 Numquid
1645 5202 1787 5257 aliud
1814 5202 2081 5275 quidpiam
2117 5222 2231 5260 mc-

652 5297 812 5353 rctrix
853 5293 1040 5350 ell'udit
1076 5294 1101 5345 ‘l
1127 5291 1266 5347 Nihil
1292 5291 1455 5360 aliud,
1485 5308 1642 5363 quam
1688 5293 1954 5365 lacrymas
1978 5306 2035 5352 ct
2062 5301 2232 5367 ptem-

651 5388 869 5444 tentiam
896 5402 912 5453 ;
938 5385 1127 5441 ducem
1144 5383 1433 5455 assumpsit
1457 5385 1841 5455 ptenitentiam,
1859 5395 1911 5442 et
1936 5387 2003 5443 ad
2032 5387 2231 5445 fontem

648 5482 896 5539 accessit.
910 5485 927 5501 ⁸

722 5580 775 5633 4.
803 5575 938 5643 Quid
966 5590 1095 5629 vero
1111 5573 1421 5645 publicanus
1440 5582 1495 5628 et
1509 5572 1832 5644 evangelista
1854 5573 2009 5636 dicat.
2050 5575 2233 5631 audia-

652 5684 789 5723 mus.
822 5668 887 5722 Et
911 5683 1137 5739 egressus
1156 5667 1272 5721 inde
1294 5666 1446 5721 Iesus
1466 5665 1597 5720 venit
1622 5665 1676 5719 in
1708 5674 1876 5735 partes
1903 5664 2026 5736 Tyri
2053 5676 2097 5721 et
2146 5667 2231 5721 Si-

650 5760 860 5815 donis:
898 5770 944 5815 et
990 5775 1101 5813 ecce
1145 5757 1342 5813 mulier.
1392 5757 1610 5812 Miratur
1658 5758 1981 5828 evangelista
2039 5778 2051 5813 :
2104 5759 2233 5815 Ecce

652 5853 849 5923 mulier,
883 5860 1085 5909 vetusta
1106 5857 1371 5908 armatura
1395 5848 1611 5918 diaboli,
1637 5864 1753 5919 qua:
1780 5865 1866 5907 me
1889 5849 1957 5906 de
1988 5853 2233 5920 paradiso

3805 401 3919 459 ωε

2326 510 2567 583 expulit,
2591 520 2763 568 mater
2786 512 3009 581 peccati,
3039 510 3284 580 princeps
3309 510 3792 580 praevaricationis;
3820 511 3916 567 illa

2323 606 2437 675 ipsa
2467 605 2659 659 mulier
2685 604 2830 659 venit
2858 644 2874 671 ,
2923 604 3035 673 ipsa
3087 613 3314 657 natura:
3346 618 3538 657 novum
3581 616 3645 656 ac
3686 611 3921 670 stupen-

2324 698 2450 754 dum
2472 697 2831 767 spectaculum
2866 695 3069 752 :Jud;ei
3116 696 3338 765 lugiunt,
3368 705 3424 752 et
3448 694 3637 750 mulier
3652 694 3924 763 sequitur.

2327 790 2391 845 Et
2411 806 2523 845 ecce
2538 790 2717 843 mulier
2729 789 2791 841 de
2807 788 2988 855 finibus
3007 787 3108 841 illis
3128 803 3325 856 egressa
3345 786 3553 855 roqabat
3580 800 3694 838 cum
3718 785 3867 836 dicen
3876 799 3917 835 δ.

2328 880 2561 942 Domine,
2598 880 2676 949 ﬁli
2704 879 2888 941 David,
2928 880 3161 932 miserere
3184 878 3280 932 mei
3298 877 3513 947 (Matth.
3547 877 3635 932 15.
3666 876 3756 930 2|.
3781 869 3919 937 ‘22)-

2328 974 2661 1045 Evangelista
2689 972 2747 1027 lit
2778 971 2992 1035 mulier,
3020 986 3083 1026 ac
3108 972 3440 1026 divinitatem
3468 970 3928 1026 incarnatiOuem-

2324 1081 2430 1136 que
2466 1064 2790 1130 conﬁtetur;
2846 1062 3080 1128 Domine,
3128 1060 3577 1125 dominationem;
3610 1061 3685 1129 [ili
3723 1058 3929 1123 David,

2326 1156 2747 1213 incarnationem
2796 1155 3035 1211 denotat.
3080 1153 3322 1210 Miserere
3348 1154 3466 1209 mei.
3518 1154 3648 1210 Vide
3674 1153 3925 1223 philoso-

2327 1249 2536 1320 phicam
2568 1249 2814 1304 animam.
2858 1247 3101 1303 Miserere
3132 1248 3228 1302 mei
3255 1264 3273 1301 :
3303 1262 3409 1302 non
3439 1246 3610 1303 habeo
3634 1245 3921 1302 eonscicr-

2327 1342 2452 1396 tiam
2482 1340 2741 1397 bonorum
2768 1355 3011 1409 operum,
3040 1353 3146 1395 non
3191 1347 3351 1395 recta:
3377 1338 3502 1393 vitae
3532 1336 3777 1392 liduciam
3804 1353 3819 1401 ;
3851 1339 3922 1389 ad

2326 1431 2746 1488 misericordiam
2783 1430 3052 1501 confugio,
3084 1429 3152 1485 ad
3189 1443 3528 1485 communem
3578 1437 3923 1500 peccaturum

2329 1533 2537 1593 portum
2573 1522 2682 1579 :ad
2703 1522 3121 1577 misericordiam
3149 1520 3419 1593 confugio,
3447 1520 3537 1577 ubi
3572 1522 3776 1577 nullum
3821 1521 3925 1576 tri-

2328 1614 2510 1682 bunal,
2540 1614 2627 1669 ubi
2688 1614 2804 1669 sine
2830 1614 3076 1669 examine
3104 1612 3250 1669 salus
3280 1631 3292 1667 :
3326 1614 3404 1668 sic
3432 1614 3700 1684 peccatrix
3738 1623 3793 1670 et
3831 1614 3926 1667 iui-

2325 1722 2429 1778 qua
2459 1708 2715 1764 accedere
2740 1722 2867 1762 ausa
2889 1718 2994 1763 est.
3025 1706 3156 1763 Vide
3186 1706 3314 1762 mihi
3362 1706 3752 1778 philosophiam
3803 1722 3924 1761 mn~

2330 1800 2514 1864 lieris;
2547 1814 2655 1855 non
2701 1808 2854 1871 rogat
2891 1798 3172 1866 Jacobum,
3226 1814 3334 1854 non
3391 1797 3652 1866 supplicat
3702 1796 3924 1861 Joani,

2328 1906 2433 1945 non
2462 1889 2671 1946 accedit
2699 1889 2765 1945 ad
2796 1889 3032 1957 Petrum,
3062 1905 3163 1947 nec
3190 1889 3369 1945 divisit
3392 1889 3753 1959 apostolorum
3785 1890 3921 1945 cbo-

2327 1999 2465 2040 rum.
2490 1982 2606 2039 Non
2623 1998 2758 2055 egeo
2778 1983 3093 2050 mediatore,
3115 1982 3210 2040 sed
3238 1981 3612 2053 pteuiteutiam
3637 1996 3930 2039 assumens

2326 2077 2664 2144 advocatum,
2695 2077 2763 2132 ad
2794 2077 2967 2148 ipsum
3017 2077 3220 2134 fontem
3252 2092 3434 2149 pergo.
3469 2076 3594 2133 ldeo
3621 2075 3928 2145 descendit,

2329 2170 2450 2226 ideo
2476 2186 2695 2226 carnem
2726 2170 3017 2243 assumpsit
3041 2212 3057 2237 ,
3087 2179 3145 2224 ut
3173 2184 3274 2241 ego
3300 2170 3475 2240 ipsum
3505 2170 3770 2241 alloquar.
3794 2169 3929 2227 Sur-

2326 2276 2444 2315 sum
2472 2261 2763 2317 Cherubim
2795 2262 2965 2331 ipsum
3005 2270 3261 2326 tretnunt,
3291 2270 3343 2318 et
3377 2262 3626 2317 deorsum
3668 2266 3931 2319 meretrix

2326 2354 2476 2410 illum
2504 2353 2807 2425 alloquitur.
2840 2351 3083 2408 Miserere
3111 2354 3227 2409 mei.
3251 2353 3435 2409 Nudus
3462 2369 3640 2409 sermo
3669 2396 3685 2419 ,
3716 2356 3815 2410 sed
3844 2370 3933 2410 sa-

2329 2446 2455 2501 lutis
2491 2446 2811 2501 immensum
2851 2446 3073 2518 pelagus
3098 2446 3318 2517 reperit.
3349 2447 3590 2502 Miserere
3640 2448 3780 2513 mei;
3808 2448 3934 2501 ideo

2328 2537 2545 2604 venisti,
2567 2536 2689 2593 ideo
2710 2552 2930 2593 carnem
2963 2537 3325 2610 assumpsisli,
3351 2536 3471 2592 ideo
3499 2539 3667 2593 lactus
3696 2554 3757 2594 cs
3786 2541 3932 2608 quod

2328 2645 2428 2701 ego
2452 2645 2590 2686 sum.
2621 2629 2865 2700 Superue
2895 2638 3114 2695 tremor,
3144 2638 3199 2686 et
3218 2629 3469 2686 deorsum
3521 2629 3735 2684 ﬁducia.
3766 2629 3934 2685 uise-

2330 2741 2439 2779 rere
2461 2726 2560 2779 mei
2584 2740 2603 2789 ;
2630 2739 2734 2779 non
2752 2738 2885 2795 egeo
2905 2722 3222 2789 mcdiatore,
3258 2721 3503 2778 Miserere
3521 2724 3636 2777 mei.
3658 2723 3778 2792 Quo
3796 2740 3935 2795 opus

2328 2818 2533 2874 habes?
2577 2816 2998 2873 Miscrieordiam
3052 2830 3257 2886 quzero.
3300 2816 3439 2884 Quid
3504 2816 3745 2886 pateris?
3793 2816 3934 2873 Filia

2329 2925 2440 2964 mea
2490 2908 2673 2962 malea
2698 2906 2949 2961 dwmonio
2970 2904 3387 2978 vexaturUbid.)
3422 2924 3434 2959 :
3468 2914 3657 2961 natura
3706 2917 3933 2978 torque-

2332 3009 2438 3065 tur,
2478 2998 2878 3055 commiseratio
2911 3008 3212 3055 exercetur.
3260 2997 3491 3069 Egressa
3535 3006 3621 3054 est
3670 3000 3933 3056 advocata

2332 3090 2454 3145 lilia:
2484 3108 2499 3145 :
2528 3104 2635 3145 non
2664 3088 2815 3145 affert
2848 3104 3069 3160 mgram,
3098 3089 3191 3147 sed
3224 3088 3384 3146 ﬁdem
3422 3088 3577 3145 all‘ert
3604 3110 3616 3143 :
3652 3090 3795 3146 Deus
3823 3102 3932 3158 est,

2331 3191 2386 3237 et
2408 3183 2587 3238 omnia
2628 3180 2795 3238 videt.
2852 3180 2992 3237 Filia
3029 3199 3141 3237 mea
3167 3184 3299 3237 male
3327 3200 3360 3236 ιι
3398 3183 3651 3238 άωηιοηίο
3694 3194 3930 3240 uexatur.

2330 3273 2519 3331 Gravis
2545 3274 2767 3330 luctus:
2812 3282 3017 3329 natura:
3065 3274 3310 3329 stimulus
3341 3284 3555 3330 uterum
3605 3276 3841 3341 discidit,
3881 3279 3934 3333 in

2332 3365 2625 3423 visceribus
2656 3375 2962 3437 tempestas.
3018 3365 3155 3433 Quid
3204 3366 3440 3421 faciam?
3469 3367 3623 3437 perii.
3665 3367 3775 3423 Cur
3820 3383 3933 3423 non

2330 3457 2486 3523 dicis,
2520 3456 2774 3513 Miserere
2828 3455 2951 3511 lilia:
2996 3471 3150 3524 metr,
3207 3456 3325 3522 sed,
3369 3456 3611 3512 Miserere
3655 3459 3796 3513 mei?
3839 3459 3936 3513 Illa

2332 3548 2505 3604 morbi
2533 3563 2751 3605 sensum
2782 3564 2888 3605 non
2918 3548 3096 3617 habet,
3121 3548 3293 3603 nescit
3320 3548 3447 3620 quid
3492 3551 3740 3619 patiatur,
3778 3550 3935 3606 dolo-

2332 3658 2442 3698 rem
2473 3657 2579 3698 non
2606 3643 2806 3698 sentit:
2838 3641 3060 3709 doloris,
3106 3642 3215 3696 imo
3244 3651 3299 3698 et
3343 3657 3537 3698 sensus
3565 3644 3808 3699 vacuitas
3850 3654 3938 3700 est

2334 3734 2432 3803 ipsi
2464 3733 2640 3789 velum
2667 3732 3009 3788 calamitatis.
3061 3731 3302 3789 Miserere
3338 3735 3435 3788 mei
3463 3733 3781 3790 diurnorqu
3811 3752 3933 3792 ma-

2334 3827 2508 3881 lorum
2537 3825 2907 3897 spcctatricis;
2935 3824 3078 3880 domi
3105 3825 3424 3881 calamitatis
3450 3828 3719 3882 theatrum
3748 3828 3929 3883 adest.

2332 3918 2449 3987 Quo
2476 3918 2731 3989 pergam?
2759 3918 2812 3971 Ιιι
2833 3916 3149 3975 desertum?
3176 3921 3241 3972 At
3270 3935 3375 3973 non
3396 3919 3568 3974 audeo
3592 3921 3734 3976 illam
3754 3922 3933 3978 solam

2333 4010 2649 4079 relinquere.
2674 4007 2897 4064 Domine
2920 4006 3173 4064 sedeam?
3191 4008 3295 4065 Sed
3318 4009 3635 4067 intrinsecus
3658 4022 3742 4068 est
3764 4013 3940 4069 inimi-

2332 4117 2450 4169 cus,
2496 4111 2784 4172 tempestas
2819 4102 2871 4156 in
2927 4110 3105 4171 portu,
3163 4102 3526 4171 spectaculum
3576 4102 3930 4159 calamitatis.

2333 4196 2451 4263 Quo
2508 4194 2726 4249 nomine
2755 4192 2961 4248 vocabo
2991 4192 3176 4246 illaut?
3212 4192 3574 4248 Mortuamue?
3602 4194 3708 4251 Sed
3749 4211 3935 4252 move-

2335 4294 2440 4341 tur.
2478 4285 2791 4340 Viveutem?
2811 4286 2882 4339 At
2910 4284 3079 4339 nescit
3099 4282 3224 4354 quid
3256 4283 3431 4339 faciat.
3464 4284 3704 4341 Invenire
3730 4302 3936 4345 nuuien

2336 4392 2543 4448 nequeo
2594 4391 2701 4446 quo
2749 4376 2994 4431 morbum
3046 4374 3334 4445 appellem.
3408 4375 3653 4431 Miserere
3696 4380 3816 4433 mei.
3876 4380 3935 4436 Si

2337 4478 2548 4522 mortua
2571 4476 2717 4522 esset
2747 4467 2855 4521 lilia
2895 4467 3035 4531 mea,
3066 4482 3173 4523 non
3201 4467 3323 4522 talia
3381 4480 3623 4538 paterer;
3652 4486 3852 4541 corpus
3879 4473 3934 4527 in

2338 4558 2635 4613 visceribus
2681 4567 2839 4613 terra:
2876 4558 3279 4629 deposuissem,
3337 4571 3391 4615 et
3434 4561 3618 4632 elapso
3687 4572 3938 4633 tempore

2338 4648 2391 4703 in
2422 4647 2743 4704 oblivionem
2786 4649 3048 4704 malorum
3084 4650 3373 4719 venissem,
3414 4662 3469 4706 et
3500 4652 3648 4707 ulcus
3674 4653 3937 4711 obduxis-

2337 4757 2452 4798 sem
2483 4758 2660 4799 :nunc
2683 4751 2859 4797 autem
2885 4742 3111 4798 cadaver
3140 4744 3312 4798 habeo
3340 4743 3613 4799 assiduum
3645 4757 3935 4815 spectacu-

2340 4835 2473 4900 lum,
2493 4833 2639 4905 quod
2663 4833 2795 4889 mihi
2827 4834 3019 4889 vulnus
3048 4845 3329 4903 perennet,
3361 4844 3415 4889 et
3442 4836 3683 4891 dolorem
3711 4850 3932 4909 augeat.

2337 4926 2618 4994 Quomodo
2642 4941 2857 4982 cernam
2878 4927 3067 4982 oculos
3110 4936 3466 4993 transversos,
3499 4944 3688 4985 manus
3708 4943 3932 4989 Contur-

2340 5029 2439 5085 tas,
2474 5032 2664 5089 passos
2690 5018 2888 5085 crines,
2916 5018 3168 5073 emissam
3207 5033 3474 5089 epumam,
3505 5022 3815 5077 caruiliccm
3848 5025 3931 5079 in-

2341 5124 2425 5170 tus
2452 5113 2683 5185 positum
2712 5123 2766 5167 et
2786 5126 2891 5167 non
2918 5122 3284 5183 apparentem,
3311 5111 3673 5183 ﬂagellantem
3699 5117 3791 5186 qui
3822 5133 3933 5173 non

2338 5204 2601 5270 videatur,
2634 5202 2758 5257 dum
2789 5203 3054 5274 ﬂagellum
3094 5204 3266 5274 ipsum
3292 5204 3540 5260 videtur?
3580 5202 3679 5262 Sto
3707 5219 3933 5277 speeta-

2340 5302 2443 5353 trix
2470 5298 2765 5352 alienorum
2792 5297 3053 5351 malorum
3082 5337 3097 5361 ,
3128 5308 3212 5352 sto
3237 5307 3425 5351 natura
3446 5298 3792 5368 stimulante;
3830 5300 3937 5357 Mi-

2338 5406 2503 5446 serere
2524 5388 2639 5443 mei.
2658 5386 2844 5443 Gravis
2872 5396 3159 5457 tempestas
3187 5389 3445 5458 aegritudo
3470 5399 3523 5444 ct
3551 5390 3745 5457 timor;
3770 5392 3937 5463 πενίη

2340 5486 2470 5541 tudo
2497 5493 2722 5549 uatum,
2746 5492 2801 5538 et
2847 5484 3007 5539 timor
3030 5481 3307 5538 daemonis.
3348 5484 3619 5540 Accedere
3664 5499 3771 5540 non
3802 5500 3936 5556 pos—

2339 5592 2479 5643 sum,
2507 5590 2683 5645 ueque
2722 5575 3051 5644 contingere.
3084 5574 3310 5644 Impellit
3338 5592 3425 5631 me
3448 5575 3670 5631 allectus
3701 5617 3718 5646 ,
3766 5576 3939 5649 abigit

2339 5670 2529 5733 timor;
2553 5668 2791 5722 Miserere
2816 5668 2930 5721 mei.

2410 5762 2464 5818 5.
2488 5759 2670 5829 Cogita
2700 5758 2933 5813 tt‘tulieris
2964 5758 3375 5828 philoSuphiam.
3431 5759 3546 5814 Non
3583 5758 3712 5813 adiit
3744 5776 3936 5831 magos

2342 5869 2447 5909 nou
2479 5851 2689 5907 vaeavit
2732 5850 2954 5921 divinos,
2992 5867 3099 5907 non
3130 5850 3383 5922 ligaturas
3412 5850 3644 5915 admisit,
3675 5864 3783 5903 non
3811 5864 3900 5904 tua
