4154 6498
193 487 286 543 ιἰί

191 610 528 669 συνηγοριαν
555 591 994 664 προϐαλλομένη,
1017 589 1110 644 τὸν
1145 583 1328 658 ἰατρὸν
1355 583 1556 669 ἔχου-σα
1577 581 1787 669 δήμιον..

189 665 469 753 Συνήκατε
501 679 531 732 ὃ
570 674 766 740 είπονξ
796 679 858 730 Ol
890 676 1046 746 νόμοι
1075 671 1251 744 ἰατροί
1280 670 1445 732 εἰσιν,
1485 666 1678 720 ἔπειτα
1701 665 1791 716 καὶ

187 749 372 836 δήμιοι
403 763 676 832 γίνονται·
695 761 756 814 ού
779 759 890 829 γὰρ
903 757 1091 811 λύουσι
1111 756 1172 809 τὸ
1191 755 1371 817 Ξλκος,
1394 751 1531 806 ἀλλά
1547 749 1794 836 αθξουσι..

189 830 426 902 Τῖὲστι-
454 847 750 909 τελιῖινιον;
797 843 1181 912 Ἀναίσχυντος
1231 837 1510 910 ἁμαρτία,
1568 830 1796 903 ἁρπαγὴ

192 932 470 1002 πρόφασιν
492 931 596 982 οὐκ
625 929 847 998 ἔχουσα,
876 926 1134 998 λῃστείας
1154 921 1555 1002 χαλεπώτερον.
1605 917 1664 968 '0
1695 915 1794 1002 λῃ-

346 1014 459 1067 κΞὶν
482 1012 804 1083 αἰσχύνεται
836 1010 1120 1064 κλέπτων·
1146 1001 1304 1072 οὗτος
1333 1007 1390 1060 δὲ
1424 999 1800 1077 παρρησιάζε-

192 1115 278 1151 ται
296 1097 588 1168 ἁρπάζων.
633 1095 777 1148 Ἀλλ’
797 1086 954 1158 οὗτος
982 1097 1012 1148 ὁ
1040 1092 1284 1163 τελώνης
1313 1089 1512 1160 ἁθρόον
1560 1087 1797 1154 εὐαγγε-

196 1182 380 1252 λιστὴς
409 1181 654 1249 ἐγένετο.
685 1178 811 1241 Πῶς
845 1180 940 1233 καὶ
966 1177 1076 1231 τίνι
1106 1176 1328 1249 τρόπῳ;
1359 1170 1674 1241 Παράγων,
1694 1186 1799 1238 φη-

199 1263 350 1328 σὶν,ὀ
375 1262 648 1331 Ἰησοῦς.
679 1257 803 1316 εἶδε
820 1260 1130 1317 Ματθαῖον
1153 1259 1254 1313 ἐπὶ
1271 1257 1337 1311 τὸ
1351 1255 1641 1311 τελώνιον
1667 1254 1803 1306 x00-

198 1345 446 1415 ἠμενον,
480 1346 583 1398 καὶ
615 1344 780 1414 λέγει
827 1342 1011 1410 αὐτῷ·
1043 1342 1391 1399 ’Λκολούοει
1407 1357 1532 1410 μοι.
1548 1338 1612 1390 Ὠ
1637 1335 1801 1404 λόγου

196 1428 459 1500 δύναμις·
493 1427 716 1508 ελσῆλθε
742 1429 805 1482 τὸ
832 1429 1154 1500 ἄγκιστρον,
1196 1425 1294 1480 καὶ
1329 1423 1424 1478 τὸν
1450 1421 1804 1508 αίχμάλωτον

201 1504 546 1583 στρατιώτην
566 1511 817 1583 ἐποίησε,
835 1511 928 1565 τὸν
948 1510 1120 1583 πηλὸν
1139 1509 1341 1581 χρυσὸν
1356 1507 1674 1580 εἰργάσατο·
1692 1504 1805 1556 εἰσ-

199 1596 327 1664 ῆλθε
347 1596 412 1648 τὸ
433 1597 759 1667 ἄγκιστρον,
782 1596 893 1650 Kal
919 1597 1144 1661 εὐθέως
1171 1592 1444 1658 ἀναστὰς
1468 1589 1808 1659 ἠκολούθη-

201 1695 312 1732 σεν
328 1678 517 1743 αὐτῷ.
549 1680 643 1742 El;
671 1679 733 1732 τὸ
758 1679 924 1748 βάθος
949 1675 1018 1751 ἦν
1041 1679 1140 1749 τῆς
1169 1676 1456 1750 πονηρίας,
1489 1675 1584 1727 καὶ
1607 1675 1686 1735 εἰς
1705 1670 1806 1742 τὴν

202 1762 365 1832 ἁψῖδα
395 1762 570 1831 ἀνέϐη
600 1763 702 1833 τῆς
739 1762 965 1834 ἀρετῆς.
1014 1761 1217 1832 Μηδεὶς
1249 1762 1454 1824 τοίνυν,
1497 1758 1800 1828 ἀγαπητοὶ,

201 1847 636 1916 ἀπογινωσκέτω
649 1849 749 1917 τῆς
771 1846 967 1902 ἑαυτοῦ
995 1846 1295 1918 σωτηρίας.
1321 1845 1436 1899 Ούκ
1459 1844 1574 1897 ἔστι
1590 1841 1810 1912 φύσεως

202 1929 273 1983 τά
299 1931 400 2000 τῆς
433 1931 705 2002 πονηρίας
725 1949 738 1962 ·
765 1928 1449 2002 προαιρέσειτετιμήμεθα
1472 1927 1569 1981 καὶ
1593 1924 1811 1979 ἐλευθε-

206 2014 322 2085 ίλὲο
351 2013 612 2085 Τελώνης
659 2011 743 2081 εἷ;
798 2016 1036 2070 Δύνασαι
1083 2014 1341 2084 γενέσθαι
1388 2010 1809 2080 εὐαγγελιστής.

207 2100 541 2171 Βλάσφημος
575 2096 661 2162 εἷς
689 2099 925 2155 Δύνασαι
952 2100 1209 2170 γενέσθαι
1241 2096 1561 2161 ἀπόστολος.
1591 2093 1813 2166 Λῃστὴς

205 2180 256 2237 εἷ
278 2202 294 2248 ;
317 2185 560 2238 Δύνασαι
590 2185 925 2257 παράδεισον
954 2185 1208 2256 συλῆσαι.
1247 2184 1438 2252 Μάγος
1460 2177 1542 2248 εἷς
1572 2180 1814 2233 Δύνασαι

208 2270 589 2340 προσκυνῆσαι
629 2269 720 2322 τὸν
752 2268 1051 2340 Δεσπότην.
1079 2259 1198 2321 Οὐκ
1213 2267 1366 2320 ἔστιν
1391 2265 1619 2335 οὐδεμία
1643 2261 1816 2316 κακία

211 2352 476 2423 μετανοίᾳ
532 2353 610 2423 μὴ
638 2352 897 2422 λυομένη.
927 2351 1027 2405 Διά
1076 2350 1240 2404 τοῦτο
1284 2349 1356 2403 τά
1387 2347 1680 2421 ἀκροθίνια
1715 2346 1815 2416 τῆς

209 2436 483 2508 πονηρίας
524 2435 812 2500 ἐξελέξατο
854 2436 883 2488 δ
935 2433 1194 2506 Χριστὸς,
1229 2435 1318 2488 ἵνα
1356 2431 1550 2506 μηδεὶς
1587 2431 1728 2503 πρὸς
1756 2431 1819 2486 τὸ

208 2518 363 2583 τέλος
396 2518 704 2589 ἀποφυγεῖν
736 2517 871 2590 ἔχοι.

281 2626 354 2690 γ’.
373 2622 468 2694 Μή
499 2621 754 2693 μοιλέγε,
799 2619 1150 2693 ’Λπωλόμην,
1181 2620 1278 2674 καὶ
1298 2619 1351 2673 τί
1384 2619 1606 2684 λοιπόν;
1629 2618 1704 2690 μή
1727 2635 1818 2688 μοι

211 2705 363 2773 λέγε,
402 2705 759 2778 Ἢμάρτηκα,
788 2707 885 2760 καὶ
906 2705 959 2759 τί
987 2707 1236 2778 ﬁatﬁat»;
1274 2705 1482 2778 Ίατρὸν
1503 2703 1647 2774 ἔχεις
1677 2703 1820 2755 ἀνώ-

214 2805 374 2861 τερον
403 2789 506 2861 τῆς
541 2790 876 2864 ἀρρωστίας,
930 2791 1116 2863 ἰατρὸν
1140 2790 1287 2862 ἔχεις
1329 2790 1570 2845 νικῶντα
1600 2788 1694 2842 τοῦ
1728 2804 1817 2841 νο-

161 2881 202 2904 *
219 2876 470 2944 σήματος
486 2875 588 2945 τὴν
606 2873 790 2944 φύσιν.
808 2874 992 2946 ἰατρὸν
1009 2877 1154 2945 ἔχεις
1171 2875 1403 2946 νεύματι
1421 2873 1820 2946 θεραπεύοντα,

220 2959 408 3028 ἰατρὸν
431 2958 578 3027 ἔχεις
620 2958 889 3029 θελήματι
916 2959 1298 3031 διορθούμενον
1322 2973 1372 3025 ιι,
1401 2960 1496 3014 καὶ
1523 2959 1824 3028 δυνάμενον

220 3041 319 3093 καὶ
339 3039 690 3110 βουλόμενον.
721 3042 979 3096 Ούκδντα
1001 3059 1060 3096 σε
1085 3046 1414 3115 παρήγαγεν
1439 3059 1452 3073 ·
1485 3044 1614 3096 ὄντα
1647 3059 1706 3094 σε
1729 3041 1825 3094 καὶ

219 3125 631 3196 διαστραφέντα
688 3125 869 3197 πολλῷ
918 3128 1122 3198 μᾶλλον
1173 3129 1467 3199 διορθῶσαι
1507 3129 1820 3198 δυνήσεται.

223 3208 378 3281 H35]
395 3211 511 3263 Οὐκ
533 3210 776 3281 ἡκουσας
791 3211 868 3272 Lb;
892 3212 953 3264 τὸ
968 3213 1134 3282 «901:5
1143 3230 1236 3285 ρον
1266 3211 1424 3266 ἔλαϐε
1443 3212 1569 3283 χοῦν
1591 3211 1703 3266 ἀπὸ
1725 3209 1824 3281 τῆς

223 3293 348 3364 γῆς,
377 3295 472 3347 καὶ
497 3294 704 3349 ἔπλασε
751 3295 843 3349 τὸν
868 3295 1192 3367 ἄνθρωπον;
1227 3298 1346 3362 πῶς
1375 3297 1475 3368 τὴν
1508 3297 1613 3367 γῆν
1645 3296 1828 3366 σάρκα

226 3377 484 3448 ὲτωεησες
522 3378 644 3442 πῶς
669 3376 878 3450 νεῦρα;
915 3379 1034 3444 πῶς
1062 3379 1260 3448 ὀστέα;
1301 3380 1420 3444 πῶς
1463 3379 1678 3453 δέρμας
1707 3377 1827 3442 πῶς

226 3460 472 3528 φλέϐαςς
503 3461 624 3525 πῶς
655 3464 810 3533 ῥῖνας
842 3463 961 3528 πῶς
1006 3463 1353 3536 ὀφθαλμούς;
1387 3463 1506 3528 πῶς
1537 3463 1786 3534 βλέφαρα
1813 3478 1827 3527 ;

228 3544 348 3608 πῶς
369 3545 579 3615 ὀφρύη
603 3546 722 3611 πῶς
746 3548 1023 3616 γλῶτταν;
1043 3549 1164 3614 πῶς
1189 3548 1417 3619 Θώρακα
1438 3564 1453 3613 ;
1473 3548 1592 3612 πῶς
1617 3550 1827 3618 χεῖρας;

230 3628 347 3691 πῶς
380 3629 586 3695 πόδας;
617 3629 735 3694 πῶς
764 3631 834 3685 τά
862 3631 1000 3687 ἀλλα
1037 3634 1254 3699 πάντα;
1292 3633 1367 3703 Γῆ
1400 3627 1470 3704 ἦν
1494 3633 1558 3685 τὸ
1607 3629 1832 3685 ὑποκεί-

233 3714 415 3782 μενον,
442 3714 544 3784 μία
576 3715 766 3768 οὐσία·
792 3717 886 3769 καὶ
905 3716 1154 3788 είσῆλθεν
1177 3719 1210 3787 ἡ
1235 3717 1424 3788 τέχνη,
1462 3716 1558 3770 καὶ
1574 3715 1830 3787 ποικίλην

230 3797 534 3866 εἰργάσατο
556 3799 659 3869 τὴν
686 3799 1071 3871 δημιουργίαν.
1114 3800 1208 3872 Μὴ
1236 3801 1466 3854 δύνασαι
1499 3800 1592 3853 τὸν
1630 3800 1833 3870 τρόπον

231 3881 407 3934 εἰπεῖν
453 3881 580 3934 καθ’
621 3882 790 3954 ὅνπερ
836 3883 1316 3956 ὲδημιουργήθης;
1351 3882 1540 3947 Οὕτως
1584 3883 1709 3938 οὐδὲ
1739 3883 1834 3936 τὸν

231 3963 433 4032 τῷπον
451 3965 679 4042 δύνασαι
718 3968 895 4020 εἰπεῖν
929 3968 1050 4021 καθ’
1098 3969 1158 4021 ὃν
1185 3969 1532 4042 καθαιρεῖται
1559 3967 1630 4022 τά
1649 3969 1834 4042 ἀμαρ-

232 4041 478 4118 τὴματαζ
511 4050 574 4103 Εἰ
613 4051 725 4122 γάρ
753 4051 815 4104 τὸ
847 4051 961 4122 πῦρ
990 4053 1265 4124 ἐμπῖπτον
1299 4041 1379 4117 εἰς
1431 4051 1530 4114 τάς
1571 4041 1834 4118 ἀκάνθας,

235 4138 520 4194 ἀναλίσκει
578 4141 774 4205 αὑτὰς,
833 4143 1013 4214 πολλῷ
1058 4144 1262 4216 μᾶλλον
1317 4143 1381 4198 τὸ
1437 4143 1688 4215 βούλημα
1739 4144 1836 4198 τοῦ

237 4226 373 4279 Ηεοῦ
403 4228 472 4280 τά
495 4229 949 4301 πλημμελήματα
989 4231 1148 4301 ἡμῶν
1176 4231 1394 4303 δαπανᾷ
1419 4231 1514 4285 καὶ
1564 4230 1839 4304 πρόρριζα

239 4317 483 4385 ἀνασπᾷ,
526 4318 621 4370 καὶ
647 4315 743 4369 τοῦ
780 4318 856 4388 μὴ
883 4319 1275 4390 ἡμαρτηκότος
1327 4319 1421 4373 τὸν
1473 4320 1839 4393 ἡμαρτηκότα

241 4405 428 4473 ὅμοιον
457 4407 883 4471 κατασκευάζει.
913 4408 1005 4479 Μὴ
1036 4406 1190 4479 ζήτει
1219 4407 1314 4461 τὸν
1367 4409 1586 4480 τρόπον,
1745 4426 1841 4463 πε-

243 4493 541 4566 ριεργάζου
571 4494 634 4548 τὸ
678 4496 985 4566 γινόμενον,
1026 4496 1164 4550 ἀλλά
1194 4496 1421 4550 πίστευε
1460 4497 1540 4569 τῷ
1575 4498 1840 4571 θαύματι.

254 4582 609 4655 ’Πμάρτηκα,
665 4583 866 4651 λέγεις,
917 4584 1093 4638 πολλά
1142 4586 1238 4639 καὶ
1296 4585 1532 4658 μεγάλα.
1588 4589 1699 4642 Καὶ
1751 4589 1843 4652 »τίς

244 4674 393 4746 ἐστιν
449 4672 872 4743 ἀναμάρτητος;
917 4673 1079 4728 Ἀλλά
1121 4674 1234 4744 ἐγὼ
1259 4674 1497 4746 χαλεπὰ,
1541 4679 1699 4748 φησὶ,
1746 4679 1843 4732 καὶ

247 4760 464 4829 μεγάλα
504 4761 602 4814 καὶ
640 4761 782 4832 ὑπὲρ
820 4760 1002 4816 πάντα
1049 4761 1360 4836 ἄνθρωπον.
1424 4764 1612 4835 Ἀρκεῖ
1644 4769 1845 4830 σοι.είς

245 4851 438 4904 θυσίαν
464 4850 655 4903 τοῦτο·
704 4850 853 4922 Λέγε
884 4851 968 4906 σὺ
993 4851 1101 4918 τὰς
1132 4854 1388 4923 ἀνομίας
1415 4868 1534 4908 σου
1561 4855 1796 4924 πρῶτος
1827 4894 1842 4919 ,
1875 4899 1878 4903 .

245 4939 345 4994 Ira
399 4937 744 5008 δικαιωθῇς.
788 4939 1082 5011 Ὲπίγνωθι
1133 4941 1216 4995 ὅτι
1253 4942 1526 5013 ἥμαρτες,
1559 4944 1656 4998 καὶ
1695 4946 1841 5018 ἀρχή

249 5041 329 5080 σοι
360 5025 705 5097 διορθώσεως
745 5026 906 5080 τοῦτο
947 5029 1260 5097 γενήσεται.
1296 5029 1634 5098 Στύγνασον,
1679 5031 1842 5101 γενοῦ

248 5114 534 5185 κατηφὴς,
585 5113 745 5184 ἔκχεε
787 5114 1021 5187 δάκρυα.
1072 5117 1163 5188 Μὴ
1206 5117 1316 5190 γὰρ
1355 5118 1485 5172 ἀλλο
1525 5136 1580 5172 τι
1627 5118 1846 5190 ἐξέχεεν

249 5205 528 5277 ἡπόρνης
572 5204 738 5258 Οὐδὲν
776 5205 997 5276 ἕτερον,
1040 5206 1075 5278 ἢ
1116 5207 1329 5278 δάκρυα
1361 5207 1457 5261 καὶ
1507 5208 1800 5280 μετάνοιαν
1827 5228 1844 5244 ο

251 5293 410 5347 ἔλαϐε
441 5291 788 5363 χειραγωγὸν
828 5295 930 5364 τὴν
972 5295 1284 5366 μετάνοιαν,
1321 5297 1418 5350 καὶ
1449 5298 1724 5370 προσῆλθε
1776 5303 1844 5371 τῇ

252 5382 422 5451 πηγῇο

315 5471 382 5524 δ’.
404 5470 472 5522 Τί
498 5468 557 5522 δέ
575 5485 744 5590 φησιν
763 5470 792 5524 ό
813 5467 1054 5556 τελώνης
1079 5472 1222 5552 καὶό
1243 5473 1659 5557 εύαγγελιστὴς,
1678 5475 1816 5530 ἀκού
1831 5507 1849 5520 ο

315 5557 455 5590 ωηεν.
494 5543 583 5590 Κα
645 5538 913 5590 ἐξελθών
932 5543 964 5590 ό
993 5541 1234 5590 ‘lmmur
1253 5545 1503 5590 ἐκειθρν-
1537 5545 1729 5590 ἦλθεν
1759 5550 1849 5590 εὶρ

255 5555 455 5610 σωμεν.
494 5538 608 5593 Kal
645 5538 913 5603 ἐξελθὼν
932 5543 964 5594 ό
993 5538 1234 5610 Ἰησοῦς
1253 5538 1504 5611 ἐκεῖθεν,
1537 5538 1729 5615 ἦλθεν
1759 5550 1849 5614 εἰς

255 5627 320 5680 τὰ
340 5626 498 5696 μέρη
535 5629 726 5695 Τύρου
760 5629 857 5682 καὶ
886 5627 1181 5697 Σιδῶνος·
1210 5633 1308 5686 καί
1343 5633 1472 5688 ίδοὺ
1501 5634 1678 5704 γυνή.
1700 5636 1846 5688 Θαυ-

258 5716 416 5780 μάζει
465 5717 497 5769 ὁ
555 5715 987 5787 εύαγγελιστὴς·
1048 5720 1205 5774 Ἰδοὺ
1263 5723 1458 5790 γυνὴ,
1513 5723 1576 5775 τὸ
1615 5725 1847 5778 παλαιὸν

255 5800 413 5856 ὅπλον
438 5801 538 5856 τοῦ
568 5802 845 5870 διαϐόλου,
868 5805 902 5875 ἡ
928 5804 1022 5858 τοῦ
1051 5809 1383 5879 παραδείσου
1417 5828 1484 5882 με
1515 5811 1841 5867 ἐκϐαλοῦσα.

315 5959 344 5989 ⁸
363 5957 396 6005 Γ
387 5958 492 6010 .olb.
527 5975 728 6022 νεύματι
753 5958 1097 6021 διορθούμενον.

1547 465 1635 522 DE
1672 463 2094 521 CIIANAN.EA.

3403 464 3514 519 45:1

1901 582 1933 650 ἡ
1964 580 2149 650 μήτηρ
2176 579 2275 649 τῆς
2305 579 2607 649 ἁμαρτίας,
2643 580 2674 650 ἡ
2697 579 2940 650 ἀρχηγὸς
2963 578 3061 648 τῆς
3099 579 3471 650 παραϐάσεως
3490 622 3506 644 .

1900 662 2041 732 αὕτη
2080 665 2265 735 ὲκείνη
2302 666 2501 735 ἡγυνὴ
2534 665 2788 735 ἔρχεται,
2822 665 2961 736 αὕτη
3003 668 3037 736 ἡ
3074 665 3271 734 φύσις·
3317 667 3508 719 καινὸν

1901 747 2089 816 θαῦμα
2135 749 2229 800 καὶ
2282 748 2617 819 παράδοξον
2682 749 2928 802 Ἰουδαῖοι
2984 748 3271 818 φεύγουσι,
3325 752 3421 804 καὶ
3475 753 3506 819 ἡ

1901 831 2038 898 γυνὴ
2072 830 2420 884 καταδιώκει.
2461 832 2570 884 Καὶ
2609 832 2740 885 ὶδιηὺ
2780 833 2934 902 γυνὴ
2985 833 3106 886 ἀπὸ
3155 834 3276 886 τῶν
3328 834 3509 901 ὁρίων

1899 914 2150 967 ἐκείνων
2183 915 2545 977 ἐξελθοῦσα,
2595 917 2921 984 παρεκάλει
2965 917 3156 970 αὑτὸν
3193 917 3505 987 λέγουσα·

1905 1000 2102 1066 Κύριε,
2141 1000 2227 1053 υἱὲ
2261 999 2464 1063 Διιυῖδ,
2494 1000 2761 1064 ἐλέησόν
2777 1019 2873 1070 με.
2900 1001 3339 1072 Εὐάγγελίστρια
3365 1002 3510 1069 γίνεο

1902 1100 1992 1135 ται
2037 1085 2070 1152 ἡ
2123 1085 2284 1153 γυνὴ,
2337 1087 2432 1138 καὶ
2480 1087 2581 1156 τὴν
2621 1085 2854 1156 θεότητα
2901 1087 2998 1140 καὶ
3045 1086 3145 1158 τὴν
3188 1087 3511 1156 οἰκονομίαν

1903 1168 2181 1237 ὁμολογεῖ·
2222 1170 2423 1236 Κύριε,
2473 1170 2573 1238 τὴν
2616 1169 2972 1224 δεσποτείαν·
3039 1171 3134 1224 Υἱὲ
3167 1169 3372 1231 Δαυῒδ,
3409 1170 3511 1239 τῆς

1906 1251 2110 1320 σαρκὸς
2153 1251 2253 1321 τὴν
2290 1252 2579 1322 ἀνάληψιν.
2636 1251 2942 1318 Ἐλέησόν
2974 1272 3072 1323 με.
3106 1255 3254 1325 Ὅρα
3291 1253 3512 1323 φιλόσο-

1906 1351 2006 1403 φον
2051 1334 2251 1404 ψυχήν.
2304 1336 2600 1403 Ἐλέησόν
2643 1354 2761 1406 με·
2812 1338 2914 1390 ούκ
2962 1339 3073 1409 ἔχω
3102 1337 3512 1408 κατορθώματα

1909 1417 2058 1487 βίου,
2091 1420 2194 1472 ούκ
2231 1419 2342 1490 ἔχω
2387 1422 2700 1492 παρρησίαν
2752 1422 3032 1486 πολιτείας
3053 1437 3066 1450 ·
3100 1422 3196 1475 ἐπὶ
3229 1422 3383 1474 ἔλεον
3414 1438 3509 1473 κα-

1904 1503 2188 1572 ταφεύγω,
2218 1504 2312 1556 ἐπὶ
2338 1505 2430 1558 τὸν
2463 1505 2642 1559 κοινὸν
2675 1507 2785 1560 τῶν
2821 1506 3231 1578 ἡμαρτηκότων
3269 1504 3469 1576 λιμένα
3491 1522 3504 1534 ·

1907 1589 2003 1642 ἐπὶ
2032 1590 2180 1642 ἔλεον
2210 1588 2568 1659 καταφεύγω,
2603 1592 2739 1645 ὃπου
2771 1591 3127 1664 δικαστήριον
3175 1591 3279 1644 οὐκ
3328 1589 3478 1642 ἔστιν
3502 1631 3514 1649 ,

1909 1674 2046 1727 ὅπου
2078 1671 2440 1738 ἀνεξέταστος
2486 1678 2520 1747 ἡ
2564 1677 2814 1746 σωτηρία
2838 1692 2852 1705 ·
2888 1677 3068 1729 καίτοι
3108 1675 3254 1729 οὕτω
3299 1674 3518 1745 πονηρᾷ

1909 1753 2048 1812 οὖσα
2086 1761 2183 1812 καὶ
2222 1759 2562 1829 παράνομος,
2594 1761 2866 1833 ἐτόλμησε
2900 1761 3247 1832 προσελθεῖν.
3279 1758 3388 1814 Καὶ
3414 1760 3518 1831 δρα

1911 1840 2173 1910 γυναικὸς
2223 1841 2580 1912 φιλοσοφίαν·
2617 1844 2680 1898 οὐ
2733 1844 3045 1916 παρακαλεῖ
3103 1841 3401 1905 Ἰάκωϐον,
3456 1842 3516 1894 ού

1912 1926 2092 1980 δέεται
2109 1927 2381 1989 Ἰωάννου,
2407 1928 2530 1982 οὐδὲ
2561 1929 2928 2001 προσέρχεται
2961 1929 3175 2000 Πέτρῳ,
3195 1928 3318 1980 οὐδὲ
3343 1926 3516 1979 διέτε-

1919 2029 1988 2084 με
2011 2012 2104 2064 τὸν
2135 2014 2318 2084 χορόν.
2336 2013 2449 2065 Ούκ
2474 2013 2582 2083 ἔχω
2615 2014 2838 2084 μεσίτου
2863 2015 3076 2086 χρείαν,
3107 2014 3246 2068 ἀλλά
3275 2010 3520 2065 λαϐοῦσα

1915 2096 2014 2166 τὴν
2052 2095 2344 2166 μετάνοιαν
2386 2100 2716 2169 συνήγορον,
2757 2099 2898 2171 αὐτῇ
2928 2101 2994 2170 τῇ
3041 2101 3194 2171 πηγῇ
3227 2096 3523 2169 προσέρχοο

1921 2196 2038 2250 μαι.
2055 2180 2154 2234 Διά
2183 2179 2343 2234 τοῦτο
2371 2181 2600 2251 κατέϐη,
2619 2181 2709 2235 διὰ
2734 2181 2895 2236 τοῦτο
2919 2184 3101 2254 σάρκα
3128 2180 3414 2244 ἀνέλαϐεν,
3434 2180 3522 2231 ἵνα

1919 2263 2078 2333 κάγὼ
2103 2264 2254 2336 αὐτῷ
2291 2265 2582 2336 διαλεχθῶ.
2609 2268 2760 2321 ’Δνω
2801 2267 2870 2320 τά
2899 2267 3186 2340 Χερουϐὶμ
3215 2263 3379 2318 αὐτὸν
3409 2264 3528 2336 τρέ-

1923 2365 2039 2416 μει,
2070 2348 2161 2401 καὶ
2181 2349 2334 2402 κάτω
2353 2349 2530 2421 πόρνη
2554 2349 2704 2421 αύτῷ
2733 2349 3065 2420 διαλέγεται.
3110 2347 3409 2415 Ἐλέησόν
3426 2362 3524 2415 με.

1921 2433 2094 2488 Ψιλὸν
2121 2433 2182 2486 τὸ
2211 2433 2388 2505 ῥῆμα,
2434 2434 2531 2488 καὶ
2559 2435 2799 2504 πέλαγος
2842 2435 3044 2506 ἀχανὲς
3075 2432 3354 2504 σωτηρίας
3386 2432 3526 2502 εὑρί-

1923 2535 2066 2571 σκει.
2111 2517 2404 2586 Ἐλέησόν
2421 2535 2500 2588 με
2523 2532 2537 2547 ·
2573 2518 2664 2572 διὰ
2688 2519 2852 2572 τοῦτο
2876 2518 3212 2589 παρεγένου,
3246 2517 3334 2570 διά
3366 2514 3530 2568 τοῦτο

1925 2601 2105 2673 σάρκα
2149 2601 2435 2666 ἁνέλαϐες,
2491 2601 2579 2655 διὰ
2623 2601 2784 2656 τοῦτο
2833 2603 3025 2670 ἐγένου
3067 2603 3208 2673 ὅπερ
3247 2600 3359 2670 ἐγώ
3387 2601 3523 2669 εἰμι.

1928 2684 2076 2737 Ἀνω
2104 2685 2330 2756 τρόμος,
2365 2685 2461 2739 καί⁹
2485 2685 2638 2741 κάτω
2659 2685 2965 2757 παρρησία.
3013 2684 3308 2753 Ἐλέησόν
3335 2699 3442 2754 με·
3465 2681 3530 2736 οὐ

1925 2769 2116 2841 χρείαν
2148 2768 2257 2840 ἔχω
2287 2769 2535 2840 μεσίτου,
2568 2769 2868 2838 Ἐλέησόν
2899 2786 2997 2838 με.
3022 2769 3089 2822 Τί
3125 2768 3273 2839 ἔχεις
3295 2785 3309 2832 ;
3335 2767 3530 2821 Ἐλεον

1926 2852 2080 2926 [456]
2133 2853 2304 2924 ζητῶ.
2334 2854 2402 2907 Τί
2438 2853 2700 2925 πάσχεις;
2738 2854 2814 2908 Ἦ
2853 2855 3120 2924 θυγάτηρ
3155 2871 3277 2923 μου
3329 2847 3534 2916 κακῶς

1925 2935 2357 3006 δαιμονίζεται·
2402 2940 2436 3009 ἡ
2480 2939 2643 3006 φύσις
2699 2937 3075 3008 βασανίζεται,
3127 2939 3162 3008 ἡ
3213 2935 3534 3008 συμπάθεια

1926 3020 2289 3091 γυμνάζεται.
2328 3021 2554 3094 Ἐξῆλθε
2597 3024 2902 3094 συνήγορος
2947 3021 3044 3075 τοῦ
3091 3023 3426 3094 θυγατρίου·
3469 3022 3532 3074 οὐ

1930 3107 2087 3178 φέρει
2125 3109 2227 3179 τὴν
2258 3107 2546 3172 νοσοῦσαν,
2593 3107 2732 3163 ἀλλά
2783 3107 2944 3180 φέρει
2985 3109 3088 3180 τὴν
3135 3107 3354 3160 πίστιν·
3401 3107 3533 3170 Θεός

1929 3190 2067 3254 ἐστι,
2104 3192 2198 3244 καὶ
2227 3191 2296 3245 τά
2329 3191 2510 3244 πάντα
2542 3191 2748 3262 βλέπει.
2791 3191 2861 3246 ἸΙ
2896 3191 3163 3262 θυγάτηρ
3189 3209 3311 3261 μου
3336 3189 3540 3253 κακῶς

1930 3271 2351 3344 δαιμονίζεται.
2377 3275 2582 3337 Πένθος
2599 3275 2858 3345 χαλεπόν·
2875 3275 2934 3328 τὸ
2951 3276 3178 3346 κέντρον
3196 3275 3298 3344 τῆς
3320 3274 3538 3343 φύσεως

1934 3359 2030 3428 τὴν
2051 3360 2268 3430 μήτραν
2283 3359 2546 3431 διέσχισε,
2566 3361 2626 3414 τὸ
2653 3360 2950 3414 κλυδώνιον
2973 3363 3030 3414 ὲν
3046 3364 3160 3424 τοῖς
3179 3361 3535 3430 σπλάγχνοις.

1933 3443 1999 3495 Τί
2024 3446 2270 3513 ποιήσω;
2295 3444 2627 3513 ἀπόλλυμαι.
2647 3445 2758 3499 Καὶ
2785 3443 2942 3498 διὰτί
2970 3444 3047 3516 μὴ
3062 3445 3264 3514 λέγεις,
3284 3444 3541 3513 Ἐλέησον

1934 3527 2035 3598 τὴν
2064 3523 2345 3597 θυγατέρα
2374 3545 2508 3598 μου,
2545 3527 2704 3589 ἀλλὰ,
2751 3527 3052 3596 Ἐλέησόν
3085 3545 3197 3599 με;
3234 3528 3451 3597 Ἐκείνη
3481 3527 3542 3579 ἑν

1935 3611 2270 3684 ἀναισθησίᾳ
2303 3612 2418 3682 ἔχει
2451 3613 2512 3666 τὸ
2543 3612 2740 3678 πάθος,
2773 3614 2874 3666 οὐκ
2917 3608 3028 3666 οἶδε
3075 3614 3127 3666 τί
3178 3613 3404 3682 πάσχει,
3439 3611 3542 3664 οὐκ

1935 3694 2255 3749 αἰσθάνεται
2278 3696 2379 3766 τῆς
2410 3695 2626 3766 ὀδύνης,
2657 3696 3081 3768 παραπέτασμα
3119 3697 3220 3767 τῆς
3249 3697 3542 3767 συμφορᾶς

1937 3776 2138 3850 ἔχουσα
2178 3779 2242 3833 τὸ
2271 3778 2566 3843 ἀνώδυνον,
2601 3779 2803 3850 μᾶλλον
2838 3779 2895 3833 δὲ
2918 3780 3364 3851 τὸάναίσθητον.
3409 3778 3543 3851 Ἐμὲ

1936 3863 1993 3916 δὲ
2042 3863 2268 3934 ἐλέησον
2297 3863 2397 3936 τὴν
2443 3863 2652 3934 θεωρὸν
2701 3864 2811 3918 τῶν
2867 3865 3259 3936 καθημερινῶν
3313 3865 3541 3918 κακῶν·

1940 3947 2169 4019 θέατρον
2195 3946 2305 4019 ἔχω
2335 3950 2622 4021 συμφορᾶς
2648 3949 2707 4001 ὲν
2735 3952 2802 4021 τῇ
2830 3950 2999 4020 οἰκίᾳ.
3027 3950 3139 4005 Ποῦ
3175 3949 3428 4016 άπέλθω;
3451 3949 3546 4012 El;

1939 4034 2040 4103 τὴν
2072 4031 2314 4104 ἔρημον;
2342 4033 2480 4087 Ἀλλ’
2510 4027 2574 4086 ού
2601 4034 2788 4103 τολμῶ
2809 4035 2982 4106 αὐτὴν
3003 4035 3326 4088 καταλιπεῖν
3351 4035 3544 4105 μόνην.

1955 4115 2118 4169 Ἀλλά
2166 4118 2248 4180 εἰς
2289 4116 2390 4188 τὴν
2437 4117 2648 4182 οἰκίαν;
2696 4118 2838 4172 Ἀλλ’
2871 4119 3117 4190 εὑρίσκω
3145 4118 3236 4172 τὸν
3283 4117 3546 4188 πολέμιον

1942 4199 2112 4264 ἔνδον,
2145 4201 2216 4255 τὰ
2242 4200 2464 4273 κύματα
2509 4205 2569 4255 ἐν
2598 4203 2678 4275 τῷ
2703 4205 2908 4275 λιμένι,
2955 4205 3186 4275 θέατρον
3234 4204 3546 4274 συμφορᾶς.

1945 4285 2012 4338 Τί
2061 4284 2235 4357 αὐτὴν
2288 4285 2539 4352 καλέσω;
2575 4288 2838 4360 Νεκράνς
2893 4289 3031 4343 άλλά
3067 4291 3322 4342 κινεῖται.
3386 4286 3549 4340 ’Λλλά

1945 4368 2159 4436 ζῶσαν;
2197 4369 2335 4422 Ἀλλ’
2361 4370 2463 4424 οὑκ
2484 4366 2591 4424 οἶδε
2614 4373 2668 4424 τί
2701 4375 2864 4426 ποιεῖ.
2889 4373 3004 4426 Οὐκ
3025 4368 3141 4426 οἶδα
3171 4372 3350 4443 εὑρεῖν
3375 4371 3549 4443 ὄνομα

1945 4453 2254 4527 ἑρμηνεῦον
2289 4455 2350 4508 τὸ
2381 4456 2573 4519 πάθος.
2624 4457 2924 4526 Ἐλέησόν
2939 4474 3034 4528 με.
3080 4459 3141 4510 ΕΞ
3171 4456 3454 4528 ἐτεθνήκει
3488 4455 3556 4510 τὸ

1945 4537 2264 4609 θυγάτριον,
2309 4539 2411 4592 οὐκ
2455 4540 2519 4594 ἂν
2552 4541 2779 4594 τοιαῦτα
2826 4540 3101 4610 ἔπασχον·
3143 4539 3443 4611 παρέδωκα
3483 4540 3553 4593 ἂν

1944 4624 2058 4686 τοῖς
2103 4621 2327 4685 κόλποις
2359 4622 2462 4692 τῆς
2500 4624 2603 4694 γῆς
2653 4625 2715 4677 τὸ
2759 4624 2940 4696 σῶμα,
2981 4627 3078 4679 καὶ
3121 4626 3200 4698 τῷ
3230 4626 3408 4696 χρόνῳ
3451 4624 3558 4694 τὴν

1946 4703 2119 4776 λήθην
2143 4702 2210 4758 ἂν
2243 4707 2562 4776 εἰσήγαγον,
2594 4709 2689 4760 καὶ
2725 4708 3027 4781 διεφόρησα
3059 4711 3125 4764 ἂν
3157 4710 3219 4764 τὸ
3251 4709 3428 4772 ἕλκος·
3455 4707 3554 4761 νῦν

1946 4790 2006 4843 δὲ
2055 4789 2250 4861 νεκρὸν
2295 4789 2406 4860 ἔχω
2461 4791 2688 4864 διηνεκῆ
2725 4793 2960 4864 θεωρίαν
3009 4812 3100 4865 μοι
3155 4794 3552 4866 ἐργαζόμενον,

1949 4874 2245 4944 ὑφαίνοντα
2279 4892 2368 4938 μοι
2391 4874 2452 4927 τὸ
2475 4876 2720 4947 τραῦμα,
2753 4878 3124 4943 πλεονάζοντά
3156 4897 3246 4950 μοι
3272 4879 3334 4932 τὸ
3358 4877 3555 4940 πάθος.

1950 4958 2076 5022 Πῶς
2100 4957 2197 5012 ίδω
2234 4956 2551 5028 ὀφθαλμοὺς
2574 4961 3075 5032 διαστρεφομένους
3097 4979 3111 5027 ;
3137 4966 3326 5034 χεῖρας
3350 4977 3556 5032 στραγ-

1949 5043 2331 5115 γαλουμένας;
2358 5044 2678 5116 πλοκάμους
2713 5045 3051 5118 λυομένους;
3087 5049 3261 5120 ἀφρὸν
3293 5047 3557 5119 προϊέμε-

1956 5143 2081 5193 νον;
2148 5129 2239 5183 τὸν
2296 5130 2490 5199 δήμιον
2559 5127 2708 5182 ἔνδον
2754 5131 2884 5183 ὂντα
2932 5132 3029 5186 καὶ
3067 5132 3143 5204 μὴ
3185 5131 3555 5202 φαινόμενον;

1949 5210 2043 5264 τὸν
2079 5210 2414 5281 μαστίζοντα
2441 5212 2518 5282 μὴ
2564 5213 2865 5284 ὁρώμενον,
2902 5214 3000 5280 τάς
3031 5215 3087 5268 δὲ
3122 5217 3396 5287 μάστιγας
3428 5230 3555 5282 φαι-

1951 5295 2217 5364 νομένας;
2253 5296 2503 5365 Ἔστηκα
2555 5295 2762 5368 θεωρὸς
2807 5298 2920 5352 τῶν
2967 5299 3270 5371 ἀλλοτρίων
3330 5296 3554 5360 κακῶν,

1950 5381 2161 5450 ἕστηκα
2194 5380 2295 5450 τῆς
2326 5378 2544 5448 φύσεώς
2572 5398 2639 5451 με
2671 5384 3069 5455 κεντριζούσης
3091 5402 3102 5416 ο
3132 5383 3432 5450 Ἐλέησόν
3455 5397 3552 5450 με.

1955 5465 2210 5519 Χαλεπὸν
2251 5465 2314 5520 τὸ
2365 5465 2686 5533 κλυδώνιον,
2729 5467 2905 5532 πάθος
2962 5472 3057 5522 καὶ
3109 5469 3275 5539 φόϐος
3304 5484 3318 5499 ·
3382 5467 3558 5529 πάθος

1953 5551 2191 5619 φύσεως,
2220 5552 2316 5606 καὶ
2336 5551 2502 5620 φόϐος
2535 5551 2811 5623 δαίμονος.
2839 5554 3172 5625 Προσελθεῖν
3198 5555 3260 5606 ού
3294 5552 3556 5622 δύναμαι,

1951 5635 2072 5688 οὐδὲ
2103 5637 2424 5706 κατασχεῖν.
2468 5636 2613 5690 Ὠθεῖ
2642 5655 2710 5708 με
2744 5638 2806 5692 τὸ
2837 5639 3031 5704 πάθος,
3081 5640 3176 5694 καὶ
3203 5637 3557 5709 διακρούεταί

1956 5737 2024 5790 με
2050 5721 2078 5773 ό
2105 5721 2290 5788 φόϐος.
2336 5721 2636 5790 Ἐλέησόν
2653 5742 2748 5794 με.

2025 5874 2088 5929 ε’.
2107 5874 2394 5945 Ἐννόησον
2408 5878 2671 5944 γυναικὸς
2689 5872 3040 5947 φιλοσοφίαν.
3057 5877 3171 5930 Οὐκ
3189 5875 3401 5946 ἀπῆλθε
3416 5877 3556 5950 πρὸς

1961 5958 2189 6028 μάγους,
2214 5958 2310 6012 ούγ
2341 5960 2564 6013 ἐκάλεσε
2607 5963 2853 6034 μάντεις,
2875 5964 2938 6016 οὐ
2962 5961 3241 6033 περίαπτα
3276 5959 3557 6037 ἐποίησεν,
