4104 6490
139 473 220 531 “3
1501 446 1590 504 ne
1626 441 2048 504 casuum.

137 587 285 642 lellcas
299 579 548 636 mulieres
570 574 826 632 mercede
845 567 1118 634 conduxit,
1144 579 1237 622 eas
1260 577 1380 635 quas
1401 562 1575 616 solent
1597 561 1707 616 dae-

138 687 296 733 monas
318 686 547 730 evocare
582 680 644 725 et
668 668 822 723 ulcus
868 658 1223 735 augere;sed
1269 656 1471 712 dimisit
1501 653 1700 709 diaboli

137 763 392 826 ofﬁcinam,
409 770 466 818 et
483 760 719 818 accessit
739 756 806 812 ad
825 755 1164 811 Servatorem
1185 750 1483 804 animarum
1501 753 1705 800 nostra-

139 873 254 914 rum.
283 855 524 909 Miserere
548 851 674 915 mei,
703 848 814 919 ﬁlia
853 861 966 900 mea
995 842 1128 898 male
1147 859 1179 895 a
1204 839 1455 896 dmonio
1474 848 1701 892 vexatur.

141 951 290 1005 Nostis
312 947 560 1002 allectum
589 941 976 1005 miserationis,
1004 946 1265 1008 quotquot
1286 943 1464 1004 patres
1491 930 1664 986 fuistis
1688 945 1703 991 ;

140 1022 290 1113 iuvate
326 1052 410 1094 me
447 1038 648 1102 verbis,
678 1039 940 1106 quotquot
969 1037 1168 1084 matres
1207 1026 1399 1082 fuistis.
1433 1023 1547 1078 Non
1586 1034 1708 1089 pos-

142 1148 236 1187 sum
281 1128 590 1185 describere
642 1132 1013 1194 tempestatem
1083 1133 1242 1190 quam
1289 1113 1542 1172 sustinuit
1593 1127 1711 1166 mu-

144 1221 324 1278 licrcula
371 1220 479 1274 illa.
534 1215 784 1271 Hiserere
828 1213 924 1267 mei
965 1227 984 1266 :
1030 1211 1142 1280 ﬁlia
1181 1223 1292 1263 mea
1344 1204 1478 1259 ntale
1523 1220 1558 1257 a
1603 1203 1712 1256 da-

145 1315 283 1368 monio
319 1322 546 1366 uexatur.
611 1306 802 1362 Vidisti
858 1302 1250 1376 philosophiam
1293 1297 1573 1362 mulieris,
1631 1294 1709 1348 vi-

143 1409 240 1464 disti
273 1403 762 1477 perseverantiam,
792 1397 969 1454 vidisti
1008 1394 1331 1458 virilitatem,
1362 1386 1710 1462 patientiam?

146 1500 346 1553 ltleoero
377 1513 478 1551 non
503 1492 772 1565 respondit
811 1491 856 1545 ei
902 1488 1105 1544 uerbum
1169 1482 1383 1554 (Matth.
1433 1482 1520 1536 15.
1575 1478 1706 1547 23).

146 1592 252 1646 Rem
278 1587 496 1643 novam!
557 1585 755 1655 Rogat,
796 1582 1064 1646 obsecrat,
1115 1575 1472 1631 calamitatem
1520 1571 1710 1642 deplo-

148 1693 230 1746 rat,
263 1690 411 1751 auget
456 1676 802 1748 tragtediam,
856 1671 1204 1728 amictionem
1257 1677 1476 1731 narrat;
1523 1673 1579 1720 et
1623 1663 1713 1718 ille

149 1772 384 1825 hominum
437 1779 652 1824 amator
691 1781 797 1821 non
861 1761 1171 1832 respondet.
1237 1759 1468 1813 Verbum
1529 1763 1710 1821 tacet,

149 1863 242 1916 fons
266 1863 473 1916 clausus
501 1867 610 1922 est,
634 1854 874 1911 medicus
896 1852 1178 1923 pharmaca
1207 1851 1417 1904 retinet.
1448 1847 1584 1916 Quid
1612 1860 1713 1901 no-

149 1952 281 2006 vum?
307 1950 429 2022 quid
459 1945 816 2004 admirabile?
852 1943 934 2000 Ad
962 1943 1099 1998 alios
1138 1942 1333 2006 curris,
1366 1950 1419 1995 et
1444 1938 1582 1995 hanc
1609 1938 1713 1993 mi-

151 2059 296 2097 seram
321 2048 691 2096 accurrentem
710 2035 927 2107 abigis?
957 2033 1053 2090 sed
1074 2032 1354 2089 considera
1377 2030 1567 2086 medici
1593 2028 1713 2101 phi-

151 2135 433 2205 losophiam.
465 2132 574 2188 Ille
586 2141 754 2186 autem
777 2145 882 2184 non
900 2126 1164 2199 respondit
1183 2127 1231 2181 ei
1247 2126 1469 2180 verbum.
1505 2122 1716 2191 Quare?

149 2229 256 2295 Quia
280 2227 433 2282 verba
463 2241 573 2280 non
601 2222 976 2287 examinabat;
1030 2219 1128 2277 sed
1155 2234 1351 2274 arcana
1382 2218 1576 2274 mentis
1595 2216 1715 2271 ani-

151 2319 498 2375 madvertebat.
537 2316 641 2373 Ille
665 2326 832 2370 autem
855 2330 957 2369 non
982 2311 1297 2380 responditei
1316 2310 1540 2365 verbum.
1567 2307 1707 2376 Quid

150 2423 296 2468 autem
325 2408 622 2480 discipuli?
652 2407 776 2478 quia
809 2419 1129 2478 responsum
1165 2403 1359 2457 mulier
1378 2417 1484 2456 non
1513 2400 1715 2455 obtine-

154 2506 240 2570 bat,
286 2502 603 2559 accedentes
629 2501 696 2556 ad
735 2514 858 2555 eum
908 2496 1137 2553 dicunt:
1179 2493 1388 2548 Dimitte
1413 2493 1577 2558 illam,
1599 2491 1719 2560 quia

151 2595 304 2648 clamat
328 2605 434 2664 post
465 2610 560 2648 nos
583 2591 802 2661 (Matth.
838 2590 926 2645 15.
958 2586 1075 2660 23).
1099 2585 1204 2644 Sed
1228 2598 1281 2640 tu
1309 2594 1592 2641 externum
1617 2599 1716 2638 au-

151 2689 218 2741 dis
262 2688 572 2751 clamorem,
618 2698 719 2756 ego
746 2684 1014 2738 internum
1045 2699 1058 2736 :
1093 2693 1282 2751 magna
1332 2686 1416 2734 est
1441 2693 1542 2733 vos
1584 2677 1715 2744 oris,

153 2779 227 2833 sed
248 2779 402 2848 major
414 2777 636 2834 mentis.
673 2774 876 2829 Dimitte
896 2773 1060 2839 illam,
1089 2772 1209 2842 quia
1234 2771 1422 2824 clamat
1441 2776 1552 2838 post
1577 2785 1668 2822 nos
1695 2785 1713 2822 :

153 2872 263 2925 alius
281 2881 452 2926 autem
483 2867 812 2939 evangelista
835 2866 908 2936 (a)
935 2863 1095 2929 dicit,
1130 2863 1274 2926 Ante
1297 2877 1409 2915 nos.
1440 2859 1717 2915 Contraria

154 2963 246 3021 hac
268 2965 400 3019 dicta
439 2963 730 3026 videntur;
758 2958 851 3015 sed
879 2973 986 3013 non
1011 2955 1286 3011 mendacia
1314 2961 1437 3010 sunt
1471 2969 1484 3006 :
1516 2961 1718 3007 utrum-

152 3070 236 3122 que
257 3055 391 3110 enim
421 3055 641 3126 agebat.
675 3051 856 3106 Primo
895 3049 1040 3104 enim
1087 3057 1234 3101 retro
1263 3044 1567 3109 clamabat;
1595 3058 1717 3097 cum

151 3153 300 3199 autem
323 3159 424 3199 non
447 3141 805 3212 responderet
829 3138 942 3202 ille,
985 3134 1363 3204 anteperrexit,
1393 3133 1545 3205 quasi
1571 3132 1720 3188 canis

153 3236 359 3290 lambens
388 3233 618 3304 vestigia
642 3231 842 3287 domini
865 3230 966 3285 sui.
995 3227 1201 3281 Dimitte
1224 3227 1405 3291 illam;
1429 3233 1710 3294 spectacu-

154 3329 238 3381 lum
260 3329 448 3382 circum
476 3326 694 3392 edebat,
727 3322 978 3394 populum
1022 3319 1314 3376 advocabat
1345 3335 1368 3372 τ
1392 3318 1464 3372 illi
1511 3317 1579 3372 ad
1625 3317 1721 3372 hu-

153 3433 334 3472 manum
383 3416 633 3472 dolorem
679 3413 1056 3484 respiciebant,
1122 3410 1379 3464 Dominus
1421 3417 1598 3463 autem
1655 3407 1720 3463 ad

153 3517 346 3563 salutem
371 3507 621 3564 mulieris
639 3505 932 3577 spectabat.
958 3503 1169 3557 Dimitte
1196 3503 1360 3568 illam,
1390 3504 1510 3571 quia
1534 3501 1722 3555 clamat

154 3613 242 3659 post
265 3614 367 3653 nos.
398 3598 541 3666 Quid
574 3597 732 3668 igitur
755 3592 1044 3650 Christus?
1091 3591 1212 3648 Non
1257 3609 1370 3646 sum
1405 3592 1587 3646 missus
1625 3591 1721 3646 nisi

154 3693 208 3740 ad
228 3706 328 3744 oves
355 3708 468 3762 qua:
495 3691 756 3761 perierunt
800 3689 978 3742 domus
1014 3685 1182 3740 Israel
1226 3684 1331 3756 (Ib.
1364 3701 1411 3738 tt.
1440 3683 1564 3756 2b).
1587 3683 1718 3739 Cum

154 3783 416 3852 respondit,
446 3783 596 3839 illius
627 3784 774 3838 ulcus
806 3782 957 3835 auxit
985 3798 999 3834 :
1027 3780 1266 3834 medicus
1303 3779 1445 3835 enim
1494 3788 1610 3834 erat
1635 3793 1722 3835 se-

154 3891 279 3939 cans,
309 3891 410 3932 non
455 3886 518 3930 ut
545 3875 828 3940 divideret,
861 3872 954 3929 sed
988 3872 1433 3941 utconjungerct.

208 3970 253 4023 ὅ.
276 3967 502 4024 Christus
531 3984 626 4037 pro
654 3967 882 4021 omnibus
897 3965 1125 4037 gentibus
1154 3963 1285 4018 venit
1305 3964 1360 4016 in
1382 3961 1724 4016 mundum.—

154 4060 230 4114 llie
247 4062 365 4117 mihi
397 4077 496 4116 vos
528 4070 761 4116 attentos
791 4059 1045 4128 prabete,
1075 4067 1130 4111 et
1156 4056 1393 4110 animum
1420 4055 1681 4109 advertite
1707 4071 1720 4107 :

153 4152 434 4218 profundam
462 4153 608 4207 enim
639 4152 993 4221 quaestionem
1045 4136 1368 4217 investigare
1404 4146 1548 4199 volo.
1597 4143 1720 4198 Non

154 4260 243 4297 tam
279 4247 455 4300 missus
497 4245 597 4298 nisi
626 4242 694 4296 ad
737 4259 850 4297 oues
894 4257 1008 4311 qua:
1034 4241 1292 4310 perierunt
1321 4239 1502 4292 domus
1536 4236 1720 4292 Israel.

156 4337 359 4394 lloceine
386 4347 556 4393 totum
580 4336 706 4392 est?
737 4334 930 4390 ldcone
960 4333 1121 4388 homo
1148 4333 1317 4388 factus
1343 4347 1401 4386 es
1427 4341 1480 4386 et
1505 4345 1722 4387 carnem

154 4429 498 4498 assumpsisti,
542 4435 848 4497 tantamque
876 4424 1230 4480 teconomiam
1279 4421 1618 4487 adhibuisti,
1669 4431 1727 4477 ut

157 4534 293 4576 unum
319 4535 572 4577 servares
597 4518 850 4590 angulum
869 4559 886 4584 ,
914 4527 974 4573 et
996 4519 1136 4572 hunc
1165 4523 1480 4586 pereuntem
1504 4513 1528 4568 2
1553 4512 1726 4569 orbis-

157 4627 209 4664 ne
233 4620 366 4669 totus
391 4613 641 4669 desertus
668 4619 780 4675 est,
811 4608 1047 4682 Scythae,
1075 4607 1334 4675 Thraces,
1365 4606 1504 4674 Indi,
1535 4606 1722 4672 Mauri,

156 4703 340 4772 Cilices,
369 4704 742 4776 Cappadoces,
773 4703 916 4776 Syri,
945 4701 1227 4758 Phoenices
1245 4743 1261 4769 ,
1294 4709 1541 4775 totaque,
1565 4714 1725 4770 quam

157 4797 218 4846 sol
244 4798 472 4866 respicit,
511 4797 694 4851 terra?
722 4796 804 4852 Au
829 4803 1046 4867 propter
1065 4793 1280 4849 Judaeos
1310 4791 1483 4847 solum
1512 4791 1724 4855 venisti,

160 4892 388 4956 etgeutes
410 4887 621 4942 deseris
641 4885 1018 4956 despicisqne?
1046 4899 1116 4939 au
1137 4883 1438 4940 contemnis
1459 4881 1724 4944 nidorem,

160 4987 213 5027 an
251 4976 449 5032 fumum
473 4978 499 5031 ἲ
541 4992 608 5031 an
647 4977 946 5037 contemnis
984 4975 1197 5032 Patrem
1229 4983 1376 5030 tuum
1405 4974 1727 5030 contumelia

163 5063 428 5123 ilicetum?
479 5083 548 5122 an
601 5068 861 5124 idolorum
909 5068 1320 5137 daemonumque
1371 5064 1570 5120 cultum
1622 5081 1727 5120 non

163 5159 328 5214 curas?
355 5159 520 5230 Atqui
547 5174 654 5215 uou
698 5159 800 5218 hoc
826 5160 1010 5217 dicunt
1039 5158 1312 5230 propheta:
1331 5200 1347 5224 ,
1379 5155 1472 5214 sed
1503 5172 1730 5228 proavus

167 5255 266 5304 tuus
289 5251 583 5306 secundum
609 5265 825 5307 carnem
855 5252 980 5323 quid
1021 5251 1299 5323 loquitur?
1328 5250 1544 5305 Postula
1572 5269 1603 5305 a
1629 5268 1726 5318 me,

167 5350 203 5392 et
225 5341 346 5397 dabo
388 5344 479 5398 tibi
523 5353 692 5415 gentes
723 5344 1045 5400 hereditatem
1071 5354 1247 5411 tuam,
1294 5354 1342 5398 et
1367 5345 1731 5414 possessionem

169 5436 284 5484 tuast
311 5434 548 5488 terminos
578 5443 727 5488 terra
757 5432 938 5505 (Psal.
968 5433 1024 5488 2.
1053 5433 1150 5504 8).
1194 5433 1416 5490 Hesnias
1446 5449 1576 5490 vero
1595 5475 1611 5500 ,
1641 5435 1730 5505 qui

170 5520 420 5595 Seraphin:
451 5528 848 5597 contemplatus
877 5536 960 5582 est
989 5547 1002 5583 :
1045 5526 1114 5582 Et
1141 5527 1234 5582 erit
1275 5528 1428 5582 radix
1468 5527 1613 5583 Jesse
1637 5567 1652 5592 ,
1685 5537 1732 5583 et

171 5616 238 5678 φά
258 5627 488 5689 exsurget
512 5620 764 5686 imperare
791 5621 1020 5689 gentibus
1047 5635 1067 5674 :
1092 5619 1144 5674 in
1164 5619 1333 5690 ipsum
1360 5628 1531 5690 gentes
1551 5636 1730 5688 spera-

222 5769 495 5842 (αλια-ως
514 5777 566 5836 7,
591 5777 656 5825 25
682 5790 694 5824 :
724 5777 934 5842 Procidit
955 5785 1065 5829 ante
1087 5779 1234 5842 pedes
1253 5780 1375 5842 ejus.
1401 5787 1512 5831 Haec
1525 5780 1643 5830 dicit
1667 5781 1732 5832 de

680 5837 853 5908 eadem
877 5849 952 5890 est
972 5834 1121 5904 atque
1144 5834 1424 5908 chan'anaea.
1460 5844 1577 5895 Hinc
1591 5843 1736 5908 chry-

178 5899 404 5961 ωιωω,
424 5897 716 5951 memoriter
741 5897 962 5964 loquens,
983 5897 1095 5955 ante
1116 5915 1220 5965 nos,
1244 5903 1446 5956 dixerit.

3303 439 3409 496 ιδι

1819 557 1942 610 bunt
1983 555 2003 627 (
2021 555 2154 611 Isai.
2186 555 2270 609 Η.
2301 553 2368 608 10
2391 552 2444 622 ).~
2464 551 2522 606 Et
2555 550 2723 606 Jacoh
2750 569 2762 604 :
2790 550 2908 605 Non
2938 552 3136 620 deﬁeret
3177 551 3413 622 princeps

1819 667 1879 704 ex
1905 650 2080 713 Iuda,
2116 666 2276 718 neque
2316 650 2422 704 dua:
2461 649 2526 702 de
2563 646 2840 718 femoribus
2870 647 2980 719 ejus
3004 689 3018 711 ,
3047 646 3208 702 donec
3250 647 3414 700 ueniat

1817 746 1900 797 cui
1926 745 2202 813 repositum
2231 753 2356 799 est:
2397 753 2446 798 et
2476 744 2586 813 ipse
2627 743 2936 813 exspectatio
2975 743 3197 814 gentium
3241 739 3414 814 (Gen.

1819 836 1906 892 49.
1939 837 2068 905 i0).
2115 836 2180 891 Et
2208 837 2496 891 Malacltias
2538 855 2551 890 :
2599 835 2730 904 Quia
2777 838 2831 890 in
2874 837 3011 889 vobis
3049 836 3409 889 concludentui

1817 940 1977 998 parte
2015 946 2160 983 a'rcte
2184 971 2199 996 ,
2247 939 2294 983 et
2339 945 2438 982 non
2480 927 2744 982 mutabunt
2775 929 2909 998 quod
2959 929 3277 998 propositum
3322 938 3415 989 est.

1816 1021 1936 1088 quia
1964 1024 2029 1073 ab
2057 1032 2171 1074 ortu
2199 1020 2320 1074 solis
2343 1036 2498 1088 usque
2522 1019 2590 1072 ad
2615 1035 2849 1072 occasum
2877 1034 3058 1072 nomen
3087 1028 3229 1072 tuum
3260 1018 3424 1090 glori-

1818 1112 2002 1177 ﬁcatur
2026 1112 2078 1164 in
2105 1111 2334 1182 gentibus
2359 1153 2373 1177 ,
2413 1120 2459 1164 et
2499 1112 2552 1164 in
2580 1112 2717 1164 omni
2757 1110 2868 1163 loco
2907 1111 3165 1165 incensum
3204 1112 3410 1178 oﬂ'erttn

1817 1202 2071 1269 Domino,
2099 1216 2146 1258 ct
2170 1205 2479 1274 sacriﬁcium
2507 1205 2755 1258 mundum
2786 1205 2803 1274 (
2829 1202 3055 1257 Malach.
3090 1205 3141 1258 l.
3168 1203 3252 1259 10.
3280 1205 3341 1259 Η
3372 1206 3412 1274 ).

1821 1294 1889 1349 Et
1937 1295 2103 1350 David
2135 1309 2347 1350 rursum
2382 1311 2395 1348 :
2433 1294 2622 1350 Omnes
2650 1302 2850 1366 gentes,
2883 1293 3113 1366 plaudite
3156 1296 3412 1360 mnibus,

1814 1385 2030 1454 jubilate
2073 1383 2182 1438 Deo
2223 1386 2277 1438 in
2315 1401 2434 1440 uoce
2471 1385 2862 1449 exsultationis;
2899 1386 3140 1456 quoniam
3164 1385 3416 1442 Dominus

1819 1478 2065 1539 excelsus,
2101 1478 2368 1544 terribilis,
2403 1476 2513 1532 Rea:
2537 1493 2753 1548 magnus
2790 1494 2945 1548 super
2969 1494 3169 1534 omnem
3207 1487 3413 1533 terram.

1820 1571 2059 1625 Ascendit
2102 1570 2239 1625 Deus
2278 1569 2331 1624 in
2369 1567 2711 1640 jubilatiane,
2750 1568 3001 1624 Dominus
3035 1571 3089 1625 in
3129 1587 3248 1625 voce
3287 1571 3418 1625 tubte

1821 1663 1840 1731 (
1865 1662 2012 1717 Psal.
2039 1662 2130 1733 d6.
2160 1662 2214 1716 2.
2242 1663 2295 1718 3.
2327 1662 2422 1735 5).
2455 1662 2522 1718 Et
2547 1664 2684 1717 alius
2714 1679 2730 1716 :
2760 1661 3051 1730 Latamini,
3077 1672 3277 1734 gentes,
3304 1679 3416 1716 cum

1819 1756 2010 1825 populo
2034 1755 2146 1825 ejus
2177 1754 2353 1825 (Deut.
2379 1755 2469 1811 52.
2493 1755 2608 1823 45).
2642 1755 2707 1810 Et
2736 1763 2790 1809 tu
2821 1755 2937 1824 ipse
2967 1755 3207 1820 veniens,
3239 1770 3417 1810 nonne

1820 1860 2005 1915 magos
2044 1846 2224 1899 statim
2251 1844 2564 1911 advocasti,
2597 1861 2776 1901 arcem
2807 1848 3076 1916 gentium,
3103 1845 3302 1902 diaboli
3333 1858 3414 1920 ty-

1821 1937 2103 1992 rannidem
2125 1979 2140 2002 ,
2176 1937 2428 1994 virtutem
2459 1937 2808 1993 daemonum?
2849 1953 3029 1994 nonne
3061 1937 3415 2007 descendens,

1821 2029 2112 2099 praphetas
2139 2043 2234 2083 eos
2259 2028 2578 2084 reddidisti?
2606 2029 2685 2084 Tu
2712 2045 2896 2101 magos
2920 2045 3080 2086 vocas
3106 2049 3120 2086 :
3145 2030 3419 2102 propheta.-

1821 2121 1889 2176 de
1917 2123 2164 2193 gentibus
2195 2121 2297 2176 hoc
2325 2122 2530 2176 dicunt.
2577 2123 2865 2194 Postquam
2907 2123 2978 2178 ab
3021 2123 3208 2181 inferis
3242 2142 3405 2182 resur~

1820 2228 2058 2277 reseras,
2089 2213 2366 2286 discipulis
2395 2214 2528 2269 dicis
2559 2230 2574 2269 :
2609 2213 2803 2269 Euntes
2825 2216 3001 2270 docete
3027 2231 3200 2272 omnes
3224 2229 3414 2289 gentes,

1820 2303 2131 2375 baptiaantes
2157 2321 2241 2360 eos
2270 2307 2323 2360 in
2360 2306 2563 2360 nomine
2600 2305 2776 2360 Patris
2797 2347 2812 2371 ,
2841 2316 2890 2362 et
2926 2305 3088 2372 Filii,
3117 2317 3166 2363 et
3195 2308 3420 2380 Spiritus

1821 2398 1988 2451 sancti
2030 2396 2267 2467 (Matth.
2291 2397 2382 2453 28.
2413 2397 2522 2468 t9)
2551 2413 2566 2462 ;
2609 2406 2666 2452 et
2707 2397 2923 2468 quando
2959 2398 3105 2454 venit
3141 2399 3321 2456 infelix
3365 2413 3418 2457 et

1821 2489 2016 2543 misera
2049 2488 2137 2543 illa
2161 2530 2176 2554 ,
2224 2503 2326 2560 pro
2366 2488 2473 2544 filia
2503 2503 2728 2559 rogans,
2759 2503 3164 2562 aerumnamque
3205 2491 3419 2563 dispelli

1821 2581 2130 2650 supplicans
2149 2620 2163 2645 ,
2198 2591 2323 2636 tunc
2351 2580 2484 2636 dicis
2513 2598 2527 2635 :
2557 2579 2680 2635 Non
2718 2596 2833 2635 sum
2862 2581 3044 2636 missus
3083 2582 3182 2636 nisi
3209 2585 3278 2638 ad
3304 2601 3420 2640 oues

1820 2689 1936 2743 quae
1959 2673 2220 2743 perierunt
2245 2675 2425 2728 domus
2452 2672 2656 2740 Israel;
2684 2683 2879 2729 etcum
2906 2676 3247 2732 centenarius
3266 2692 3421 2735 acce-

1822 2765 1939 2833 dit,
1981 2765 2158 2821 dicis:
2189 2765 2301 2838 Ego
2340 2767 2543 2822 veniens
2586 2768 2776 2821 curabo
2805 2783 2918 2821 eum
2959 2767 3192 2837 (Matth.
3219 2770 3273 2826 8.
3305 2771 3336 2825 7
3360 2773 3419 2841 );

1822 2871 1945 2911 cum
1978 2856 2117 2912 latro
2156 2859 2422 2928 supplicat
2465 2875 2477 2912 :
2523 2857 2693 2912 Hodie
2722 2874 2916 2912 mecum
2957 2859 3056 2913 eris
3093 2861 3146 2914 in
3178 2864 3419 2930 paradiso

1823 2947 1975 3020 (Luc.
2003 2949 2093 3004 23.
2119 2949 2247 3018 45);
2285 2966 2407 3004 cum
2440 2950 2764 3021 paralyticus
2794 2967 2806 3003 :
2840 2949 3043 3021 Surge,
3077 2952 3198 3006 tolle
3240 2954 3420 3008 lectum

1823 3052 1969 3098 tuum
1993 3083 2007 3108 ,
2054 3051 2099 3095 et
2140 3042 2266 3095 uade
2293 3039 2524 3110 (Matth.
2550 3041 2602 3094 9.
2634 3039 2708 3111 6)
2737 3057 2751 3092 :
2782 3055 2904 3095 cum
2933 3041 3136 3097 Lazaro
3164 3043 3420 3114 loqueris,

1823 3134 2056 3202 Lazare,
2096 3133 2206 3188 veni
2248 3137 2389 3204 foras
2424 3131 2626 3204 (Joan.
2655 3133 2740 3188 ll.
2771 3133 2875 3201 45)
2902 3176 2915 3199 ,
2945 3143 3000 3189 et
3037 3136 3422 3205 quatridnanus

1823 3227 2012 3283 exivit.
2038 3226 2308 3298 Leprosos
2335 3225 2584 3293 mundas,
2617 3237 2856 3281 mortuos
2885 3229 3133 3294 suscitas,
3164 3229 3422 3302 paralyti-

1823 3335 1944 3376 cum
1976 3319 2187 3385 firmas,
2217 3334 2392 3374 emcos
2421 3318 2710 3383 illuminas,
2745 3319 2980 3374 latrones
3007 3335 3209 3384 servas.
3242 3337 3422 3378 mere-

1825 3413 2013 3467 tricem
2062 3411 2242 3467 reddis
2283 3411 2487 3482 virgine
2533 3410 2858 3475 castiorem,
2889 3420 2944 3467 et
2986 3413 3109 3467 huic
3153 3413 3286 3468 nihil
3334 3430 3419 3470 re-

1824 3505 2102 3575 spondes?
2139 3505 2309 3572 Quam
2338 3519 2536 3560 novum
2561 3503 2616 3559 id
2641 3505 2654 3559 !
2683 3518 2842 3574 quam
2868 3505 3190 3576 stupendum
3215 3507 3228 3562 l
3252 3521 3423 3579 quam

1826 3598 2099 3654 insolitum
2123 3599 2136 3651 l

1899 3689 1954 3744 7.
1997 3689 2248 3743 Animum
2280 3687 2540 3744 advertite
2570 3689 2875 3760 diligenter,
2909 3698 2966 3744 ut
2989 3689 3209 3745 discatis
3236 3691 3424 3748 mulie-

1828 3781 1903 3837 ris
1924 3781 2228 3837 virilitatem
2251 3796 2313 3836 ac
2339 3781 2546 3836 Domini
2569 3783 2886 3852 sapientiam
2906 3783 3424 3855 providentiamque;

1825 3882 1884 3926 ut
1926 3871 2145 3928 discatis
2190 3887 2371 3928 moras
2416 3872 2622 3928 lucrum
2667 3874 2949 3939 attulisse,
2993 3883 3048 3929 et
3089 3878 3426 3946 negationem

1826 3964 2041 4020 divitias
2072 3964 2382 4035 peperisse;
2414 3975 2470 4019 ut
2499 3965 2544 4020 si
2571 3966 2809 4020 oraveris
2839 3973 2894 4021 et
2933 3972 2989 4020 tu
3013 4008 3027 4029 ,
3063 3975 3116 4022 et
3146 3983 3250 4021 non
3282 3968 3425 4024 acci-

1830 4057 1979 4127 pias,
2011 4071 2300 4126 numquam
2334 4056 2585 4111 desistas.
2618 4059 2868 4112 Animum
2898 4057 3183 4128 diligenter
3207 4057 3425 4122 adhibe.

1827 4146 2051 4214 Quando
2077 4147 2246 4202 Judaei
2277 4148 2346 4202 ab
2372 4147 2689 4219 Egyptiaca
2721 4149 3004 4221 tyrannide
3045 4149 3254 4205 liberati
3281 4161 3427 4214 sunt.
3467 4153 3480 4160 ‘

1827 4249 1882 4294 et
1907 4238 2199 4295 Pharaonis
2232 4254 2423 4294 manus
2450 4239 2752 4310 etlugerunt
2773 4283 2786 4306 ,
2815 4241 2880 4296 ad
2911 4242 3291 4313 desertumque
3317 4257 3432 4314 per~

1829 4340 2104 4399 rexerant,
2139 4331 2385 4387 intraturi
2433 4333 2486 4387 in
2519 4343 2718 4388 terram
2747 4333 3172 4390 Chananmorum
3207 4335 3430 4394 idolola-

1831 4431 2032 4477 trarum
2081 4422 2476 4494 impiorumque
2525 4423 2822 4490 hominum,
2869 4425 2961 4497 qui
3007 4427 3209 4496 lapides
3237 4427 3430 4485 adora-

1831 4513 1978 4577 bant,
2006 4514 2256 4584 lignaque
2287 4515 2555 4579 colebant,
2586 4531 2941 4588 magnamque
2968 4519 3292 4588 impietatem
3321 4537 3432 4590 prre

1830 4620 1890 4662 se
1918 4606 2183 4671 ferebant,
2211 4606 2359 4662 dedit
2390 4609 2518 4678 ipsis
2540 4609 2682 4664 Deus
2711 4610 2847 4665 hanc
2873 4611 3044 4680 legem
3071 4629 3084 4663 ε
3112 4628 3179 4667 ne
3198 4614 3434 4685 accipias

1833 4711 1896 4752 ex
1928 4696 2052 4752 ﬁliis
2075 4712 2260 4752 eorum
2286 4714 2536 4768 generos,
2561 4715 2737 4770 neque
2760 4700 2854 4755 des
2877 4700 3040 4755 filiam
3065 4709 3208 4756 tuam
3237 4719 3430 4758 nurum

1834 4789 1968 4861 ipsis
1995 4793 2012 4863 (
2038 4791 2206 4846 Exod.
2232 4792 2322 4848 25.
2347 4792 2418 4848 ει
2441 4792 2482 4864 ).
2514 4792 2592 4850 Ne
2625 4794 2804 4849 tradas
2850 4795 2951 4848 illis
2979 4809 3168 4865 aurum
3195 4837 3211 4862 ,
3259 4811 3434 4866 neque

1799 4952 1802 4954 γ
1835 4897 2040 4938 mensa!
2071 4883 2384 4939 societatem
2409 4927 2424 4950 ,
2473 4900 2647 4955 neque
2673 4886 3001 4941 consortium
3022 4927 3040 4952 ,
3085 4902 3260 4957 neque
3288 4888 3438 4946 aliud

1835 4974 2106 5046 quidpiam
2139 4976 2316 5032 simile
2342 4993 2356 5042 ;
2403 4978 2528 5048 quia
2571 4979 2767 5049 iniqua:
2798 4988 2922 5034 sunt
2948 4987 3137 5050 gentes
3159 5021 3176 5045 ,
3203 4981 3271 5036 ad
3299 4997 3442 5051 quas

1837 5065 2122 5121 introduco
2169 5076 2254 5131 te,
2298 5077 2354 5123 ut
2395 5068 2671 5138 possideas
2717 5068 2835 5124 illas
2876 5069 3069 5138 (Deut.
3099 5073 3151 5126 7.
3179 5072 3276 5142 3;.
3311 5072 3443 5130 'lloc

1838 5158 1998 5228 igitur
2043 5159 2146 5214 illis
2193 5160 2580 5231 propemodum
2604 5162 2697 5216 'lex
2741 5161 3084 5231 praecipiebat
3117 5181 3132 5218 :
3164 5179 3231 5219 ne
3260 5179 3438 5232 emas,

1839 5264 1906 5304 ne
1934 5250 2133 5304 vendas
2158 5290 2174 5315 ,
2213 5265 2280 5306 ne
2322 5250 2587 5306 connubia
2621 5251 2846 5321 jungas,
2892 5268 3065 5322 neque
3101 5262 3438 5325 contractus,

1837 5341 1931 5395 sed
1970 5342 2070 5396 etsi
2100 5343 2218 5398 loco
2261 5343 2500 5411 vicinus,
2532 5344 2772 5399 moribus
2800 5356 3078 5415 separatus
3120 5358 3257 5405 esto.
3297 5351 3440 5409 Nihil

1841 5435 1932 5489 tibi
1962 5435 2030 5489 sit
2059 5449 2344 5490 commune
2370 5450 2490 5491 cum
2522 5435 2646 5502 illis,
2679 5451 2785 5490 non
2819 5448 2992 5506 pacta,
3026 5455 3132 5494 non
3162 5443 3435 5500 venditio-

1841 5543 1956 5592 nes,
1983 5541 2089 5581 non
2109 5527 2428 5598 emptiones,
2451 5542 2556 5582 non
2577 5529 2950 5593 matrimonia;
2985 5547 3052 5586 ne
3081 5531 3216 5589 forte
3243 5549 3441 5606 cogna-

1843 5620 2004 5674 tionis
2033 5621 2326 5676 necessitas
2355 5619 2407 5674 id
2434 5618 2628 5675 efflciat
2655 5627 2714 5674 ut
2745 5620 2796 5673 in
2828 5619 3155 5692 impietatem
3187 5625 3441 5693 prolaba-

1841 5711 1917 5767 ris
1946 5728 1960 5762 :
1991 5725 2059 5766 ne
2080 5709 2206 5765 dum
2233 5710 2336 5766 illis
2360 5710 2457 5765 das
2479 5719 2534 5766 et
2557 5709 2624 5765 ab
2651 5709 2754 5766 illis
2774 5710 2994 5781 accipis,
3021 5712 3229 5768 amicus
3249 5729 3436 5770 eorum

1842 5803 1939 5859 fias
1969 5821 1984 5857 :
2016 5803 2108 5860 sed
2156 5804 2229 5858 illi
2279 5819 2492 5872 semper
2538 5803 2787 5857 inimicus
2815 5813 2951 5857 esto.
2985 5803 3126 5858 Nihil
3159 5804 3250 5858 tibi
3281 5819 3434 5859 como

1845 5911 2006 5954 mune
2051 5898 2120 5954 sit
2162 5912 2283 5954 cum
2332 5896 2685 5962 Chananaris;
2732 5911 2799 5953 ne
2841 5911 3030 5953 aurum
3077 5897 3291 5954 illorum
3317 5936 3334 5967 ,
3366 5912 3437 5958 ne
