4104 6506
670 458 771 523 iss

672 582 970 648 argentum,
1000 584 1069 624 ne
1092 572 1315 626 vestem,
1347 575 1415 616 ne
1446 559 1631 622 tiliam,
1662 572 1729 611 ne
1756 547 2238 648 lilium,‘nec-aliutl

672 642 940 738 quidpiam
986 656 1160 713 simile
1187 652 1456 721 accipias;
1506 648 1601 703 sed
1636 648 1748 717 ipse
1790 642 2236 738 seorsimdegas.

676 733 930 824 Linguam
962 748 1129 802 habes
1157 755 1208 799 te
1234 750 1567 812 separantem
1585 780 1601 804 ,
1648 738 1924 807 legemque
1958 735 2049 788 tibi
2078 733 2199 786 dedi
2226 749 2239 785 :

674 851 997 919 quapropter
1037 840 1120 894 lex
1149 850 1308 905 sepes
1333 842 1570 888 vocatur.
1610 828 2062 919 Quemadmodum
2102 825 2242 879 enim

679 917 831 993 vinea
856 945 982 1002 sepe
1008 925 1387 991 circumdatur,
1424 923 1502 977 sic
1524 930 1579 977 et
1603 919 1770 975 .ludtei
1798 921 1913 988 lege
1935 917 2247 971 circummu-

677 1029 912 1089 niuntur,
955 1028 1014 1075 ut
1048 1032 1116 1072 ne
1158 1015 1293 1070 hanc
1319 1010 1765 1082 transgredientes
1789 1022 1909 1063 cum
1934 1005 2248 1061 Cbananaais

679 1117 1023 1173 misceantur.
1050 1108 1215 1162 Erant
1242 1105 1383 1159 enim
1410 1101 1547 1172 apud
1578 1102 1697 1155 illos
1728 1098 1903 1167 iniqua
1930 1094 2247 1151 commercia

675 1197 975 1268 depravata:
1026 1200 1229 1247 natura:
1276 1188 1454 1257 leges:
1495 1179 1850 1237 adorabantur
1898 1174 2058 1268 idola,
2106 1173 2247 1241 ligna

676 1264 1006 1349 colebantur,
1039 1283 1179 1336 Deus
1202 1274 1525 1334 contumelia
1557 1270 1907 1333 afﬁciebatur,
1939 1264 2030 1320 lilii
2056 1270 2250 1318 macta-

681 1378 893 1440 bantur,
919 1382 1097 1445 patres
1120 1367 1571 1440 tlt‘spiciebantur,
1606 1368 1805 1417 matres
1846 1354 2260 1414 contemneban-

682 1480 788 1539 tur,
812 1468 986 1525 omnia
1016 1467 1288 1521 immutata
1316 1469 1487 1525 erant,
1515 1458 1694 1515 omnia
1736 1454 2013 1516 suhversa,
2062 1448 2261 1539 damo—

683 1538 809 1618 num
837 1574 983 1615 more
1002 1556 1271 1613 vivebant.
1296 1552 1524 1622 Ideoque
1546 1549 1689 1604 nulla
1714 1542 2032 1602 commercia
2060 1538 2264 1595 inibant

682 1668 805 1708 cum
836 1650 977 1715 illis,
1020 1646 1150 1703 nihil
1177 1646 1307 1716 ipsis
1347 1641 1667 1705 vendebant,
1710 1636 1803 1693 sed
1834 1636 1920 1691 lex
1948 1632 2153 1701 magnis
2180 1630 2264 1683 in-

682 1743 840 1799 dictis
888 1740 1057 1813 prenis
1083 1737 1296 1793 vetabat
1338 1732 1601 1791 connubia
1626 1745 1748 1786 cum
1769 1728 1893 1790 illis,
1920 1734 2092 1797 pecta,
2133 1737 2265 1776 vcn-

685 1833 915 1888 ditiones
963 1849 975 1885 :
1032 1828 1269 1897 nihilque
1320 1837 1603 1882 commune
1646 1836 1767 1877 cum
1807 1818 1938 1889 ipsis
1981 1814 2264 1869 habebant.

689 1926 913 1981 Cautum
956 1924 1118 1993 igitur
1145 1920 1261 1990 lege
1290 1928 1445 1985 erat,
1496 1930 1566 1971 ne
1609 1922 1763 1984 pacta
1792 1925 1913 1966 cum
1952 1906 2267 1963 Chananteis

692 2020 970 2083 inirentur,
1000 2030 1066 2071 ne
1091 2028 1278 2069 aurum
1301 2012 1432 2082 ipsis
1457 2008 1780 2070 traderetur,
1810 2018 1911 2060 nec
1939 2000 2082 2057 aliud
2108 1998 2263 2069 quid-

692 2114 855 2183 piam,
887 2124 954 2166 ne
990 2108 1219 2164 amicitia
1239 2104 1527 2175 impietatis
1568 2102 1778 2157 occasio
1804 2104 1981 2162 esset;
2014 2096 2097 2150 lex
2125 2092 2271 2163 ipsos

692 2203 839 2274 quasi
860 2216 1017 2273 sepes
1044 2196 1542 2257 circummuniebat.
1578 2193 1807 2257 Vineam,
1836 2190 2024 2261 inquit,
2048 2186 2269 2257 planlovi

694 2304 741 2347 et
770 2310 935 2363 sepem
962 2291 1063 2361 ipsi
1085 2286 1391 2345 circumdedi
1420 2284 1591 2356 (Isai.
1620 2283 1672 2338 5.
1706 2283 1755 2337 l.
1783 2280 1854 2351 2)
1876 2321 1890 2343 .
1921 2278 1974 2335 itl
1993 2286 2077 2333 est
2100 2276 2270 2346 legem

697 2400 801 2439 non
843 2382 1047 2452 spinis,
1088 2379 1184 2435 sed
1244 2376 1507 2433 mandatis
1550 2381 1918 2435 constantem,
1961 2382 2078 2439 qua:
2130 2367 2274 2436 ipsos

697 2476 1050 2530 communiret
1098 2482 1149 2527 et
1196 2476 1490 2542 separaret.
1545 2463 1939 2521 Abominahiles
1965 2474 2096 2531 ergo
2123 2466 2275 2514 erant

695 2565 987 2622 Cbananwi
1007 2606 1023 2631 ,
1049 2560 1359 2619 exsecrandi
1386 2600 1402 2627 ,
1434 2556 1582 2628 impii
1608 2598 1623 2623 ,
1650 2552 1896 2616 scelesti,
1920 2550 2144 2622 impuri,
2174 2550 2274 2603 im-
2298 2574 2304 2592 ι

702 2658 927 2724 mundi;
979 2656 1203 2725 ideoque
1240 2667 1306 2707 ne
1344 2649 1529 2706 audire
1578 2645 1792 2718 quidem
1855 2643 1974 2698 illos
2029 2640 2279 2696 volebant

702 2752 870 2808 Judaei
894 2750 1064 2819 legem
1095 2760 1247 2801 suam
1300 2742 1597 2812 implentes.
1640 2737 1773 2793 Cum
1799 2749 1927 2805 ergo
1948 2733 2062 2788 htec
2089 2731 2281 2787 mulier

703 2859 769 2899 ex
796 2839 1110 2897 Chananmis
1137 2844 1280 2892 esset
1336 2837 1497 2905 (nam
1539 2832 1672 2886 Ecce
1714 2828 1921 2893 mulier,
1972 2825 2173 2897 inquit,
2219 2840 2282 2879 ea;

706 2934 890 3002 ﬁnibus
915 2931 1017 2985 illis
1036 2943 1233 3001 egressa
1252 2936 1323 2981 est
1342 2920 1361 2993 f
1389 2924 1572 2978 Matth.
1613 2918 1701 2974 15.
1714 2916 1854 2989 22]),
1870 2920 2015 2989 quia,
2042 2918 2277 2987 inquam,

710 3024 825 3079 h:ec
871 3022 1064 3078 mulier
1105 3034 1170 3075 ex
1213 3014 1525 3073 Chananaeis
1544 3022 1679 3077 erat,
1710 3010 2000 3067 etaccessit
2021 3009 2088 3064 ad
2119 3008 2279 3064 Chri-

708 3126 871 3182 stum,
899 3115 1020 3170 ideo
1046 3112 1276 3177 dicebat,
1302 3109 1429 3177 Quis
1455 3123 1516 3161 ea:
1537 3105 1673 3160 vobis
1699 3113 1873 3176 arguet
1893 3119 1971 3159 me
1992 3102 2055 3157 de
2079 3098 2281 3173 peccato

708 3206 909 3280 (Joan.
932 3206 983 3260 8.
1014 3204 1082 3258 l6
1107 3204 1123 3269 )
1144 3204 1168 3256 τ
1192 3217 1322 3280 num
1352 3200 1519 3268 legem
1550 3206 1914 3280 transgressus
1946 3192 2102 3280 sum?
2149 3189 2281 3248 Cum

704 3272 845 3335 éuim
876 3281 1034 3332 immo
1061 3283 1223 3342 esset,
1262 3278 1489 3330 humana
1517 3272 1804 3329 exhibebat
1828 3272 2021 3329 ofﬁcia.

776 3370 831 3424 8.
871 3367 1098 3422 Christus
1128 3366 1287 3435 legem
1308 3363 1529 3434 implevit
1554 3403 1569 3429 ,
1599 3379 1752 3432 quare
1773 3364 1798 3417 i’
1816 3393 1888 3404 —
1912 3364 2009 3420 Hic
2056 3365 2270 3421 demum

706 3459 963 3517 attendite
987 3458 1288 3527 diligenter.
1337 3456 1467 3523 Quia
1504 3456 1695 3511 mulier
1726 3456 2022 3512 Chananma
2064 3468 2181 3515 erat
2217 3470 2272 3516 et

705 3567 772 3607 ex
806 3550 995 3605 finibus
1024 3549 1145 3610 illis,
1192 3546 1279 3602 ubi
1323 3548 1522 3611 rabies,
1573 3546 1755 3613 furor,
1796 3557 1851 3603 et
1892 3550 2153 3620 impietas,
2185 3554 2271 3607 ubi

708 3642 903 3697 diaboli
936 3640 1172 3711 tyrannis
1197 3680 1211 3705 ,
1243 3638 1543 3694 daemonum
1570 3638 2013 3697 debacchationes
2038 3682 2054 3707 ,
2087 3652 2271 3697 natura

706 3731 1013 3788 conculcata
1038 3745 1053 3794 ;
1084 3728 1173 3783 ubi
1202 3728 1269 3783 ad
1296 3729 1571 3783 brutorum
1594 3729 1777 3784 brutos
1798 3730 2018 3786 allectus
2042 3732 2273 3788 devoluti

707 3832 879 3885 erant,
907 3831 960 3875 et
987 3820 1051 3873 ad
1076 3819 1374 3873 dmmonutn
1404 3818 1631 3885 furores,
1659 3828 1714 3874 et
1754 3820 1875 3889 quia
1904 3822 1983 3876 lex
2013 3823 2277 3893 praecipie-

710 3917 801 3971 bat
840 3911 973 3967 nihil
1014 3912 1107 3965 tibi
1151 3910 1219 3965 sit
1259 3925 1379 3966 cum
1408 3911 1741 3979 Chananteis,
1791 3928 1857 3969 ue
1891 3914 1998 3970 'des
2039 3916 2161 3981 illis,
2210 3934 2275 3971 ne

709 4004 937 4073 accipias
964 4003 1030 4056 ab
1057 4002 1176 4066 illis,
1200 4016 1267 4057 ne
1296 4017 1513 4057 uxorem
1539 4003 1726 4070 ducas,
1751 4021 1819 4060 ne
1841 4006 2001 4061 lilium
2027 4010 2273 4077 accipias,

716 4110 782 4149 ue
811 4100 962 4162 pacta
994 4092 1159 4153 ineas,
1206 4091 1291 4145 vel
1317 4102 1614 4158 conventa;
1656 4110 1778 4149 nam
1805 4097 1923 4151 ideo
1950 4112 2129 4167 sepem
2170 4099 2277 4154 cir-

712 4181 1025 4251 cumposui;
1070 4179 1415 4251 Cbristusque
1441 4183 1659 4238 veniens
1696 4183 1967 4239 hominum
1994 4189 2281 4257 assumpsit

714 4287 884 4337 arma,
910 4284 1009 4325 suo
1034 4280 1271 4340 tempore
1293 4271 1634 4328 circumcisus
1655 4282 1757 4341 est,
1781 4276 2038 4330 sacrificia
2066 4278 2276 4345 obtulit,

713 4362 1007 4417 oblationes
1053 4368 1109 4415 et
1150 4360 1251 4414 alia
1298 4361 1511 4428 omnia,
1560 4376 1681 4418 cum
1722 4363 1893 4433 legem
1934 4365 2278 4436 abrogaturus

714 4460 896 4515 esset;
937 4466 1003 4506 ne
1032 4450 1325 4519 objicerent
1349 4493 1363 4517 ,
1395 4451 1475 4507 Eo
1501 4453 1641 4523 quod
1686 4469 1791 4509 non
1839 4466 2017 4525 posset
2059 4458 2280 4527 implere

718 4542 888 4612 legem
914 4582 930 4607 ,
977 4539 1097 4594 ideo
1140 4556 1259 4596 eam
1310 4542 1628 4613 abrogavit:
1673 4543 1817 4615 prius
1862 4544 2028 4616 ipsam
2076 4548 2276 4618 implet,

720 4642 903 4705 postea
930 4633 1185 4703 abrogat;
1231 4646 1298 4689 ne
1322 4645 1477 4704 putes
1506 4636 1675 4705 ipsum
1720 4637 1939 4707 implere
1968 4654 2070 4693 non
2101 4655 2276 4708 posse,

720 4725 896 4779 omnia
925 4725 1214 4779 secundum
1248 4741 1450 4780 morem
1488 4728 1808 4797 exsequitur.
1851 4728 2131 4799 Propterea
2173 4731 2280 4785 cla-

722 4826 831 4872 mat
858 4816 941 4872 his
970 4816 1143 4870 verbis
1174 4832 1188 4867 :
1224 4816 1347 4883 Quis
1389 4833 1452 4870 ea:
1478 4818 1613 4871 vobis
1651 4829 1824 4889 arguet
1862 4836 1939 4872 me
1980 4822 2041 4875 de
2081 4832 2281 4889 peccato

722 4908 900 4975 (Joan.
931 4908 985 4962 8.
1014 4905 1151 4974 l6)?
1178 4906 1311 4960 Cum
1338 4907 1513 4976 itaque
1542 4906 1667 4962 illud
1692 4908 1850 4963 etiam
1878 4909 1943 4963 ad
1974 4911 2139 4980 legem
2172 4927 2278 4981 per-

725 5001 933 5063 tineret,
959 5012 1025 5053 ne
1047 4996 1171 5066 quid
1191 5010 1472 5053 commune
1497 5012 1617 5054 cum
1636 4991 1951 5054 Cbanauazis
1979 5002 2280 5068 haberetur;

723 5106 792 5145 ne
820 5092 992 5160 ipsum
1036 5089 1203 5144 ludmi
1251 5090 1552 5145 incusarent
1596 5091 1936 5162 dicerentque
1967 5111 1980 5147 :
2014 5093 2133 5149 ldeo
2176 5112 2279 5150 non

718 5180 981 5234 credimus
1011 5179 1125 5245 tibi,
1156 5179 1296 5249 quod
1326 5180 1400 5234 sis
1431 5181 1671 5250 iniquus,
1703 5183 1841 5250 quod
1872 5183 2038 5254 legem
2064 5188 2238 5241 solvas
2266 5206 2279 5240 :

722 5288 773 5326 ιιι
808 5282 1001 5325 terram
1026 5269 1439 5327 Chananaaorum
1465 5271 1672 5335 abiisti,
1718 5282 1915 5328 etcum
1954 5274 2018 5329 iis
2056 5275 2281 5332 habuisti

722 5362 1043 5417 consortium
1070 5402 1085 5427 ,
1115 5360 1240 5415 licet
1269 5360 1319 5414 id
1362 5360 1476 5431 lege
1516 5363 1897 5432 prohibeatur:
1946 5366 2063 5421 ideo
2105 5371 2283 5425 statim

725 5450 854 5504 nihil
884 5450 1212 5520 loquebatur.
1261 5452 1486 5505 Attende
1523 5454 1788 5522 quomodo
1831 5454 2001 5526 legem
2047 5458 2281 5526 impleat,

724 5554 824 5594 nec
864 5541 1086 5593 salutem
1128 5541 1302 5593 statim
1352 5541 1631 5610 impertiat,
1673 5544 1989 5616 Judazosque
2031 5547 2279 5613 refrenet,

722 5637 777 5683 et
803 5628 940 5683 hanc
967 5638 1187 5683 recreet.
1220 5628 1320 5683 Ille
1347 5640 1509 5683 autem
1527 5672 1543 5697 ,
1589 5633 1789 5704 inquit,
1833 5653 1935 5690 non
1960 5639 2213 5708 respondit
2240 5640 2286 5693 ei

725 5720 941 5771 tertium.
970 5716 1046 5772 Ne
1076 5720 1347 5774 incusandi
1377 5723 1707 5779 occasionem
1736 5726 1997 5796 arripias;
2024 5742 2148 5785 cccc
2176 5746 2280 5786 non

720 5805 912 5876 loquor
931 5849 947 5876 ,
977 5826 1081 5864 non
1111 5824 1409 5867 sermonem
1444 5816 1641 5873 misceo
1670 5835 1683 5872 :
1716 5819 1864 5877 adest
1892 5821 2163 5878 calamitas
2185 5866 2198 5891 ,
2231 5832 2285 5880 et

1357 448 1416 504 S.
1457 442 1733 503 IOANNIS
1757 436 2225 498 ειιιιῖεοετοιιι
2267 434 2581 491 ARCIIIEP.
2621 431 3155 491 CONSTANTINOP.

3830 434 3945 488 456

2344 546 2486 616 quod
2515 547 2664 602 soleo
2709 546 2917 609 facere,
2959 560 3062 600 non
3106 543 3373 599 exhibeo:
3403 558 3530 599 ecce
3573 541 3944 613 naufragium,

2346 647 2400 692 et
2427 653 2527 707 ego
2553 637 2878 707 gubernator
2906 652 3011 691 non
3050 636 3201 691 solvo
3232 644 3600 705 tempestatem
3629 636 3703 692 ob
3730 635 3944 705 impro-

2350 728 2473 783 hum
2501 728 2737 782 animum
2763 740 3020 790 vestrum,
3070 743 3137 781 ne
3168 726 3275 781 ulla
3314 726 3384 781 sit
3409 725 3560 780 vobis
3599 723 3946 781 detractandi

2347 822 2579 875 occasio.
2614 819 2749 873 Ecce
2776 819 2969 874 mulier
2994 828 3321 888 spectatores
3366 818 3493 873 mihi
3537 819 3739 873 circum
3765 814 3947 871 advo-

2348 911 2509 975 cavit,
2537 918 2593 964 ct
2620 908 2853 963 nondum
2880 910 2929 963 ei
2957 908 3241 977 respondi;
3286 922 3354 963 ne
3380 908 3590 972 dicatis,
3626 907 3703 962 Te
3725 906 3951 962 Chana-

2353 1000 2483 1053 nazis
2529 997 2823 1063 tradidisti,
2868 1007 2921 1053 et
2964 997 3136 1067 legem
3184 1008 3545 1069 transgressus
3589 1014 3667 1060 es,
3714 1005 3769 1052 et
3813 996 3958 1051 hinc.

2352 1091 2503 1145 nobis
2531 1090 2743 1144 occasio
2774 1088 2864 1143 tibi
2910 1104 3014 1143 non
3059 1088 3332 1145 credendi.
3376 1089 3756 1144 Animadverte
3796 1101 3949 1153 quo-

2350 1180 2514 1237 modo
2536 1180 2741 1235 mulieri
2764 1195 2870 1235 non
2891 1180 3249 1249 responderit,
3269 1189 3325 1234 ut
3344 1178 3691 1250 responderet
3704 1177 3947 1235 Iudmis:

2355 1272 2622 1327 silentium
2652 1286 2775 1341 erga
2805 1270 3083 1325 mulierem
3109 1310 3125 1335 ,
3172 1285 3273 1324 vox
3316 1278 3432 1325 erat
3472 1285 3591 1341 qua:
3628 1269 3951 1324 Judsorum

2351 1363 2652 1434 improbum
2681 1362 2916 1416 animum
2951 1362 3225 1432 arguebat.

2428 1454 2482 1510 9.
2525 1454 2651 1510 Haec
2673 1462 2849 1508 autem
2880 1452 3106 1507 faciebat
3130 1466 3237 1507 non
3259 1451 3556 1507 secundum
3585 1467 3735 1507 suam
3762 1451 3950 1522 digni-

2356 1557 2517 1604 tatem
2540 1589 2557 1615 ,
2587 1546 2682 1604 sed
2708 1546 2925 1603 illorum
2954 1558 3014 1601 se
3044 1544 3336 1600 infirmitati
3374 1552 3760 1614 attemperans.
3808 1542 3953 1598 Natu

2353 1653 2475 1695 cum
2519 1638 2789 1709 leprosum
2833 1636 3115 1691 mundaret
3136 1675 3152 1701 ,
3185 1634 3318 1690 dixit
3339 1675 3355 1697 ,
3389 1633 3565 1701 Vade,
3602 1634 3731 1703 oﬂ'er
3756 1652 3957 1689 inuitus

2354 1739 2519 1799 tuum,
2541 1731 2675 1802 quod
2706 1730 2948 1801 praeepit
2982 1728 3186 1799 Moyses
3215 1726 3436 1799 (Matth.
3465 1727 3518 1783 8.
3546 1728 3637 1798 4).
3663 1727 3746 1783 Tu
3786 1742 3957 1782 mutt-

2355 1822 2525 1899 dasti,
2556 1830 2611 1878 et
2653 1822 2819 1877 mittis
2858 1820 3006 1874 illum
3043 1818 3113 1874 ad
3151 1818 3321 1888 legem
3350 1817 3563 1889 Moysis.
3596 1818 3791 1872 Etiam.
3840 1815 3961 1871 Cur

2356 1913 2503 1969 hoc?
2545 1913 2773 1983 Propter
2796 1910 3037 1973 Iudaeos,
3069 1924 3135 1964 ne
3162 1923 3248 1963 me
3277 1908 3483 1963 violata:
3514 1908 3643 1978 legis
3669 1916 3955 1962 accusent;

2361 2003 2485 2059 Ideo
2514 2018 2637 2058 cum
2663 2002 2935 2071 leprosum
2966 1998 3261 2064 mundavit,
3290 1997 3341 2052 id
3367 1998 3578 2052 insolito
3599 1998 3761 2052 modo
3791 1996 3921 2051 fecit
3946 2014 3958 2049 ;

2360 2093 2481 2149 audi
2527 2091 2813 2163 quomodo.
2878 2090 2944 2145 Et
2986 2106 3099 2145 ecce
3146 2091 3380 2159 leprosus
3446 2089 3689 2143 accedens
3740 2087 3962 2158 rogabat

2361 2202 2472 2242 eum
2510 2185 2721 2240 dicens:
2750 2184 2999 2249 Domine,
3044 2183 3088 2238 si
3126 2183 3234 2248 vis,
3269 2192 3409 2251 potos
3450 2199 3529 2237 me
3566 2184 3817 2235 "tundore
3838 2197 3859 2245 ;
3906 2191 3955 2233 et

2362 2278 2631 2331 attendens
2660 2291 2867 2329 manum
2890 2291 3035 2329 suam
3061 2274 3220 2344 tetigit
3241 2290 3355 2327 eum
3382 2274 3557 2327 dicens
3585 2289 3602 2327 :
3632 2272 3784 2335 Volo,
3806 2289 3960 2325 muns

2363 2368 2486 2423 dare
2522 2366 2738 2437 (Matth.
2761 2366 2815 2421 8.
2837 2366 2891 2420 2.
2922 2366 3002 2435 5).
3045 2364 3347 2421 Secundum
3390 2366 3557 2435 legem
3604 2380 3709 2419 non
3760 2364 3966 2420 licebat

2365 2458 2638 2528 leprosum
2665 2466 2901 2527 tangere.
2924 2455 3058 2511 Cum
3088 2471 3217 2527 ergo
3238 2457 3382 2511 venit
3404 2455 3651 2511 Neaeman
3677 2455 3787 2509 dux
3809 2470 3968 2510 exer-

2369 2550 2507 2604 citus
2532 2548 2775 2616 leprosus
2801 2549 2867 2602 ad
2896 2546 3143 2601 Elisazum
3172 2548 3509 2617 prophetam,
3535 2547 3664 2601 dicit
3695 2547 3772 2601 illi
3797 2546 3963 2601 disci-

2368 2642 2544 2711 pulus,
2587 2640 2727 2696 Ecce
2754 2640 2998 2713 leprosus
3039 2640 3285 2710 princeps
3327 2638 3528 2693 militia:
3571 2638 3703 2693 foris
3747 2649 3836 2693 est
3864 2638 3960 2708 (4.

2372 2732 2499 2803 Reg.
2526 2732 2602 2801 5).
2633 2729 2726 2786 Ille
2751 2743 2881 2785 vero
2908 2730 3070 2783 mittit
3096 2729 3409 2798 discipulum
3452 2730 3540 2799 qui
3580 2728 3679 2797 ipsi
3705 2728 3921 2783 diceret
3949 2746 3964 2780 :

2384 2821 2521 2876 Vade
2546 2822 2771 2876 lavatum
2807 2820 2875 2873 ad
2895 2820 3175 2873 Iordanem
3201 2821 3415 2889 [luvium
3458 2819 3574 2889 (Ib.
3604 2836 3654 2874 υ.
3681 2819 3787 2888 10)
3813 2835 3831 2885 ;
3864 2834 3969 2874 nec

2368 2928 2532 2967 ausus
2554 2922 2636 2967 est
2660 2912 2774 2981 ipse
2801 2910 3004 2982 egredi,
3037 2928 3136 2967 nec
3162 2912 3343 2968 videre
3372 2914 3639 2983 leprosum
3662 2952 3679 2979 ,
3708 2914 3969 2982 ipsumve

2372 3013 2609 3075 tangere.
2638 3002 2773 3072 Quia
2818 3006 2977 3075 igitur
3002 3004 3275 3059 inundavit
3302 3005 3526 3060 Elisteus
3558 3004 3868 3075 leprosum,
3901 3020 3969 3059 ne

2371 3095 2610 3151 dicerent
2632 3096 2801 3151 Iudmi
2826 3097 2998 3167 ipsum
3025 3096 3215 3152 eodem
3241 3113 3345 3167 quo
3371 3098 3593 3153 Elistcus
3619 3098 3782 3152 modo
3803 3113 3970 3153 mun-

2370 3187 2527 3243 dasse
2548 3228 2565 3254 ,
2597 3188 2718 3244 ideo
2756 3189 2977 3244 Elisaaus
3004 3190 3215 3259 quidem
3245 3205 3353 3244 non
3399 3205 3561 3245 ausus
3588 3199 3675 3245 est
3700 3199 3970 3259 tangere;

2373 3279 2460 3334 hic
2486 3294 2615 3335 vero
2641 3280 2805 3350 tangit
2831 3289 2887 3335 et
2916 3280 3066 3347 dicit,
3105 3279 3258 3341 Volo,
3286 3280 3571 3344 mundare;
3598 3291 3645 3335 et
3682 3280 3970 3334 extendens

2373 3386 2579 3425 manum
2618 3370 2776 3441 tetigit
2819 3371 3095 3439 leprosum.
3139 3371 3248 3425 Cur
3291 3371 3503 3440 tetigit?
3552 3370 3619 3427 Ut
3663 3378 3718 3426 te
3742 3371 3973 3426 doceret

2374 3475 2435 3516 se
2481 3475 2588 3515 non
2630 3474 2752 3515 esse
2794 3475 3008 3516 servum
3054 3461 3156 3531 legi
3200 3461 3489 3525 subditum,
3532 3460 3629 3517 sed
3672 3460 3965 3517 dominum

2375 3550 2478 3621 legi
2524 3551 2896 3620 imperantem.
2942 3550 3223 3619 Quomodo
3278 3552 3435 3623 igitur
3481 3552 3650 3621 legem
3681 3556 3973 3609 servavit!

2377 3642 2529 3708 Quod
2568 3642 2785 3707 dixerit,
2838 3640 2985 3708 Volo,
3028 3643 3293 3709 mundare,
3334 3653 3518 3698 etnon
3561 3644 3743 3699 statim
3792 3646 3975 3713 ipsum

2378 3734 2627 3803 tetigerit.
2673 3734 2955 3789 Prazcessit
2983 3749 3160 3789 sermo
3180 3774 3196 3800 ,
3226 3734 3434 3804 fugatus
3464 3742 3547 3790 est
3570 3735 3793 3790 morbus
3818 3752 3836 3795 :
3870 3736 3973 3792 de-

2380 3825 2502 3879 inde
2528 3823 2698 3892 tetigit
2729 3825 3081 3891 immundum,
3111 3835 3167 3881 et
3190 3825 3345 3893 dixit,
3377 3825 3523 3891 Volo,
3547 3827 3823 3881 mundare.
3853 3828 3974 3897 Qua

2381 3914 2630 3969 ratione?
2670 3914 2737 3967 Et
2775 3917 2945 3969 statim
2984 3916 3254 3969 mundatus
3282 3927 3375 3970 est.
3424 3917 3540 3972 Non
3585 3918 3756 3987 potuit
3801 3934 3977 3973 evan-

2379 4006 2565 4075 gelista
2596 4020 2779 4061 vocem
2810 4007 3045 4074 reperire
3073 4008 3406 4061 velocitatem
3449 4007 3742 4064 curationis
3781 4010 3974 4081 expri-

2381 4106 2613 4151 mentem
2639 4111 2654 4160 ;
2684 4111 2805 4150 nam
2827 4096 2979 4165 illud,
3004 4098 3194 4162 statim,
3219 4098 3379 4153 etiam
3408 4098 3609 4154 tardius
3635 4115 3749 4154 rem
3774 4100 3977 4156 iactam

2381 4188 2661 4259 signiﬁcat.
2704 4188 2928 4253 Statim;
2956 4190 3267 4260 quomodo?
3313 4190 3481 4245 Simul
3510 4205 3761 4261 egressus
3786 4208 3978 4247 sermo

2382 4289 2483 4343 est,
2512 4290 2565 4335 et
2592 4277 2801 4351 fugatus
2827 4289 2910 4335 est
2936 4282 3176 4344 morbus,
3206 4281 3380 4351 iugata
3408 4292 3489 4336 est
3516 4282 3687 4351 lepra,
3711 4281 3978 4353 deinceps

2382 4372 2613 4429 mundus
2632 4382 2749 4428 erat
2771 4373 3033 4442 leprosus.
3065 4372 3349 4451 Propterea
3374 4372 3538 4427 dicit:
3572 4370 3727 4435 Vade,
3752 4373 3976 4438 teipsum

2382 4465 2586 4520 ostende
2623 4464 2901 4526 sacerdoti,
2932 4474 2978 4517 et
3004 4464 3131 4531 oﬂ'er
3160 4466 3349 4518 donum
3368 4505 3383 4532 ,
3414 4464 3552 4534 quod
3578 4465 3734 4535 jussit
3764 4464 3979 4537 Moyses

2383 4555 2436 4608 in
2466 4556 2799 4609 testimonium
2848 4554 2973 4609 illis.
3018 4555 3267 4624 Quibus?
3292 4556 3512 4623 Judzeis,
3557 4572 3626 4612 ne
3664 4557 3852 4613 dicant
3889 4575 3979 4613 me

2385 4645 2556 4715 legem
2586 4645 2901 4716 transgredi.
2934 4645 3047 4717 Ego
3069 4648 3250 4702 sanavi
3270 4689 3286 4713 ,
3312 4656 3368 4702 et
3394 4647 3513 4704 dico
3537 4665 3551 4700 :
3582 4646 3726 4715 Offer
3753 4649 3975 4711 danunt.

2384 4735 2675 4792 secundum
2702 4736 2895 4805 legem,
2919 4745 2977 4792 ut
3003 4736 3054 4792 in
3083 4737 3172 4794 die
3198 4738 3285 4793 illa
3312 4739 3555 4808 leprosus
3580 4738 3725 4808 ipsos
3752 4753 3974 4797 accuset

2386 4825 2469 4879 his
2492 4826 2695 4891 verbis,
2745 4826 3005 4896 Prmcepit
3047 4827 3178 4881 mihi
3222 4828 3423 4881 donum
3454 4829 3748 4883 secundum
3794 4830 3978 4901 legem

2386 4915 2597 4971 olTerre.
2628 4916 2705 4970 Ac
2749 4916 3195 4985 quemadmodum
3242 4917 3404 4973 multa
3452 4917 3680 4972 iaciebat
3718 4919 3976 4977 Christus

2386 5016 2606 5076 propter
2645 5005 2881 5073 Iudaaos,
2922 5016 2982 5061 ut
3020 5008 3072 5063 in
3111 5007 3360 5064 omnibus
3403 5009 3551 5079 ipsos
3579 5009 3982 5068 inexcusabiles

2387 5096 2675 5151 redderet:
2705 5098 2775 5151 ita
2805 5107 2859 5153 et
2882 5100 2967 5153 hic
2989 5097 3131 5154 fecit.
3162 5100 3406 5155 Miserere
3430 5101 3547 5165 mei,
3572 5102 3691 5172 quia
3719 5101 3838 5172 ﬁlia
3867 5121 3980 5159 mea

2386 5189 2517 5243 male
2545 5205 2577 5242 a
2604 5189 2853 5244 dmonio
2896 5200 3121 5245 vexatur.
3154 5190 3257 5246 Ille
3293 5208 3408 5246 vero
3432 5208 3532 5247 non
3559 5193 3906 5263 respondebat
3935 5197 3983 5249 ei

2386 5282 2607 5335 verbum.
2657 5281 2955 5338 Aceedentes
3001 5295 3169 5338 autem
3213 5284 3448 5355 discipuli
3498 5286 3566 5337 ad
3610 5302 3724 5338 eum
3771 5286 3979 5351 dicunt,

2390 5371 2596 5427 Dimitte
2617 5373 2777 5435 illam,
2799 5375 2917 5443 quia
2937 5375 3121 5429 clamat
3150 5385 3257 5445 post
3278 5392 3368 5430 nos
3390 5376 3606 5445 (Matth.
3629 5376 3713 5431 l5.
3736 5374 3830 5429 22.
3858 5378 3979 5449 25).

2386 5462 2523 5529 Quid
2556 5464 2713 5533 igitur
2740 5464 2869 5519 ille?
2912 5465 3031 5520 Non
3076 5482 3188 5519 sum
3226 5467 3411 5521 missus
3458 5467 3554 5520 nisi
3597 5468 3667 5520 ad
3712 5483 3833 5523 oves
3863 5488 3984 5540 qua:

2390 5555 2643 5621 perierunt
2667 5556 2844 5611 domus
2876 5555 3037 5611 Israel
3066 5556 3239 5628 (Ibid.
3260 5575 3307 5611 υ.
3329 5559 3401 5613 24
3421 5558 3460 5628 ).
3489 5557 3566 5613 Ne
3602 5558 3854 5613 dicerent
3880 5561 3977 5616 Ju-

2386 5643 2487 5697 dasi
2517 5663 2529 5698 :
2555 5644 2662 5699 Nos
2689 5646 2958 5714 dimisisti,
2988 5658 3043 5703 et
3071 5649 3135 5702 ad
3166 5660 3449 5704 extraneos
3474 5650 3753 5719 perrexisti
3771 5691 3788 5714 ,
3824 5652 3983 5706 ideo-

2392 5748 2496 5803 que
2537 5735 2629 5791 tibi
2670 5752 2774 5792 non
2816 5740 3176 5795 credidimus:
3205 5741 3364 5807 Ecce,
3393 5742 3589 5810 inquit.
3631 5756 3695 5794 ex
3715 5740 3985 5804 gentibus

2390 5827 2687 5895 accedunt,
2732 5830 2955 5901 illosque
2998 5846 3103 5887 non
3151 5832 3350 5903 recipio
3392 5850 3404 5887 :
3446 5846 3540 5887 vos
3586 5845 3771 5892 autem
3801 5832 3978 5888 etiam
