2052 3247
98 238 139 268 ιιόῗ
780 230 824 259 DE
843 227 1053 258 CIIANANIEA.

98 297 210 331 lugicntes
220 296 344 324 advoco:
365 295 453 323 lenite
473 294 508 322 ad
531 301 570 321 me
584 300 671 320 omnes
693 292 737 328 qui
757 291 877 318 laboratis

98 342 189 369 tllauIt.
201 342 242 369 il.
253 340 312 377 9.8),
328 346 357 369 et
372 349 424 368 non
437 340 532 368 venitis
544 347 551 371 :
568 340 637 366 hanc
653 345 715 365 vero
727 336 836 369 reiiclo,
849 340 877 363 et

98 395 171 415 tatuen
186 391 297 422 perstat.
323 386 459 421 Populus,
474 393 547 421 quem
568 392 619 412 non
638 391 741 417 cognovi
774 381 876 409 uri-ivit

97 434 149 460 mihi
158 454 164 466 .
181 433 282 469 inquit;
302 433 329 460 in
347 433 438 459 auditu
450 432 519 459 auris
532 430 638 460 obedieit
651 429 713 456 mihi
725 428 735 464 (
746 427 819 455 Psal.
833 427 874 454 i7.

98 481 135 515 £5)
147 488 154 513 ;
166 484 192 507 et
209 479 271 507 alibi
286 488 293 506 :
312 478 426 513 dpparui
446 478 478 506 iis
491 477 533 513 qui
553 485 592 504 ms
611 485 661 504 non
675 474 838 511 quaebant,
852 477 876 500 et

97 525 197 553 inventus
208 533 263 552 sum
276 525 310 551 ab
326 524 370 558 iis,
383 524 427 559 qui
441 532 480 551 me
493 531 544 550 non
557 522 756 557 interrogabam.
771 519 877 546 Dimitte

97 565 165 604 illim,
184 572 242 605 quia
255 570 350 597 clamat
373 574 429 605 post
445 578 489 596 nos
514 569 524 604 (
535 568 599 596 Isai.
611 567 656 595 65.
670 567 681 595 i
695 565 716 602 ).
730 565 876 594 Videamus

97 617 172 652 itaque
189 616 250 652 quid
272 615 397 644 Christus
412 616 494 644 dicat.
517 614 579 642 Non
602 622 658 641 sum
674 614 765 641 missus
779 612 828 639 nisi
842 611 876 638 ad

97 672 143 691 om
162 672 213 699 qua
232 663 362 699 perierant
383 663 472 690 acinus
494 662 586 689 Israel.
609 661 705 688 Annon
722 659 780 686 lucc
794 658 875 686 verba

97 713 161 737 erant
174 709 351 744 repellentis?
370 709 407 736 Ita
428 708 499 736 cnim
519 705 710 743 propemodum
725 704 808 733 dicit:
822 703 877 731 Ab-

97 753 173 787 scede,
191 754 251 790 quia
267 754 336 782 nihil
349 754 395 781 tibi
411 753 450 782 rei
465 760 571 781 mecum
591 756 634 780 est
648 760 654 778 :
669 759 722 778 non
736 750 797 778 veni
811 756 876 785 pro-

97 804 145 834 pter
158 804 192 830 te.
207 800 252 827 sed
266 805 376 835 propter
386 799 503 827 Judasos.
520 797 582 825 Non
598 805 654 824 sunt
674 796 767 823 missus
780 795 830 822 nisi
841 794 876 821 ad

96 853 142 873 om
158 853 210 881 qua
229 846 401 880 dixperierunt
419 844 509 871 domus
526 843 618 871 Israel.
650 842 697 869 llis
716 841 813 869 auditis
831 840 876 868 illa

97 890 161 922 dixit.
174 890 267 924 Etiam,
284 890 412 923 Domine;
432 890 526 925 adjuva
540 897 587 922 me,
606 893 629 915 ct
647 887 771 915 adorabat
790 887 877 915 dicens

98 933 365 972 lilattlt.i.'5.25);ille
374 942 437 964 vero
451 943 504 963 non
527 934 665 970 respondit
686 934 721 962 ei.
743 933 796 962 Sed
816 932 877 961 vide

98 982 284 1016 responsionem
298 991 305 1009 :
320 981 381 1009 Non
392 986 428 1009 est
441 982 533 1009 bonum
543 989 641 1009 sumere
651 989 741 1017 panem
752 980 875 1015 ﬁliorum,

95 1032 113 1053 et
124 1028 237 1063 projicere
249 1027 355 1055 canibus
368 1026 456 1064 (Ibid.
472 1035 495 1054 υ.
512 1026 578 1063 26).
600 1026 622 1054 0
641 1033 705 1054 cura
718 1025 815 1054 medici
828 1026 835 1052 l
850 1025 876 1053 in

95 1073 294 1109 desperationem
317 1073 426 1101 deducit
438 1081 508 1101 eam.
534 1072 595 1101 Non
615 1078 652 1100 est
673 1073 767 1100 bonum
780 1080 878 1100 sumere

96 1115 172 1153 pauiu
185 1119 297 1155 filiorum
307 1127 316 1146 :
327 1127 442 1156 quorum
452 1119 463 1147 ‘l
474 1118 628 1147 Judzcorum
637 1127 645 1151 ;
655 1123 679 1146 et
689 1118 751 1146 dare
761 1119 875 1152 canibus,

95 1165 137 1192 huc
146 1170 191 1199 est,
206 1166 292 1194 vobis.

125 1210 161 1238 ιο.
179 1211 256 1240 Certe
269 1210 303 1239 ad
316 1211 488 1248 ignominiam
502 1211 657 1240 ludmorum
671 1211 729 1239 lucc
742 1211 808 1238 dixit
823 1211 875 1239 Do-

95 1256 170 1284 ninue
184 1265 191 1283 :
206 1263 268 1284 nam
281 1256 328 1284 lilii
350 1257 447 1290 vocati,
470 1265 551 1285 canes
565 1257 651 1285 eil'ecti
673 1261 745 1285 sunt.
763 1256 877 1292 Ideoque

95 1301 178 1330 Paulus
194 1302 260 1331 dicit
276 1311 283 1329 :
308 1302 395 1331 Videte
416 1311 500 1336 canes,
518 1303 599 1330 uidete
617 1303 698 1330 ntalos
726 1302 856 1337 operarios
867 1321 876 1334 ,

94 1348 160 1375 ridete
181 1348 399 1376 circumcisionem
420 1356 430 1376 :
453 1356 499 1375 nos
527 1348 595 1375 enim
617 1356 705 1375 sumus
718 1347 877 1374 circumcisio

94 1396 101 1427 (
116 1393 221 1429 Philipp.
237 1396 264 1423 3.
280 1395 308 1422 2.
323 1394 340 1422 5
351 1395 370 1429 ).
387 1393 509 1422 Gentiles
532 1401 614 1422 canes
641 1394 727 1421 vocati
754 1397 814 1420 sunt
828 1413 836 1425 ,
850 1397 877 1420 et

93 1441 132 1467 lilii
143 1446 199 1468 sunt
212 1441 312 1469 eﬂ'ecti.
329 1440 419 1468 Filioli
434 1441 493 1474 mei,
509 1449 571 1476 quos
584 1441 677 1468 iterum
691 1440 815 1476 parturio,
826 1439 877 1467 do-

93 1493 130 1512 nec
142 1487 260 1521 formetur
273 1486 390 1514 Christus
414 1487 441 1513 in
466 1486 534 1513 nobis
552 1486 561 1521 (
582 1485 668 1513 Galat.
681 1485 708 1513 4.
725 1485 758 1513 19
769 1485 788 1519 ).
805 1484 877 1512 Laus

93 1530 150 1564 haec,
161 1531 313 1559 Judmorum
328 1532 464 1560 accusatio
478 1536 530 1560 est.
543 1531 604 1559 Non
621 1536 658 1558 est
671 1531 763 1558 bonum
777 1538 878 1558 suntere

93 1586 169 1610 pauent
193 1579 305 1612 ﬁliorum
315 1598 323 1611 ,
338 1583 362 1605 et
375 1578 437 1605 dare
451 1578 566 1605 canibus.
584 1577 652 1612 Quid
667 1577 747 1613 igitur
759 1576 877 1604 mulier?

93 1622 179 1656 Ειειιιι,
205 1623 325 1651 Domine.
349 1623 371 1652 0
393 1623 519 1651 violentia
536 1623 682 1657 mulieris!
703 1631 720 1651 ο
740 1622 877 1651 contentio

94 1671 177 1698 animai
191 1672 197 1699 !
213 1670 333 1699 Medicus
347 1671 430 1705 dicit,
447 1670 527 1704 Non;
548 1676 577 1699 et
597 1665 640 1698 illa
662 1669 747 1703 dicit,
768 1668 855 1697 Etiam
867 1677 878 1696 :

94 1718 208 1745 Dominus
223 1717 301 1751 dicit,
323 1716 405 1750 Non;
419 1722 447 1745 et
463 1717 507 1745 illa
521 1717 597 1750 dicit,
613 1717 719 1744 Etiam:
733 1723 786 1744 non
799 1716 877 1743 incu-

94 1769 148 1789 sans
170 1767 216 1790 aut
230 1762 400 1798 impudenter
414 1769 496 1798 agens
516 1762 566 1790 hoc
578 1762 664 1795 dicit;
689 1761 737 1789 sed
761 1761 876 1789 salutem

92 1813 245 1842 exspectans.
263 1807 324 1835 Non
337 1812 373 1836 est
397 1807 491 1835 bonum
511 1815 611 1835 attinere
625 1815 717 1842 panem
741 1807 873 1842 filiorum,

92 1858 110 1879 cl
120 1854 176 1880 dare
188 1854 303 1881 canibus.
321 1853 418 1887 Etiam,
435 1853 552 1881 Domine.
578 1853 680 1880 Canem
706 1861 750 1880 me
772 1860 853 1880 vocas
867 1873 875 1885 ,

90 1907 132 1933 ego
143 1904 167 1926 te
179 1899 318 1927 Donsinum
325 1906 393 1927 voco
409 1908 416 1926 :
428 1903 455 1926 tu
469 1906 512 1927 me
534 1898 697 1926 contumelia
710 1898 805 1931 alneis,
827 1906 874 1934 ego

91 1950 112 1970 te
129 1945 240 1972 celebro.
264 1944 360 1978 Etiam,
381 1943 491 1972 Domine
503 1952 513 1971 :
527 1952 587 1971 nam
608 1948 632 1971 et
646 1943 731 1971 catelli
752 1943 831 1971 edunt
846 1943 874 1971 de

91 1991 161 2024 micis,
170 1999 225 2027 φας
235 1991 329 2018 cadunt
342 1990 373 2018 de
380 1998 468 2018 mmo
481 1991 641 2017 dominorum
647 1998 755 2017 suorum
767 1989 873 2025 (Matth.

92 2037 129 2064 l5.
142 2037 198 2072 21).
212 2036 235 2064 0
249 2036 381 2072 sapientia
394 2035 532 2064 mulieris!
546 2035 581 2063 ab
589 2035 671 2063 allato
678 2035 803 2071 exemplo
817 2042 871 2063 ser-

91 2089 185 2110 monem
197 2083 266 2110 emit
283 2086 503 2110 consentaneum.
518 2081 619 2109 Canem
632 2088 676 2109 me
690 2088 781 2114 vocas,
796 2085 878 2109 utca-

91 2129 126 2155 nis
138 2128 201 2156 alor.
213 2128 272 2156 Non
286 2134 384 2163 respuo
398 2127 589 2163 opprobrium;
604 2135 657 2155 non
672 2134 768 2155 recuso
783 2127 875 2163 appel-

92 2172 204 2201 lationem
220 2182 228 2200 :
242 2173 372 2209 accipiam
392 2180 457 2208 ergo
478 2172 553 2200 canis
578 2172 752 2206 alimentum;
765 2180 878 2208 remque

91 2218 147 2246 dicit
158 2224 322 2248 consuetam.
340 2219 380 2247 Tu
400 2219 481 2247 verba
495 2223 541 2246 tua
559 2219 689 2246 conlirma
704 2227 712 2245 :
726 2226 820 2247 canem
834 2228 878 2248 me

92 2267 197 2300 musti;
216 2266 250 2295 da
264 2266 332 2294 mibi
355 2265 632 2295 micamzadvocatus
653 2266 788 2301 petitionis
810 2275 878 2295 mea:

92 2311 169 2339 lactes
181 2320 208 2340 es
224 2321 232 2346 ;
246 2312 274 2340 in
289 2312 460 2340 recusatione
474 2319 638 2340 consensum
660 2317 733 2340 tnnm
754 2313 875 2341 ostende.

93 2357 177 2392 Etiam,
191 2358 322 2392 Domine;
343 2367 402 2386 nam
418 2363 442 2386 et
460 2359 546 2386 catelli
560 2360 637 2386 edunt
649 2360 682 2387 de
703 2360 775 2387 micis
786 2381 794 2394 ,
820 2368 878 2396 qua

91 2404 173 2431 cadunt
184 2405 215 2432 de
226 2412 313 2432 mensa
327 2403 490 2431 dontinorum
507 2407 623 2432 suorum.
644 2404 713 2439 Quid
736 2406 818 2440 igitur
830 2406 876 2434 ille

92 2449 131 2484 qui
140 2450 286 2483 recusabat,
299 2450 346 2486 qui
357 2449 506 2485 rejiciebat,
520 2450 565 2486 qui
589 2451 725 2485 pellebat,
739 2452 785 2487 qui
799 2452 874 2480 dicc-

93 2496 141 2528 bat,
154 2496 209 2524 Non
222 2502 260 2525 est
273 2497 367 2524 bonum
384 2497 499 2532 accipere
513 2505 605 2532 partem
615 2498 728 2532 ﬁliorum
740 2519 748 2532 ,
762 2504 785 2526 et
797 2500 877 2535 proji-

94 2549 145 2569 cere
154 2544 277 2570 canibus!
292 2543 337 2578 qui
350 2542 457 2571 dicebat
473 2551 480 2570 :
498 2542 559 2570 Non
583 2552 640 2570 sum
661 2544 752 2572 missus
775 2546 823 2572 nisi
842 2546 877 2573 ad

93 2594 201 2624 meum
216 2589 347 2624 perierunt
364 2589 454 2616 domus
477 2588 561 2616 Israel
574 2589 585 2616 !
602 2588 624 2616 ο
642 2589 734 2617 mulier
748 2590 759 2617 .'
783 2600 876 2626 magna

93 2631 190 2670 ιιιρἀ
204 2636 270 2671 tua(
288 2634 358 2662 lln’d.
380 2643 405 2662 υ.
419 2635 456 2663 28
475 2636 496 2671 ).
520 2635 560 2663 An
586 2636 708 2664 laudator
731 2636 877 2671 derepente

93 2681 167 2709 belli
178 2681 226 2710 es?
240 2681 381 2709 mulierem
397 2681 562 2715 depracdicas
573 2682 584 2707 τ’
595 2690 682 2708 annon
705 2684 853 2717 repellelnas
865 2685 875 2709 ’ἰ

92 2732 170 2755 Iatou
200 2727 359 2762 rejicicbas?
383 2727 511 2760 Conlide;
540 2728 600 2754 ideo
632 2729 732 2755 distuli.
758 2730 823 2756 Nam
853 2731 873 2756 si

91 2778 124 2800 to
134 2773 202 2802 initio
211 2773 285 2801 illam
296 2774 462 2808 repulissem,
475 2775 533 2809 ejus
549 2774 627 2801 ﬁdem
643 2784 695 2802 non
707 2776 872 2803 edidicissos.

92 2817 118 2846 Si
129 2826 143 2847 ι
154 2820 279 2856 principio
306 2821 455 2855 accepisset
470 2842 477 2854 ,
500 2822 554 2848 cito
581 2823 747 2855 recessisset,
763 2823 874 2857 ejusque

93 2864 231 2895 “telamo
257 2873 339 2895 nemo
364 2867 492 2895 novisset.
514 2868 576 2895 ideo
606 2877 702 2896 munus
728 2870 828 2902 diailili,
847 2876 874 2897 ut

92 2908 143 2943 Cius
152 2911 223 2940 ﬁdem
237 2912 363 2940 omnibus
369 2913 550 2941 ostenderem.

125 2953 328 2986 Perseueras-dam
339 2959 526 2987 iaorecatione.
540 2974 576 2980 —
589 2960 613 2988 0
627 2961 727 2989 mulier.
743 2961 816 2989 Dens
829 2961 869 2989 di-

243 3200 261 3207 ..

22 3116 346 3247 his;
360 3238 382 3246 ν.

1678 218 1730 249 Δῗῑτς

932 289 968 317 cit
978 309 985 322 ,
1001 288 1024 317 0
1036 289 1149 316 mulier!
1162 288 1277 317 Audiam
1292 289 1320 322 ii,
1331 289 1375 324 qui
1388 296 1447 316 cum
1467 288 1582 324 quadam
1598 287 1729 322 imperitia

931 339 1085 370 precantur.
1099 334 1166 361 Cum
1182 335 1261 362 alicui
1285 335 1365 367 dico,
1389 334 1461 370 Roga
1484 335 1571 362 Deum
1585 353 1593 366 ,
1617 332 1729 361 obsecra

930 387 1003 413 etin),
1018 380 1137 415 supplico
1157 380 1181 407 ci
1198 389 1205 412 ;
1221 380 1365 415 respondet
1380 380 1424 408 ille
1437 400 1444 412 ,
1459 379 1560 421 [jogavi
1574 378 1668 412 semel,
1685 385 1731 406 sc-

930 425 1029 458 cundo,
1045 426 1134 459 tertio,
1148 425 1241 453 decies
1256 431 1283 453 et
1306 426 1437 460 vigesies,
1459 430 1486 453 et
1502 432 1669 461 nequaquam
1685 431 1731 451 nc-

929 471 999 506 cepi.
1013 470 1052 499 Ne
1065 478 1158 499 cesses
1170 490 1177 504 ,
1204 471 1287 499 frater
1298 492 1305 504 ,
1322 471 1408 499 donec
1431 471 1547 506 accipias
1563 479 1570 498 :
1586 471 1647 498 linis
1663 470 1729 505 peti-

930 516 1012 544 tionis
1030 521 1071 544 cst
1092 517 1192 545 donum
1212 521 1364 552 acceptum.
1378 515 1454 544 Tunc
1467 523 1554 547 cessa.
1578 523 1640 544 cum
1655 522 1731 542 accc-

930 563 1022 598 peris;
1037 563 1092 590 imo
1104 563 1193 598 potius
1217 570 1250 590 ne
1271 567 1336 590 tunc
1349 562 1431 590 etiam
1448 569 1538 589 cesses
1551 582 1560 596 ,
1580 560 1628 589 sed
1643 560 1732 588 adhuc

931 616 1085 644 persevera.
1102 609 1130 637 Si
1154 615 1207 636 non
1227 608 1376 643 acceperis,
1393 612 1454 643 pete
1473 612 1501 635 ut
1523 607 1656 642 accipias;
1670 614 1732 634 cum

930 659 1020 683 autem
1036 654 1183 689 acceperis,
1199 654 1234 682 de
1259 658 1372 689 accepto
1391 654 1493 690 gratias
1512 661 1571 689 age.
1594 653 1667 681 Malli
1691 652 1733 680 in-

930 705 1002 729 trant
1016 701 1042 728 in
1058 701 1212 735 ecclesiam,
1226 705 1255 729 et
1279 700 1353 728 mille
1367 708 1462 728 versus
1486 699 1592 728 orando
1615 699 1732 734 profun-

929 748 996 776 dunt
1004 752 1032 776 et
1047 747 1241 784 egrediuntur;
1257 755 1308 776 nec
1323 747 1411 775 sciunt
1424 746 1490 783 quid
1507 746 1644 780 dixerint;
1661 747 1732 774 labia

930 798 1081 826 moventur,
1097 801 1146 822 nec
1160 793 1209 828 ipsi
1230 793 1354 821 audiunt.
1370 793 1410 821 Tu
1426 794 1484 828 ipse
1499 800 1552 821 non
1573 792 1650 821 audis
1665 799 1729 820 ora-

930 840 1029 868 tionem
1045 839 1135 873 tuam,"
1143 845 1170 868 et
1183 840 1267 868 Deum
1280 840 1322 868 vis
1338 839 1487 868 exaudire?
1513 839 1598 872 Flexi,
1615 839 1665 871 ais,
1685 847 1732 874 ge-

930 895 981 914 nua
995 896 1002 915 :
1015 895 1108 915 verum
1120 895 1198 915 mens
1212 892 1256 915 tua
1273 886 1345 915 foras
1359 887 1493 915 avolavit:
1504 894 1603 922 corpus
1614 892 1687 914 tuum
1703 887 1729 913 in

929 933 1044 961 ecclesia
1071 938 1151 966 erat,
1179 937 1206 961 et
1229 932 1357 969 cogitatio
1378 937 1421 960 tua
1444 932 1511 960 loris
1525 933 1685 968 vagabatur;
1700 939 1732 960 os

931 983 1004 1006 tuum
1019 979 1200 1014 precationem
1215 979 1354 1011 recitabat,
1369 978 1416 1006 sed
1430 985 1507 1006 mens
1522 985 1617 1006 usuras
1635 985 1732 1014 suppu-

931 1024 1013 1058 tabat,
1029 1029 1115 1060 pacta,
1127 1029 1293 1059 contractus,
1309 1032 1401 1060 agros,
1417 1024 1614 1060 possessiones,
1628 1032 1732 1053 amico-

930 1079 989 1099 rum
1011 1072 1158 1100 consortia.
1175 1071 1303 1099 Diabolus
1326 1072 1418 1108 enim.
1436 1071 1571 1108 malignus
1593 1079 1654 1100 cum
1674 1073 1730 1105 sit.

932 1124 1048 1153 cumque
1057 1117 1125 1145 sciat
1140 1124 1190 1144 nos
1203 1122 1325 1153 tempore
1339 1118 1501 1152 precationis
1511 1117 1655 1146 admodum
1670 1125 1733 1153 pro-

931 1164 1011 1191 licere
1025 1184 1033 1197 ,
1058 1168 1122 1191 tunc
1139 1163 1262 1193 ,maxime
1288 1163 1378 1191 instat.
1402 1162 1480 1198 Saepe
1504 1162 1530 1191 in
1551 1162 1623 1191 lecto
1642 1163 1731 1199 supini

928 1211 1062 1246 jncemus,
1077 1214 1105 1238 et
1118 1209 1186 1238 nihil
1202 1210 1370 1245 cogitamus;
1384 1210 1432 1238 sed
1448 1211 1469 1238 si
1486 1215 1623 1245 precatum
1644 1211 1733 1239 venia-

931 1264 1001 1289 mus.
1019 1261 1161 1284 sexcentas
1185 1256 1362 1292 cogitationes
1384 1256 1514 1290 immittit,
1532 1261 1561 1285 ut
1580 1257 1668 1286 fructu
1683 1265 1731 1285 va-

930 1302 973 1330 cui
988 1302 1157 1330 recedamus.

967 1349 1011 1376 ll.
1033 1348 1096 1376 Haec
1118 1356 1179 1377 cum
1201 1350 1283 1382 scias,
1296 1349 1406 1382 dilecte,
1424 1349 1450 1377 in
1472 1349 1672 1385 precationibus
1684 1358 1732 1379 ac-

929 1394 1031 1427 cidere,
1046 1394 1226 1423 Chananmm
1241 1396 1364 1428 imitare;
1381 1396 1423 1424 vir
1435 1397 1586 1430 mulierem,
1600 1391 1731 1433 alienige-

930 1448 1004 1472 nam.
1020 1440 1165 1473 inﬁrmam,
1176 1441 1321 1476 abiectam,
1335 1441 1426 1469 vilem.
1438 1441 1472 1469 At
1484 1449 1537 1469 non
1556 1440 1639 1470 babes
1649 1442 1732 1470 llliam

929 1493 944 1513 a
960 1486 1084 1515 daemone
1097 1487 1241 1515 vexatam?
1253 1487 1300 1515 sed
1315 1487 1399 1515 habes
1409 1487 1524 1515 animam
1544 1488 1731 1523 peccatricem.

929 1532 999 1566 Quid
1012 1532 1049 1560 ait
1066 1532 1241 1561 Chanaan?
1255 1532 1377 1561 Miserere
1386 1535 1454 1566 mei;
1481 1534 1536 1568 ﬁlia
1553 1543 1609 1561 mea
1631 1535 1698 1563 male
1716 1543 1733 1562 a

930 1578 1057 1606 dwmonio
1077 1583 1182 1606 vexatur
1198 1586 1208 1606 :
1221 1578 1266 1607 die
1289 1583 1317 1607 et
1333 1584 1361 1607 tu
1379 1588 1385 1606 :
1409 1579 1531 1607 Miserere
1551 1581 1620 1614 mei;
1642 1581 1733 1609 anima

905 1637 911 1642 -
930 1632 990 1652 mea
1005 1624 1074 1652 male
1087 1632 1102 1651 a
1117 1624 1251 1653 dmmonio
1265 1630 1385 1653 vexatur.
1409 1625 1524 1653 Grandis
1539 1626 1611 1654 enim
1626 1626 1733 1656 daemon

932 1675 1070 1706 peccatum
1084 1676 1137 1699 est.
1150 1672 1337 1700 Dtemoniacus
1349 1672 1382 1700 ad
1405 1672 1617 1701 misericordiam
1631 1679 1733 1706 movet.

931 1723 1057 1753 peccator
1074 1720 1137 1747 odio
1161 1719 1276 1748 habetur
1291 1728 1297 1747 :
1312 1719 1351 1748 illi
1361 1720 1438 1748 venia
1454 1721 1619 1754 conceditur,
1634 1721 1677 1749 hic
1687 1730 1734 1750 ex-

930 1767 1070 1794 cttsatione
1094 1766 1223 1801 privatur.
1240 1766 1364 1794 Miserere
1379 1767 1428 1794 mei
1443 1775 1453 1794 :
1471 1767 1561 1795 brevis
1581 1768 1713 1796 sententia
1724 1789 1732 1801 ,

931 1810 978 1838 sed
994 1811 1167 1847 benignitatis
1191 1812 1300 1848 pelagus
1315 1813 1438 1841 invenit:
1466 1813 1510 1841 ubi
1537 1814 1609 1842 enim
1630 1814 1734 1843 iniseri—

930 1857 1034 1891 cordia,
1049 1858 1086 1886 ibi
1110 1858 1180 1886 bona
1199 1859 1299 1887 omnia.

968 1903 1058 1931 Omnis
1080 1904 1150 1931 locus
1173 1904 1208 1931 ad
1223 1905 1378 1940 precandum
1395 1910 1608 1941 oppartunus.—
1620 1906 1733 1937 Etiamsi

931 1954 1007 1977 extra
1033 1949 1175 1978 ecclesiam
1191 1950 1239 1983 sis,
1255 1950 1341 1979 clama
1357 1956 1384 1979 et
1396 1951 1450 1984 die,
1467 1950 1589 1979 Miserere
1603 1953 1662 1986 mei,
1679 1960 1733 1981 non

931 1996 1001 2024 labia
1020 2004 1145 2030 movens,
1158 1997 1206 2025 sed
1219 2003 1311 2026 mente
1324 1998 1445 2027 clamans
1455 2008 1468 2026 .:
1485 2007 1546 2027 nam
1561 2000 1601 2027 vel
1614 2005 1733 2030 tacentes

930 2042 1004 2070 audit
1020 2042 1101 2070 Dens.
1116 2042 1174 2071 Non
1185 2044 1424 2078 requiriturlocus,
1440 2045 1486 2073 sed
1501 2053 1605 2074 monun
1617 2046 1732 2075 initium.

930 2087 1063 2116 .Icremias
1086 2088 1113 2116 in
1127 2096 1206 2117 emno
1220 2094 1289 2123 erat,
1313 2094 1341 2117 et
1359 2090 1442 2118 Deum
1454 2092 1582 2125 attraxit;
1599 2092 1691 2120 Daniel
1707 2094 1732 2121 in

932 2135 990 2162 lacu
1010 2131 1129 2168 leonum,
1143 2139 1172 2163 et
1193 2135 1278 2163 Deum
1291 2136 1341 2164 sibi
1361 2137 1506 2172 propitium
1526 2137 1661 2166 reddidit:
1679 2134 1732 2167 trcit

930 2180 1006 2216 pueri
1021 2180 1047 2208 in
1056 2181 1163 2209 camino
1170 2186 1257 2215 erant,
1273 2186 1301 2209 et
1314 2182 1397 2210 Deum
1408 2182 1576 2211 celebrantes
1589 2184 1731 2216 ﬂexerunt:

931 2227 999 2254 latro
1013 2226 1158 2255 cruciﬁxus
1179 2231 1261 2255 estet
1276 2227 1341 2255 nihil
1355 2227 1405 2263 ipsi
1418 2228 1504 2256 obluit
1518 2237 1595 2262 crux,
1619 2229 1666 2258 sed
1692 2238 1724 2265 pa

931 2273 1048 2301 radisum
1062 2273 1182 2308 aperuit:
1196 2273 1247 2302 Job
1258 2273 1284 2302 in
1299 2273 1438 2309 timuerat,
1454 2279 1482 2303 et
1496 2275 1578 2303 Deum
1588 2277 1732 2312 propitium

931 2319 1063 2353 reddidit;
1093 2319 1176 2347 Jonas
1193 2320 1219 2347 in
1233 2325 1325 2348 ventre
1338 2320 1401 2353 ceti,
1418 2326 1444 2348 et
1469 2321 1552 2349 Deum
1577 2322 1627 2349 sibi
1649 2322 1731 2349 obsc-

930 2370 1056 2401 qucntem
1070 2365 1172 2393 habuit.
1188 2365 1216 2394 Si
1233 2366 1258 2393 in
1280 2366 1375 2394 balneo
1386 2367 1434 2401 sis,
1448 2375 1574 2402 precare;
1589 2369 1611 2395 si
1637 2369 1663 2396 in
1677 2369 1731 2402 via,

930 2411 952 2439 si
982 2412 1009 2439 in
1037 2412 1124 2444 lecto,
1148 2412 1290 2440 similiter:
1308 2413 1469 2449 ubicumque
1489 2414 1582 2447 fueris,
1608 2422 1727 2449 precare.

930 2457 1071 2493 Templum
1084 2465 1114 2486 es
1128 2458 1187 2491 Dei,
1202 2465 1236 2486 ne
1249 2466 1355 2494 quaeras
1375 2459 1463 2487 locum
1477 2468 1484 2492 ;
1501 2460 1645 2487 voluntatis
1666 2461 1731 2488 alio.
1779 2480 1782 2484 .

930 2508 989 2531 ctus
1009 2504 1096 2532 solum
1122 2504 1275 2539 requiritur.
1297 2504 1324 2532 Si
1337 2511 1427 2532 coram
1438 2504 1528 2540 judice
1543 2505 1654 2537 sistaris,
1670 2514 1731 2540 prc-

929 2556 1007 2582 care;
1019 2557 1081 2577 cum
1092 2550 1216 2578 irascitur
1225 2549 1317 2584 judcx,
1335 2558 1454 2585 precare.
1470 2550 1540 2578 Mare
1554 2558 1645 2578 coram
1661 2557 1730 2586 erat,

930 2603 944 2621 a
960 2600 1036 2631 tergo
1047 2596 1178 2632 Egyplii,
1200 2597 1226 2624 in
1243 2596 1333 2624 medio
1355 2596 1476 2633 Moyses;
1491 2598 1573 2625 multa
1596 2598 1622 2626 in
1638 2606 1731 2634 prcca~

923 2638 997 2666 tione
1013 2639 1139 2674 angustia
1153 2646 1161 2670 ;
1178 2639 1226 2666 sed
1243 2640 1364 2675 amplum
1379 2646 1438 2669 erat
1448 2643 1547 2671 orandi
1559 2646 1691 2680 spatium.
1704 2648 1726 2673 Α

922 2688 1001 2720 tergo
1018 2684 1140 2720 (Egyptii
1155 2684 1393 2721 insequebantur;
1411 2696 1486 2716 mare
1498 2689 1594 2718 c'oram
1611 2697 1682 2724 erat,
1699 2693 1725 2719 in

922 2730 1012 2758 medio
1023 2735 1114 2758 autem
1128 2732 1217 2759 oratio
1229 2740 1236 2764 ;
1251 2732 1375 2768 nihilque
1385 2734 1547 2770 loquebatur
1558 2737 1675 2773 Moyses.
1698 2750 1703 2764 t
1715 2744 1726 2767 t

922 2776 960 2803 ait
979 2776 1019 2804 illi
1032 2776 1104 2805 Deus
1121 2787 1126 2805 :
1142 2776 1213 2810 Quid
1225 2777 1328 2806 clamas
1344 2779 1538 2816 adme(Exod.
1556 2783 1599 2810 iri.
1618 2785 1676 2820 l5)?
1687 2784 1724 2813 Os

922 2829 978 2849 non
996 2822 1173 2858 loquebatur,
1192 2824 1239 2852 sed
1260 2833 1338 2853 mens
1356 2826 1507 2855 clamabat.
1522 2827 1554 2855 Et
1571 2835 1598 2856 tu
1619 2830 1723 2865 itaque,

921 2868 1032 2901 dilecte,
1042 2877 1105 2897 cum
1116 2871 1229 2898 steteris
1238 2879 1330 2899 coram
1340 2873 1434 2907 judice
1448 2874 1569 2908 furente,
1580 2879 1724 2912 tyranuice

922 2916 1063 2951 loquente,
1082 2917 1185 2944 acriter
1200 2918 1358 2952 minitante,
1374 2925 1401 2948 et
1418 2922 1480 2949 aliis
1493 2922 1672 2951 carniﬁcibus
1684 2925 1724 2951 si-

923 2963 1027 2991 militcr
1039 2964 1196 2998 agenttibus,
1212 2964 1298 2994 Deutn
1313 2974 1437 3000 precare.
1451 2974 1478 2996 et
1490 2972 1516 2997 te
1530 2975 1661 3000 precante
1672 2970 1721 2998 llu-
