4104 6530
645 459 710 514 45
721 456 746 511 τ)

643 581 756 624 rtus
785 570 1182 640 mitigabuntur.
1234 571 1402 627 Judex
1447 570 1643 626 instat?
1673 571 1752 625 'I‘u
1791 569 1856 624 ad
1891 570 2053 623 Deum
2078 581 2210 621 con—

643 662 824 731 l‘ugito.
856 662 1105 732 Princeps
1133 662 1322 717 adest?
1349 664 1428 718 'I'u
1461 665 1739 718 Dominum
1769 676 1920 717 voca.
1948 658 2211 728 Numquid

641 753 803 807 homo
831 760 933 819 est,
960 761 1019 806 ut
1043 751 1140 830 ad,
1155 753 1380 823 aliqucm
1424 769 1610 824 pergas
1640 753 1850 808 locum?
1883 752 2024 806 Deus
2050 763 2212 820 prope

641 857 851 912 semper
875 852 975 899 est.
1018 843 1076 898 Si
1113 843 1378 898 hominem
1418 859 1606 914 rogare
1634 843 1883 908 volueris,
1922 842 2214 910 interrogas

639 932 762 1002 quid
806 941 946 1003 agat,
972 931 1290 1000 dormiatne,
1321 949 1388 989 an
1417 949 1447 988 a
1491 934 1716 1005 negotiis
1737 941 1916 996 vacet;
1947 930 2214 984 minister-

639 1036 740 1088 que
782 1036 886 1076 non
916 1022 1008 1076 tibi
1039 1023 1344 1092 respondet.
1374 1024 1454 1078 Ad
1499 1025 1664 1078 Deum
1705 1019 2026 1091 precandum
2070 1019 2214 1074 nullo

641 1113 829 1168 horum
871 1129 1005 1184 opus
1035 1115 1198 1170 habes
1228 1133 1242 1168 :
1275 1130 1605 1186 quocumque
1641 1115 1763 1170 leris
1786 1121 1839 1168 et
1865 1110 2211 1176 invocaveris,

638 1203 729 1258 ille
754 1202 904 1258 audit
930 1221 943 1257 :
976 1204 1116 1259 nulla
1144 1207 1421 1275 occupatio
1441 1246 1455 1270 ,
1489 1205 1664 1259 nullus
1702 1201 2080 1265 intermedius,
2110 1200 2214 1254 mi-

641 1295 801 1349 nister
849 1294 1024 1350 nullus
1051 1295 1286 1351 auditum
1338 1296 1658 1352 intercludit.
1694 1295 1805 1359 Dic,
1835 1293 2075 1348 Miserere
2095 1292 2210 1359 mei,

639 1392 692 1439 et
721 1386 896 1439 statim
931 1386 1069 1440 Deus
1095 1387 1302 1442 aderit:
1334 1386 1514 1440 Adhuc
1559 1397 1606 1441 te
1633 1385 1882 1454 loquente,
1916 1383 2100 1454 inquit,
2129 1383 2211 1436 di-

636 1491 747 1529 cam
770 1516 787 1542 ,
829 1492 941 1532 ecce
982 1477 1161 1531 adsum
1199 1477 1352 1548 (Isai.
1377 1478 1467 1534 58.
1500 1478 1579 1548 9).
1607 1477 1652 1533 0
1686 1491 1865 1532 sermo
1891 1475 2212 1546 benignitate

634 1565 860 1633 plenus!
892 1565 1005 1621 Non
1033 1576 1302 1637 exspectat
1328 1569 1642 1638 precationis
1669 1567 1826 1623 linem
1853 1582 1866 1620 :
1898 1566 2130 1622 nondum
2149 1565 2214 1621 ﬂ-

640 1655 745 1708 nita
773 1655 1010 1710 oratione
1034 1655 1228 1711 donum
1254 1658 1466 1728 accipis.
1501 1657 1737 1712 Miserere
1773 1658 1889 1712 mei.
1919 1656 2066 1711 Hanc
2090 1656 2212 1711 imi-

637 1752 809 1798 temur
827 1743 1199 1813 Chananazam,
1216 1762 1396 1818 quaeso
1412 1766 1424 1800 :
1445 1745 1683 1802 Miserere
1697 1747 1792 1800 mei
1813 1763 1830 1800 :
1845 1747 1954 1815 [ilia
1968 1763 2078 1801 mea
2101 1764 2214 1800 ma-

640 1833 687 1886 le
709 1850 740 1887 a
766 1835 1016 1889 dcmonio
1041 1846 1249 1890 vexatur
1279 1852 1297 1891 :
1327 1837 1580 1893 Dominus
1607 1846 1782 1892 autem
1810 1836 1939 1892 dicit
1957 1836 2022 1892 ad
2052 1852 2168 1893 eam
2196 1855 2210 1892 :

637 1921 682 1977 Ο
709 1925 923 1980 mulier!
950 1942 1131 1996 magna
1151 1935 1224 1981 est
1249 1927 1375 1996 ﬁdes
1396 1937 1482 1981 tua
1512 1943 1531 1982 :
1552 1929 1642 1996 ﬁat
1671 1927 1760 1981 tibi
1778 1928 1907 1983 sicut
1926 1927 1998 1982 vis
2032 1926 2210 1999 (Matt.

637 2016 726 2070 I5.
748 2015 863 2086 28).
892 2014 1117 2072 Ubinam
1145 2017 1467 2074 haereticus?
1495 2018 1631 2074 Num
1669 2017 1832 2086 dixit,
1878 2018 2094 2090 Rogabo
2118 2033 2212 2088 pa-

635 2114 768 2161 trem
797 2107 998 2162 meum?
1037 2123 1162 2163 num
1188 2107 1342 2174 dixit,
1377 2109 1640 2165 Precabor
1668 2109 1973 2166 Genitorem
1998 2110 2214 2165 meum?

635 2197 891 2267 numquid
911 2199 1150 2256 oratione
1174 2200 1358 2271 eguit?
1380 2201 1612 2257 Minime.
1644 2202 1852 2270 Quare?
1877 2202 2008 2268 Quia
2025 2217 2213 2273 magna

633 2296 751 2343 erat
799 2288 965 2355 ﬁdes,
1015 2305 1264 2362 magnum
1311 2307 1422 2359 vas,
1449 2293 1661 2364 copiosa
1700 2293 1866 2350 etl‘usa
1894 2303 1978 2349 est
2014 2294 2208 2364 gratia.

638 2376 736 2434 Ubi
762 2379 934 2433 oratio
954 2381 1251 2436 necessaria
1278 2391 1378 2448 est,
1408 2383 1477 2438 ibi
1505 2398 1596 2438 vas
1617 2384 1883 2438 inﬁrmum
1904 2391 2004 2439 est.
2032 2382 2078 2438 0
2103 2401 2213 2438 mu-

635 2467 764 2522 lier!
791 2484 976 2540 magna
1003 2479 1074 2524 est
1101 2470 1225 2539 ﬁdes
1251 2482 1356 2526 tua.
1385 2471 1500 2528 Non
1543 2473 1720 2528 vidisti
1749 2483 2014 2529 mortuum
2039 2475 2211 2531 susci-

637 2565 826 2626 tatam,
856 2575 962 2615 non
988 2561 1254 2632 leprosum
1282 2564 1611 2633 mandatum,
1637 2580 1746 2621 non
1773 2565 1963 2621 audisti
1981 2567 2212 2636 prophe-

636 2657 738 2716 tas,
765 2663 872 2705 non
894 2649 1063 2722 legem
1091 2652 1346 2708 meditata
1370 2669 1449 2722 es,
1472 2670 1580 2710 non
1602 2670 1749 2712 mare
1764 2655 1989 2712 divisum
2013 2657 2211 2724 vidisti,

633 2755 742 2796 non
779 2740 918 2796 aliud
948 2756 977 2795 a
1005 2757 1091 2798 me
1134 2753 1392 2813 patratum
1419 2745 1627 2817 signum
1653 2747 1862 2815 vidisti;
1913 2749 2022 2805 imo
2062 2765 2093 2804 a
2123 2765 2214 2806 me

635 2831 885 2901 despecta
913 2841 968 2888 et
995 2835 1304 2890 conturbata
1347 2851 1444 2902 es;
1474 2853 1826 2895 mmmnosam
1858 2848 1910 2895 te
1938 2841 2126 2911 repuli,
2155 2855 2210 2897 et

635 2935 740 2978 non
769 2923 1054 2990 recessisti,
1095 2925 1188 2981 sed
1215 2927 1490 2996 perstitisti
1525 2947 1538 2983 :
1570 2928 1784 2986 demum
1821 2945 1851 2984 a
1891 2946 1977 2986 me
1996 2931 2209 3002 dignam

633 3020 1114 3070 etconsentaneam
1143 3017 1324 3087 accipe
1349 3017 1554 3074 laudem
1577 3036 1591 3074 :
1614 3018 1658 3072 0
1685 3018 1870 3074 Mulier
1892 3021 1912 3074 !
1936 3037 2117 3092 magna
2141 3030 2211 3076 est

1395 456 1452 514 S.
1492 453 1768 514 JOANNIS
1803 448 2273 510 CHRYSOSTOSII
2313 448 2625 505 ARCIIIEP.
2667 448 3196 507 CONSTANTINOP.

3797 453 3897 509 ιω

2326 562 2606 635 Ingredere
2628 565 2678 619 in
2709 565 2986 620 ecclesiam
3013 566 3316 631 Persarum,
3344 574 3397 621 et
3423 563 3606 621 audies
3629 564 3896 624 Christum

2319 655 2603 721 dicentem,
2638 653 2682 710 0
2710 656 2919 710 mulier!
2952 673 3136 727 magna
3177 665 3249 712 est
3295 657 3421 724 ﬁdes
3446 665 3568 718 tua;
3615 657 3667 712 in
3701 656 3900 714 Gotho-

2323 758 2438 800 rum
2467 747 2614 812 item,
2647 747 2698 800 in
2731 745 3095 811 barbarorum,
3121 747 3172 801 in
3203 746 3470 814 Indorum,
3500 749 3551 802 in
3574 748 3894 804 Maurorum.

2319 846 2372 889 et
2388 836 2438 889 in
2455 845 2930 906 quantamcumque
2945 836 3024 892 sol
3041 837 3252 907 respicit
3269 847 3491 892 terram:
3509 838 3724 893 verbum
3739 854 3899 894 unum

2319 927 2540 996 protulit
2562 927 2820 991 Christus,
2846 936 2899 983 et
2939 927 3157 983 verbum
3202 927 3326 982 illud
3353 943 3460 984 non
3495 938 3668 983 cessat
3700 928 3899 995 ederri,

2319 1018 2412 1074 sed
2442 1033 2631 1088 magna
2666 1033 2796 1073 voce
2824 1018 2941 1086 ejus
2973 1017 3132 1072 ﬁdem
3151 1018 3438 1087 praedicat:
3476 1017 3521 1072 ο
3542 1019 3764 1072 mulier!
3791 1035 3900 1072 ma-

2318 1126 2418 1180 gna
2441 1119 2514 1164 est
2532 1111 2658 1178 ﬁdes
2686 1119 2775 1164 tua
2802 1127 2821 1166 :
2850 1111 2938 1177 ﬁat
2974 1111 3064 1164 tibi
3089 1111 3220 1164 sicut
3261 1113 3354 1165 vis.
3384 1110 3503 1166 Non
3531 1111 3664 1166 dixit
3697 1130 3709 1166 :
3737 1127 3897 1168 sale-

2319 1211 2405 1258 tur
2431 1203 2532 1258 lilia
2564 1213 2647 1258 tua
2673 1219 2686 1266 ;
2749 1203 2865 1267 sed,
2912 1202 3059 1260 Sicut
3085 1205 3178 1258 vis.
3209 1204 3288 1259 Tu
3312 1205 3479 1274 ipsam
3523 1220 3673 1271 sana,
3705 1214 3757 1260 tu
3784 1215 3900 1260 esto

2320 1291 2577 1360 medicus,
2625 1293 2714 1347 tibi
2768 1293 3214 1350 medicamentum
3247 1294 3418 1361 trado,
3467 1295 3635 1363 vade,
3665 1311 3895 1366 appone,

2321 1383 2440 1438 Fiat
2467 1386 2554 1438 tibi
2591 1385 2718 1439 sicut
2761 1385 2852 1438 vis.
2886 1384 3145 1439 Voluntas
3171 1395 3256 1438 tua
3283 1393 3436 1440 sanet
3465 1384 3654 1455 ipsam.
3683 1385 3898 1440 Chana-

2319 1489 2432 1530 nam
2459 1476 2726 1530 voluntate
2746 1490 2840 1529 sua
2865 1475 3090 1539 sanavit,
3119 1485 3173 1529 et
3203 1474 3363 1529 Filius
3395 1475 3486 1532 Dei
3515 1489 3546 1529 a
3571 1475 3750 1546 seipso
3791 1491 3896 1531 non

2317 1565 2560 1634 sanabit?
2583 1563 2700 1620 Fiat
2726 1566 2816 1620 tibi
2842 1567 2972 1620 sicut
3011 1566 3104 1620 uis.
3135 1564 3247 1619 Non
3273 1566 3432 1634 jussit
3460 1566 3681 1632 mulier,
3723 1582 3902 1638 neque

2317 1654 2531 1711 diabolo
2569 1657 2851 1726 praecepit;
2878 1655 2973 1711 sed
3004 1656 3166 1711 voluit
3193 1665 3417 1722 tantum,
3447 1665 3502 1711 et
3526 1656 3767 1712 voluntas
3790 1672 3901 1711 mu-

2320 1747 2467 1803 lieris
2495 1747 2723 1810 sanavit,
2756 1746 3132 1816 dmmonasque
3167 1746 3341 1815 ejecit.
3365 1746 3468 1802 Ubi
3495 1754 3621 1802 stmt
3641 1747 3674 1801 ii
3699 1745 3790 1818 qui
3814 1746 3902 1801 di-

2317 1852 2440 1892 cere
2468 1837 2669 1892 audent
2719 1837 2910 1892 Filium
2959 1852 3053 1907 per
3084 1839 3378 1892 orationem
3424 1844 3699 1908 operatum
3741 1838 3902 1894 esse?

2319 1927 2442 1982 Fiat
2462 1927 2548 1982 tibi
2570 1928 2697 1982 sicut
2718 1928 2807 1982 vis.
2829 1927 2956 1982 Vide
2976 1927 3225 1983 dictionis
3249 1929 3616 1998 cognationem
3645 1946 3658 1982 :
3686 1927 3900 1984 Patrem

2317 2032 2471 2072 suum
2511 2018 2768 2072 imitatur.
2812 2017 2943 2072 Cum
2971 2018 3113 2072 enim
3155 2016 3297 2072 Deus
3322 2017 3512 2072 caelum
3539 2015 3796 2082 faciebat,
3823 2016 3902 2072 di-

2317 2108 2415 2170 xit.
2462 2107 2580 2163 Fiat
2605 2108 2815 2174 cmlum,
2845 2116 2901 2162 et
2940 2105 3136 2162 factum
3163 2098 3259 2162 est'
3292 2106 3482 2161 caelum
3506 2121 3522 2171 ;
3547 2104 3664 2161 Fiat
3691 2106 3795 2173 sol,
3848 2114 3905 2162 ct

2317 2198 2488 2255 iactus
2507 2209 2586 2255 est
2608 2200 2718 2266 sol;
2762 2198 2880 2253 Fiat
2921 2207 3083 2263 terra,
3107 2206 3164 2253 et
3188 2197 3324 2253 facta
3353 2207 3435 2253 est
3456 2206 3617 2253 terra.
3649 2196 3904 2252 Jussione

2317 2289 2662 2345 substantiam
2696 2287 2961 2359 produxit.
2995 2287 3087 2343 Sic
3111 2297 3165 2343 et
3185 2288 3271 2342 ille
3296 2329 3311 2354 ,
3344 2286 3464 2342 Fiat
3492 2288 3580 2341 tibi
3623 2287 3752 2342 sicut
3781 2288 3854 2342 vis
3885 2303 3905 2343 :

2317 2379 2563 2450 cognatio
2583 2379 2844 2434 sermonis
2865 2379 3293 2434 communionem
3321 2378 3558 2433 ostendit
3582 2387 3808 2433 naturae.
3833 2378 3904 2432 Et

2316 2479 2496 2524 sanata
2523 2479 2594 2523 est
2622 2467 2732 2539 ﬁlia
2760 2468 2889 2540 ejus.
2918 2466 3302 2535 Quandonam?
3324 2464 3392 2520 In
3419 2467 3510 2521 illa
3529 2466 3654 2520 liora
3683 2467 3904 2537 (Matth.

2319 2561 2408 2616 15.
2431 2560 2556 2631 28);
2601 2575 2705 2615 non
2726 2558 2936 2630 quando
2957 2570 3128 2614 mater
3161 2558 3306 2614 venit
3343 2557 3588 2622 domum,
3615 2559 3711 2612 sed
3749 2566 3909 2614 ante-

2320 2668 2476 2725 quam
2497 2653 2720 2709 veniret.
2753 2651 2910 2708 Venit
2938 2652 3215 2706 inventura
3245 2647 3648 2715 dmmoniacam,
3674 2656 3730 2703 et
3753 2649 3909 2703 inve-

2319 2745 2396 2800 nit
2423 2758 2629 2810 sanam,
2671 2743 2940 2798 voluntate
2968 2755 3062 2797 sua
3095 2740 3305 2796 sanitati
3332 2740 3652 2795 restitutam.
3681 2738 3790 2793 Pro
3818 2738 3907 2794 his

2317 2836 2562 2890 omnibus
2587 2834 2783 2904 gratias
2807 2847 3025 2903 agamus
3055 2832 3186 2898 Deo,
3214 2832 3335 2907 quia
3361 2833 3532 2902 ipsum
3553 2830 3704 2886 decet
3729 2831 3908 2902 gloria

2317 2930 2370 2983 in
2399 2927 2593 2983 saecula
2613 2925 2954 2982 ’satculorum.
2989 2925 3157 2980 Amen
3186 2925 3226 2978 ⁸.

2379 3060 2394 3092 ⁸
2429 3060 2500 3123 sic
2530 3064 2688 3123 Graeca
2732 3057 2934 3123 habent.
2979 3062 3030 3104 tn
3073 3053 3691 3123 veteriuinterpretatione
3737 3055 3910 3104 latina

633 3102 761 3170 ﬁdes
785 3112 890 3156 tua.
918 3101 1120 3160 Mortua
1147 3115 1228 3161 est
1247 3107 1457 3172 mulier,
1494 3119 1549 3163 et
1588 3111 1908 3178 praeconium
1953 3112 2070 3180 ejus
2095 3126 2212 3166 ma-

635 3199 746 3260 net,
775 3192 1074 3253 diademate
1097 3197 1446 3268 splendidius.
1476 3200 1825 3273 Quacumque
1863 3203 1986 3258 ieris
2029 3204 2213 3260 audies

638 3283 905 3340 Christum
939 3286 1224 3356 dicentem,
1270 3289 1315 3345 0
1355 3292 1579 3348 mulier!
1606 3309 1790 3363 magna
1831 3303 1904 3349 est
1944 3293 2070 3362 ﬁdes
2096 3303 2206 3349 tua.

2315 3123 2388 3170 sic
2417 3119 2685 3187 clauditur:
2711 3127 2806 3169 Pro
2826 3116 2900 3187 Itis
2925 3124 3084 3168 autem
3106 3116 3335 3187 omm'bus
3356 3116 3540 3178 gratias
3574 3127 3786 3187 agamus
3803 3123 3912 3187 Deo

2315 3195 2402 3244 per
2433 3180 2672 3231 Christum
2694 3180 2971 3248 Dominum
3012 3185 3264 3248 nostrum”
3287 3191 3398 3248 cum
3420 3189 3517 3248 quo
3534 3183 3602 3226 est
3628 3185 3729 3248 Deo
3763 3180 3910 3227 nam

2317 3238 2413 3292 ima
2436 3254 2546 3292 cum
2568 3247 2732 3303 sancto
2749 3239 2929 3303 Spiritu
2950 3241 3118 3296 hortor.
3139 3238 3294 3302 gloria
3311 3247 3356 3290 et
3373 3244 3576 3301 potestas
3593 3250 3678 3302 per
3699 3238 3910 3288 im-

2315 3303 2433 3356 talia
2454 3301 2633 3355 sarcula
2655 3301 2958 3354 seculorum.
2994 3301 3159 3352 amati

641 3585 3863 3635 Ἥ

1159 3874 1320 3954 [tu]
1361 3879 1441 3940 IN
1483 3878 1800 3953 LIBRUM,
1848 3878 2050 3953 QUOD
2097 3880 2304 3942 nemo
2346 3882 2735 3946 LEDATUR
2776 3882 2928 3946 NISI
2971 3887 3019 3946 Α
3059 3885 3337 3962 SEIPSO,

702 4087 804 4143 llic
841 4089 1241 4160 pulcherrimus
1269 4091 1425 4160 liber,
1467 4092 1626 4164 cujus
1655 4093 1741 4150 vel
1774 4093 1965 4149 titulus
1993 4092 2311 4152 Christianae
2352 4094 2712 4168 philosophiae
2751 4114 3024 4156 summam
3069 4100 3474 4172 complectitur,
3508 4099 3589 4159 sic
3633 4117 3663 4157 a
3710 4103 3907 4179 Chry-

633 4216 878 4263 sostomo
905 4218 1368 4266 commemoratur
1417 4210 1560 4267 inira
1587 4252 1602 4280 ,
1648 4211 1890 4284 Epistola
1921 4224 2114 4286 quarta
2158 4215 2226 4271 ad
2265 4215 2635 4288 Olympiadem
2665 4218 2748 4274 his
2778 4218 3000 4274 verbis:
3048 4217 3205 4274 Mitto
3245 4220 3314 4274 ad
3346 4229 3393 4275 te
3423 4221 3479 4276 id
3529 4223 3668 4292 quod
3715 4239 3909 4294 nuper

649 4325 844 4380 litteris
877 4327 1152 4394 mandaui,
1205 4347 1386 4402 nempe
1409 4348 1528 4388 eum
1561 4334 1653 4404 qui
1683 4334 1911 4404 seipsum
1946 4351 2048 4390 non
2094 4336 2326 4404 ltcserit,
2373 4354 2405 4391 a
2441 4337 2645 4392 nemine
2690 4337 2801 4392 alio
2846 4337 2971 4393 lwdi
3013 4353 3182 4407 posse.
3224 4337 3339 4391 Hoc
3381 4338 3569 4409 quippe
3612 4341 3906 4396 contendit

635 4443 732 4496 illa
761 4445 952 4512 oratio,
982 4463 1141 4517 quam
1167 4464 1302 4503 nunc
1334 4452 1402 4504 ad
1432 4460 1480 4506 te
1508 4452 1679 4507 mitto.
1721 4451 1884 4507 Illam
1917 4455 2082 4524 igitur
2112 4455 2326 4510 assidue
2360 4457 2558 4522 volnus,
2589 4457 2695 4510 imo
2721 4456 2902 4521 etiam,
2939 4457 2986 4511 si
3028 4472 3120 4526 per
3161 4456 3516 4511 valetudinem
3550 4456 3706 4524 licet,
3748 4460 3913 4515 reci-

637 4572 731 4616 tes.
762 4560 827 4614 Id
856 4564 995 4617 enim
1017 4565 1381 4633 pharmacum,
1417 4569 1463 4622 si
1492 4569 1701 4638 quidem
1745 4569 1996 4638 volueris,
2035 4572 2130 4625 tibi
2173 4571 2383 4640 sufﬁcit.
2426 4571 2522 4628 Sin
2560 4573 2706 4626 nobis
2753 4572 3073 4642 pertinacius
3113 4571 3394 4627 oblucteris
3418 4612 3434 4639 ,
3489 4589 3551 4626 ac
3605 4586 3772 4642 neque
3821 4583 3910 4628 te-

638 4681 806 4748 ipsam
849 4695 1017 4747 cures,
1054 4699 1146 4737 nec
1171 4685 1408 4751 quamvis
1438 4686 1736 4740 innumeras
1771 4686 2151 4742 admonitiones
2191 4696 2236 4740 :t
2269 4686 2654 4742 cohortationes
2699 4696 2891 4757 praesto
2931 4687 3120 4742 habeas
3175 4703 3203 4741 e
3246 4685 3485 4741 maeroris
3527 4695 3703 4740 tamen
3743 4702 3913 4744 cano

2076 5219 2428 5311 LIBER

1327 5460 1497 5515 QUOD
1538 5460 1646 5516 QUI
1690 5451 1951 5504 sursum
1997 5462 2124 5506 non
2170 5461 2392 5519 Lemn,
2441 5463 2615 5507 Νευο
2657 5463 2918 5509 mutant:
2965 5465 3193 5509 rossrr.

702 5651 752 5704 1,
774 5651 1122 5705 Attentionem
1142 5659 1189 5704 et
1211 5649 1612 5705 benevolentiam
1630 5650 2016 5716 sibiconciliat;
2029 5649 2204 5705 Iudex
2317 5663 2446 5709 sunt
2476 5655 2647 5723 afﬁxi,
2668 5667 2720 5714 et
2751 5675 3012 5715 sensuum
3034 5661 3402 5730 voluptatibus
3425 5659 3696 5727 serviunt,
3727 5665 3924 5734 Spiri—

642 5751 912 5811 utramque
927 5753 1126 5809 partem
1148 5744 1349 5796 audiret
1367 5744 1533 5799 debet.
1555 5773 1624 5784 -
1647 5744 1772 5798 Scio
1802 5744 1937 5807 fore,
1969 5756 2026 5798 ut
2056 5759 2203 5800 cras-
2316 5747 2557 5803 tualibus
2576 5766 2682 5804 non
2702 5751 2995 5805 admodum
3013 5753 3354 5815 dediti,nova
3379 5751 3512 5814 haec,
3535 5752 3925 5827 insolensque

645 5837 899 5905 sioribus,
920 5839 1120 5908 quique
1141 5840 1501 5907 praesentibus
1520 5842 1680 5894 rebus
1712 5840 1940 5905 inhiant,
1961 5856 2020 5897 ac
2049 5851 2202 5896 terrm

2317 5840 2564 5895 videatur
2601 5842 2808 5910 oratio;
2843 5857 2908 5897 ac
2939 5859 3038 5898 nos
3075 5843 3305 5898 ubertim
3353 5841 3586 5907 rideant,
3618 5853 3675 5898 et
3702 5857 3919 5904 route~
3967 5883 3984 5894 ~-
