4104 6480
198 404 274 457 usi
1203 385 1388 456 ouoo
1426 377 1612 439 nmo
1643 363 1970 428 LEDI'I‘UR
2010 361 2137 418 NlSl
2179 361 2217 415 A
2262 356 2522 415 smeso.

194 519 380 573 uiuant,
415 516 472 563 ut
493 506 582 576 qui
606 505 672 560 ab
694 504 844 558 initio
870 499 1230 572 promissionis
1256 497 1472 552 minime
1506 486 1760 546 verisimi-

195 604 253 657 lia
279 599 540 655 dicamus.
572 595 771 650 Verum
799 607 902 646 non
927 589 1046 645 ideo
1074 603 1169 643 nos
1211 603 1238 640 a
1272 583 1650 656 pollicitatione
1673 576 1767 630 de-

193 694 431 747 sistamus
459 706 472 739 :
506 687 633 757 quin
663 685 822 740 etiam
852 682 987 735 hanc
1008 679 1175 749 ipsam
1213 676 1440 731 maxime
1466 673 1535 728 ob
1554 682 1765 726 causam

195 781 251 836 ad
277 775 673 848 comprobanda
701 789 762 830 ea
800 788 917 843 qua:
961 769 1319 841 promisimus,
1375 776 1565 833 magno
1592 757 1768 816 studio

197 870 574 940 aggrediemur.
597 866 652 920 Si
670 865 812 920 enim
831 862 1092 917 voluerint
1111 859 1199 931 qui
1223 860 1288 912 ita
1307 866 1429 912 sunt
1450 851 1644 917 allecti,
1663 866 1767 905 non

201 959 522 1024 tumultuari,
567 972 740 1026 neque
765 955 1070 1020 obturbare,
1105 950 1200 1007 sed
1228 949 1386 1004 finem
1407 942 1659 1001 orationis
1679 955 1770 996 ex.

199 1064 448 1122 spectare,
482 1066 512 1104 a
543 1050 718 1114 nobis,
765 1056 847 1103 sat
893 1047 1024 1112 scio,
1055 1043 1290 1106 stabunt,
1321 1051 1541 1108 seseque
1580 1031 1772 1105 prioris

201 1145 386 1200 erroris
423 1140 892 1206 condemnabunt,
927 1135 1246 1209 palinodiam
1291 1140 1522 1193 canent,
1565 1126 1770 1182 veniam

201 1252 306 1292 cum
335 1233 682 1290 excusatione
726 1239 923 1302 petent,
957 1243 1022 1284 eo
1061 1226 1198 1297 quod
1231 1241 1334 1279 non
1361 1237 1537 1279 veram
1587 1219 1653 1274 de
1690 1233 1775 1270 re-

200 1328 284 1380 bus
333 1324 604 1379 tenuerint
646 1320 993 1386 sententiam,
1053 1330 1402 1387 magnamque
1455 1311 1606 1368 nobis
1653 1325 1772 1380 gru—

203 1416 314 1469 tiam
341 1413 632 1477 habebunt,
669 1419 726 1466 ut
748 1409 964 1465 medicis
983 1408 1133 1478 aegri,
1156 1421 1188 1462 e
1211 1404 1410 1461 morbis
1427 1444 1443 1469 ,
1473 1400 1664 1471 quibus
1685 1414 1776 1452 eu-

202 1519 306 1560 rum
336 1518 532 1574 corpua
562 1502 708 1557 velut
731 1500 1006 1556 obsessum
1045 1499 1235 1561 fuerat,
1258 1492 1500 1571 recreati.
1532 1491 1607 1546 Nc
1633 1491 1773 1544 enim

203 1595 321 1651 mihi
347 1611 470 1666 quae
492 1604 544 1650 te
570 1609 711 1650 nunc
745 1601 909 1656 tenet,
956 1589 1134 1662 profer
1170 1587 1484 1644 sententiam
1511 1627 1526 1650 ,
1555 1583 1646 1637 sed
1677 1597 1774 1635 ex-

201 1698 372 1758 specta
401 1688 564 1743 etiam
590 1695 786 1741 nostra:
832 1684 1089 1739 orationis
1115 1680 1508 1737 contentionem
1533 1687 1585 1731 et
1614 1690 1776 1730 cona-

203 1792 298 1849 tus,
328 1796 392 1837 ac
415 1791 527 1836 tum
575 1781 792 1852 poteris,
833 1777 1126 1848 ignorantia
1162 1789 1343 1830 verum
1372 1771 1628 1841 judicium
1669 1785 1776 1824 non

205 1871 537 1944 impediente,
564 1871 773 1926 sincere
799 1866 937 1924 ferre
958 1866 1296 1922 sententiam.
1319 1863 1452 1919 Nam
1475 1870 1530 1918 et
1557 1861 1778 1917 saecula-

205 1964 330 2018 rium
359 1979 543 2019 rerum
573 1963 793 2017 istarum
814 1958 1042 2030 judices,
1071 1957 1280 2015 etiamsi
1304 1956 1519 2012 videant
1540 1968 1662 2010 eum
1685 1952 1776 2024 qui

203 2055 339 2125 prius
367 2053 519 2121 dicit,
562 2062 832 2108 oratorem
884 2051 1152 2107 concitato
1199 2047 1518 2120 eloquentia;
1560 2044 1778 2100 ﬂumine

205 2145 371 2200 omnia
394 2143 766 2212 inundantem,
789 2157 898 2202 non
925 2143 1143 2210 audent,
1183 2141 1284 2198 nisi
1304 2141 1462 2197 etiam
1488 2137 1778 2195 adversarii

205 2237 628 2306 responsionibus
651 2251 771 2292 cum
792 2235 1190 2306 longanimitate
1227 2231 1438 2299 auditis,
1471 2229 1778 2302 pronuntia-

207 2343 258 2382 re
282 2328 596 2383 sententiam
621 2345 634 2382 :
659 2327 752 2384 sed
781 2327 988 2383 etiamsi
1017 2326 1161 2397 prior
1179 2325 1528 2396 justissimam
1563 2333 1776 2378 causam

208 2416 392 2473 habere
419 2417 681 2484 videatur,
704 2417 936 2488 integras
956 2431 1114 2471 aures
1133 2416 1288 2472 etiam
1310 2414 1460 2470 alteri
1482 2422 1776 2470 reservant.

207 2507 466 2578 Siquidem
500 2508 613 2564 haec
648 2523 860 2579 quoque
881 2508 1116 2578 judicum
1146 2508 1315 2563 virtus
1340 2515 1450 2572 est,
1499 2516 1554 2561 ut
1581 2507 1780 2561 utrius-

206 2614 298 2669 que
323 2599 487 2669 partis
506 2613 666 2654 causa
695 2614 852 2670 quam
879 2600 1273 2662 accuratissime
1292 2599 1521 2677 cognita,
1547 2607 1656 2654 tum
1685 2597 1779 2652 de-

213 2705 344 2744 mum
388 2689 490 2760 ipsi
519 2703 676 2744 suum
712 2691 1052 2761 interponant
1072 2690 1347 2760 judicium.
1381 2690 1642 2758 Quoniam
1686 2688 1784 2758 igi-

213 2791 288 2835 tur
314 2783 471 2837 etiam
502 2797 646 2838 nunc
683 2783 831 2838 velut
875 2780 1104 2839 rhetoris
1131 2783 1404 2854 cujusdam
1433 2781 1550 2837 loco
1576 2790 1660 2838 est
1689 2782 1779 2836 illa

211 2875 480 2932 multorum
511 2878 812 2932 communis
847 2886 900 2932 et
929 2878 1211 2948 anticipata
1242 2876 1443 2946 opinio,
1475 2891 1595 2946 quae
1624 2875 1782 2945 longo

213 2977 438 3038 tempore
468 2969 522 3024 in
552 2968 745 3024 animis
771 2969 1123 3024 multitudinis
1147 2969 1397 3033 radicata,
1431 2969 1545 3023 hmo
1566 2982 1659 3037 per
1693 2975 1778 3022 to-

211 3068 310 3113 tum
336 3070 599 3115 terrarum
626 3059 809 3115 orbem
838 3060 1121 3127 declamat,
1162 3060 1339 3114 omnia
1367 3072 1575 3114 sursum
1617 3056 1778 3126 deor-

209 3164 314 3204 sum
352 3165 504 3206 versa
541 3165 683 3216 esse,
712 3153 762 3206 in
802 3166 1044 3221 magnam
1075 3150 1438 3205 confusionem
1464 3163 1632 3219 genus
1675 3148 1778 3202 hu-

210 3256 411 3296 manum
461 3241 745 3309 incidisse,
778 3242 830 3296 in
876 3242 989 3297 dies
1017 3242 1256 3311 injurias,
1286 3241 1579 3296 calumnias
1599 3280 1614 3304 ,
1646 3241 1774 3305 vim,

209 3331 387 3386 damna
407 3332 611 3400 afferri,
642 3333 920 3388 imbecillis
959 3347 989 3386 a
1017 3318 1336 3402 potentibus,
1365 3330 1683 3400 pauperibus
1711 3330 1779 3384 ab

211 3423 491 3492 opulentis;
536 3434 592 3479 et
623 3432 679 3478 ut
714 3423 901 3478 ﬂuctus
919 3424 1082 3478 maris
1104 3423 1368 3478 numerari
1399 3437 1504 3477 non
1537 3432 1774 3492 possunt,

214 3513 276 3566 ita
326 3529 423 3570 nec
467 3514 750 3570 multitudo
777 3530 986 3581 eorum,
1017 3516 1104 3584 qui
1135 3514 1339 3570 insidiis
1383 3522 1652 3585 petuntur,
1692 3514 1780 3568 da-

211 3602 337 3658 mnis
357 3603 684 3671 afliciuntur,
712 3605 854 3660 male
889 3605 1252 3661 mulctantur:
1297 3619 1360 3661 ac
1393 3621 1563 3676 neque
1603 3605 1774 3677 legum

209 3696 547 3764 correcuone,
579 3712 749 3767 neque
786 3695 1104 3767 judiciorum
1151 3705 1314 3764 metu,
1345 3713 1517 3766 neque
1561 3695 1665 3750 ulla
1718 3713 1776 3752 re

208 3785 302 3839 alia
327 3790 457 3842 hanc
487 3787 749 3858 exstingui
778 3799 977 3857 pestem
1031 3803 1091 3843 ac
1118 3789 1357 3844 morbum
1380 3831 1394 3856 ,
1441 3789 1535 3844 sed
1581 3789 1775 3844 malum

208 3877 429 3944 quotidie
469 3878 672 3949 augeri,
723 3879 916 3950 ubique
952 3895 1072 3935 esse
1108 3880 1368 3950 gemitus,
1394 3871 1650 3944 lamenta,
1701 3879 1779 3932 la-

209 3979 405 4035 crymas
439 3982 626 4022 eorum
655 3969 744 4038 qui
789 3968 1006 4038 injurias
1033 3969 1340 4038 accipiunt:
1384 3969 1590 4038 judices
1634 3969 1777 4039 ipsos

209 4057 387 4125 quibus
410 4059 776 4128 hujuscemodi
825 4078 1002 4117 rerum
1037 4061 1340 4116 emendatio
1382 4062 1627 4117 mandata
1671 4074 1773 4130 est,

211 4155 567 4218 tempestatem
597 4151 891 4220 intendere,
921 4153 1165 4209 morbum
1192 4153 1373 4210 fovere
1401 4172 1414 4206 :
1453 4153 1576 4210 hinc
1598 4164 1774 4212 autem

210 4237 350 4293 inulti
370 4253 433 4294 ex
465 4238 917 4310 iusipientioribus
945 4257 1007 4298 ac
1030 4243 1429 4310 infelicioribus,
1481 4260 1618 4301 novo
1639 4261 1776 4316 quo-

207 4327 512 4387 damfurore
537 4333 786 4403 correpti,
819 4334 908 4389 Dei
941 4335 1330 4406 providentiam
1363 4335 1625 4404 incusant,
1653 4353 1771 4392 cum

207 4419 381 4476 vident
407 4423 735 4478 moderatum
781 4440 842 4479 ac
866 4425 1090 4496 probum
1129 4439 1273 4497 smpe
1325 4428 1495 4495 trahi,
1541 4429 1721 4484 laniari
1752 4471 1766 4495 ,

208 4511 500 4580 prafocari;
531 4513 806 4582 audacem,
850 4517 1172 4585 improbum,
1204 4519 1471 4586 infamem,
1503 4531 1557 4576 et
1593 4537 1657 4578 ex
1693 4526 1774 4590 in-

207 4601 421 4661 famibus
448 4616 624 4662 ortum
643 4649 656 4670 ,
679 4606 961 4675 ditescere,
991 4612 1274 4678 potentiam
1303 4613 1558 4679 nancisci,
1591 4595 1770 4670 multis

204 4693 579 4754 formidabilem
607 4714 761 4765 esse,
806 4715 870 4756 ac
916 4702 1226 4759 melioribus
1269 4719 1328 4759 se
1369 4705 1570 4760 infinita
1630 4709 1767 4762 mala

207 4787 413 4854 inferre,
458 4799 616 4862 atque
643 4791 756 4847 haec
783 4793 834 4846 in
859 4793 1184 4860 civitatibus,
1214 4795 1264 4850 in
1291 4801 1464 4866 agris,
1493 4797 1544 4851 in
1584 4799 1767 4857 solitu-

205 4877 431 4948 dinibus,
464 4892 603 4937 terra
656 4885 894 4956 marique
927 4889 1218 4957 perpetrari
1252 4890 1590 4946 :necessario
1617 4905 1646 4944 a
1676 4908 1770 4946 no-

207 4970 279 5024 bis
304 4971 417 5028 ha‘c
444 4975 734 5031 instituitur
775 4980 966 5043 oratio,
1001 4997 1122 5051 qua:
1167 4996 1325 5052 supra
1373 4983 1511 5037 dicta
1555 4984 1766 5053 refutet,

203 5073 254 5118 ct
300 5077 566 5124 certamen
609 5071 783 5137 ineat,
816 5087 1010 5128 novum
1055 5074 1291 5144 quidem,
1317 5084 1372 5130 ut
1402 5077 1553 5130 initio
1587 5079 1692 5132 dixi
1724 5081 1763 5144 ',

201 5166 250 5210 et
273 5157 620 5226 inopinatum,
643 5160 736 5216 sed
766 5162 913 5228 utile,
937 5163 1158 5232 justum,
1201 5174 1255 5219 et
1297 5167 1628 5224 auditoribus
1673 5184 1767 5225 au-

204 5250 452 5306 scultandi
478 5253 985 5326 obtemperandique
1010 5257 1217 5326 cupidis
1242 5260 1573 5317 conducibile
1599 5280 1612 5328 ;
1641 5279 1765 5332 pro-

204 5339 373 5397 ﬁtetur
385 5345 521 5399 enim
541 5360 600 5400 se
623 5353 954 5402 ostensuram
980 5347 1106 5416 (sed
1135 5365 1203 5403 ne
1227 5353 1649 5424 tumultuemini)
1672 5370 1765 5411 ne-

204 5436 389 5492 minem
431 5455 617 5496 eorum
648 5440 736 5510 qui
765 5440 962 5497 damno
991 5441 1312 5510 afficiuntur,
1339 5446 1406 5501 ab
1435 5446 1568 5514 alio,
1608 5450 1702 5504 sed
1733 5467 1763 5507 a

202 5528 366 5599 seipse
388 5514 528 5587 lzedi.

258 5681 405 5750 'Post
435 5690 674 5750 certamen
705 5684 850 5745 ineat,
890 5700 1019 5750 unus
1056 5697 1241 5742 tantum
1282 5694 1439 5745 Codex
1479 5697 1549 5748 sic
1578 5697 1759 5750 habet:

199 5743 597 5864 mugilem
619 5745 724 5800 hinc
747 5762 777 5798 α
798 5743 958 5802 malm
978 5753 1265 5815 objiciuntur
1289 5769 1306 5818 ,'
1326 5743 1762 5812 nonaniiaiié'cizi-l

3355 350 3461 405 8ῦῖ

1883 509 1891 517 -
1946 481 1997 534 2.
2040 480 2111 536 Ut
2133 489 2308 535 autem
2339 478 2617 535 dilucidior
2665 478 2734 530 sit
2781 475 2968 538 oratio,
2998 487 3094 542 age
3125 473 3350 541 primum
3385 455 3463 519 iti-

1870 573 2141 642 quiramus
2167 572 2293 643 quid
2325 572 2394 626 sit
2419 571 2692 630 damnum,
2717 577 2772 624 et
2815 569 2865 622 in
2897 581 3117 636 quarmn
3146 575 3324 616 rerum
3355 575 3461 611 ma-

1873 664 2004 718 teria
2028 664 2230 718 versari
2255 662 2424 718 soleat
2462 680 2473 715 :
2508 671 2562 716 et
2588 658 2716 731 quid
2750 657 2961 712 tandem
2993 656 3061 709 sit
3102 654 3330 708 humana
3363 650 3469 701 vir-

1878 763 1983 819 tus,
2013 755 2246 826 quidque
2279 771 2396 810 eam
2429 753 2606 819 laedat,
2655 752 2782 822 quid
2813 752 2938 805 item
2980 749 3222 802 videatur
3248 743 3464 805 laedere.

1873 863 1973 902 uec
2001 859 2176 903 tamen
2206 847 2383 902 lmdat.
2410 845 2657 915 Exempli
2683 859 2842 899 causa
2871 839 3154 912 (exemplis
3175 839 3316 893 enim
3344 849 3465 889 ora-

1877 941 1948 995 tio
1980 939 2303 1008 perficienda
2333 938 2458 1007 est),
2506 935 2726 1006 singula:
2754 950 2840 990 res
2866 949 2894 988 a
2923 931 3144 1003 singulis
3181 927 3469 991 laeduntur,

1875 1029 2071 1084 ferrum
2103 1045 2130 1083 a
2166 1029 2425 1099 rubigine,
2465 1027 2584 1081 lana
2619 1041 2647 1078 a
2688 1027 2850 1088 tinea,
2893 1024 3076 1077 ovium
3107 1032 3300 1090 greges
3329 1032 3357 1068 a
3388 1017 3439 1068 lo

1877 1121 1978 1188 pis.
2011 1121 2085 1174 Ac
2112 1120 2219 1174 vini
2247 1119 2461 1190 quidem
2491 1119 2572 1172 vis
2601 1117 2968 1180 labefactatur,
3019 1129 3143 1168 cum
3187 1109 3239 1165 id
3270 1109 3433 1178 depra

1876 1221 2048 1274 vatur,
2094 1219 2150 1266 et
2188 1211 2240 1265 in
2276 1224 2501 1279 vappam
2536 1216 2929 1268 commutatur;
2972 1203 3145 1258 mellis
3167 1217 3314 1265 vero,
3349 1213 3466 1252 cum

1881 1302 2168 1374 ingenitam
2196 1301 2393 1356 amittit
2419 1299 2778 1363 dulcedinem,
2798 1305 2850 1352 et
2870 1299 2920 1350 in
2943 1309 3180 1348 amarum
3208 1292 3470 1359 liquorem

1879 1396 2226 1452 convertitur.
2261 1394 2505 1449 'l‘riticeis
2549 1391 2792 1461 frugibus
2839 1391 2992 1444 obest
3033 1401 3212 1455 aerugo
3237 1395 3290 1440 et
3317 1382 3470 1437 sicci-

1880 1498 1981 1556 tas,
2043 1489 2227 1542 vitium
2281 1485 2508 1550 fructui,
2576 1483 2838 1555 pampinis
2884 1492 2936 1536 et
2999 1478 3302 1551 palmitibus
3355 1490 3469 1529 ma-

1881 1583 1962 1636 lus
2017 1582 2336 1636 locustarum
2393 1580 2696 1644 exercitus;
2743 1578 2859 1631 aliis
2917 1574 3195 1630 arboribus
3254 1576 3410 1628 eruca
3449 1613 3464 1637 ,

1880 1673 2192 1742 corporibus
2231 1671 2357 1726 item
2389 1671 2609 1726 rationis
2637 1668 2946 1740 expertibus
2996 1666 3128 1720 varii
3173 1662 3343 1718 morbi
3371 1681 3381 1715 :
3407 1676 3471 1716 ac

1881 1783 1948 1821 ne
1986 1766 2208 1836 singulis
2251 1763 2633 1835 percensendis
2680 1763 2893 1832 longum
2945 1771 3220 1814 nectamus
3262 1770 3471 1811 sermo-

1882 1874 2027 1922 nem,
2059 1857 2272 1927 corpori
2317 1870 2528 1927 quoque
2559 1863 2744 1909 nostro
2778 1863 2831 1908 et
2877 1851 3074 1916 febres,
3104 1860 3156 1905 et
3193 1847 3470 1920 paralysis,

1880 1949 2075 2018 aliique
2107 1947 2279 2003 morbi
2315 1947 2547 2017 plurimi.
2575 1943 3041 2014 Quemadmodum
3065 1956 3192 2011 ergo
3219 1939 3334 1995 hate
3363 1939 3474 1994 sio-

1885 2043 2006 2113 gula
2045 2041 2241 2096 habent
2267 2056 2296 2094 a
2319 2056 2423 2110 quo
2453 2040 2620 2094 virtus
2648 2052 2833 2094 eorum
2881 2034 3246 2100 labefactetur,
3275 2047 3372 2102 age
3397 2031 3474 2085 vi-

1886 2136 2110 2190 deamus
2135 2134 2260 2204 quid
2287 2135 2447 2187 etiam
2477 2131 2752 2186 hominum
2798 2129 2978 2200 generi
3021 2135 3230 2190 noceat,
3269 2135 3322 2181 et
3346 2123 3473 2195 quid

1887 2229 2097 2285 tandem
2125 2229 2194 2282 sit
2221 2227 2364 2297 quod
2393 2225 2625 2281 hominis
2664 2224 2916 2278 virtutem
2941 2220 3240 2276 labefactet.
3272 2215 3476 2287 Vulgus

1882 2321 2094 2392 quidem
2123 2320 2225 2374 alia
2246 2316 2490 2389 quaedam
2515 2331 2634 2372 eam
2654 2314 2850 2370 laedere
2866 2313 3136 2382 opinatur.
3159 2309 3289 2364 Nam
3312 2307 3472 2363 etiam

1883 2415 2027 2468 falsa:
2049 2412 2329 2482 opiniones
2351 2408 2643 2465 recitandae
2668 2414 2812 2473 sunt,
2834 2406 3004 2476 iisque
3021 2400 3328 2465 confutatis,
3349 2414 3472 2454 vera

1884 2515 2185 2562 nostrarum
2219 2506 2473 2558 virtutum
2519 2499 2821 2571 corruptela
2853 2500 2905 2554 in
2935 2497 3168 2553 medium
3197 2494 3472 2565 proferen-

1883 2599 1972 2666 da,
2003 2608 2057 2653 et
2083 2595 2363 2668 perspicue
2387 2591 2801 2658 ostendendum,
2842 2590 2892 2646 id
2940 2589 3342 2649 detrimentum,
3382 2595 3471 2639 aut

1885 2690 1935 2746 id
1956 2691 2206 2745 damnum
2225 2706 2251 2744 a
2273 2688 2486 2744 neruine
2503 2686 2655 2742 nobis
2670 2685 2784 2741 dari
2804 2699 2980 2756 posse,
3001 2683 3100 2736 nisi
3119 2678 3473 2746 nosmetipsos

1886 2784 2192 2852 prodamus.
2230 2782 2430 2852 Vulgus
2468 2795 2596 2850 ergo
2624 2779 2802 2849 pravis
2847 2777 3102 2832 imbutum
3133 2773 3473 2843 opinionibus

1884 2875 2090 2930 diversa
2132 2875 2401 2929 existimat
2436 2881 2632 2928 nostra!
2673 2871 2854 2926 virtuti
2886 2884 3097 2931 nocere,
3126 2867 3211 2921 alii
3243 2882 3468 2937 pauper-

1887 2975 2068 3030 tatem,
2101 2966 2189 3020 alii
2216 2966 2456 3035 corporis
2487 2964 2756 3030 morbum,
2788 2964 2877 3018 alii
2921 2961 3165 3034 pecuniae
3186 2960 3468 3029 jacturatn,

1884 3059 1972 3114 alii
1999 3058 2344 3123 calumniam,
2383 3058 2469 3111 alii
2499 3067 2746 3120 mortem,
2779 3065 2936 3126 atque
2964 3055 3077 3109 hrec
3107 3061 3362 3124 perpetuo
3393 3053 3468 3105 la—

1886 3159 2192 3204 mentantur
2220 3165 2284 3204 ac
2311 3149 2628 3220 deplorant;
2663 3157 2716 3203 et
2765 3163 2880 3214 eos,
2909 3147 3100 3217 quibus
3128 3146 3215 3201 illa
3245 3145 3469 3214 contige-

1886 3250 2030 3308 runt,
2069 3241 2405 3306 miserantes,
2444 3250 2500 3296 et
2538 3241 2750 3305 flentes,
2794 3249 2847 3296 et
2885 3237 3235 3309 obstupefacti
3287 3235 3471 3292 dicunt

1885 3333 2023 3388 inter
2050 3349 2107 3388 se
2133 3350 2145 3386 :
2170 3332 2357 3401 Qualia
2391 3347 2676 3404 perpessus
2706 3339 2787 3388 est
2813 3331 2935 3386 ille?
2982 3338 3203 3400 repente
3224 3328 3470 3384 omnibus

1885 3428 2110 3483 fortunis
2139 3442 2360 3482 eversus
2383 3437 2484 3481 est.
2535 3427 2688 3480 Alius
2725 3425 2793 3480 de
2838 3425 2945 3479 alio
2985 3423 3218 3479 vicissim
3247 3439 3261 3478 :
3289 3423 3356 3476 At
3383 3420 3469 3476 ille

1885 3521 1934 3574 in
1966 3535 2181 3590 gravem
2214 3518 2458 3574 morbum
2490 3517 2693 3584 incidit,
2724 3526 2777 3573 et
2798 3533 2827 3571 a
2864 3516 3104 3580 medicis,
3134 3515 3221 3586 qui
3251 3513 3315 3568 ad
3345 3529 3467 3568 eum

1889 3611 2233 3677 accedebant,
2269 3609 2586 3680 desperatus
2613 3619 2713 3665 est.
2750 3611 2866 3664 Jam
2913 3608 3046 3662 alios
3077 3609 3303 3662 carceris
3330 3606 3471 3660 ineo-

1884 3704 1980 3767 las,
2008 3703 2142 3756 alius
2167 3703 2336 3773 patria
2369 3703 2569 3770 pulsos.
2618 3712 2670 3757 ct
2699 3702 2748 3754 in
2781 3700 3024 3756 exsilium
3053 3699 3313 3769 relegatos
3345 3717 3356 3752 :
3384 3697 3471 3753 hic

1883 3793 2128 3847 libertate
2151 3802 2361 3860 exutos,
2388 3795 2478 3848 ille
2499 3793 2566 3848 ab
2593 3792 2835 3848 hostibus
2859 3793 2909 3846 in
2931 3791 3287 3860 captivitatem
3317 3791 3470 3845 abre-

1885 3892 2022 3954 ptos,
2056 3885 2155 3939 iste
2199 3885 2558 3952 submersum,
2589 3893 2683 3938 aut
2719 3885 3081 3947 combustum,
3127 3883 3261 3936 alios
3311 3883 3463 3936 ruina

1882 3975 2072 4030 domus
2100 3990 2437 4044 oppressum,
2472 3976 2616 4046 luget
2643 3991 2705 4030 ac
2731 3974 2913 4039 deflet,
2940 3986 2990 4028 at
3014 3974 3253 4048 improbe
3282 3974 3467 4029 viven-

1884 4075 1962 4122 tes
2006 4082 2164 4122 nemo
2203 4085 2216 4121 ;
2254 4067 2348 4122 sed
2372 4069 2511 4138 quod
2543 4067 2792 4122 omnibus
2816 4077 2898 4122 est
2925 4067 3156 4138 gravius,
3206 4083 3298 4122 eos
3325 4081 3468 4136 δενρο

1878 4174 2090 4230 quoque
2119 4160 2307 4214 beatos
2335 4159 2648 4229 pradicant,
2681 4175 2799 4229 quae
2829 4159 2986 4213 etiam
3028 4158 3264 4213 omnium
3296 4158 3466 4211 malo-

1853 4284 1858 4292 -
1881 4267 1996 4305 rum
2028 4265 2188 4306 causa
2214 4261 2315 4305 est.
2345 4253 2457 4320 Age
2482 4252 2640 4320 igitur
2672 4251 2787 4321 (sed
2811 4262 2865 4305 ut
2888 4252 3148 4320 principio
3176 4251 3375 4320 rogavi,
3400 4265 3469 4305 ne

1880 4343 2315 4414 tumultuemioi),
2337 4342 2680 4397 ostendamus
2711 4343 2841 4397 nihil
2867 4349 3063 4398 eorum
3079 4358 3195 4410 qua:
3211 4342 3464 4407 diximus,

1879 4451 2072 4491 nocere
2101 4436 2281 4490 sobrio
2308 4436 2530 4500 homini,
2563 4450 2736 4504 neque
2767 4437 3015 4489 virtutem
3044 4434 3158 4502 ejus
3187 4434 3464 4489 labefacta.

1877 4544 1935 4583 re
1966 4543 2140 4598 posse.
2171 4527 2308 4595 Quid
2337 4529 2499 4590 enim,
2529 4528 2614 4582 dic
2645 4529 2795 4591 mihi,
2839 4529 3089 4582 omnibus
3116 4528 3306 4600 opibus
3336 4543 3464 4598 Spo-

1879 4620 2026 4684 liato,
2059 4632 2150 4672 aut
2179 4635 2206 4674 a
2252 4620 2749 4684 calumniatoribus,
2780 4618 2892 4675 sive
2921 4635 2948 4673 a
2983 4620 3340 4690 praedonibus,
3375 4630 3465 4673 aut

1875 4713 2034 4767 etiam
2060 4711 2318 4780 improbis
2348 4714 2514 4767 servis
2531 4719 2690 4766 exuto
2707 4713 2953 4768 omnibus
2977 4713 3312 4767 facultatibus
3329 4713 3459 4774 suis,

1879 4802 1981 4856 hoc
2004 4801 2257 4876 damnum
2304 4801 2491 4864 obfuit,
2524 4812 2778 4872 quantum
2813 4803 2877 4857 ad
2906 4804 3154 4858 virtutem
3190 4803 3462 4858 hort-luis?

1949 4893 2085 4959 Quid
2108 4893 2171 4946 ait
2199 4893 2352 4946 virtus
2383 4894 2619 4959 hominis,
2659 4904 2704 4947 et
2725 4895 2846 4965 quid
2872 4912 2980 4948 eum
3013 4896 3193 4950 (cdere
3212 4897 3466 4967 possit.—

1876 4989 1980 5044 Sed
2017 4989 2214 5058 potius,
2243 4988 2286 5042 si
2321 4989 2386 5040 ita
2416 4986 2642 5051 videtur,
2676 4989 2904 5056 primum
2932 4987 3294 5044 describamus
3352 4989 3460 5041 vir-

1878 5092 2042 5136 tutem
2074 5080 2324 5145 hominis,
2357 5080 2608 5151 quidnam
2635 5097 2698 5135 ea
2732 5081 2941 5137 tandem
2984 5083 3071 5141 sit.
3102 5081 3188 5136 ubi
3221 5083 3365 5152 prius
3395 5084 3459 5135 :ul

1873 5173 2004 5227 alias
2028 5187 2117 5226 res
2145 5173 2437 5226 orationem
2465 5173 2914 5237 converterimus,
2964 5183 3018 5227 ut
3057 5189 3174 5228 eam
3217 5175 3458 5229 multitu-

1873 5264 1981 5318 dini
2013 5262 2078 5317 ad
2108 5263 2506 5334 intelligendum
2538 5264 2830 5318 faciliorem
2862 5274 2915 5319 et
2946 5264 3315 5320 dilucidiorem
3343 5264 3459 5318 effi-

1871 5359 2095 5415 ciamus.

1943 5451 1996 5504 3.
2038 5449 2174 5518 Quid
2196 5466 2323 5520 ergo
2344 5460 2426 5504 est
2446 5450 2614 5505 virtus
2641 5451 2801 5520 equi?
2827 5450 3089 5519 Numquid
3122 5467 3337 5504 aureum
3364 5450 3458 5504 ha-

1872 5545 1997 5597 bere
2036 5543 2262 5605 frenum,
2309 5550 2362 5595 et
2409 5541 2779 5610 hujuscemodi
2814 5542 3055 5612 cingula,
3100 5545 3454 5612 stragulorum

1870 5633 2078 5686 vincula
2118 5647 2182 5685 ex
2227 5632 2412 5687 sericis
2454 5632 2555 5686 filis
2601 5640 2871 5696 contexta,
2918 5642 3121 5704 tapetas
3160 5635 3455 5703 variegatos

1871 5739 2107 5790 auraque
2150 5723 2484 5791 intertextos,
2517 5723 2765 5793 phaleras
2793 5726 3016 5794 gemmis
3045 5725 3340 5788 distinctas,
3366 5726 3448 5795 ju-

1875 5817 1969 5873 has
1998 5817 2174 5873 aureis
2203 5818 2443 5874 funiculis
2473 5817 2812 5889 complicatas
2847 5837 2860 5874 :
2890 5833 2955 5876 an
2991 5833 3117 5875 vero
3145 5833 3305 5875 cursu
3334 5835 3453 5876 case
