4104 6506
625 421 729 478 4ϋὸ

634 531 889 595 velocem,
915 526 1158 583 cruribus
1177 524 1314 582 bene
1336 524 1521 588 ﬁrmis,
1545 536 1828 578 numerose
1847 517 2117 582 Incedere,
2151 524 2207 571 et
2248 522 2255 529 ‘

636 619 857 687 ungulas
903 617 1100 672 habere
1144 629 1407 687 generoso
1444 628 1583 685 equo
1627 612 1847 683 dignas;
1898 608 2209 664 fortitudine

637 708 915 777 prmditum
947 722 1094 772 esse,
1137 706 1307 777 longis
1359 705 1635 761 itineribus
1678 719 1741 758 ac
1784 702 1938 759 bellis
1980 700 2204 759 idonea:

636 814 791 869 posse
818 809 871 855 et
910 800 962 855 in
999 798 1113 855 acie
1148 812 1341 869 magno
1384 799 1563 852 animo
1604 806 1778 862 stare,
1822 803 1877 849 et
1915 792 2047 847 facta
2089 790 2204 858 fuga

633 889 863 959 equitem
895 889 1214 944 incolumem
1235 888 1595 945 conservare?
1615 889 1826 941 .Annon
1870 882 2204 953 perspicuum

631 990 733 1047 est,
766 982 867 1049 bis,
892 996 997 1037 non
1024 982 1129 1048 illis
1155 984 1277 1051 equi
1307 982 1552 1036 virtutem
1582 976 1881 1035 contineri?
1924 975 2205 1029 Asinorum

633 1087 758 1127 vero
784 1064 839 1129 et
863 1073 1128 1127 mulorum
1145 1088 1303 1142 quam
1328 1071 1724 1129 virtutencesse
1744 1064 1990 1122 diceres?
2012 1069 2202 1118 Annon

633 1181 791 1234 posse
816 1156 985 1219 onera
1011 1163 1292 1219 commode
1316 1173 1549 1233 gestare,
1581 1161 1769 1215 itinera
1796 1158 1947 1213 facile
1974 1156 2206 1211 conﬁce-

632 1272 709 1319 re,
746 1255 941 1310 habere
972 1254 1152 1325 pedes,
1185 1254 1274 1323 qui
1300 1252 1543 1307 ﬁrmitate
1568 1266 1694 1305 saxa
1726 1246 2036 1305 imitentur?
2069 1246 2202 1301 Num

630 1365 714 1409 ea,
755 1347 947 1417 quEhts
987 1344 1320 1399 extrinsecus
1361 1340 1668 1396 circumdati
1709 1350 1852 1406 sunt,
1897 1338 2091 1407 aliquid
2138 1337 2201 1390 ad

628 1447 875 1492 virtutem
918 1437 1150 1506 ipsorum
1189 1436 1458 1505 premium
1500 1432 1745 1488 conferre
1780 1430 2060 1487 dicemus?
2102 1429 2203 1484 Ne-

624 1544 909 1600 quaquam.
941 1528 1155 1583 Vineam
1185 1525 1376 1582 deinde
1396 1541 1556 1597 quam
1586 1523 2009 1579 admirahimur?
2042 1521 2202 1575 Foliis

629 1629 890 1675 tornatam
932 1629 985 1675 et
1030 1618 1348 1689 palmitibus,
1398 1633 1464 1672 an
1511 1616 1680 1672 fructu
1725 1615 2004 1671 onustam?
2031 1614 2198 1681 Quam

627 1715 789 1767 etiam
817 1711 967 1766 oli’vze
993 1710 1237 1765 virtutem
1260 1722 1379 1763 esse
1408 1700 1671 1762 dicimus?
1694 1708 1829 1761 Cum
1854 1720 2076 1775 magnos
2102 1703 2200 1757 ha-

631 1802 718 1856 bet
747 1817 945 1867 ramos,
970 1811 1023 1857 et
1052 1800 1271 1855 multam
1298 1799 1540 1854 foliorum
1570 1813 1798 1862 comam,
1816 1812 1883 1851 an
1908 1813 2027 1851 cum
2050 1810 2199 1851 suum

627 1894 856 1948 fructum
888 1892 1106 1947 uberem
1137 1901 1189 1946 et
1212 1892 1263 1945 in
1285 1905 1470 1945 omnes
1488 1899 1668 1961 partes
1694 1890 1991 1960 dispersum
2023 1899 2203 1943 osten-

630 1987 743 2039 tat?
772 1985 861 2040 Sic
893 1987 1047 2055 igitur
1079 1985 1235 2039 etiam
1267 1985 1316 2037 iu
1356 1984 1657 2038 hominibus
1684 1983 1953 2037 faciamus.
1990 1983 2197 2037 Disccr-

629 2093 815 2132 uanius
840 2079 1085 2133 virtutem
1114 2076 1369 2138 hominis,
1420 2076 1575 2145 idque
1602 2078 1773 2129 solum
1811 2074 2060 2129 damnum
2091 2075 2199 2127 exi-

625 2170 924 2231 stimemus,
954 2168 1091 2238 quod
1136 2168 1275 2220 illam
1320 2168 1500 2221 violet.
1545 2166 1681 2233 Quid
1723 2166 1881 2236 igitur
1918 2174 2001 2220 est
2036 2165 2199 2218 virtus

628 2261 893 2315 hominis?
918 2259 1031 2314 Non
1056 2261 1311 2329 pecunice,
1343 2269 1393 2313 ut
1426 2250 2067 2329 paupertatem'metuas;
2101 2272 2199 2312 nec

625 2352 823 2406 sanitas
845 2352 1105 2422 corporis,
1132 2361 1187 2404 ut
1211 2352 1398 2406 timeas
1420 2350 1660 2404 morbum
1682 2366 1697 2416 ;
1722 2363 1827 2403 non
1851 2347 2200 2403 multitudinis

624 2442 825 2512 opinio,
865 2452 920 2497 ut
950 2452 1247 2510 suspectam
1273 2442 1469 2497 habeas
1498 2439 1938 2496 existimationem
1969 2439 2197 2505 malam;

626 2549 725 2589 nec
750 2535 855 2588 vita
882 2549 976 2604 per
1003 2548 1063 2589 se
1086 2533 1199 2587 sola
1224 2533 1339 2587 sine
1368 2532 1691 2602 obiectione.
1722 2539 1976 2602 certoque
2002 2544 2199 2601 propo-

625 2626 729 2679 sito
761 2624 883 2691 ﬁne,
916 2633 972 2678 ut
1000 2639 1145 2679 mors
1188 2623 1281 2677 tibi
1322 2621 1670 2678 formidabilis
1711 2623 1963 2687 exsistat;
2007 2637 2105 2677 nec
2138 2621 2202 2676 li-

628 2716 829 2780 bertas,
864 2723 921 2769 ut
949 2715 1255 2769 servitutem
1284 2712 1453 2783 fugias
1484 2732 1498 2768 :
1530 2713 1622 2769 sed
1644 2728 1783 2768 vera:
1802 2712 2059 2769 doctrinae
2083 2713 2202 2768 dili-

623 2821 756 2875 gens
797 2804 1052 2869 studium,
1095 2812 1148 2858 et
1189 2803 1308 2858 vita:
1352 2805 1623 2860 honestas.
1655 2804 1780 2859 Haec
1808 2819 1938 2859 vero
1962 2819 2062 2859 nec
2089 2804 2203 2874 ipse

623 2896 868 2952 diabolus
894 2896 1089 2967 peterit
1117 2897 1349 2967 eripere,
1380 2896 1424 2950 si
1453 2910 1729 2966 possessor
1752 2910 1835 2963 ea,
1853 2910 1955 2966 qua
1981 2910 2076 2966 par
2096 2906 2197 2961 est,

624 3004 751 3043 cura
779 2988 1044 3044 custodiat
1068 3005 1081 3042 :
1113 2988 1272 3058 idque
1297 2987 1653 3059 nequissimus
1681 2998 1735 3043 et
1763 2988 2095 3043 truculentus
2113 2988 2201 3044 ille

625 3079 836 3133 daemon
864 3080 1027 3133 novit.
1058 3078 1201 3133 lianc
1228 3079 1369 3134 enim
1392 3078 1462 3134 ob
1481 3093 1696 3135 causam
1732 3080 1891 3134 etiam
1921 3079 2021 3135 Job
2047 3080 2202 3135 bonis

622 3169 889 3237 spoliavit,
918 3184 1023 3225 non
1050 3178 1110 3225 ut
1134 3185 1257 3225 eum
1284 3184 1568 3241 pauperem
1587 3169 1853 3237 redderet,
1870 3170 1965 3226 sed
1989 3181 2045 3225 ut
2065 3172 2202 3227 blas-

623 3264 874 3331 phemum
917 3263 1130 3333 aliquod
1171 3263 1392 3318 verbum
1422 3261 1610 3317 efferre
1637 3273 1851 3334 cogeret
1880 3282 1893 3318 :
1930 3273 1982 3319 et
2010 3279 2203 3335 corpus

626 3352 880 3415 concidit,
912 3369 1015 3407 non
1045 3362 1101 3408 ut
1131 3353 1183 3407 in
1210 3352 1453 3408 morbum
1484 3354 1791 3425 conjiceret,
1814 3354 1905 3409 sed
1935 3362 1993 3409 ut
2011 3357 2201 3410 animm

627 3444 875 3497 virtutem
914 3443 1270 3500 labefactaret.
1319 3442 1424 3500 Sed
1466 3452 1640 3499 tamen
1680 3459 1801 3500 eum
1849 3461 2037 3501 omnes
2076 3462 2203 3502 suas

628 3533 902 3587 machinas
930 3533 1272 3599 admovisset,
1303 3543 1359 3589 et
1398 3550 1463 3591 ex
1491 3535 1655 3589 divite
1682 3550 1967 3606 pauperem
1999 3536 2203 3593 olfecis-

627 3635 709 3680 set
739 3624 814 3694 (id
857 3627 998 3696 quod
1031 3626 1183 3681 nobis
1218 3628 1453 3682 omnium
1501 3629 1731 3683 maxime
1770 3629 2024 3684 horribile
2052 3629 2199 3684 vide-

627 3720 758 3787 tur),
786 3732 854 3771 ex
887 3718 1169 3772 multorum
1215 3719 1505 3775 liberorum
1534 3729 1683 3791 patre
1707 3720 1931 3787 orbum;
1972 3737 2093 3777 cum
2124 3730 2203 3777 to-

628 3820 739 3863 tum
765 3810 881 3880 ejus
909 3824 1106 3878 corpus
1148 3812 1364 3880 gravius
1390 3812 1699 3877 lacerasset,
1731 3829 1888 3885 quam
1925 3813 2202 3869 carniﬁces

627 3899 679 3951 in
710 3900 973 3967 pneteriis
1008 3904 1201 3970 (neque
1230 3902 1370 3955 enim
1405 3902 1615 3956 illorum
1661 3903 1872 3973 ungula:
1913 3904 1981 3959 ita
2026 3906 2203 3972 perfo-

627 3992 781 4047 diunt
807 4007 1013 4057 eorum,
1044 3996 1131 4065 qui
1164 3996 1215 4049 in
1247 4010 1434 4050 manus
1462 3997 1697 4067 ipsorum
1729 3997 1986 4064 incidunt,
2017 3998 2201 4065 latera,

630 4093 685 4135 ut
726 4083 842 4147 ejus
877 4098 1093 4139 carnem
1126 4100 1335 4140 vermes
1368 4086 1728 4158 lacerarunt),
1769 4104 1890 4143 cum
1934 4088 2123 4143 malam
2154 4089 2203 4144 ei

627 4174 1073 4230 existimationem
1100 4177 1434 4232 conciliasset
1462 4178 1639 4249 (amici
1662 4180 1824 4245 enim,
1847 4180 1933 4249 qui
1961 4180 2201 4245 aderant,

637 4262 751 4317 Non
768 4264 976 4335 dignas,
996 4266 1226 4333 aiebant,
1253 4269 1485 4338 peccatis
1514 4271 1615 4324 tuis
1634 4285 1815 4339 poenas
1832 4271 2043 4339 dedisti,
2068 4273 2211 4352 mult

632 4355 806 4423 lisque
844 4355 1021 4410 verbis
1047 4372 1166 4411 eum
1208 4359 1571 4430 accusabant),
1616 4376 1735 4415 cum
1766 4376 1872 4415 non
1907 4363 2037 4418 urbe
2079 4378 2204 4418 exa-

633 4454 775 4498 ctum
807 4455 897 4498 aut
921 4446 1084 4501 domo
1113 4448 1162 4501 in
1192 4449 1347 4503 aliam
1374 4450 1641 4505 civitatem
1671 4461 1872 4507 tantum
1906 4456 2204 4509 transtulis-

631 4544 734 4600 set,
782 4536 878 4591 sed
921 4540 1310 4608 Sterquilinium
1360 4542 1407 4597 ei
1451 4554 1505 4597 et
1556 4542 1747 4598 domus
1794 4554 1849 4599 et
1892 4546 2038 4600 urbis
2084 4547 2203 4601 loco

632 4627 995 4681 constituisset
1040 4647 1051 4680 :
1090 4644 1193 4683 non
1221 4631 1382 4685 modo
1435 4633 1483 4687 ei
1515 4648 1619 4686 non
1660 4636 1861 4701 nocuit,
1902 4636 1997 4691 sed
2040 4639 2201 4692 etiam

633 4714 973 4771 iltnstriorem
998 4733 1089 4787 per
1115 4719 1334 4775 insidias
1357 4721 1602 4776 reddidit.
1620 4722 1801 4793 Neque
1827 4735 2026 4780 tantum
2051 4728 2205 4797 quid-

631 4821 787 4875 quam
818 4807 886 4863 de
914 4809 1065 4863 bonis
1092 4827 1194 4865 non
1226 4813 1463 4879 abstulit,
1498 4830 1817 4884 quamquam
1855 4827 1929 4871 tot
1956 4827 2205 4891 tantaque

634 4898 958 4959 abstulisset,
979 4902 1072 4955 sed
1101 4903 1260 4957 etiam
1288 4904 1517 4974 majores
1533 4906 1579 4959 ei
1602 4905 1811 4961 divitias
1836 4908 2045 4963 virtutis
2067 4925 2205 4963 com-

632 4989 853 5059 paravit.
886 4991 1091 5047 Etenim
1137 4995 1337 5063 majore
1382 4996 1637 5066 deinceps
1678 4996 1949 5053 fruebatur
1987 5000 2200 5067 fiducia,

636 5080 825 5149 quippe
845 5080 1126 5138 difﬁciliori
1150 5102 1357 5155 quoque
1380 5089 1668 5143 certamine
1696 5088 2022 5159 perfunctus.
2050 5091 2201 5160 Quod

630 5171 674 5223 si
706 5170 771 5232 is,
798 5174 885 5242 qui
915 5183 1056 5229 tanta
1087 5191 1368 5245 perpessus
1403 5188 1506 5245 est,
1550 5179 1855 5236 detrimenti
1899 5183 2028 5237 nihil
2052 5200 2203 5240 acce-

632 5262 729 5330 pit,
751 5277 815 5317 ac
843 5278 1125 5336 perpessus
1150 5284 1255 5321 non
1279 5269 1345 5322 ab
1364 5269 1597 5338 homine,
1623 5272 1713 5326 scd
1730 5288 1757 5326 a
1777 5273 2019 5330 daemone
2042 5280 2205 5333 omni-

544 5409 551 5415 _
629 5352 729 5408 lius
759 5352 1061 5412 hominibus
1096 5359 1351 5428 nequiore
1380 5379 1390 5413 :
1416 5362 1541 5431 quid
1568 5366 1926 5420 excusationis
1952 5367 2203 5441 deinceps

630 5443 847 5499 habebit
888 5448 1167 5518 quisquam
1220 5466 1427 5517 eorum,
1458 5454 1558 5522 [qui
1603 5454 1843 5509 dictitant
1886 5475 1899 5511 ε
1938 5456 2033 5513 ille
2074 5462 2202 5516 mihi

627 5534 880 5592 damnum
906 5549 996 5594 aut
1037 5540 1412 5598 detrimentum
1454 5546 1673 5601 attulit?
1713 5547 1767 5603 Si
1794 5549 1935 5603 enim
1962 5550 2205 5607 diabolus

629 5635 771 5681 tanta
797 5628 983 5697 plenus
1007 5630 1365 5699 improbitate,
1393 5636 1638 5692 omnibus
1669 5638 2035 5697 instrumentis
2056 5642 2203 5697 adhi-

628 5716 769 5779 bitis,
818 5719 1065 5774 onntibus
1105 5722 1282 5778 missis
1320 5724 1463 5790 telis,
1512 5728 1757 5782 omnibus
1799 5731 1973 5791 malis.
2003 5748 2119 5802 qua:
2152 5735 2201 5788 iu

627 5803 931 5866 hominibus
961 5820 1138 5879 crant,
1164 5828 1356 5885 magno
1390 5832 1507 5871 cum
1545 5834 1763 5876 excessu
1792 5831 1841 5877 et
1869 5822 1918 5878 iu
1949 5822 2197 5879 familiam

1324 412 1381 469 S.
1420 408 1696 469 JOANNIS
1733 401 2197 465 CHRYSOSTOMI
2236 350 2547 458 Ᾰιωηιεῐδ.
2586 401 3115 461 CONSTANTINOI‘.

3793 405 3899 460 168

2308 514 2436 585 justi
2466 516 2603 571 illius
2632 525 2686 571 et
2719 516 2772 570 in
2810 530 3005 585 corpus
3038 515 3325 587 congestis,
3370 516 3498 573 nihil
3534 518 3649 572 viro
3687 517 3882 585 obfuit,

2316 608 2428 672 sed,
2455 619 2510 662 ut
2548 607 2676 674 dixi,
2706 611 2886 679 potius
2911 611 3070 665 etiam
3101 610 3298 680 profuit
3328 630 3339 665 :
3381 613 3469 681 qui
3503 622 3753 680 poterunt
3779 614 3895 682 qui-

2309 695 2433 751 dam
2469 698 2607 753 hunc
2646 708 2741 753 aut
2782 700 2928 754 illum
2954 715 3205 755 accusare
3225 743 3238 765 ,
3270 705 3420 772 quasi
3450 704 3587 757 alter
3613 702 3684 759 ab
3704 702 3897 769 altero,

2309 801 2373 843 ac
2394 802 2507 843 non
2538 789 2713 859 potius
2738 806 2769 844 a
2795 792 3098 861 semetipsis
3121 791 3319 846 damno
3346 792 3561 848 aﬁ‘ecti?

2379 879 2433 934 4.
2475 880 2658 934 Adami
2680 882 2912 950 exemplo
2928 883 3150 952 idipsum
3171 884 3378 953 probat;
3398 885 3669 955 objectioni
3688 900 3894 954 respon-

2308 969 2392 1022 det
2421 967 2484 1024 de
2519 970 2679 1040 pinnis
2701 981 2749 1025 et
2767 972 3051 1041 suppliciis.
3072 1002 3143 1013 --
3171 972 3307 1041 Quid
3335 988 3484 1044 ergo,
3514 973 3658 1030 dicet
3680 974 3877 1045 aliquis

2312 1058 2577 1115 Adamum
2613 1075 2718 1116 non
2744 1060 2882 1117 laesit
2918 1075 2982 1117 se
3016 1065 3397 1133 supplantavit,
3432 1075 3486 1119 et
3514 1066 3762 1134 paradiso
3786 1069 3879 1137 eje

2312 1149 2425 1204 cit?
2452 1150 2570 1206 Non
2606 1151 2712 1217 ille,
2744 1152 2838 1208 sed
2868 1153 2980 1209 lassi
3016 1153 3243 1225 ignavia,
3276 1157 3362 1226 qui
3394 1172 3494 1213 nec
3528 1157 3761 1224 sobrius,
3801 1171 3903 1214 nec

2308 1243 2530 1312 vigilans
2553 1244 2761 1300 fuisset.
2788 1244 2920 1300 Nam
2948 1247 3039 1317 qui
3076 1246 3271 1301 talibus
3306 1263 3369 1302 ac
3404 1250 3562 1303 tantis
3590 1248 3766 1304 allatis
3787 1266 3903 1304 ma-

2310 1332 2487 1389 chinis
2527 1333 2628 1391 Job
2671 1334 2955 1393 deturbare
2997 1340 3251 1408 nequivit.
3299 1340 3566 1409 quomodo
3605 1341 3903 1397 minoribus

2306 1436 2609 1494 superasset
2629 1428 2910 1495 Adamum,
2935 1431 3034 1485 nisi
3053 1432 3097 1485 is
3128 1446 3223 1502 per
3243 1447 3395 1487 suam
3416 1433 3680 1502 ignaviam
3700 1446 3896 1490 semet-

2310 1517 2482 1585 ipsum
2517 1517 2845 1575 dedidisset?
2868 1520 3004 1587 Quid
3035 1522 3229 1591 igitur?
3254 1523 3343 1592 qui
3369 1540 3399 1578 a
3425 1525 3901 1581 calumniatoribus

2306 1609 2699 1666 circumventus
2726 1622 2780 1667 et
2821 1613 3100 1681 publicatis
3146 1615 3301 1671 bouis
3338 1618 3669 1687 proscriptus
3698 1627 3803 1683 est,
3829 1634 3901 1673 an

2314 1698 2358 1752 is
2384 1717 2488 1754 non
2510 1702 2759 1756 damnum
2782 1706 2987 1773 accepit
3002 1706 3247 1761 omnibus
3263 1705 3598 1762 facultatibus
3615 1710 3899 1779 spoliatus,

2309 1791 2507 1845 amisso
2537 1794 2874 1861 patrimonio,
2900 1797 3195 1852 collectam
3226 1813 3350 1852 cum
3379 1808 3615 1852 extrema
3664 1814 3901 1869 pauper-

2312 1882 2452 1937 tate?
2481 1882 2595 1938 Non
2636 1885 2889 1941 damnum
2936 1890 3162 1958 accepit,
3203 1888 3299 1944 sed
3343 1890 3569 1957 lucrum,
3601 1892 3646 1946 si
3685 1893 3902 1949 sobrius

2306 1983 2406 2028 est.
2449 1974 2585 2043 Quid
2626 1977 2790 2045 enim,
2834 1994 3037 2049 quaaso,
3077 1980 3126 2034 id
3166 1980 3343 2050 obfuit
3371 1983 3665 2053 apostolis?
3707 1983 3903 2041 Nonne

2311 2080 2431 2119 cum
2461 2068 2620 2132 fame',
2652 2069 2759 2135 siti,
2791 2070 3030 2125 nuditate
3074 2072 3411 2127 continenter
3443 2074 3817 2129 luctabantur?
3844 2085 3898 2131 et

2306 2156 2373 2209 ob
2406 2158 2505 2212 hoc
2530 2158 2700 2229 ipsum
2729 2159 2954 2229 proinde
2981 2163 3145 2217 etiam
3172 2162 3459 2218 admodum
3482 2164 3719 2220 illustres
3745 2176 3899 2222 erant

2306 2257 2360 2301 et
2403 2247 2553 2316 clari,
2594 2265 2950 2322 magnumque
2988 2268 3020 2307 ιι
3061 2252 3169 2309 Deo
3214 2254 3470 2309 auxilium
3515 2255 3895 2325 impetrarunt.

2305 2338 2440 2403 Quid
2472 2339 2673 2395 Lazaro
2700 2342 2940 2408 morbus,
2973 2344 3172 2410 ulcera,
3196 2355 3503 2416 paupertas,
3543 2348 3784 2403 solitudo
3803 2364 3900 2404 eo.

2306 2448 2424 2487 rum
2453 2434 2541 2504 qui
2568 2436 2901 2503 assisterent,
2941 2436 3148 2494 obfuit?
3180 2440 3371 2493 Annon
3399 2439 3481 2494 his
3511 2441 3671 2496 rebus
3698 2442 3748 2497 ei
3780 2458 3902 2496 ma-

2305 2526 2384 2595 gis
2414 2534 2539 2581 sunt
2575 2537 2838 2584 contexta:
2866 2531 3122 2584 coronat?
3152 2528 3289 2597 Quid
3318 2530 3553 2601 Josepbo
3590 2534 3729 2587 mala
3759 2535 3901 2591 fama

2306 2618 2450 2674 domi
2498 2620 2733 2692 forisque
2771 2622 3030 2679 collecta?
3057 2639 3179 2678 nam
3214 2633 3269 2679 et
3300 2624 3511 2680 adulter
3534 2636 3591 2681 et
3630 2639 3905 2681 scortator

2312 2711 2607 2768 habebatur
2639 2730 2653 2766 :
2681 2715 2803 2784 quid
2835 2716 3105 2771 servitus?
3132 2717 3257 2787 quid
3286 2716 3567 2772 exsilium?
3593 2718 3789 2773 Annon
3830 2720 3905 2772 oh

2306 2801 2421 2859 haec
2436 2819 2559 2859 eum
2588 2806 2816 2860 maxime
2839 2806 3164 2861 admiramur
3198 2814 3253 2862 et
3272 2806 3740 2876 obstupeseimus?
3759 2808 3902 2877 Quid

2307 2892 2430 2950 dico
2458 2896 2726 2963 exsilium,
2758 2906 3145 2967 paupertatem,
3188 2901 3381 2951 malam
3412 2896 3625 2961 famam,
3648 2907 3705 2954 et
3729 2902 3905 2953 servi-

2311 2987 2517 3041 tutem?
2545 2987 2687 3041 Mors
2715 2988 2856 3043 enim
2883 2989 2995 3057 ipsa
3028 2988 3155 3059 quid
3200 2987 3332 3044 Abel
3361 2988 3549 3055 obfuit,
3580 2999 3636 3045 et
3664 2991 3904 3046 violenta

2304 3085 2359 3131 et
2387 3077 2689 3141 immatura,
2720 3086 2773 3134 et
2816 3094 2916 3149 per
2943 3077 3121 3134 fratris
3150 3095 3364 3135 manum
3405 3080 3666 3137 scelerate
3702 3084 3907 3139 allata?

2308 3168 2500 3221 Annon
2531 3167 2667 3223 hanc
2694 3169 2767 3223 ob
2791 3184 2905 3224 rem
2928 3170 3125 3241 ubique
3153 3179 3415 3225 terrarum
3446 3171 3787 3227 celebratur?
3813 3174 3905 3227 γε-

2305 3258 2473 3315 desue
2496 3270 2552 3313 ut
2581 3259 2731 3329 plura
2758 3275 2915 3330 quam
2944 3262 3265 3331 promiserit,
3290 3264 3461 3318 oratio
3477 3250 3862 3321 demonstrarit
3880 3269 3906 3322 ?

2308 3349 2425 3406 Non
2466 3352 2609 3406 enim
2665 3361 2865 3406 tantum
2912 3353 3202 3408 declaravit
3240 3356 3508 3409 nemiuem
3552 3369 3581 3408 a
3624 3372 3903 3428 quoquam

2307 3440 2505 3496 damno
2532 3442 2697 3508 affici,
2727 3456 2912 3498 verum
2943 3443 3102 3497 etiam
3144 3445 3323 3513 potius
3363 3444 3567 3499 lucrum
3593 3443 3773 3501 facere
3803 3463 3907 3502 cus

2310 3532 2401 3602 qui
2426 3532 2529 3588 sibi
2560 3534 2859 3589 attendunt.
2889 3534 3051 3603 Cujus
3086 3534 3246 3605 igitur
3269 3537 3439 3606 gratia
3478 3552 3651 3609 poma:
3693 3549 3749 3594 et
3773 3556 3907 3613 Stip-

2306 3625 2505 3696 plieia?
2544 3626 2690 3681 dicet
2731 3626 2961 3697 aliquis;
3006 3627 3159 3696 cujus
3205 3629 3373 3698 gratia
3416 3630 3700 3699 gehenna?
3746 3634 3909 3704 cujus

2305 3716 2472 3787 gratia
2505 3725 2583 3771 tot
2610 3718 2767 3771 mina:
2800 3717 3165 3785 intenduntur,
3212 3719 3255 3774 si
3300 3734 3459 3775 nemo
3501 3737 3601 3778 nec
3640 3723 3905 3781 damnum

2307 3807 2418 3870 dat,
2446 3821 2546 3862 nec
2569 3808 2761 3877 accipit
2786 3808 2816 3860 Ps
2838 3806 2975 3875 Quid
3014 3808 3344 3907 dicis3\quid
3374 3812 3662 3869 confundis
3692 3818 3907 3873 oratio-
3996 3848 4013 3863 ι

2308 3913 2430 3954 nem
2448 3899 2473 3950 γ
2501 3898 2682 3970 Neque
2706 3900 2849 3955 enim
2878 3901 3009 3969 dixi,
3034 3898 3301 3959 neminem
3330 3903 3585 3961 damnum
3616 3909 3768 3976 dare,
3799 3912 3906 3968 sed

2314 3991 2583 4045 neminem
2606 3992 2869 4063 accipere.
2889 3992 3067 4064 Ecqua
3091 3993 3295 4049 ratione
3313 3994 3424 4050 ﬁeri
3447 4006 3640 4068 potest,
3666 4000 3903 4072 inquies,

2309 4083 2493 4138 multis
2516 4083 2769 4137 damnum
2791 4083 3043 4141 dantibus
3079 4101 3186 4140 non
3229 4086 3459 4159 aliquem
3494 4090 3778 4162 accipere?
3824 4096 3908 4151 Ea

2308 4189 2411 4243 qua
2461 4176 2571 4243 jam
2628 4172 2783 4229 docui
2840 4175 3068 4231 ratione.
3130 4175 3262 4231 Nam
3315 4189 3370 4233 et
3419 4177 3656 4251 Joseplto
3705 4182 3909 4241 fratres

2309 4266 2563 4321 damnum
2591 4267 2876 4335 dederunt,
2905 4269 3017 4338 ipse
3044 4277 3220 4326 tamen
3255 4286 3362 4328 non
3391 4275 3599 4343 accepit
3627 4292 3640 4328 :
3683 4285 3737 4331 et
3763 4278 3907 4335 Abel

2308 4358 2527 4412 insidias
2552 4360 2776 4414 tetendit
2802 4358 2956 4427 Cain,
2991 4361 3079 4415 ille
3110 4372 3285 4417 tamen
3318 4364 3383 4417 iis
3430 4380 3537 4419 non
3563 4375 3647 4421 est
3673 4367 3911 4439 implici-

2310 4459 2414 4505 tus.
2440 4450 2551 4507 Hac
2570 4452 2636 4506 de
2666 4466 2824 4506 causa
2857 4467 3029 4521 postue
3058 4460 3116 4507 et
3140 4454 3395 4524 supplicia
3425 4460 3710 4512 constituta
3749 4469 3904 4516 sunt.

2308 4540 2489 4611 Neque
2516 4542 2659 4595 enim
2689 4541 2758 4596 ob
2798 4557 2981 4596 eorum
3027 4543 3115 4614 qui
3144 4544 3418 4613 patiuntur
3453 4547 3728 4614 virtutem,
3756 4550 3911 4608 Deus

2310 4646 2498 4702 pomas
2548 4632 2714 4695 tollit,
2767 4633 2859 4687 sed
2918 4644 3134 4703 propter
3184 4636 3577 4706 improbitatem
3630 4640 3909 4699 malitiose

2307 4726 2598 4795 agentium,
2625 4727 2870 4795 proponit
2896 4727 3172 4796 supplicia.
3200 4728 3310 4783 Etsi
3341 4732 3484 4785 enim
3504 4733 3593 4802 qui
3624 4735 3749 4789 mali
3771 4735 3908 4806 quid

2311 4816 2380 4870 ab
2410 4816 2805 4871 insidiatoribus
2848 4818 3137 4886 patiuntur,
3184 4819 3499 4878 illustriores
3538 4823 3797 4892 evadunt,
3858 4830 3913 4884 id

2311 4918 2485 4963 tamen
2517 4924 2623 4964 non
2650 4909 3009 4964 insidiantium
3039 4913 3224 4977 tuenti,
3256 4913 3349 4967 sed
3379 4930 3563 4969 eorum
3595 4918 3792 4987 quibus
3826 4922 3912 4977 in-

2308 4999 2459 5055 sidia:
2489 5008 2766 5055 struuntur
2792 5001 3083 5056 fortitudini
3114 5003 3453 5058 tribuendum
3501 5016 3602 5060 est.
3634 5008 3911 5075 Quocirca

2309 5090 2394 5145 his
2419 5092 2691 5162 sapientia:
2714 5094 2948 5161 praemia,
2999 5094 3102 5148 illis
3129 5096 3379 5165 nequitia:
3410 5099 3671 5169 supplicia
3692 5105 3911 5160 consti-

2310 5192 2528 5239 tuuntur
2550 5199 2612 5239 ae
2658 5196 3039 5256 praeparantur.
3080 5188 3351 5258 Spoliatus
3391 5206 3452 5245 es
3480 5193 3758 5261 pecuniis?
3784 5195 3909 5262 Dic,

2310 5276 2499 5332 Nudus
2518 5294 2743 5348 egressus
2765 5296 2875 5332 sum
2909 5296 2971 5334 ea:
2992 5290 3129 5334 utero
3159 5283 3334 5335 matris
3373 5298 3515 5348 mete,
3562 5287 3732 5339 nudus
3751 5289 3913 5343 etiam

2309 5380 2527 5424 revertar
2577 5370 2706 5441 (Job
2778 5374 2828 5427 l.
2856 5370 2918 5428 91
2946 5373 2997 5443 );
3026 5373 3163 5427 adde
3190 5374 3315 5428 illud
3360 5376 3713 5444 apostolicum
3747 5395 3765 5434 :
3799 5380 3911 5437 Ni-

2309 5462 2382 5515 hil
2405 5462 2537 5515 enim
2559 5462 2821 5516 intulimus
2842 5464 2891 5515 in
2914 5464 3046 5516 Imm:
3067 5464 3309 5517 mundum
3331 5480 3348 5530 ;
3379 5466 3516 5518 Itastd
3541 5466 3748 5522 dubium
3770 5479 3909 5541 quod

2308 5568 2398 5607 nec
2427 5558 2626 5621 auferre
2650 5555 2769 5621 quid
2795 5572 3057 5624 possunms
3080 5557 3159 5624 (l.
3179 5555 3316 5611 Tim.
3346 5556 3398 5612 6.
3421 5558 3497 5629 7).
3528 5556 3665 5613 Male
3681 5562 3885 5619 audisti

2308 5658 2371 5697 ac
2398 5653 2450 5697 te
2474 5645 2739 5697 sexcentis
2765 5644 2998 5713 quipiam
3044 5647 3306 5702 conviciis
3332 5652 3663 5704 onerarunt?
3700 5652 3906 5711 Recor.

2307 5733 2435 5786 dare
2458 5734 2597 5787 illius
2618 5733 2741 5789 dicti
2776 5753 2788 5787 :
2824 5734 2909 5789 l'a:
2928 5738 3061 5789 vobis
3082 5753 3193 5790 cum
3234 5737 3575 5793 benedixerint
3622 5756 3711 5796 vos
3731 5762 3911 5802 onum

2313 5828 2531 5880 Iwmittca‘
2557 5826 2699 5893 (Luc.
2735 5828 2785 5881 ii.
2822 5828 2953 5897 alii);
2990 5839 3077 5899 ct,
3125 5829 3350 5886 Gaudete
3389 5840 3436 5885 et
3479 5836 3755 5907 (usitate,
3788 5855 3910 5894 cum
