4104 6546
166 448 253 508 ωδ

166 563 442 633 protulerint
477 562 762 618 adversum
801 577 886 616 vos
911 574 1089 613 nomen
1115 557 1306 611 malum
1342 558 1758 630 (.lfattlt.5.tl).

166 657 210 710 In
235 655 479 710 exsilium
510 655 733 726 ejectus
760 652 859 708 es?
883 652 1066 721 Cogita
1099 659 1150 702 te
1193 648 1276 703 hic
1303 663 1409 702 non
1441 647 1638 701 habere
1669 661 1764 714 pa-

165 750 322 812 triam,
350 747 446 802 sed
481 747 528 800 si
583 742 955 815 philosophari
998 739 1149 804 velis,
1193 740 1400 806 jussutn
1440 753 1560 793 esse
1601 739 1761 791 etiam

166 850 308 892 tutam
340 849 549 892 terram
581 851 683 906 pro
708 835 986 904 peregrina
1017 833 1234 887 ducere.
1256 833 1322 884 At
1351 831 1400 884 in
1432 843 1648 899 gravem
1677 829 1760 881 in-

165 930 319 985 cidisti
352 927 662 983 morbum?
707 927 805 982 Dic
830 925 955 980 illud
986 923 1336 993 apostolicum
1379 937 1392 975 :
1430 920 1632 987 Quanto
1653 936 1762 972 ma-

161 1024 224 1092 gis
244 1021 458 1074 exterior
482 1019 666 1072 noster
702 1020 854 1072 homo
892 1017 1252 1084 corrumpitur,
1281 1023 1420 1067 tanto
1447 1013 1609 1082 magis
1630 1013 1758 1065 inte-

160 1116 248 1165 rior
275 1117 555 1164 renouatur
581 1108 649 1162 de
689 1109 774 1163 die
806 1109 859 1162 in
885 1108 1017 1161 diem
1043 1104 1132 1179 (Ξ.
1165 1104 1283 1160 Cor.
1313 1108 1364 1159 4.
1396 1104 1518 1173 l6).
1553 1106 1620 1156 At
1649 1103 1760 1157 vio-

165 1204 342 1255 lentam
378 1201 506 1271 quis
547 1210 786 1254 mortem
835 1197 1132 1253 sustinuit?
1173 1196 1359 1266 Cogita
1389 1195 1672 1261 Joannem,
1705 1203 1760 1250 et

160 1295 434 1350 abscissum
483 1294 541 1348 in
597 1307 820 1349 carcere
847 1301 1027 1362 caput,
1069 1291 1119 1344 in
1165 1290 1316 1346 lance
1343 1290 1584 1354 allatum,
1623 1290 1755 1344 etin

158 1387 455 1442 meretriciae
478 1387 797 1442 saltationis
815 1385 1118 1440 mercedem
1149 1383 1348 1438 datum.
1371 1383 1553 1454 Cogita
1580 1399 1757 1438 remu-

158 1480 446 1538 nerationes
475 1481 616 1537 inde
646 1488 927 1536 secuturas
949 1497 962 1532 :
985 1479 1165 1532 omnia
1181 1479 1324 1533 enim
1354 1476 1540 1532 istlta‘c
1559 1475 1754 1530 damna

156 1589 258 1630 cum
289 1588 383 1643 per
419 1572 690 1643 injuriam
727 1570 1051 1636 inferuntur,
1083 1579 1136 1625 ct
1168 1579 1383 1641 peccata
1427 1569 1668 1639 expiant,
1702 1577 1757 1622 ct

155 1666 389 1735 justitiam
420 1663 744 1721 conferunt.
770 1664 938 1718 Tanta
965 1675 1049 1719 est
1070 1662 1313 1717 utilitatis
1334 1677 1520 1717 eorum
1549 1660 1755 1731 magni-

157 1758 263 1812 tudo
288 1758 337 1811 in
361 1757 428 1812 iis
457 1757 555 1827 qui
588 1770 855 1826 generoso
881 1770 942 1811 ca
965 1755 1146 1809 animo
1173 1753 1373 1809 ferunt.

213 1848 260 1903 5.
297 1847 430 1903 Cum
472 1848 647 1918 igitur
688 1861 862 1917 neque
907 1845 1144 1914 pecunia:
1171 1844 1381 1915 jactura
1405 1887 1420 1910 ,
1455 1857 1628 1914 neque
1657 1858 1751 1897 ca-

161 1938 349 1995 lumnia:
386 1948 443 1994 et
483 1938 737 1995 convicia
764 1980 778 2005 ,
811 1953 984 2008 neque
1014 1937 1260 1992 exsilium
1288 1979 1302 2003 ,
1333 1952 1508 2008 neque
1535 1935 1705 1991 morbi
1731 1975 1746 2001 ,

158 2045 304 2100 neque
328 2029 636 2094 cruciatus,
669 2044 842 2100 neque
872 2027 922 2082 id
952 2028 1125 2098 ipsum
1147 2070 1163 2096 ,
1191 2027 1334 2099 quod
1361 2026 1611 2082 omnibus
1638 2037 1750 2082 ter-

155 2122 334 2176 ribilius
371 2136 499 2177 esse
549 2121 806 2190 videtur,
838 2137 985 2178 mors
1008 2163 1023 2190 ,
1059 2119 1454 2192 perferentibus
1494 2119 1748 2175 damnum

159 2213 340 2282 afferat,
371 2213 469 2269 sed
501 2213 794 2269 utilitatem
827 2215 1002 2284 potius
1034 2232 1047 2268 :
1077 2214 1268 2284 quibus
1300 2213 1461 2267 rebus
1488 2211 1616 2266 mihi
1651 2227 1748 2282 po-

157 2317 219 2358 tes
235 2304 517 2361 ostendere
540 2304 849 2376 quempiam
875 2305 1015 2372 laedi,
1032 2307 1246 2376 quando
1269 2305 1351 2360 his
1373 2321 1478 2359 non
1501 2304 1749 2359 lzcditur?

157 2396 250 2467 Ego
275 2397 412 2451 enim
442 2398 780 2452 contrarium
813 2397 1188 2454 demonstrare
1216 2397 1454 2454 conabor
1485 2414 1497 2450 :
1529 2412 1743 2467 nempe,

155 2488 226 2557 qui
250 2489 472 2542 maxima
507 2487 709 2542 damna
741 2503 803 2543 ac
831 2488 1174 2554 detrimenta,
1207 2497 1262 2545 et
1287 2488 1609 2544 incurabiles
1637 2489 1746 2542 cla-

155 2580 231 2635 des
260 2582 532 2651 perferant
557 2623 574 2649 ,
607 2597 702 2636 eos
729 2597 846 2637 esse
876 2582 962 2651 qui
1003 2581 1258 2637 inferunt.
1303 2581 1439 2650 Quid
1468 2581 1610 2635 enim
1640 2581 1743 2634 mi-

156 2672 407 2728 serabilius
433 2689 563 2728 esse
595 2674 802 2743 possit,
833 2689 990 2744 quam
1019 2670 1150 2728 Cain
1177 2715 1192 2740 ,
1223 2673 1312 2744 qui
1346 2673 1540 2728 talibus
1569 2672 1744 2727 modis

156 2761 345 2820 fratrem
374 2755 630 2837 accepit?
660 2767 786 2838 quid
824 2766 1086 2823 infelicius
1124 2783 1292 2823 uxore
1322 2767 1550 2838 Philippi
1579 2809 1592 2830 ,
1621 2783 1742 2836 quae

157 2854 321 2912 loanni
349 2868 510 2928 caput
535 2857 808 2914 abscidit?
833 2859 958 2930 quid
983 2858 1235 2918 fratribus
1256 2859 1476 2928 Ioseph,
1503 2859 1589 2928 qui
1618 2873 1738 2912 eum

158 2949 618 3016 venumdederunt,
652 2960 704 3005 et
737 2950 788 3004 in
819 2951 1067 3005 exsilium
1099 2951 1438 3019 relegarunt?
1467 2951 1596 3021 quid
1623 2949 1740 3004 dia-

160 3041 288 3106 bolo,
323 3042 410 3113 qui
442 3042 551 3098 Job
585 3051 668 3098 tot
691 3043 845 3097 malis
866 3042 1081 3098 aii'ecit?
1115 3042 1231 3097 Non
1253 3044 1396 3097 enim
1419 3053 1738 3098 cmterortun

157 3131 404 3187 dumtaxat
432 3134 707 3189 scelerum
727 3175 743 3202 ,
775 3132 868 3189 sed
901 3135 969 3188 ita
998 3150 1213 3204 quoque
1241 3151 1345 3190 non
1376 3136 1628 3205 vulgares
1657 3136 1738 3190 in-

160 3224 378 3280 sidiarum
407 3242 603 3297 poenas
629 3227 793 3282 dabit.
835 3227 1020 3283 Cernis
1050 3228 1209 3283 etiam
1245 3230 1329 3284 hic
1360 3230 1512 3300 plura
1533 3274 1549 3298 ,
1577 3245 1736 3301 quam

160 3317 356 3384 pollicita
386 3319 565 3376 fuerat
592 3361 607 3385 ,
639 3321 936 3375 orationem
968 3321 1412 3377 demonstrasse?
1438 3339 1544 3376 non
1576 3323 1738 3377 modo

162 3410 330 3465 nullum
358 3412 763 3468 incommodum
793 3428 887 3469 eos
910 3457 925 3479 ,
959 3413 1047 3482 qui
1078 3416 1349 3484 perferunt
1377 3415 1597 3470 insidias
1620 3459 1635 3481 ,
1669 3417 1738 3470 ab

161 3501 529 3559 insidiatoribus
556 3491 1034 3574 accipere,iverum
1056 3507 1215 3560 etiam
1246 3506 1294 3560 id
1318 3521 1478 3562 omne
1500 3507 1552 3560 in
1579 3519 1738 3578 Caput

163 3592 490 3650 insidiantium
523 3597 808 3652 converti?
833 3596 1095 3665 Quoniam
1126 3599 1267 3652 enim
1297 3614 1395 3654 nec
1425 3601 1477 3653 in
1505 3599 1700 3654 divitiis
1719 3644 1734 3667 ,

163 3700 305 3756 neque
332 3688 381 3742 in
413 3690 668 3745 libertate
690 3731 703 3752 ,
735 3706 904 3758 neque
932 3690 986 3743 in
1020 3690 1307 3744 habitanda
1341 3693 1534 3759 patria,
1561 3709 1736 3763 neque

162 3775 201 3830 in
226 3781 416 3835 cmteris
437 3825 450 3848 ,
479 3797 605 3852 qua:
632 3780 740 3835 dixi
765 3822 778 3846 ,
810 3781 1041 3836 hominis
1068 3781 1167 3836 sita
1200 3791 1284 3837 est
1313 3784 1486 3838 virtus
1505 3825 1520 3850 ,
1554 3785 1646 3839 sed
1683 3787 1733 3840 in

161 3870 320 3924 minue
359 3881 505 3927 recte
547 3872 702 3926 factis
730 3889 742 3925 :
771 3873 961 3926 merito
985 3914 1000 3937 ,
1034 3887 1155 3927 cum
1189 3873 1376 3930 horum
1409 3875 1464 3930 iit
1491 3876 1694 3945 jactura
1718 3920 1732 3943 ,

163 3959 268 4014 nihil
302 3963 609 4017 detrimenti
638 3964 829 4032 accipit
858 3964 1028 4018 virtus
1060 3963 1313 4021 hominis.
1357 3966 1496 4034 Quid
1527 3969 1687 4038 igitur
1717 4011 1729 4031 ,

163 4053 194 4102 si
232 4053 386 4121 ipsius
424 4055 625 4109 anima:
676 4055 1027 4126 philosophia:
1063 4058 1328 4128 jacturam
1364 4062 1482 4130 quis
1530 4060 1734 4116 faciat?

163 4143 312 4215 Neque
335 4147 450 4215 hic,
482 4150 528 4202 si
558 4149 801 4214 laeditur,
835 4150 904 4204 ab
931 4153 1037 4206 alio
1069 4153 1310 4221 ltcditur,
1346 4156 1441 4209 sed
1469 4171 1500 4210 a
1529 4156 1728 4228 seipso.

165 4234 430 4306 Quomodo,
461 4241 696 4309 inquies,
731 4257 760 4295 a
787 4243 1005 4312 seipse?
1030 4244 1166 4299 Cum
1197 4245 1315 4315 quis
1345 4261 1518 4302 caesus
1544 4262 1572 4300 a
1599 4264 1730 4317 quo-

164 4328 293 4396 piam,
317 4341 404 4386 a'it
430 4332 776 4387 facultatibus
806 4344 1018 4400 exutus,
1047 4346 1138 4391 aut
1160 4337 1394 4408 aliquam
1424 4339 1584 4393 aliam
1611 4355 1733 4410 gra-

164 4436 255 4476 vem
277 4439 554 4496 perpessus
578 4426 850 4496 injuriant,
873 4429 1248 4499 blaspbentum
1268 4431 1483 4502 aliquod
1508 4434 1728 4489 verbum

165 4516 382 4583 protulit,
414 4518 501 4573 hic
541 4518 768 4573 ali‘cctus
807 4530 890 4575 est
935 4521 1023 4576 ille
1055 4523 1268 4592 quidem
1297 4524 1493 4578 damno
1517 4568 1530 4592 ,
1560 4541 1732 4596 eoque

166 4609 378 4676 maximo,
410 4627 518 4665 non
551 4620 731 4666 tamen
755 4611 823 4666 ab
853 4612 1066 4682 injuria,
1096 4615 1189 4669 sed
1222 4631 1250 4670 a
1279 4618 1489 4686 propria
1518 4619 1730 4687 pusilla~

165 4695 385 4755 niinitate.
414 4702 571 4770 Quod
594 4703 737 4758 enim
766 4712 889 4759 ante
916 4704 1046 4771 dixi,
1070 4706 1365 4761 etiamnum
1391 4709 1586 4777 dicam,
1613 4712 1730 4765 nul-

167 4787 249 4845 lum
274 4790 535 4850 hominem
560 4837 575 4861 ,
606 4795 750 4851 mille
783 4797 909 4853 licet
939 4800 1163 4854 nocendi
1195 4802 1399 4857 artibus
1430 4805 1689 4859 imbutum
1713 4849 1728 4872 ,

168 4881 324 4939 infesto
349 4886 437 4941 illo
465 4888 715 4944 daemone
740 4899 794 4945 et
825 4891 1144 4962 implacabili
1176 4905 1359 4949 nostro
1389 4895 1542 4951 hoste
1567 4940 1580 4964 ,
1612 4899 1729 4952 dia-

168 4974 292 5043 bolo,
315 4979 459 5050 pejus
493 4980 697 5052 aliquid
723 4985 951 5053 cuipiam
981 4985 1219 5056 inﬂigere
1243 5004 1400 5058 posse
1421 5032 1436 5056 ,
1465 5002 1553 5044 aut
1574 5006 1726 5044 acer—

168 5062 258 5122 bius
281 5087 292 5122 :
312 5081 364 5125 at
399 5073 562 5128 istum
593 5089 793 5130 saevum
821 5076 1123 5134 diemonem
1157 5089 1334 5136 tamen
1364 5099 1468 5137 non
1500 5085 1730 5141 valuisse

167 5171 262 5214 eum
288 5163 371 5232 qui
398 5177 524 5221 ante
557 5166 752 5237 legem,
777 5176 900 5224 ante
925 5171 1147 5241 gratiam
1174 5174 1322 5238 vixit,
1356 5183 1434 5229 tot
1463 5175 1512 5229 in
1547 5177 1691 5231 illum
1712 5221 1726 5244 ,

169 5259 345 5324 tamque
358 5259 608 5327 gravibus
626 5258 880 5316 immissis
898 5262 1131 5334 undique
1147 5265 1363 5335 jaculis,
1385 5269 1730 5338 supplantare

170 5351 209 5395 et
229 5346 456 5417 dejicere.
503 5351 677 5406 Tanta
709 5361 790 5408 est
818 5355 1010 5410 animae
1046 5360 1402 5428 generositas.
1435 5361 1571 5429 Quid
1603 5378 1730 5418 vero

170 5432 364 5494 Paulus?
387 5444 583 5500 Annon
624 5445 840 5512 pertulit
872 5457 950 5502 tot
991 5450 1127 5504 mala
1156 5492 1170 5516 ,
1201 5467 1318 5522 qua:
1350 5467 1417 5507 ne
1445 5470 1728 5511 recensere

171 5531 343 5596 quidem
367 5535 517 5594 facile
547 5539 673 5595 est?
702 5539 957 5598 Carceres
982 5543 1308 5612 inhabitans,
1344 5548 1553 5603 vinctus
1585 5564 1727 5605 cate-

173 5620 261 5689 nis,
287 5638 425 5684 actus
459 5640 514 5686 et
549 5631 910 5696 circumactus
931 5677 946 5701 ,
976 5634 1197 5705 ﬂagellis
1230 5653 1401 5693 tta-sus
1432 5656 1460 5694 a
1491 5641 1722 5708 JUdiClS,

175 5709 407 5804 iapidatus,
430 5739 534 5779 non
565 5725 700 5779 loris
725 5734 923 5780 tantum
946 5769 960 5793 ,
988 5729 1081 5784 sed
1104 5732 1263 5785 etiam
1288 5734 1448 5804 virgis
1473 5735 1725 5791 humeros

176 5799 390 5913 litteratus
412 5857 427 5880 ,
460 5816 510 5871 in
544 5832 700 5871 mare
729 5816 1045 5913 demersus"
1070 5839 1213 5892 saepe
1246 5826 1296 5879 iu
1331 5825 1566 5884 latrones
1597 5832 1726 5886 iu‘ci-

176 5895 607 5970 deus,int65tinum
637 5909 833 5966 bellum
863 5895 1052 5978 l‘crcns',
1082 5917 1146 5972 ab
1172 5919 1416 5988 inimicis,
1449 5923 1513 5978 ab
1538 5925 1720 5980 amicis

1099 438 1286 509 QUOD
1324 435 1512 494 ΝΕΜΟ
1554 431 1875 491 ιπεῡιτυιῑ
1917 430 2045 487 NlSl
2089 433 2128 486 Α
2173 430 2434 490 SElPSO.

3382 431 3485 488 ωδ

1874 549 2108 621 jactatus
2134 552 2490 618 continenter,
2526 554 2745 609 infinitis
2780 553 2988 609 insidiis
3013 553 3332 624 exagitatus,
3362 569 3483 605 eum

1875 643 2014 697 fame
2059 659 2122 698 ac
2165 642 2406 699 nuditate
2451 645 2680 700 luctatus
2702 688 2714 711 ,
2745 647 2877 700 alios
2908 645 3128 702 crebros
3159 655 3213 700 et
3240 643 3485 700 assiduos

1871 751 2031 790 casus
2055 744 2109 790 et
2137 735 2459 792 afﬂictiones
2485 752 2773 807 perpessus
2798 755 2810 793 :
2838 737 2964 808 quid
2993 751 3130 807 opus
3156 744 3236 794 est
3261 733 3486 789 multis?

1871 827 2107 897 quotidie
2133 827 2398 893 moriens;
2431 827 2529 884 sed
2551 838 2726 883 tamen
2753 837 2832 882 tot
2856 835 3108 897 tantaque
3132 840 3342 896 passus,
3370 839 3477 878 non

1871 919 2031 973 modo
2063 919 2268 974 nullum
2289 919 2508 973 verbum
2531 919 2850 978 maledicum
2873 919 3072 983 edidit,
3097 918 3192 973 sed
3214 916 3483 988 gaudebat

1871 1010 1953 1065 his
1979 1010 2139 1066 rebus
2164 1020 2215 1064 et
2247 1009 2604 1082 gloriabatur;
2632 1022 2792 1082 atque
2822 1012 2974 1074 alias,
3005 1009 3238 1075 Gaudeo,
3271 1008 3442 1079 inquit
3463 1049 3478 1072 .

1868 1104 1918 1158 in
1943 1104 2260 1173 pastionibus
2280 1105 2402 1156 meis
2421 1103 2554 1174 (Col.
2579 1105 2629 1160 l.
2649 1103 2743 1176 Ἡ)
2761 1120 2774 1169 ;
2791 1103 2922 1158 alias
2940 1121 2952 1154 :
2972 1101 3094 1157 Non
3111 1102 3276 1156 solum
3289 1111 3481 1164 autem,

1865 1197 1953 1250 sed
1973 1206 2020 1248 et
2041 1195 2323 1266 gloriamur
2342 1196 2394 1250 in
2429 1196 2834 1251 tribulationibus
2859 1196 3034 1265 (Rom.
3058 1195 3113 1250 5.
3139 1194 3218 1264 ὅ).
3243 1192 3297 1249 Si
3322 1193 3481 1264 igitur

1869 1291 1983 1360 ipse
2009 1301 2151 1345 tanta
2185 1290 2461 1360 perferens
2487 1289 2751 1360 gaudebat
2777 1298 2833 1346 et
2856 1288 3207 1360 gloriabatur,
3235 1302 3356 1357 qua:
3388 1299 3477 1339 ve-

1867 1385 1951 1437 nia
1981 1383 2217 1449 dabitur,
2247 1400 2368 1453 qua:
2398 1384 2673 1439 excusatio
2699 1383 2830 1450 tibi,
2858 1383 2948 1453 qui
2983 1397 3084 1438 nec
3113 1381 3388 1437 minimam
3418 1378 3482 1434 ll-

1866 1477 2038 1531 lornm
2077 1488 2285 1547 partem
2318 1477 2575 1543 sustines,
2608 1486 2662 1532 et
2694 1485 2870 1531 tamen
2900 1474 3213 1530 maledicis?

1934 1570 1988 1625 6.
2035 1567 2175 1622 Num
2201 1569 2493 1640 a/ﬂirtiones
2520 1578 2682 1622 vetent
2709 1567 3080 1639 eleentosynom
3112 1564 3378 1636 impertiri.
3403 1590 3477 1603 -—-

1861 1659 1966 1717 Sed
1991 1659 2148 1715 variis
2177 1660 2386 1728 injuriis
2414 1659 2638 1724 afficior,
2665 1659 2894 1728 inquies,
2915 1674 2976 1712 ac
3003 1657 3104 1712 nisi
3135 1655 3479 1721 maledicam,

1861 1753 2083 1822 direptis
2115 1747 2272 1808 bonis
2303 1751 2369 1807 ad
2401 1753 2594 1822 stipem
2625 1752 2951 1822 erogandam
2980 1751 3113 1807 nihil
3143 1749 3271 1805 mihi
3304 1751 3360 1804 fit
3388 1767 3474 1805 re-

1860 1846 2084 1916 liquum.
2109 1844 2220 1898 lloc
2242 1843 2373 1898 nihil
2395 1853 2477 1898 est
2497 1843 2662 1911 aliud,
2687 1859 2845 1914 quam
2873 1852 3162 1913 prtetextus
3185 1857 3250 1898 ac
3265 1842 3478 1912 species

1860 1937 2126 2008 quaedam.
2157 1937 2214 1993 Si
2240 1937 2383 1992 enim
2413 1936 2515 1991 hoc
2539 1937 2631 1992 tibi
2657 1935 2826 2003 dolet,
2849 1945 3001 1992 certo
3028 1935 3165 1991 scias
3190 1941 3471 2006 pauperta-

1861 2038 1966 2083 tem
1995 2027 2283 2100 erogandte
2312 2028 2434 2098 stipi
2468 2044 2573 2083 non
2603 2027 2989 2098 impedimento
3014 2041 3155 2083 esse.
3183 2026 3298 2082 Etsi
3325 2025 3471 2081 enim

1859 2137 2020 2194 quam
2052 2122 2425 2192 pauperrimus
2454 2121 2552 2188 sis,
2584 2136 2692 2176 non
2717 2121 3007 2192 pauperior
3036 2135 3094 2175 es
3125 2127 3304 2174 tamen
3338 2117 3426 2173 illa
3455 2160 3471 2182 ,

1857 2231 1976 2284 quae
2000 2214 2183 2268 fariuc
2209 2223 2412 2269 tantum
2439 2214 2694 2285 pugillum
2721 2212 2952 2269 habebat
2984 2213 3058 2284 (5.
3083 2211 3210 2283 Reg.
3239 2212 3326 2267 i7.
3356 2209 3470 2283 12),

1856 2319 1912 2363 et
1955 2308 2080 2373 illa,
2114 2323 2233 2378 qua:
2276 2307 2413 2363 duos
2458 2316 2662 2362 tantum
2707 2306 2897 2361 obolos
2923 2346 2939 2371 ,
2971 2318 3200 2373 quarum
3241 2314 3472 2374 utraque

1855 2400 2003 2452 omni
2034 2414 2092 2454 re
2120 2397 2367 2453 familiari
2400 2396 2454 2452 in
2481 2407 2702 2469 egentes
2729 2397 2921 2452 collata
2945 2439 2958 2464 ,
2987 2410 3234 2467 magnam
3261 2396 3340 2450 sui
3373 2395 3471 2450 ad-

1855 2493 2194 2547 mirationem
2225 2493 2441 2563 reliquit
2467 2492 2618 2564 (Luc.
2644 2490 2734 2546 2|.
2760 2489 2821 2561 2)
2849 2509 2861 2545 :
2887 2504 2984 2545 nec
3011 2498 3158 2544 tanta
3182 2501 3471 2560 paupertas

1855 2594 2019 2640 tanta:
2053 2585 2354 2640 liberalitati
2387 2583 2777 2653 impedimento
2804 2582 2942 2649 fuit,
2971 2581 3066 2636 sed
3097 2582 3327 2637 duorum
3370 2581 3471 2636 mi-
3517 2582 3522 2587 ’

1853 2688 2103 2732 nutorum
2136 2677 2270 2746 stips
2300 2674 2437 2732 adeo
2467 2676 2614 2745 larga
2657 2685 2714 2730 et
2753 2675 2986 2744 gloriosa
3027 2673 3162 2738 fuit,
3194 2683 3249 2728 ut
3280 2687 3469 2728 omnes

1850 2771 2046 2826 divites
2073 2770 2386 2824 obscuraret
2411 2809 2427 2835 ,
2454 2784 2654 2838 eosque
2681 2769 2771 2834 qui
2801 2768 3000 2823 multos
3027 2775 3256 2822 staterae
3280 2766 3466 2836 conje-

1850 2869 2055 2926 cerant,
2078 2861 2276 2917 divitiis
2299 2863 2495 2918 mentis
2516 2902 2532 2924 ,
2557 2873 2608 2916 et
2630 2861 2922 2916 alacritatis
2942 2861 3134 2930 opibus
3157 2868 3460 2930 superaret.

1848 2955 2027 3023 Quare
2056 2968 2230 3026 neque
2259 2954 2345 3009 hic
2374 2952 2629 3009 damnum
2664 2969 2852 3024 passus
2881 2970 2961 3020 es,
2995 2953 3088 3008 sed
3121 2953 3327 3006 lucrum
3360 2950 3459 3004 lia-

1848 3045 2010 3102 buisti
2041 3046 2236 3115 potius,
2269 3044 2460 3115 exigua
2491 3046 2750 3115 pensione
2779 3045 3101 3115 insigniores
3127 3085 3142 3108 ,
3176 3057 3337 3114 quam
3370 3041 3461 3110 qui

1850 3139 2015 3193 multa
2042 3138 2405 3204 contulerunt,
2429 3152 2656 3193 coronas
2679 3137 2924 3208 adeptus.
2957 3135 3157 3191 Verum
3183 3135 3461 3206 quoniam,

1850 3233 1976 3287 licet
2017 3233 2132 3286 haec
2173 3231 2480 3286 sexcenties
2517 3229 2761 3285 dicamus
2785 3271 2799 3294 ,
2829 3230 3024 3284 anima:
3064 3241 3260 3297 corpus
3304 3226 3465 3281 nimis

1847 3339 2114 3392 amantes,
2139 3324 2486 3381 saecularibus
2507 3324 2736 3394 negotiis
2762 3323 2990 3380 libenter
3014 3321 3306 3393 implicittc,
3329 3335 3467 3391 pra:-

1848 3419 2082 3474 sentium
2113 3433 2295 3474 rerum
2327 3417 2599 3487 voluptate
2626 3428 2798 3486 capue
2822 3457 2836 3480 ,
2870 3430 2978 3470 non
3021 3413 3174 3469 facile
3213 3419 3467 3482 poterunt

1849 3519 2248 3566 marcescentes
2276 3507 2439 3563 flores
2466 3508 2772 3578 relinquere
2801 3506 2950 3580 (talia
2978 3505 3121 3561 enim
3147 3513 3272 3559 sunt
3300 3503 3466 3573 hujus

1845 3603 1969 3657 vita:
1997 3600 2224 3673 gaudia)
2254 3643 2268 3667 ,
2299 3616 2472 3670 neque
2503 3599 2723 3655 umbras
2751 3599 2944 3655 missas
2986 3596 3165 3652 facere
3196 3613 3208 3650 :
3239 3595 3334 3652 sed
3365 3595 3459 3651 hoc

1845 3693 2139 3749 nestissimi
2157 3693 2355 3764 quique
2376 3702 2481 3747 tam
2501 3692 2586 3746 illa
2606 3709 2763 3762 quam
2783 3693 2883 3748 ista
2901 3690 3175 3748 mordicus
3191 3689 3457 3758 retinent;

1845 3785 2154 3840 miseriores
2172 3800 2301 3840 vero
2323 3795 2376 3840 et
2397 3784 2724 3841 infeliciores
2746 3785 2833 3840 illa
2856 3785 3070 3855 quidem
3097 3783 3307 3855 majori,
3337 3783 3454 3840 hate.

1845 3892 1976 3931 vero
2003 3878 2163 3946 longe
2189 3877 2386 3933 minori
2415 3893 2480 3932 ex
2506 3887 2659 3948 parte
2691 3895 2703 3932 :
2735 3892 2831 3948 age
2855 3891 2982 3932 vero
3012 3877 3274 3947 speciosis
3298 3873 3460 3930 larvis

1843 3983 1870 4022 a
1903 3969 2041 4037 turpi
2066 3984 2130 4022 ac
2159 3967 2388 4023 deformi
2425 3969 2614 4022 harum
2641 3984 2821 4024 rerum
2854 3966 2990 4028 facie
3019 3968 3312 4034 detractis,
3342 3984 3460 4024 me-

1844 4063 2055 4116 retricis
2100 4061 2341 4117 mulieris
2382 4061 2678 4117 foeditatem
2720 4062 3090 4118 ostendamus.
3138 4062 3283 4118 Talis
3303 4059 3452 4113 enim

1840 4164 1924 4209 est
1963 4154 2069 4208 vita
2109 4155 2175 4209 ad
2217 4154 2548 4224 voluptates,
2582 4154 2830 4220 divirias,
2857 4165 2912 4210 et
2954 4153 3246 4225 potentiam
3285 4163 3460 4221 atteri,-

1844 4257 1892 4302 ta
1916 4265 1930 4313 ;
1963 4249 2151 4319 turpis,
2181 4247 2654 4313 deformisgmulta
2683 4247 2921 4304 foeditate
2949 4246 3169 4315 referta,
3198 4247 3450 4314 molesta,

1841 4341 2018 4411 gravis
2045 4383 2059 4406 ,
2089 4339 2448 4405 amaritudine
2483 4340 2662 4408 plena.
2708 4339 2821 4394 Hoc
2847 4339 2993 4394 enim
3035 4349 3118 4394 est
3141 4382 3156 4408 ,
3189 4339 3330 4410 quod
3359 4339 3460 4396 hae

1841 4435 1948 4486 vita
1971 4432 2142 4502 captis
2164 4445 2378 4487 omnem
2406 4430 2594 4487 adimit
2616 4431 2852 4499 veniam,
2880 4431 3021 4502 quod
3044 4447 3105 4487 ea
3129 4442 3183 4487 et
3209 4432 3456 4488 molestia

1840 4537 1895 4582 et
1921 4541 2110 4597 magna
2135 4525 2488 4581 amaritudine
2521 4526 2712 4580 referta
2734 4568 2747 4589 ,
2779 4526 3122 4582 desideratur
3149 4527 3218 4581 ab
3247 4526 3327 4581 eis
3351 4568 3364 4590 ,
3398 4537 3454 4580 et

1842 4633 2170 4689 magnopere
2199 4617 2490 4688 expetitur,
2525 4617 2744 4672 infinitis
2777 4619 2929 4673 malis
2962 4619 3139 4687 plena,
3169 4619 3456 4689 periculis,

1841 4714 2122 4783 sanguine,
2156 4710 2465 4782 praecipitiis
2487 4753 2500 4775 ,
2531 4711 2798 4781 scopulis,
2829 4711 3065 4766 ca-dibus
3087 4753 3103 4778 ,
3133 4711 3419 4766 timoribus
3440 4754 3454 4773 .

1841 4803 2158 4870 terroribus,
2193 4803 2420 4869 invidia,
2453 4803 2646 4870 livore,
2683 4803 2889 4859 insidiis
2912 4845 2927 4869 ,
2961 4813 3216 4874 perpetua
3245 4819 3371 4859 cura
3405 4815 3456 4859 et

1839 4898 2203 4954 sollicitudine
2225 4940 2238 4961 ,
2266 4913 2492 4968 qumque
2521 4897 2729 4952 nullum
2762 4896 2999 4962 lucrum,
3033 4896 3239 4950 nullum
3275 4904 3454 4951 tanto-

1841 5007 1958 5046 rum
1993 4991 2235 5046 laborum
2264 4991 2491 5045 fructum
2521 4990 2732 5055 aﬂ'erat,
2766 4991 2866 5044 nisi
2899 5006 3136 5059 pmnam,
3163 5005 3224 5044 ac
3250 4991 3456 5060 suppli-

1839 5085 1982 5138 cium
2010 5126 2023 5149 ,
2055 5093 2110 5138 et
2150 5094 2384 5139 aeternos
2415 5084 2702 5139 cruciatus.
2741 5084 2818 5137 Ac
2860 5083 2986 5136 licet
3014 5082 3277 5151 ejusmodi
3306 5083 3375 5137 sit
3399 5085 3413 5116 ³
3440 5125 3456 5150 ,

1841 5176 2022 5232 multis
2068 5185 2244 5229 tamen
2277 5175 2434 5229 beata
2478 5175 2692 5229 videtur
2716 5216 2730 5238 ,
2761 5184 2814 5229 et
2849 5175 3080 5230 maxime
3109 5174 3407 5244 appetenda
3435 5214 3451 5239 ,

1837 5284 1958 5338 quze
1989 5277 2167 5323 mente
2192 5276 2468 5337 captorum
2488 5269 2670 5337 opinio
2687 5276 2791 5336 est,
2823 5281 2928 5322 non
2953 5282 3078 5328 vera
3104 5267 3178 5322 rei
3205 5266 3449 5322 felicitas.

1837 5360 1970 5415 Nam
1999 5371 2052 5415 et
2077 5361 2283 5430 pueruli
2313 5360 2475 5414 dediti
2505 5360 2802 5444 inteptique
2823 5370 2949 5415 sunt
2973 5361 3211 5426 ludicris,
3240 5361 3451 5431 negotia

1838 5468 1966 5508 vero
1992 5453 2189 5508 adultis
2210 5454 2340 5507 viris
2368 5453 2525 5524 digna
2555 5469 2622 5509 ne
2651 5453 2928 5524 percipere
2955 5453 3170 5525 quidem
3198 5461 3447 5523 possunt.

1842 5545 2036 5600 Verum
2070 5546 2151 5599 his
2179 5545 2392 5615 quidem
2421 5547 2490 5602 ob
2519 5547 2859 5601 immaturam
2889 5555 3100 5601 aetatem
3133 5545 3284 5600 venia
3318 5561 3446 5601 con-

1835 5637 2070 5692 cedenda
2098 5647 2214 5700 est;
2247 5638 2319 5692 iiii
2345 5653 2471 5693 vero
2498 5639 2642 5693 omni
2672 5639 3018 5694 excusatione
3046 5649 3250 5704 carent,
3282 5639 3332 5692 in
3365 5638 3444 5692 in-

1838 5739 1982 5800 tegra
2023 5738 2180 5784 :ctate
2213 5731 2471 5800 puerilem
2517 5732 2755 5787 animum
2786 5743 3040 5803 gerentes
3065 5772 3079 5797 ,
3109 5731 3317 5801 illisque
3345 5731 3441 5785 du-

1836 5822 2146 5877 meutiores.

1907 5941 1919 5972 ι
1962 5947 2087 6000 ttzec,
2116 5955 2172 5991 uc
2197 5940 2305 5993 lit't't
2329 5940 2566 6003 rjttsmedi
2591 5942 2669 6005 sit,
2694 5944 2744 5994 in
2773 5944 2929 5994 tribus
3088 5942 3282 5991 desunt.
