4104 6484
722 410 815 462 ιπτ
1454 406 1508 463 S.
1549 403 1821 461 JOANNIS
1858 401 2327 458 CllllYSOSTOMI
2369 400 2681 457 ARCIIIEP.
2724 400 3258 457 CONSTANTINOI‘.

787 520 861 572 De
887 519 1158 587 cupiditate
1183 519 1486 582 divitiarum,
1510 528 1556 570 et
1579 533 1668 570 cur
1687 532 1758 570 ea:
1771 517 1869 568 sint
1889 516 2192 582 expetenda.
2214 544 2281 553 —

715 612 806 664 Die
830 612 970 664 enim
1001 611 1147 672 mihi,
1180 611 1523 678 quamobrem
1553 607 1865 677 expetenda:
1896 617 2015 659 sunt
2044 605 2278 658 divitizn'!

714 701 840 755 Nam
874 702 994 758 hinc
1015 702 1394 756 exordiendum
1423 711 1504 756 est
1523 744 1536 766 ,
1565 702 1811 770 quoniam
1843 699 2066 752 sanitate
2088 738 2102 758 ,
2136 698 2238 749 vita
2263 737 2279 762 ,

713 793 889 860 populi
915 792 1386 854 commendatione,
1413 808 1472 845 ac
1497 795 1629 845 bona
1656 789 2066 850 existimatione,
2092 787 2278 854 patria,

713 883 1074 946 familiaribus,
1100 883 1304 947 amicis,
1327 884 1584 951 cognatis,
1607 881 2018 949 pratsuibiliores
2041 877 2282 932 videntur

711 973 973 1041 plerisque
1003 989 1186 1027 eorum
1210 1016 1225 1040 ,
1257 977 1344 1042 qui
1374 975 1518 1044 gravi
1551 974 1648 1026 hoc
1677 974 1859 1025 morbo
1884 971 2108 1037 Correpti
2136 979 2278 1023 stitit.

711 1063 788 1116 Ad
815 1064 954 1132 ipsas
977 1064 1169 1121 deinde
1195 1066 1358 1120 nubes
1377 1065 1614 1119 ascendit
1640 1065 1750 1117 haec
1780 1080 1904 1133 pyra
1927 1080 1940 1125 ;
1977 1073 2279 1132 terramque

706 1164 752 1208 et
781 1170 927 1210 mare
945 1159 1180 1211 caminus
1204 1158 1303 1212 iste
1323 1158 1618 1226 occupavit.
1652 1157 1713 1210 Et
1734 1157 1944 1225 quidem
1968 1155 2054 1224 qui
2080 1156 2278 1209 exstin-

706 1257 829 1313 guat
867 1246 1130 1300 flammam
1157 1289 1170 1313 ,
1202 1256 1284 1303 est
1311 1262 1497 1309 nemo;
1528 1248 1613 1316 qui
1645 1263 1768 1300 vero
1795 1247 2122 1309 accendant,
2157 1255 2281 1300 sunt

706 1350 891 1390 omnes
912 1375 926 1396 .
963 1345 1066 1389 tam
1099 1338 1195 1405 ipsi
1224 1338 1324 1404 iam
1354 1339 1489 1405 capti
1515 1379 1530 1402 ,
1563 1352 1718 1406 qnam
1750 1337 1980 1390 nondum
2008 1337 2144 1405 capti
2174 1377 2188 1400 ,
2223 1346 2280 1390 ut

706 1428 1000 1494 capiantur.
1053 1429 1299 1498 Singulos
1343 1428 1519 1483 videre
1549 1430 1670 1483 licet
1699 1471 1713 1489 .
1742 1430 1883 1482 viros
1923 1445 1983 1483 ac
2015 1429 2234 1482 feminas
2261 1468 2274 1492 ,

707 1533 892 1572 servos
911 1534 972 1574 ac
994 1520 1208 1584 liberos,
1227 1520 1414 1574 divites
1436 1529 1487 1575 et
1509 1535 1765 1588 pauperes
1786 1534 1880 1588 pro
1902 1519 2097 1572 viribus
2117 1534 2279 1573 onera

707 1616 919 1675 portare
939 1650 952 1668 ,
986 1625 1103 1676 qua:
1131 1608 1356 1662 ﬂamma:
1388 1608 1507 1662 huic
1534 1609 1619 1662 dic
1651 1618 1906 1677 nocteque
1937 1609 2156 1662 multum
2185 1625 2277 1677 pa-

631 1684 639 1691 ’
707 1697 884 1750 lmlum
917 1702 1184 1767 pnebent;
1213 1715 1374 1754 onera
1402 1716 1506 1754 non
1533 1700 1815 1770 lignorum,
1840 1713 2008 1768 neque
2031 1700 2280 1769 virgulto-

708 1804 826 1841 rum
861 1790 986 1858 (non
1015 1791 1155 1844 enim
1184 1790 1392 1844 ﬂamma
1420 1800 1500 1846 est
1529 1790 1834 1860 ejusmodi),
1866 1789 1957 1844 sed
1984 1791 2278 1846 animarum

705 1889 759 1932 et
779 1895 1078 1950 corporum,
1106 1883 1369 1950 injustitia:
1395 1893 1447 1938 et
1472 1884 1774 1954 iniquitatis.
1811 1883 1932 1938 Haec
1957 1884 2097 1938 enim
2122 1884 2275 1939 liam-

707 1986 790 2023 tna
823 1979 1005 2024 natura
1039 1973 1106 2024 ita
1136 1983 1436 2040 comparata
1466 1985 1567 2040 est,
1602 1986 1654 2028 ut
1687 1975 1800 2030 istis
1829 1975 1987 2030 rebus
2016 1978 2278 2032 accenda-

709 2071 810 2114 tur.
858 2061 984 2115 Nam
1015 2073 1067 2117 et
1093 2063 1282 2118 divites
1309 2065 1549 2119 absurda:
1579 2065 1700 2120 huic
1723 2066 1992 2136 cupiditati
2021 2084 2280 2139 nusquam

707 2152 990 2206 terminum
1021 2156 1384 2220 constituunt,
1423 2172 1739 2227 quamquam
1776 2175 1986 2214 omnem
2021 2171 2279 2216 terrarum

708 2245 892 2299 orbem
931 2251 1390 2317 comparaverint;
1422 2261 1475 2305 et
1504 2267 1761 2320 pauperes
1789 2255 2134 2309 connituntur
2165 2257 2283 2312 illos

709 2338 997 2403 praevenire
1025 2356 1037 2391 :
1059 2355 1119 2393 ac
1145 2340 1317 2394 rabies
1339 2343 1577 2411 qumdam
1608 2344 1927 2407 incurabilis,
1960 2348 2106 2400 furor
2127 2348 2281 2404 eth-e-

709 2437 895 2493 natus,
931 2429 1144 2484 morbus
1189 2432 1495 2487 insanabilis
1541 2437 1776 2489 omnium
1821 2438 2028 2493 animos
2057 2439 2278 2496 obtinet.

712 2517 805 2570 llic
830 2534 977 2573 amor
999 2535 1208 2575 omnem
1238 2539 1474 2579 amorem
1505 2525 1768 2580 devictum
1794 2537 1847 2582 et
1877 2531 2141 2598 repulsum
2173 2533 2282 2601 eje-

711 2611 780 2660 cit
818 2623 881 2662 ex
923 2611 1116 2663 animo.
1156 2611 1333 2682 Neque
1377 2615 1620 2670 amicitia:
1651 2619 1784 2670 ratio
1819 2617 2041 2673 habetur
2066 2661 2080 2684 ,
2115 2637 2286 2691 neque

707 2699 1034 2767 cognationis
1071 2702 1083 2731 '
1119 2718 1133 2767 ;
1179 2704 1303 2772 quid
1341 2691 1497 2771 dico,
1542 2707 1787 2762 amicitia:
1824 2721 1877 2763 et
1915 2711 2288 2780 cognationis?

709 2806 814 2842 non
857 2795 1035 2845 uxoris
1063 2803 1116 2848 ct
1142 2795 1364 2850 liberum
1389 2840 1404 2862 ,
1433 2815 1538 2868 quo
1563 2801 1688 2867 quid
1718 2801 1843 2856 viris
1870 2818 1990 2858 esse
2018 2815 2176 2873 queat
2199 2822 2287 2861 ca-

711 2883 858 2936 rius?
887 2885 980 2938 sed
1010 2888 1181 2940 omnia
1209 2891 1351 2943 humi
1382 2889 1584 2960 abjecta
1615 2902 1666 2946 et
1691 2895 1999 2948 conculcata
2031 2908 2174 2964 sunt,
2199 2899 2287 2953 ubi

711 2973 941 3029 crudelis
983 2977 1165 3032 isthtec
1193 2989 1246 3034 et
1288 2979 1571 3034 inhmnana
1604 2992 1878 3053 captorum
1926 2985 2139 3039 domina
2170 3003 2286 3042 om-

711 3066 852 3118 nium
884 3067 1088 3121 animos
1115 3072 1409 3140 occupavit.
1458 3072 1662 3127 Etenim
1692 3083 1956 3144 tamquam
2000 3077 2285 3133 inlmmana

708 3171 892 3210 eorum
935 3157 1144 3213 domina
1169 3201 1184 3225 ,
1217 3171 1483 3231 tamquam
1519 3179 1692 3220 saevus
1729 3174 1983 3236 tyrannus
2005 3208 2021 3234 ,
2064 3168 2286 3224 barbara

708 3247 949 3317 qumdam
974 3251 1242 3319 immanis,
1271 3264 1535 3326 tamquam
1565 3259 1812 3313 meretrix
1842 3260 2045 3329 publica
2067 3271 2120 3316 et
2143 3277 2289 3317 sum-

712 3351 896 3408 ptuosa
914 3340 1216 3411 dedecorat,
1236 3347 1470 3411 conﬁcit,
1491 3358 1542 3402 ct
1563 3352 1826 3404 sexcentis
1843 3351 2022 3421 objicit
2043 3354 2288 3422 periculis

711 3446 775 3484 ac
803 3433 971 3500 pmnis
1001 3449 1111 3499 eos,
1144 3437 1231 3505 qni
1264 3439 1332 3492 illi
1361 3441 1562 3495 servire
1589 3442 1638 3495 in
1667 3442 1900 3496 animum
1930 3446 2285 3514 induxerunt;

709 3540 937 3594 cumque
967 3527 1033 3580 sit
1063 3529 1313 3585 terribilis
1338 3573 1351 3594 ,
1384 3534 1571 3588 acerba
1593 3575 1607 3599 ,
1637 3536 1868 3591 crudelis
1891 3579 1905 3603 ,
1934 3553 2071 3592 saeva
2094 3582 2110 3605 ,
2142 3542 2286 3595 vultu

712 3615 985 3670 barbarico
1009 3660 1022 3683 ,
1051 3622 1176 3688 quin
1215 3623 1388 3689 potius
1427 3623 1596 3678 ferino
1621 3667 1634 3690 ,
1663 3636 1716 3680 et
1741 3644 1897 3696 quam
1931 3630 2083 3700 lupus
2114 3647 2174 3686 ac
2205 3633 2288 3687 leo

712 3711 978 3776 truciore;
1029 3724 1300 3768 mansueta
1347 3726 1522 3770 tamen
1565 3727 1619 3772 et
1659 3720 1989 3788 expetenda,
2033 3732 2088 3777 et
2127 3725 2288 3780 melle

710 3803 914 3857 dulcior
942 3820 1060 3858 esse
1090 3806 1298 3860 videtur
1324 3810 1542 3876 captivis
1574 3810 1706 3879 ejus.
1737 3810 1870 3866 Cum
1901 3815 2059 3867 etiam
2083 3815 2287 3884 gladios

709 3903 761 3946 et
802 3908 948 3946 arma
978 3897 1211 3964 quotidie
1236 3909 1419 3954 contra
1450 3915 1542 3954 eos
1571 3901 1728 3956 cudat
1753 3945 1766 3967 ,
1795 3919 1858 3957 ac
1886 3905 2135 3960 barathra
2159 3908 2290 3962 επο-

710 3985 821 4040 diat
841 4028 854 4050 ,
879 3987 942 4039 ad
971 3991 1254 4057 praecipitia
1285 3991 1444 4046 ducat
1468 4000 1521 4046 et
1548 3995 1825 4064 scopulos,
1854 4006 1907 4050 et
1934 3997 2134 4052 infinita
2164 4013 2288 4069 Sup-

715 4080 852 4148 plicii
893 4083 1022 4135 retia
1049 4093 1212 4146 texat,
1239 4085 1420 4140 beatos
1443 4101 1535 4141 eos
1565 4097 1737 4142 tamen
1766 4097 2018 4156 przestare
2042 4102 2291 4154 censetur

711 4181 822 4228 tum
851 4173 918 4227 ab
938 4174 1064 4243 ipsis
1091 4177 1277 4244 captis,
1313 4185 1420 4230 tum
1450 4193 1478 4230 a
1509 4179 1839 4248 cupientibus
1867 4180 2002 4248 capi.
2035 4183 2205 4251 Atque
2235 4193 2293 4238 ut

715 4265 766 4318 in
797 4264 975 4318 cloaca
1007 4275 1058 4319 et
1084 4281 1238 4320 cteno
1261 4283 1350 4322 sus
1381 4285 1501 4323 cum
1534 4272 1802 4339 voluptate
1828 4280 1881 4326 et
1906 4271 2110 4328 deliciis
2140 4276 2288 4330 volu-

715 4362 872 4417 tatur,
905 4365 993 4407 aut
1022 4366 1074 4409 ut
1105 4357 1355 4412 scarabaei
1386 4360 1436 4413 in
1461 4369 1694 4414 stercore
1717 4364 2047 4419 Continenter
2074 4381 2291 4421 versan-

715 4457 838 4500 tur:
871 4447 940 4501 ita
979 4449 1136 4502 etiam
1178 4451 1391 4504 avaritia
1433 4454 1569 4521 capti
1615 4455 1728 4507 istis
1771 4456 2126 4512 animantibus
2165 4470 2290 4515 sunt

715 4538 1034 4593 miseriores.
1071 4540 1278 4595 Etenim
1307 4543 1476 4612 major
1503 4543 1615 4600 hzec
1638 4556 1717 4599 est
1745 4547 1971 4612 foeditas,
1999 4560 2052 4602 et
2077 4565 2286 4606 ctennm

713 4627 924 4694 gravius
966 4629 1158 4682 olens:
1189 4647 1309 4684 nam
1353 4633 1475 4685 dum
1518 4635 1568 4685 in
1613 4635 1712 4689 hoc
1751 4638 1937 4690 tnorbo
1974 4653 2284 4707 versantur,

717 4734 962 4787 magnum
988 4721 1105 4775 inde
1136 4738 1194 4776 se
1222 4725 1499 4792 voluptatis
1529 4724 1754 4781 fructum
1776 4740 2047 4799 reportare
2074 4742 2288 4800 putant;

715 4810 855 4877 quod
880 4827 982 4863 non
1013 4812 1076 4866 ad
1107 4814 1180 4867 rei
1205 4824 1462 4880 naturam,
1487 4817 1578 4872 sed
1601 4818 1663 4871 ad
1686 4830 2026 4888 aegrotantem
2049 4825 2284 4880 animum

718 4900 1049 4956 referendum
1082 4914 1182 4967 est,
1211 4922 1377 4975 eaque
1409 4923 1470 4963 ex
1501 4919 1648 4977 parte
1678 4911 1778 4964 illis
1803 4913 2004 4968 ratione
2025 4914 2294 4972 destitutis

715 5001 835 5044 sunt
880 4993 1192 5050 deteriores.
1245 4999 1698 5061 Quemadmodum
1745 5004 1900 5070 igitur
1940 5005 1990 5058 in
2035 5021 2190 5061 emno
2229 5024 2293 5064 ac

717 5091 950 5136 stercore
977 5125 990 5149 ,
1025 5099 1129 5137 non
1175 5103 1384 5140 caenum
1430 5104 1492 5143 ac
1536 5100 1738 5146 διε-τρυε
1770 5094 1819 5147 in
1851 5109 2006 5148 causa
2039 5107 2120 5152 est
2141 5138 2158 5164 ,
2196 5099 2290 5154 sed

718 5173 937 5227 rationis
963 5180 1178 5242 penuria
1210 5180 1630 5250 immergentium
1659 5199 1774 5240 sese
1803 5188 2149 5246 animantium
2176 5209 2190 5247 :
2213 5194 2292 5250 sic

717 5267 877 5320 etiam
908 5269 972 5322 de
1003 5270 1214 5326 hominc
1245 5273 1578 5329 ratiocinare.

789 5359 839 5412 7.
869 5361 944 5414 Αη
992 5367 1282 5432 expetenda
1322 5369 1420 5422 sint
1458 5371 1645 5424 divitite
1683 5374 1743 5424 ob
1777 5375 2096 5444 voluptates;
2151 5380 2290 5436 Utrm

715 5456 1041 5525 jucundiores
1082 5475 1284 5524 meum,
1328 5461 1538 5515 divitum
1577 5480 1642 5516 an
1671 5482 1965 5532 pauperum.
2011 5500 2075 5508 —
2116 5471 2290 5542 Ecqua

717 5549 918 5604 ratione
947 5549 1275 5606 medebimur
1303 5552 1440 5606 hunc
1505 5556 1554 5608 in
1601 5557 1814 5610 modum
1847 5559 2086 5617 allectis?
2116 5563 2171 5618 Si
2205 5581 2292 5620 vo-

784 5706 796 5732 '
835 5713 881 5752 In
907 5720 1001 5754 uno
1024 5717 1101 5755 Ms.
1131 5718 1250 5770 posL
1268 5711 1573 5769 roguatt'rmis;
1597 5713 1641 5758 in
1668 5718 1883 5773 Ittztl‘lettf‘
1910 5717 2093 5766 additur
2120 5720 2290 5769 eadem

716 5777 878 5870 mariti,
905 5776 1082 5878 tragum
1110 5774 1199 5822 tim
1227 5773 1398 5823 habere
1423 5775 1554 5831 δοιυι,
1583 5782 1630 5822 ut
1653 5775 1774 5825 Imm
1804 5779 2152 5833 inclttrhtl'ilcm
2178 5785 2288 5840 (imr-

716 5839 806 5873 nm
828 5843 840 5873 ι
865 5842 966 5877 con
1003 5843 1072 5878 rut

716 5839 840 5873 «Tum
865 5839 1072 5880 (omittit!

3875 404 3973 458 368

2393 514 2589 568 lnerint
2619 514 2768 568 nobis
2800 514 3096 583 patefacere
3124 527 3300 578 aures,
3334 516 3674 584 aninmmque
3709 513 3972 582 pamIerc,

2388 617 2441 661 et
2479 607 2724 675 amplecti
2752 624 2869 676 quae
2896 607 3166 661 dicuntur.
3225 607 3353 661 Nam
3408 608 3706 661 animantes
3754 609 3972 676 quidem

2388 699 2608 752 rationis
2638 707 2883 767 expertes
2912 701 2976 752 ab
3005 701 3208 766 impura
3239 700 3565 752 volutatione
3597 700 3890 754 transferre
3919 710 3977 750 et

2386 788 2650 842 abducere
2708 803 2816 841 non
2866 803 3144 856 possumus
3191 805 3205 841 :
3257 789 3477 843 rationis
3532 790 3672 842 enim
3723 800 3974 858 expertes

2387 886 2542 941 sunt;
2573 888 2628 931 at
2655 895 2778 932 vero
2805 880 3287 934 mansuetissimum
3317 878 3415 934 hoc
3442 895 3635 950 genus,
3669 881 3975 949 intelligen-

2387 970 2456 1020 tia
2485 979 2538 1022 et
2565 971 2769 1024 ratione
2793 969 3218 1034 eohoncstatutn,
3246 971 3554 1034 humanam,
3584 972 3799 1040 inquam
3821 1013 3836 1037 ,
3870 988 3969 1024 na-

2389 1069 2558 1112 turam
2580 1101 2594 1126 ,
2631 1061 2678 1113 si
2711 1060 2855 1127 velit,
2892 1061 3045 1116 facile
3071 1074 3154 1116 est
3184 1062 3440 1131 valdeque
3463 1063 3790 1132 expeditum,
3810 1078 3972 1118 emno

2388 1162 2441 1205 et
2467 1154 2825 1221 graveolentia
2857 1193 2872 1219 ,
2912 1165 3149 1210 stercore
3189 1164 3242 1210 et
3292 1155 3532 1210 fceditate
3579 1155 3664 1208 illa
3719 1155 3972 1209 liberare.

2388 1242 2564 1309 Quare
2592 1245 2755 1309 enim,
2783 1261 2815 1298 ο
2843 1244 3003 1299 homo
3024 1286 3038 1307 .
3071 1246 3269 1300 divitia:
3317 1246 3409 1300 tibi
3445 1261 3766 1317 magnopere
3803 1261 3970 1314 expe-

2388 1334 2560 1388 tendae
2587 1335 2876 1390 videntur?
2926 1338 3148 1406 Propter
3189 1340 3509 1406 voluptatem
3548 1338 3765 1392 omnino
3789 1353 3910 1408 quae
3941 1354 3974 1391 e

2387 1427 2586 1481 mensis
2649 1427 2931 1481 hauritur?
2979 1439 3197 1498 propter
3247 1429 3502 1483 honorem
3555 1440 3610 1482 et
3652 1427 3972 1484 comitatum

2385 1534 2592 1585 eorum,
2626 1521 2714 1589 qui
2760 1520 3061 1574 divitiarum
3103 1535 3260 1574 causa
3293 1529 3343 1574 te
3371 1521 3553 1574 colunt
3579 1521 3602 1573 ?
3625 1529 3841 1590 propter
3870 1535 3972 1589 po-

2389 1620 2632 1664 testatem
2665 1610 2952 1665 ulciscendi
2985 1611 3074 1682 qui
3107 1621 3162 1666 te
3191 1610 3534 1673 offenderint,
3558 1621 3612 1665 et
3638 1621 3693 1664 ut
3722 1612 3975 1665 omnibus

2385 1702 2458 1755 sis
2491 1702 2725 1756 terrori?
2756 1702 2936 1774 Neque
2961 1704 3101 1758 enim
3131 1703 3262 1755 alias
3285 1717 3473 1757 causas
3502 1701 3690 1755 afferre
3729 1704 3930 1770 poteris
3955 1743 3972 1766 ,

2385 1809 2541 1862 quam
2585 1793 2931 1862 voluptatem,
2981 1793 3376 1858 adulationem,
3407 1802 3663 1847 terrorem
3707 1803 3761 1847 et
3809 1793 3975 1846 ultio-

2389 1900 2543 1938 nem:
2573 1900 2694 1938 nam
2727 1900 2900 1954 neque
2929 1886 3305 1954 sapientiorem
3328 1926 3341 1949 ,
3381 1899 3552 1952 neque
3589 1883 3977 1952 temperantio-

2387 1992 2523 2041 rem,
2556 1991 2728 2045 neque
2767 1976 3073 2042 mitiorem,
3129 1991 3302 2045 neque
3332 1975 3726 2044 prudentiorem
3753 1975 3980 2028 omnino

2385 2068 2583 2123 divitias
2613 2069 2826 2124 efficere
2876 2070 3091 2131 solent;
3127 2084 3231 2122 non
3278 2068 3604 2138 benignum,
3636 2083 3740 2122 non
3786 2067 3981 2122 huma-

2389 2176 2534 2224 nnm,
2580 2177 2682 2215 non
2717 2162 2807 2214 irze
2854 2169 3154 2230 potentem,
3189 2177 3292 2213 non
3333 2160 3501 2214 ventri
3583 2159 3932 2230 imperantem
3960 2201 3977 2226 ,

2390 2268 2496 2306 non
2542 2253 2902 2322 voluptatibus
2963 2254 3334 2322 superiorem;
3391 2266 3497 2306 non
3548 2251 3979 2305 moderationem

2389 2343 2604 2408 docent,
2637 2360 2742 2398 non
2775 2344 3152 2408 humilitatem,
3187 2359 3291 2397 non
3316 2342 3545 2412 aliquam
3571 2343 3725 2396 aliam
3759 2344 3982 2396 virtutis

2390 2445 2594 2505 partem
2624 2434 2677 2488 in
2707 2436 2938 2489 animum
2985 2435 3240 2488 inducunt
3277 2441 3334 2488 et
3379 2433 3636 2488 inserunt.
3682 2432 3865 2502 Neque
3895 2433 3983 2487 di-

2388 2541 2512 2582 cere
2541 2527 2738 2596 poteris
2759 2566 2772 2589 ,
2813 2525 2882 2580 ob
2909 2525 3162 2596 quidnam
3194 2539 3262 2580 ex
3320 2524 3434 2578 istis
3481 2539 3666 2578 earum
3703 2524 3840 2578 adeo
3868 2534 3981 2577 stu-

2391 2617 2573 2671 diosus
2603 2619 2678 2672 sis
2705 2627 2758 2671 et
2783 2619 3026 2687 cupidus.
3059 2616 3190 2671 Nam
3242 2632 3347 2670 non
3397 2614 3556 2670 modo
3611 2630 3717 2668 non
3781 2627 3985 2668 norunt

2394 2710 2634 2778 plantare
2668 2719 2759 2763 aut
2788 2725 2969 2764 serere
2991 2708 3279 2779 quidquam
3311 2708 3610 2771 bonorum,
3644 2707 3735 2762 sed
3769 2709 3982 2762 etiamsi

2395 2799 2667 2854 recondita
2699 2801 2992 2866 inveniant,
3021 2809 3248 2865 vastant,
3295 2799 3611 2869 impediunt,
3641 2809 3694 2854 et
3725 2809 3782 2853 ut
3802 2815 3985 2855 etnar-

2393 2903 2611 2949 cescant
2661 2894 2898 2948 efficiunt
2944 2911 2957 2947 :
3010 2895 3253 2964 quaedam
3311 2897 3450 2950 enim
3497 2894 3758 2958 evellent,
3809 2895 3986 2965 iisque

2392 2989 2654 3042 contraria
2688 2989 2962 3051 inducunt,
2995 2988 3178 3042 luxum
3249 2988 3694 3051 immoderatum,
3744 2988 3984 3042 furorem

2395 3079 2848 3149 intempestivum,
2893 3079 3024 3133 iratn
3076 3081 3348 3149 injustam,
3399 3081 3759 3150 arrogantiam
3787 3094 3987 3148 supcr—

2392 3169 2556 3235 biam,
2585 3171 2896 3224 amentiam.
2925 3170 3116 3225 Verum
3141 3171 3205 3226 de
3231 3171 3316 3225 his
3343 3186 3449 3226 non
3479 3173 3649 3226 dicam
3676 3190 3687 3224 :
3720 3173 3807 3240 qui
3836 3173 3987 3225 enim

2394 3262 2497 3317 hoc
2523 3263 2710 3317 morbo
2739 3263 2973 3332 correpti
3017 3272 3158 3328 sunt,
3207 3279 3312 3317 non
3345 3264 3672 3318 sustinerent
3700 3264 3889 3317 audire
3916 3264 3989 3317 de.

2395 3358 2589 3412 virtute
2618 3367 2672 3412 ct
2691 3358 2838 3422 vitio,
2870 3359 2913 3411 si
2935 3367 3315 3412 accusarentor
3337 3356 3494 3411 simul
3521 3366 3573 3410 et
3593 3359 3990 3412 convinceren-

2397 3461 2500 3516 tur,
2541 3466 2662 3506 cum
2709 3451 2759 3504 in
2789 3451 3064 3520 voluptate
3114 3452 3207 3506 toti
3258 3451 3397 3514 sint,
3449 3449 3672 3519 ideoque
3711 3450 3826 3519 ejus
3858 3449 3990 3504 facti

2398 3543 2559 3598 servi.
2594 3546 2706 3611 Age
2738 3544 2898 3612 igitur
2928 3543 3086 3597 missa
3121 3543 3331 3596 interim
3362 3543 3430 3598 de
3471 3543 3552 3596 his
3581 3541 3947 3612 disputatione
3972 3586 3987 3606 ,

2393 3652 2512 3706 qua:
2561 3637 2762 3706 reliqua
2805 3645 2928 3691 sunt
2957 3636 3022 3691 .in
3055 3635 3288 3692 medium
3348 3635 3672 3701 adferamus,
3709 3651 3772 3692 ac
3813 3634 3993 3691 videa-

2396 3745 2545 3792 mus,
2590 3745 2717 3784 num
2759 3745 2919 3799 qnam
2948 3730 3148 3783 divitia:
3175 3731 3504 3799 voluptatem
3551 3729 3821 3796 habeant,
3854 3745 3990 3783 num

2393 3837 2552 3892 quem
2581 3821 2870 3883 honorem;
2903 3823 3080 3875 omnia
3109 3821 3251 3876 enim
3299 3823 3563 3876 contraria
3604 3821 3781 3876 video.
3815 3823 3896 3877 Ac
3943 3824 3989 3877 si

2398 3914 2580 3978 vultis,
2613 3913 2848 3981 primum
2891 3913 2942 3966 in
2971 3926 3184 3967 mensas
3211 3911 3435 3967 divitum
3467 3921 3520 3967 et
3566 3927 3856 3981 pauperum
3901 3915 3993 3966 in-

2395 4004 2706 4073 qniramus,
2760 4020 3112 4075 rogemusque
3159 4015 3439 4060 vescentes
3481 4007 3697 4074 quinam
3752 4008 3992 4060 maxime

2396 4112 2525 4166 pura
2566 4105 2619 4152 et
2655 4098 2852 4167 liquida
2900 4097 3244 4167 perfruantur
3290 4098 3599 4167 voluptate?
3645 4098 3734 4166 qui
3784 4097 3854 4152 ad
3907 4099 3992 4152 di-

2397 4205 2637 4262 mensum
2686 4188 2827 4244 diem
2856 4204 3016 4258 super
3043 4199 3192 4243 toros
3232 4190 3581 4256 accumbunt,
3630 4204 3815 4245 ccenas
3861 4205 3988 4245 cum

2399 4281 2637 4350 prandiis
2677 4281 2950 4350 copulant,
2988 4291 3231 4336 ventrem
3261 4281 3616 4350 disrumpunt,
3652 4296 3845 4335 sensus
3890 4282 3990 4336 de-

2397 4383 2621 4443 pravant
2647 4415 2661 4439 ,
2719 4374 3006 4428 immodico
3049 4374 3347 4429 eduliorum
3385 4390 3549 4429 onere
3586 4374 3854 4443 navigium
3896 4376 3992 4430 de—

2399 4475 2666 4534 mergunt,
2702 4467 2966 4519 sentinam
2997 4465 3365 4519 inexhaustum
3395 4475 3448 4520 et
3475 4466 3833 4521 exundantem
3859 4468 3988 4523 red-

2397 4555 2552 4619 dunt,
2581 4567 2634 4610 et
2663 4566 2930 4623 tamquam
2955 4558 3005 4610 in
3036 4556 3276 4625 corporis
3307 4557 3580 4628 naufragio
3605 4573 3790 4612 navem
3827 4558 3993 4614 undis

2398 4649 2631 4702 obruunt
2661 4687 2676 4710 ,
2721 4647 2957 4715 pedicas,
2987 4648 3253 4714 manicas,
3301 4657 3354 4702 et
3395 4647 3588 4718 lingua:
3641 4648 3847 4704 vincula
3893 4667 3990 4705 ne.-

2397 4747 2576 4803 ctunt,
2610 4746 2883 4808 totutnqtte
2909 4753 3102 4808 corpus
3130 4753 3283 4792 suum
3312 4739 3544 4794 vinciunt
3571 4740 3780 4793 vinculo
3807 4741 3992 4797 ebrie-

2400 4831 2522 4883 tatis
2559 4838 2614 4883 et
2645 4829 2798 4882 luxus
2838 4830 3082 4900 graviore
3113 4844 3270 4900 quam
3326 4827 3497 4884 ferrea
3549 4840 3756 4898 catena,
3789 4848 3855 4887 ac
3889 4851 3991 4889 nec

2399 4923 2667 4976 sincerum
2689 4930 2740 4974 et
2766 4937 2951 4991 pttrum
2979 4922 3195 4991 capiunt
3217 4937 3463 4976 somnum
3491 4961 3505 4985 ,
3554 4938 3727 4992 neque
3759 4924 3828 4978 ab
3858 4925 3989 4978 hor-

2403 5014 2643 5068 ribilibus
2674 5014 2950 5067 insomniis
2999 5015 3149 5068 liberi
3183 5022 3338 5078 sunt,
3368 5012 3768 5084 furentibusque
3820 5018 3991 5070 tuise-

2400 5105 2606 5166 riores,
2641 5105 3000 5159 voluntarium
3052 5104 3340 5174 quemdam
3397 5105 3692 5160 daemonem
3753 5123 3805 5161 ιιι
3865 5110 3988 5160 ani-

2400 5210 2543 5248 mum
2575 5194 2853 5261 inducunt,
2886 5197 3015 5249 risui
3063 5197 3418 5266 spectantium
3466 5197 3785 5252 famulorum
3819 5217 3987 5267 expo-

2398 5289 2506 5353 siti,
2543 5290 2649 5343 imo
2683 5305 2808 5344 vero
2835 5291 2992 5344 etiam
3017 5291 3177 5344 luctui
3207 5299 3258 5345 et
3290 5291 3537 5361 lacrymis
3577 5292 3862 5346 meliorum
3892 5295 3980 5345 in.

2402 5388 2481 5433 ter
2509 5395 2602 5433 eos
2629 5397 2641 5443 ;
2672 5382 2935 5436 neminem
2966 5389 3230 5436 noverunt
3269 5396 3478 5446 eormn,
3507 5383 3595 5452 qui
3627 5382 3844 5448 adsunt,
3891 5400 3988 5438 ne-

2398 5487 2501 5540 que
2531 5472 2711 5527 dicere
2763 5474 2923 5543 quid,
2979 5491 3152 5545 neque
3201 5476 3387 5530 audire
3431 5485 3672 5546 possunt,
3703 5477 3802 5531 sed
3851 5480 3991 5533 inter

2399 5564 2721 5631 gestantium
2754 5582 2942 5621 manus
2986 5584 3014 5621 a
3049 5569 3177 5622 toris
3206 5570 3270 5622 ad
3312 5570 3561 5624 lectulum
3602 5571 3845 5627 feruntur
3870 5575 3893 5627 ?
3919 5591 3986 5626 av

2400 5671 2526 5709 vero
2562 5656 2762 5724 sobrii,
2803 5659 3114 5728 vigilantes,
3161 5663 3354 5731 quique
3399 5663 3614 5715 modum
3665 5668 3989 5718 necessitate

2400 5748 2682 5813 definiunt,
2724 5754 2970 5808 secundis
3013 5757 3184 5808 ventis
3215 5756 3479 5821 navigant,
3513 5774 3572 5807 at:
3619 5773 3716 5823 pro
3751 5760 3987 5811 maxinm

2401 5839 2794 5898 oblectamento
2816 5852 2920 5898 tam
2944 5847 2993 5900 in
3022 5846 3150 5901 tabis
3187 5861 3342 5914 quam
3379 5863 3428 5901 tn
3461 5856 3584 5914 potu
3610 5850 3808 5905 lamcm
3832 5858 3884 5905 et
3909 5851 3956 5904 si
