4154 6492
168 457 260 512 ίίῖἹ

227 577 320 624 Δια
357 570 410 623 τί
453 568 564 638 7&9
610 563 854 637 ζηλωτὸν
879 565 908 617 ὁ
955 561 1212 625 πλοῦτος,
1249 559 1372 613 εἰπέ
1407 577 1532 629 μοι;
1575 559 1688 612 Καὶ
1737 558 1848 628 γάρ

164 663 444 728 ἀναγκαῖον
474 655 731 710 ἐντεῦθεν
761 649 1255 727 προοιμιάσασθαι,
1297 647 1488 718 ἐπειδὴ
1519 647 1712 714 ὑγείας
1752 647 1849 699 καὶ

165 750 292 818 ζωῆς
324 746 420 799 καὶ
452 745 554 814 τῆς
588 741 745 814 παρὰ
770 741 882 794 τῶν
905 737 1122 792 πολλῶν
1159 735 1462 806 εὐφημίας,
1488 735 1581 788 καὶ
1605 733 1851 804 χρηστῆς

165 835 492 905 ὑπολήψεως,
532 831 628 884 καὶ
665 828 947 896 πατρίδος,
990 825 1087 879 καὶ
1118 822 1359 886 οίκείων,
1396 821 1491 873 καὶ
1521 820 1714 889 φίλων,
1755 821 1850 871 καὶ

166 921 448 992 συγγενῶν,
504 918 603 973 καὶ
649 917 758 970 τῶν
807 915 985 967 ἀλλων
1039 912 1299 965 ἁπάντων
1344 907 1456 963 τῶν
1502 907 1562 960 τὸ
1610 905 1850 976 χαλεπὸν

163 1010 302 1064 τοῦτο
331 1009 548 1078 νόσημα
577 1003 956 1074 νενοσηκότων
981 1019 1010 1053 τ
1027 999 1220 1071 ιμιώτε
1231 1014 1325 1068 ρον
1352 999 1464 1058 τοῖς
1489 993 1706 1056 πολλοῖς
1738 993 1852 1046 ἐδο-

163 1101 240 1166 ξεν
269 1094 429 1152 εἶναι.
468 1096 578 1150 Καὶ
599 1093 741 1166 πρὸς
786 1090 961 1154 αὐτάς
1005 1087 1179 1159 ἀνέϐη
1209 1085 1398 1139 λοιπὸν
1427 1084 1529 1148 τάς
1557 1083 1785 1152 νεφέλας
1814 1085 1847 1153 ἡ

164 1187 327 1256 πυρά·
370 1184 471 1239 καὶ
523 1183 630 1253 γῆν
683 1180 778 1232 καὶ
828 1177 1108 1232 θάλατταν
1161 1177 1195 1246 ὴ
1240 1174 1476 1244 κάμινος
1519 1170 1659 1240 αῦτη
1719 1186 1850 1222 κατ-

164 1275 329 1331 έλαϐε.
360 1273 477 1327 Καὶ
508 1274 536 1324 ό
564 1271 663 1342 μὲν
695 1266 971 1321 σϐεννύων
1000 1266 1104 1337 τὴν
1127 1263 1304 1334 φλόγα
1333 1261 1538 1330 ταύτην
1565 1259 1770 1321 οὐδείς·
1801 1259 1850 1311 οί

162 1365 210 1417 δὲ
235 1360 612 1422 ἀνακαίοντες,
642 1359 906 1418 ἀπαντες,
936 1354 1094 1407 αὐτοί
1119 1368 1180 1405 τε
1207 1352 1257 1404 οί
1293 1349 1516 1412 ἁλόντες
1548 1348 1673 1418 ἤδη,
1717 1348 1770 1400 οῖ
1789 1364 1850 1399 τε

167 1451 376 1523 μηδέπω
411 1448 660 1513 ἁλόντες,
698 1445 788 1498 ῐνα
831 1441 1024 1497 ἁλῶσι.
1065 1441 1177 1494 Καὶ
1227 1439 1458 1492 ἕκαστον
1500 1435 1600 1489 ῐδοι
1638 1451 1720 1499 τις
1759 1433 1846 1498 ἂν,

164 1542 247 1593 καὶ
277 1537 448 1609 ἀνδρα
478 1525 576 1589 καὶ
603 1534 866 1602 γυναῖκα,
898 1529 996 1584 καὶ
1035 1527 1263 1597 οἰκέτην
1293 1525 1388 1580 καὶ
1414 1523 1722 1595 ἐλεύθερον,
1757 1522 1852 1575 καὶ

163 1625 400 1680 πλούσιον
434 1623 535 1678 καὶ
579 1620 814 1692 πένητα,
859 1617 1004 1671 κατὰ
1031 1615 1265 1686 δύναμιν
1294 1613 1394 1684 τὴν
1421 1610 1617 1666 ἐαυτοῦ
1655 1609 1851 1681 φορτία

165 1714 512 1785 βαστάζοντα,
540 1709 614 1763 τὰ
639 1711 706 1780 τῇ
726 1707 888 1778 φλογὶ
911 1704 1088 1776 ταύτῃ
1109 1704 1176 1757 δι’
1211 1703 1426 1775 ἡμέρας
1447 1718 1506 1754 τε
1530 1700 1626 1754 καὶ
1657 1698 1851 1760 νυκτὸς

165 1802 346 1873 πολλὴν
381 1799 701 1872 παρέχοντα
737 1795 839 1866 τὴν
880 1794 1129 1866 τροφήν·
1173 1790 1374 1861 φορτία
1401 1789 1462 1841 οὐ
1497 1788 1694 1855 ξύλων,
1727 1785 1851 1841 οὐδέ

163 1871 438 1962 φρυγάνων
470 1871 571 1957 (οὐ
615 1886 728 1957 7&9
777 1881 1006 1952 τοιαύτη
1041 1882 1076 1952 ἡ
1109 1879 1286 1949 φλὸξ),
1334 1876 1475 1932 ἀλλά
1518 1873 1709 1945 ψυχῶν
1757 1871 1853 1924 καὶ

165 1960 439 2050 σωμάτων,
479 1975 704 2038 ἀδικίας
735 1972 833 2027 καὶ
878 1969 1254 2044 παρανομίας.
1313 1965 1447 2021 Ἀπὸ
1491 1963 1600 2035 7&9
1646 1960 1854 2016 τούτων

164 2049 489 2124 ἀνάπτεσθαι
517 2065 767 2133 πέφυκεν
786 2060 929 2133 αῦτη
952 2061 1050 2131 τῆς
1075 2058 1274 2129 φλογὸς
1295 2057 1329 2127 ὴ
1354 2053 1538 2124 φύσις.
1565 2052 1633 2106 Οῐ
1656 2068 1716 2104 τε
1745 2049 1854 2122 γὰρ

165 2155 511 2220 πλουτοῦντες
544 2150 788 2224 οὐδαμοῦ
826 2150 927 2221 τῆς
959 2147 1164 2201 ἀτόπου
1205 2144 1416 2214 ταύτης
1451 2142 1699 2195 ἵστανται
1729 2139 1852 2191 ἐπι-

163 2245 365 2317 θυμίας,
406 2243 516 2297 κᾶν
548 2241 773 2296 ἃπασαν
814 2234 1222 2308 περιϐάλωνται
1261 2233 1364 2305 τὴν
1401 2227 1761 2300 οἰκουμένην·
1803 2227 1860 2280 οἴ

162 2315 476 2405 τετπένητες
510 2330 835 2398 ἐπείγονται
885 2325 1094 2397 φθάσαι
1133 2322 1401 2385 ἐκείνους,
1436 2318 1533 2373 καὶ
1563 2315 1739 2371 λύσσα
1769 2332 1856 2379 τις

163 2402 375 2486 ἀνίατος*
402 2420 503 2476 καὶ
542 2418 716 2492 μανία
740 2414 1068 2476 ἀκάθεκτος,
1093 2412 1190 2464 καὶ
1215 2410 1372 2473 νόσος
1397 2406 1728 2492 ἀδιόρθωτος
1753 2402 1856 2467 τάς

164 2511 364 2566 πάντων
394 2488 626 2580 κατέχει
649 2504 852 2577 ψυχάς.
882 2501 996 2557 Καὶ
1025 2498 1205 2553 πάντα
1236 2497 1418 2571 ἔρωτα
1438 2488 1594 2558 οὗτος
1621 2493 1854 2562 νικήσας

161 2596 344 2670 διρως
378 2595 479 2649 καὶ
512 2577 920 2665 παρωσάμενος
964 2585 1190 2652 ἐξέϐαλε
1220 2585 1323 2655 τῆς
1347 2581 1549 2670 ψυχῆς.
1584 2580 1699 2634 Καὶ
1728 2577 1853 2631 οὐτε

163 2665 328 2753 φιλίας
363 2682 549 2752 λόγος,
605 2678 734 2734 οὐτε
779 2674 1106 2746 συγγενείας
1135 2685 1162 2714 ι
1185 2688 1200 2702 ⁸
1237 2670 1334 2726 καὶ
1383 2667 1439 2722 τί
1469 2667 1614 2753 λέγω
1668 2665 1855 2736 φιλίας

162 2751 242 2828 καὶ
281 2751 644 2840 συγγενείαςς
685 2766 747 2820 οὐ
781 2763 1044 2838 γυναικὸς
1073 2761 1171 2815 καὶ
1217 2757 1449 2823 παίδων,
1483 2751 1545 2810 οῦ
1577 2753 1630 2808 τί
1654 2753 1852 2822 γένοιτ’

163 2863 219 2917 ἂν
264 2861 493 2933 ἀνδράσι
542 2855 956 2926 ⁴ιτοθεινότερονς
992 2851 1132 2908 ἀλλά
1167 2849 1349 2904 πάντα
1383 2847 1561 2920 χαμαὶ
1594 2845 1854 2917 ἐρῤιπται

163 2951 244 3004 καὶ
270 2931 763 3017 καταπεπάτηται,
786 2945 890 3014 τῆς
922 2940 1084 3013 ὠμῆς
1111 2937 1320 3008 ταύτης
1353 2935 1452 2990 καὶ
1479 2931 1852 3004 ἀπανθρώπου

161 3038 434 3108 δεσποίνης
469 3035 585 3089 τῶν
614 3032 855 3088 ἀλόντων
882 3030 984 3094 τάς
1011 3028 1273 3083 ἀπάντων
1299 3020 1724 3092 καταλαϐούσης
1749 3018 1854 3090 ψυ-

162 3127 269 3197 χάς.
299 3107 412 3181 Καὶ
443 3124 562 3196 7&9
587 3122 664 3188 ὠς
689 3121 953 3175 δέσποινα
981 3116 1194 3172 τούτων
1220 3112 1612 3197 ἀπάνθρωπος,
1649 3109 1746 3163 καὶ
1777 3107 1855 3172 ώς

165 3196 410 3287 τύραννος
439 3210 687 3282 ἀπηνὴς.
718 3208 814 3262 καὶ
841 3207 916 3271 ὡς
952 3203 1230 3278 βάρϐαρος
1261 3199 1412 3273 ὠμὴ,
1443 3199 1541 3253 καὶ
1572 3196 1650 3261 ώς
1677 3196 1855 3268 πόρνη

166 3284 429 3375 πάνδημος
478 3299 581 3354 καὶ
610 3295 934 3367 πολυτελὴς,
985 3290 1345 3362 καταισχύνει
1387 3287 1484 3342 καί⁸
1516 3284 1852 3348 κατατείνει,

166 3392 244 3444 καὶ
289 3371 512 3462 μυρίοις
548 3385 771 3450 κολάζει
817 3381 1090 3444 κινδύνοις
1126 3396 1188 3433 τε
1240 3376 1339 3432 καὶ
1396 3372 1694 3446 τιμωρίαις
1725 3371 1854 3435 τοὺς

165 3456 438 3551 ἑλομένους
479 3473 763 3530 δουλεύειν
805 3472 981 3544 αὐτῇ·
1031 3469 1129 3524 καὶ
1175 3463 1388 3538 φοϐερά
1439 3480 1524 3526 τις
1568 3456 1704 3515 οὖσα
1759 3459 1857 3514 καὶ

167 3548 491 3640 ἀμείλικτος,
527 3562 702 3634 ἀγρία
727 3579 788 3618 τε
816 3560 911 3614 καὶ
936 3559 1178 3629 ἀπηνὴς,
1208 3555 1305 3609 καὶ
1329 3551 1623 3625 πρόσωπον
1654 3548 1858 3620 ἔχουσα

168 3636 511 3729 βιρϐαρικδν,
550 3651 756 3725 μᾶλλον
783 3649 840 3703 δὲ
871 3645 1162 3719 θηριῶδες,
1197 3643 1293 3698 καὶ
1318 3640 1486 3694 λύκου
1518 3637 1610 3692 καὶ
1642 3636 1857 3700 λέοντος

165 3723 510 3818 ἀγριώτερον,
550 3723 838 3814 προσηνής
868 3753 954 3800 τις
987 3729 1130 3788 εἶναι
1166 3731 1339 3792 δοκεῖ,
1376 3727 1470 3782 καὶ
1511 3723 1737 3796 ποθεινὴ
1764 3723 1859 3777 καὶ

167 3812 366 3904 μέλιτος
393 3812 742 3902 ’γλυκυτέρα
797 3827 913 3888 τοῖς
958 3816 1482 3892 αίχμαλωτισθεῖσιν
1529 3813 1623 3868 ὑπ’
1662 3812 1857 3884 αὐτῆς.

167 3895 261 3977 ίίεὶ
283 3895 411 3994 ξίφη
425 3895 540 3974 καὶ
571 3895 714 3971 ὅπλα
735 3913 857 3969 καθ’
887 3912 1128 3981 ἑκάστην
1157 3904 1280 3960 κατ’
1310 3903 1491 3958 αὐτῶν
1515 3895 1859 3974 χαλκεύουσά

164 4021 249 4089 τὴν
271 4017 512 4092 ἡμέραν,
532 4014 631 4070 κιιι)⁸
650 4010 905 4084 βάραθρα
931 4005 1328 4080 άνορύττουσα,
1348 4001 1442 4056 καὶ¹
1460 4001 1555 4054 επ)⁸
1578 3997 1860 4070 κρημνοὺς

165 4114 304 4189 μετ]
325 4115 545 4184 ἀγουσα
574 4112 670 4166 καὶ
699 4106 1022 4169 σκοπέλους,
1047 4103 1144 4158 καὶ
1172 4099 1342 4172 μυρία
1366 4098 1554 4160 αὐτοῖς
1580 4094 1858 4148 πλέκουσα

169 4213 427 4278 κολάσεως
482 4209 706 4268 δίκτυα,
762 4201 1044 4277 ζηλωτοὺς
1093 4199 1295 4262 αὐτοὺς
1345 4193 1631 4268 νομίζεται
1683 4193 1858 4246 ποιεῖν

165 4312 263 4374 τοῖς
289 4326 348 4364 τε
389 4304 703 4362 ἐαλωκόσιν
744 4302 954 4366 αὐτοῖς,
991 4300 1106 4363 τοῖς
1148 4313 1206 4350 τε
1237 4291 1603 4365 ἐπιθυμοῦσιν
1629 4287 1856 4345 ἀλῶναι.

168 4407 263 4458 Καὶ
288 4405 546 4477 καθάπερ
572 4397 637 4466 ’ὑς
671 4401 729 4455 ἐν
761 4398 957 4472 ἀμάρᾳ
986 4395 1084 4450 καὶ
1110 4392 1359 4467 βορϐόρῳ
1388 4386 1857 4459 ἐγκαλινδουμένη

167 4503 332 4570 ἥδεται
359 4501 457 4556 καὶ
479 4498 695 4571 τρυφᾷ,
727 4495 825 4550 καὶ
848 4493 1117 4563 κάνθαροι
1147 4489 1358 4559 κόπρον
1381 4483 1625 4556 συνεχῶς
1655 4481 1862 4537 ἀνελίτ-

167 4615 330 4666 τοντες
349 4617 363 4632 ο
396 4598 550 4652 οὕτω
575 4595 643 4666 δὴ
665 4594 761 4648 καὶ
785 4595 833 4646 οί
960 4586 1302 4660 φιλαργυρίᾳ
1324 4583 1547 4646 ἁλόντες
1569 4580 1678 4634 τῶν
1703 4578 1860 4644 ζώων

166 4696 353 4751 τούτων
387 4696 536 4750 είσὶν
577 4689 930 4750 ἀθλιώτεροι.
970 4686 1081 4740 Καὶ
1131 4684 1242 4757 7&9
1295 4678 1502 4753 μείζων
1551 4679 1584 4749 ἡ
1625 4674 1862 4731 ἐνταῦθα

169 4792 468 4866 βδελυγμία,
489 4788 594 4845 καὶ
613 4790 644 4842 ό
667 4785 926 4858 βόρϐορος
955 4778 1361 4850 δυσωδέστερος
1376 4792 1390 4808 ο
1427 4772 1862 4846 ἐνδιατρίϐοντες

169 4886 262 4956 7&9
287 4883 365 4956 τῷ
398 4884 600 4947 πάθει,
635 4878 840 4950 πολλὴν
866 4874 1185 4947 νομίζουσιν
1216 4869 1410 4942 ἡδονὴν
1443 4867 1695 4922 ἐντεῦθεν
1725 4883 1862 4933 καρ-

169 4980 420 5034 ποῦσθαι·
455 4981 606 5049 ὅπερ
658 4975 719 5029 οὐ
765 4974 866 5044 τῆς
899 4972 1120 5042 φύσεως
1160 4967 1257 5022 τοῦ
1309 4965 1638 5039 πράγματός
1687 4965 1858 5025 ἐστιν,

167 5069 288 5123 ἀλλά
309 5069 407 5138 τῆς
431 5069 540 5140 τὴν
565 5063 830 5135 τοιαύτην
854 5060 1084 5130 ἀλογίαν
1115 5057 1383 5128 νοσούσης
1405 5057 1668 5120 διανοίας.
1689 5055 1863 5109 Τοῦτο

168 5161 216 5212 δὲ
249 5162 341 5232 τ’ῑκ
390 5161 628 5230 ἀλογίας
681 5155 910 5211 ἐκείνων
952 5155 1161 5225 χεῖρον.
1202 5151 1418 5223 Ὠσπερ
1469 5145 1564 5204 οὖν
1617 5149 1713 5202 ἐπὶ
1766 5148 1861 5202 τοῦ

171 5250 415 5326 βορϐόρου
449 5253 551 5308 καὶ
581 5249 686 5321 τῆς
711 5248 943 5319 κόπρου,
974 5247 1034 5301 οὐ
1064 5244 1162 5298 τοῦ
1194 5243 1458 5316 βορϐόρου
1492 5243 1589 5297 καὶ
1618 5242 1716 5313 τῆς
1769 5242 1864 5295 κό-

171 5358 293 5413 πρου
331 5345 393 5399 τὸ
422 5344 628 5406 αίτιον,
667 5339 810 5395 ἀλλά
852 5339 954 5408 τῆς
1001 5337 1230 5406 ἀλογίας
1268 5334 1375 5389 τῶν
1409 5333 1861 5404 ἐμπεπτωκότων

171 5435 307 5498 ⁴ζώων
329 5454 344 5469 ο
375 5437 524 5491 οῦτω
561 5435 664 5491 καὶ
690 5434 786 5487 ἐπὶ
819 5431 928 5486 τῶν
962 5426 1272 5500 ἀνθρώπων
1303 5426 1545 5495 λογίζου.

232 5527 290 5589 ζ’.
313 5528 420 5582 Καὶ
456 5527 584 5591 πῶς
605 5525 674 5578 ἀν
700 5523 998 5594 ίασαίμεθα
1021 5521 1150 5583 τούς
1180 5516 1325 5572 οὕτω
1351 5516 1739 5587 διακειμένους
1763 5533 1777 5581 ;
1799 5516 1862 5568 Εί

175 5614 556 5690 βουληθείησαν
583 5617 725 5688 ἡμῖν
754 5613 966 5680 ἀνοῖξαι
997 5612 1099 5675 τάς
1128 5609 1319 5672 ἀκοὰς,
1360 5609 1457 5661 καὶ
1481 5605 1732 5660 ἀπλῶσαι
1760 5605 1860 5675 τὴν

173 5709 415 5778 διάνοιαν,
448 5709 550 5770 καὶ
577 5712 841 5777 δέξασθαι
873 5709 941 5762 τά
973 5707 1266 5778 λεγόμενα.
1297 5704 1378 5757 Τὰ
1409 5703 1510 5770 μὲν
1541 5702 1652 5775 7&9
1685 5701 1856 5770 ἀλογα

231 5860 246 5878 ⁸
271 5869 322 5918 ιο
361 5885 462 5920 uno
501 5883 596 5920 ms.
643 5875 755 5932 post
797 5865 1072 5977 avgeveiac
1115 5865 1165 5913 in
1210 5863 1432 5924 margine
1458 5861 1655 5910 additur
1679 5862 1854 5910 eadem

231 5943 297 5977 mu
320 5934 493 5977 ισνυσε
518 5930 737 5977 έπισνεῖν
761 5932 847 5977 τὴν
901 5930 1130 5976 καθεκτόν
1152 5925 1328 5977 ταύτην
1349 5925 1518 5977 ὁρμήν.
1546 5925 1640 5972 Καὶ
1662 5923 1727 5971 τί.

178 5938 297 5981 manu
320 5934 493 5997 ισχυσε
518 5923 737 5995 ἐπισχεῖν
761 5932 847 5988 τὴν
868 5923 1130 5977 ἀκάθεκτον
1152 5923 1333 5982 ταύτην
1349 5925 1518 5986 ὁρμήν.
1546 5925 1640 5972 Καὶ
1662 5923 1727 5971 τί.

1235 442 1428 510 QUOD
1466 441 1660 495 ΝΕΜΟ
1698 440 2036 493 ιΑςυιτυιι
2080 440 2215 494 NISI
2259 441 2300 494 Α
2333 439 2598 498 SEIPSO.

3530 445 3637 499 M38

1953 557 2266 625 μεταθεῖναι
2290 560 2389 630 τῆς
2416 562 2731 634 ἀκαθάρτου
2759 559 3040 632 διατριϐῆς
3073 558 3166 612 καὶ
3198 559 3511 627 ἀπαγαγεῖν
3537 561 3636 614 οὐκ

1949 648 2029 702 ἔνι
2047 665 2059 678 '
2102 649 2367 721 λογισμοῦ
2387 654 2497 726 γάρ
2518 656 2666 708 ἐστιν
2697 655 2908 726 ἕρημαο
2936 653 2997 706 τὸ
3015 651 3072 706 δὲ
3096 652 3458 724 ἡμερώτατον
3483 652 3639 706 τοῦτο

1949 740 2127 808 γένος,
2170 743 2264 794 καὶ
2292 741 2539 816 λογισμῷ
2570 746 2665 799 καὶ
2699 745 2846 814 λόγῳ
2878 744 3267 814 τετιμημένον,
3298 743 3397 813 τὴν
3423 743 3638 814 ἀνθρω-

1950 832 2112 885 πείαν
2160 832 2303 901 λέγω
2345 835 2526 904 φύσιν,
2545 838 2607 902 ,εί
2646 834 2955 906 βουληθείη,
2994 833 3176 907 ῥᾴδιόν
3214 851 3273 886 τε
3302 834 3397 886 καὶ
3433 831 3639 904 σφόδρα

1950 922 2174 976 εὔκολον
2205 927 2299 978 καὶ
2336 927 2429 980 τοῦ
2468 927 2734 999 βορϐόρου
2778 929 2872 982 καὶ
2922 928 3019 996 τῆς
3057 926 3340 991 δυσωδίας,
3391 925 3487 979 καὶ
3535 924 3636 992 τῆς

1951 1016 2159 1088 κόπρου
2201 1022 2295 1074 καὶ
2332 1023 2432 1093 τῆς
2486 1023 2814 1094 βδελυγμίας
2851 1022 3155 1086 ἀπαλλάξαι
3190 1020 3427 1091 ἐκείνης.
3458 1018 3557 1073 Διά
3582 1018 3635 1071 τί

1951 1110 2060 1181 7&9
2093 1113 2120 1164 ό
2153 1111 2405 1178 πλοῦτος,
2456 1115 2734 1187 ἄνθρωπε,
2767 1115 3235 1188 περισπούδαστος
3271 1109 3411 1167 εἷναί
3444 1129 3527 1166 σοι
3556 1110 3637 1163 δο-

1954 1207 2076 1271 xei;
2131 1207 2230 1260 Διά
2277 1208 2376 1281 τὴν
2409 1210 2605 1282 ἡδονὴν
2641 1212 2857 1274 πάντως
2896 1210 2994 1281 τὴν
3028 1209 3137 1264 ἀπὸ
3172 1208 3280 1262 τῶν
3306 1205 3637 1278 τραπεζῶν,

1949 1296 2038 1351 διὰ
2074 1298 2170 1371 τὴν
2210 1302 2396 1372 τιμὴν,
2445 1303 2538 1359 καὶ
2588 1303 2689 1375 τὴν
2733 1303 3058 1376 δορυφορίαν
3095 1302 3195 1374 τὴν
3243 1300 3354 1355 ἀπὸ
3397 1299 3505 1354 τῶν
3548 1299 3640 1351 διά

1955 1389 2147 1445 τοῦτον
2189 1391 2646 1465 θεραπευόντων;
2680 1394 2768 1450 διὰ
2798 1394 2860 1446 τὸ
2885 1393 3145 1448 δύνασθαι
3181 1394 3308 1456 τοὺς
3335 1391 3638 1451 λυποῦντας

1951 1483 2282 1554 ἀμύνασθαι,
2321 1487 2416 1539 καὶ
2450 1487 2618 1539 πᾶσιν
2653 1481 2793 1539 εἶναι
2824 1484 3084 1556 φοϐερόν;
3121 1483 3257 1536 Οὐδὲ
3286 1481 3396 1553 7&9
3426 1481 3492 1535 ἀν
3521 1481 3638 1535 ἐτέ-

1955 1591 2052 1646 ρας
2081 1577 2260 1640 αἰτίας
2302 1576 2448 1648 ἔχοις
2479 1580 2675 1643 είπεῖν,
2718 1577 2835 1632 ἀλλ’
2882 1577 2915 1648 ἢ
2953 1575 3167 1647 ἡδονὴν,
3196 1573 3290 1626 καὶ
3319 1572 3634 1633 κολακείαν.

1952 1666 2046 1718 καὶ
2089 1667 2277 1736 φόϐον,
2316 1668 2411 1721 καὶ
2460 1669 2764 1740 τιμωρίαν·
2815 1668 2938 1721 οὐτε
2973 1668 3082 1739 7&9
3128 1663 3457 1736 σοφώτερον,
3508 1661 3632 1716 οὐτε

1955 1757 2420 1838 σωφρονέστερον,
2451 1759 2573 1813 οὐτε
2621 1759 3049 1831 ἐπιεικέστερον,
3088 1757 3214 1810 οὔτε
3269 1755 3636 1827 συνετώτερον

1953 1849 2172 1914 πάντως
2201 1852 2229 1905 ό
2261 1850 2489 1916 πλοῦτος
2527 1854 2703 1906 ποιεῖν
2737 1850 2952 1917 εἴωθεν,
2984 1852 3044 1904 οὑ
3073 1848 3326 1922 χρηστὸν,
3357 1848 3419 1901 οὐ
3450 1845 3640 1918 φιλάν-

1959 1949 2204 2013 θρωπον,
2239 1944 2341 1997 οὐκ
2369 1944 2541 2015 ὀργῆς
2574 1941 2915 2015 κρείττοντα,
2938 1943 3000 1995 οὐ
3032 1941 3270 2013 γαστρὸς
3289 1938 3516 2012 ἀμείνω,
3539 1937 3639 2010 οὐχ

1955 2034 2162 2106 ἡδονῶν
2191 2035 2465 2108 ἀνώτερον
2486 2053 2500 2066 ·
2530 2035 2591 2090 οὐ
2628 2035 2943 2108 μετριάζειν
2970 2033 3237 2097 παιδεύει,
3261 2033 3323 2086 οὐ
3349 2030 3640 2084 συνεστάλο

1955 2129 2047 2184 θαι
2091 2130 2356 2196 διδάσκει,
2392 2131 2493 2186 οὐκ
2525 2130 2655 2186 ἀλλο
2703 2147 2757 2183 τι
2811 2129 2977 2200 μέρος
3026 2127 3126 2198 τῆς
3177 2128 3377 2198 ἀρετῆς
3418 2129 3500 2190 είς
3538 2126 3639 2198 τὴν

1954 2217 2137 2296 ψυχὴν)
2167 2224 2381 2292 είσάγει
2435 2224 2531 2278 καὶ
2564 2221 2956 2293 καταφυτεύει.
3007 2221 3129 2275 Οὐδ’
3157 2220 3224 2274 ἂν
3267 2219 3410 2290 ἐχοις
3461 2220 3637 2273 είπείν

1957 2315 2048 2370 διά
2085 2317 2139 2371 τί
2180 2317 2388 2371 τούτων
2429 2314 2898 2388 περισπούδαστός
2944 2313 3064 2368 ἐστί
3115 2330 3200 2366 σοι
3254 2313 3348 2366 καὶ
3392 2312 3640 2377 ποθεινὸς

1961 2402 2142 2473 οὗτος.
2179 2410 2255 2464 Οὑ
2284 2408 2396 2481 7&9
2419 2409 2485 2480 δὴ
2518 2408 2680 2480 μόνον
2711 2407 2864 2460 οὐδὲν
2895 2401 3003 2458 οἶδε
3031 2405 3340 2477 φυτεύεινῆ
3375 2408 3642 2477 γεωργεῐν

1955 2506 2065 2561 τῶν
2097 2502 2342 2574 ἀγαθῶν,
2395 2501 2533 2556 ἀλλά
2566 2501 2672 2554 κάν
2718 2497 3061 2568 ἀποκείμενα
3111 2495 3271 2570 εὑρη,
3321 2496 3641 2568 λυμαίνεται

1957 2598 2056 2656 καὶ
2080 2597 2281 2652 κωλύει
2318 2596 2414 2649 καὶ
2439 2592 2843 2664 καταμαραίνει
2864 2608 2878 2621 °
2912 2591 3028 2644 ἔνια
3058 2590 3115 2644 δὲ
3155 2591 3245 2644 καὶ⁵
3277 2590 3514 2661 ἀνασπᾷ,
3550 2591 3642 2643 καὶ

1952 2692 2024 2747 τὰ
2046 2689 2265 2747 ἐναντία
2293 2687 2501 2742 τούτων
2523 2683 2830 2752 ἐπεισάγει,
2862 2681 3160 2735 ἀκολασίαν
3185 2680 3442 2753 ἀμετρον,
3471 2679 3641 2752 θυμὸν

1955 2788 2209 2858 ἀκαιρον,
2245 2780 2416 2854 ὀργὴν
2445 2778 2651 2846 ἀδικον,
2685 2775 2969 2839 ἀπόνοιαν,
3002 2774 3401 2845 ὑπερηφανίαν,
3433 2774 3639 2829 ἄνοιαν.

1967 2877 2242 2951 ’Δλλά“μὴ
2271 2877 2411 2930 εἴπω
2447 2873 2575 2944 περὶ
2611 2871 2855 2925 τούτων*
2900 2870 2952 2922 οί
2995 2867 3106 2940 7&9
3150 2869 3218 2939 τῇ
3272 2867 3413 2938 νόσῳ
3464 2868 3640 2938 ταύτῃ

1955 2972 2261 3034 ἐαλωκότες
2303 2970 2405 3024 οὐκ
2447 2967 2514 3022 ἂν
2543 2965 2866 3036 ἀνάσχοιντο
2901 2961 3032 3034 περὶ
3074 2961 3279 3032 ἀρετῆς
3319 2961 3414 3014 καὶ
3445 2954 3636 3019 κακίας

1955 3065 2273 3129 ἀκούοντες,
2297 3062 2409 3132 τῆς-
2431 3060 2629 3131 ἡδονῆς
2662 3058 2816 3122 δντες
2859 3053 2992 3121 ὅλοι,
3037 3053 3131 3110 καὶ
3168 3054 3257 3107 διά
3285 3051 3444 3107 τοῦτο
3470 3051 3643 3124 αὐτῆς

1955 3160 2232 3231 γινόμενοι
2256 3155 2454 3219 δοῦλοι,
2487 3150 2986 3224 κατηγορουμένων
3011 3148 3192 3203 αὐτῶν
3213 3147 3349 3219 ὁμοῦ
3373 3147 3466 3201 καὶ
3495 3145 3645 3216 ἐλεγ-

1957 3251 2208 3324 χομένων
2239 3249 2367 3302 ίδεῖν
2393 3246 2444 3300 δ.
2479 3245 2618 3316 Φέρε
2669 3240 2764 3298 οὖν
2794 3243 2933 3305 τέως
2962 3241 3054 3295 τὸν
3085 3239 3213 3312 περὶ
3244 3239 3450 3293 τούτων
3487 3237 3645 3308 λόγον

1956 3347 2210 3415 ἀφέντες,
2252 3343 2321 3396 τά
2345 3338 2511 3394 λοιπά
2533 3340 2614 3400 είς
2647 3339 2810 3410 μέσον
2842 3335 3163 3406 ἀγάγωμεν,
3200 3333 3295 3388 καὶ
3341 3331 3562 3404 ἴδωμεν,
3595 3331 3649 3386 ετ

1953 3454 2079 3492 τινα
2113 3435 2309 3508 ἡδονὴν
2339 3435 2368 3488 ό
2411 3429 2643 3495 πλοῦτος
2684 3428 2818 3501 εχει,
2860 3428 2915 3481 εί
2940 3443 3064 3480 τινα
3101 3428 3296 3497 τιμήν·
3335 3424 3650 3479 τούναντίον

1956 3529 2066 3604 7&9
2093 3531 2240 3585 ἀπαν
2283 3525 2414 3599 ὁρῶ.
2447 3526 2558 3578 Καὶ
2590 3524 2640 3577 εί
2675 3518 2956 3593 βούλεσθε,
2991 3519 3208 3590 πρῶτον
3247 3516 3344 3582 τάς
3365 3515 3647 3590 τραπέζας

1957 3623 2067 3678 τῶν
2097 3618 2476 3674 πλουτούντων
2505 3615 2604 3669 καὶ
2647 3611 2961 3682 πενομένων
2991 3608 3357 3679 ἐξετάζωμεν,
3387 3609 3479 3662 καὶ
3507 3607 3650 3679 ἐρώε-

1963 3715 2106 3788 μεθα
2156 3713 2308 3787 [455]
2353 3712 2482 3774 τοὺς
2515 3705 2908 3777 ἑστιωμένους,
2941 3703 3088 3766 τίνες
3135 3699 3372 3771 μάλιστά
3416 3700 3555 3754 είσιν
3596 3703 3648 3753 οί

1959 3809 2208 3882 καθαράν
2242 3806 2339 3861 καὶ
2376 3803 2608 3874 γνησίαν
2635 3797 3009 3872 καρπούμενοι
3036 3796 3261 3868 ἡδονήν;
3293 3797 3341 3849 οί
3371 3793 3508 3867 πρὸς
3533 3795 3651 3848 δια-

1965 3898 2396 3976 μεμετρημένην
2426 3897 2526 3966 τὴν
2553 3894 2771 3965 ἡμέραν
2814 3892 2908 3945 ἐπὶ
2936 3890 3044 3944 τῶν
3080 3890 3349 3946 στιϐάδων
3395 3887 3650 3944 κατακεί-

1965 4017 2138 4074 μενοι,
2168 3998 2263 4051 καὶ
2292 3994 2362 4049 τά
2386 3992 2577 4046 δεῖπνα
2601 3992 2715 4053 τοῖς
2735 3988 2982 4060 ἀρίστοις
3011 3984 3395 4048 συνάπτοντες,
3424 3983 3519 4036 καὶ
3546 3981 3650 4052 τὴν

1961 4073 2208 4165 γαστέρα
2239 4084 2688 4162 διαρῤηγνύντες,
2725 4082 2819 4135 καὶ
2851 4080 2951 4144 τάς
2999 4077 3280 4149 αἰσθήσεις
3318 4073 3647 4148 πηροῦντες,

1911 4213 1915 4215 ·
1959 4188 2054 4242 καὶ
2095 4185 2174 4258 τῷ
2204 4182 2497 4254 ὑπερόγκῳ
2529 4176 2640 4231 τῶν
2670 4172 2986 4245 ἐδεσμάτων
3016 4169 3222 4243 φορτίῳ
3253 4168 3314 4223 τὸ
3339 4169 3521 4222 πλοῖον
3545 4184 3650 4221 κα-

1958 4284 2400 4349 ταποντίζοντες,
2435 4280 2529 4333 καὶ
2559 4273 2896 4347 ὑπέραντλον
2926 4269 3211 4334 ποιοῦντες
3241 4267 3341 4340 τὴν
3368 4266 3523 4334 ναῦν,
3555 4267 3651 4321 καὶ

1962 4383 2216 4456 καθάπερ
2267 4383 2327 4435 ἐν
2360 4375 2612 4448 ναυαγίῳ
2650 4372 2729 4444 τῷ
2777 4371 2873 4428 τοῦ
2911 4369 3164 4441 σώματος
3214 4363 3651 4429 κατακλύζοντες

1961 4482 2156 4551 αὐτὴν,
2190 4479 2288 4534 κα)⁸
2337 4476 2532 4538 πέδας,
2585 4473 2682 4526 καὶ
2731 4467 3078 4541 χειροπέδας,
3114 4465 3210 4519 καὶ
3263 4464 3651 4533 γλωσσοπέδας

1962 4577 2330 4639 ἐπινοοῦντες,
2381 4572 2478 4627 καὶ
2509 4571 2656 4624 ἀπαν
2681 4565 2861 4621 αὐτῶν
2899 4560 3372 4633 καταδεσμοῦντες
3399 4559 3463 4614 τὸ
3493 4562 3652 4628 σῶμα

1959 4676 2210 4738 άλύσεως
2243 4671 2471 4742 σιδηρᾶς
2512 4662 2883 4739 χαλεπωτέρῳ
2913 4658 3098 4730 δεσμῷ
3129 4657 3208 4729 τῷ
3233 4657 3333 4729 τῆς
3359 4657 3532 4729 μέθης
3557 4659 3653 4710 καὶ

1961 4776 2062 4846 τῆς
2105 4770 2338 4845 τρυφῆς,
2372 4766 2468 4820 καὶ
2496 4766 2633 4836 μήτε
2678 4760 2846 4815 ὑπνον
2879 4755 3197 4827 αἱρούμενοι
3241 4755 3488 4825 γνήσιον,
3520 4755 3651 4806 είλι-

1964 4871 2150 4943 κρινῆ,
2203 4869 2340 4939 μήτε
2372 4863 2671 4934 ὀνειράτων
2704 4853 3118 4928 ἀπηλλαγμένοι
3152 4850 3422 4922 φοϐερῶν,
3458 4850 3567 4906 τῶν
3591 4868 3651 4904 τε

1967 4968 2315 5046 μαινομένων
2346 4965 2498 5026 δντες
2524 4957 2868 5028 ἀθλιώτεροι,
2905 4953 3000 5007 καὶ
3028 4951 3349 5023 αὐθαίρετόν
3391 4967 3512 5004 τινα
3537 4948 3652 5004 δαί-

1967 5045 2106 5140 μονα
2137 5061 2521 5132 ἐπεισάγοντες
2546 5059 2612 5128 τῇ
2654 5055 2824 5125 ψυχῇ,
2855 5053 2951 5106 καὶ
2990 5049 3162 5120 γέλως
3192 5046 3542 5119 προκείμενοι
3573 5045 3652 5115 τῷ

1964 5135 2178 5231 θεάτρῳ
2221 5155 2331 5210 τῶν
2361 5151 2609 5212 οίκετῶν,
2657 5145 2857 5219 μᾶλλον
2883 5144 2940 5198 δὲ
2973 5141 3066 5197 καὶ
3094 5138 3371 5212 τραγῳδία
3416 5137 3509 5190 καὶ
3553 5135 3650 5190 δα-

1965 5262 2150 5335 κρύων
2174 5256 2432 5318 ὑπόθεσις
2454 5255 2568 5316 τοῖς
2599 5247 3026 5316 ἐπιεικεστέροις
3061 5240 3260 5305 αὐτῶν,
3302 5242 3396 5294 καὶ
3444 5239 3648 5311 μηδένα

1963 5367 2166 5428 ειδότες
2185 5361 2294 5415 τῶν
2319 5357 2625 5428 παρόντων,
2660 5353 2799 5424 μήτε
2829 5349 3004 5401 εἰπεῖν
3025 5361 3078 5397 τι
3105 5343 3199 5397 καὶ
3231 5341 3463 5395 ἀκοῦσαι
3483 5341 3648 5393 δυνά-

1967 5479 2140 5533 μενοι,
2177 5455 2313 5512 ἀλλὰ
2356 5452 2597 5524 φοράδην
2636 5447 2746 5504 ἀπὸ
2770 5445 2877 5499 τῶν
2905 5438 3170 5496 στιϐάδων
3203 5439 3296 5492 ἐπὶ
3323 5436 3422 5507 τὴν
3461 5434 3650 5505 κλίνην

1963 5559 2258 5627 ἀγόμενοι,
2294 5553 2328 5624 ἢ
2368 5553 2414 5604 οἱ
2455 5551 2719 5620 νήφοντες
2753 5543 2847 5598 καὶ
2895 5542 2944 5594 οί
2986 5537 3372 5610 ἐγρηγορότες,
3426 5534 3521 5589 καὶ
3579 5535 3648 5605 τῇ

1965 5659 2130 5732 χρείᾳ
2165 5655 2226 5708 τὸ
2263 5655 2462 5725 μέτρον
2487 5648 2784 5721 ὁρίζοντες,
2810 5641 2905 5695 καὶ
2940 5638 2999 5704 ἐξ
3027 5639 3213 5709 οὐρίας
3246 5636 3521 5696 πλέοντες,
3555 5631 3647 5683 κεὶ

1969 5727 2224 5828 μέγιστον
2250 5753 2468 5822 ἥδυσμα
2499 5747 2559 5800 τὸ
2591 5745 2781 5814 πεινῇν
2803 5741 2894 5794 καὶ
2922 5738 3081 5809 διψῇν
3105 5736 3316 5807 ἔχοντες
3341 5733 3429 5784 ἐπί
3449 5748 3506 5785 τε
3539 5727 3648 5788 τῶν

2035 5914 2062 5952 ³³
2078 5915 2192 5968 Cod.
2222 5921 2276 5966 el
2295 5914 2344 5963 (ἶ.
2372 5909 2766 5961 εω-ιιυωιιιυυι
2789 5903 2918 5952 ἰδεῖν.
