4154 6476
535 442 639 498 ιω

534 558 739 625 σιτίων,
776 555 866 608 ἐπί
898 572 953 607 τε
979 554 1085 606 τῶν
1110 555 1288 606 ποτῶν
1314 570 1328 614 ;
1356 555 1521 607 Οὐδὲν
1561 555 1670 625 γάρ
1700 553 1843 606 οῦτω
1872 552 1965 607 καὶ
2001 552 2195 622 ἡδονὴν

534 643 626 697 καί⁵
666 642 871 709 ὑγίειαν
923 640 1234 709 ἐργάζεται,
1268 640 1341 704 ώς
1393 641 1454 693 τὸ
1498 641 1769 694 πεινῶντα
1820 641 1914 693 καὶ
1956 638 2194 708 διψῶντα

533 727 674 780 οῦτω
706 727 813 779 τῶν
839 725 1209 797 προκειμένων
1240 726 1527 790 ἅπτεσθαι,
1560 728 1653 780 καὶ
1680 727 1841 798 κόρον
1870 727 2068 779 είδέναι
2092 726 2193 795 τὴν

534 814 717 884 χρείαν
742 815 927 883 μόνην,
951 813 1045 867 καὶ
1077 815 1152 885 μὴ
1177 813 1531 885 ὑπερϐαίνειν
1555 815 1759 880 ταύτης
1780 817 1847 868 τὰ
1872 814 2192 882 σκάμματα,

536 900 668 971 μηδὲ
705 901 888 970 μεῖζον
926 899 1026 973 τῆς
1058 900 1339 971 δυνάμεως
1371 900 1675 955 ἐπιτιθέναι
1705 901 1766 954 τὸ
1809 900 1972 971 ἄχθος
1992 898 2070 970 τῷ
2098 897 2196 951 σώ-

534 1003 682 1058 ματι.
793 1050 801 1057 δ

600 1081 672 1145 η’.
692 1075 752 1126 Εἰ
775 1072 834 1127 δέ
859 1074 1109 1137 ἀπιστεῖς
1138 1092 1239 1145 μου
1258 1075 1336 1145 τῷ
1350 1075 1513 1145 λόγῳ,
1531 1074 1819 1145 κατάμαθε
1836 1073 1902 1127 τά
1917 1073 2193 1144 ἑκατέρων

533 1158 782 1229 σώματα,
813 1160 908 1213 καί⁵
932 1161 1030 1230 τὴν
1061 1162 1291 1215 ἑκάστου
1314 1161 1507 1231 ψυχήν.
1546 1161 1678 1229 Οὐχὶ
1706 1162 1773 1213 τὰ
1801 1161 1899 1232 μὲν
1921 1160 2029 1213 τῶν
2053 1159 2194 1213 οὕτω

529 1246 898 1317 διαιτωμένων
920 1247 1247 1318 συμμέτρως
1274 1248 1371 1317 (μὴ
1391 1252 1498 1320 γάρ
1525 1266 1613 1317 μοι
1646 1249 1706 1302 τὸ
1732 1249 2027 1312 σπανιάκις
2056 1266 2195 1319 συμ-

530 1333 713 1387 ϐαῖνον
735 1332 917 1406 εἴπῃς,
941 1336 1034 1387 καὶ
1068 1335 1121 1387 εῖ
1145 1351 1292 1399 τινες
1316 1337 1563 1399 ἀσθενεῖς
1589 1332 1699 1391 εἷεν
1731 1340 1795 1389 ἐκ
1820 1338 2192 1409 περιστάσεως

530 1420 719 1490 ἐτέρας
742 1421 908 1484 τινὸς,
934 1421 1047 1473 ἀλλ’
1075 1422 1184 1475 ἀπὸ
1219 1423 1329 1474 τῶν
1360 1423 1448 1475 ἀεὶ
1471 1424 1565 1475 καὶ
1599 1426 1839 1495 συνεχῶς
1866 1423 2191 1495 συμϐαινόν-

530 1523 636 1560 των
667 1506 764 1570 τάς
806 1508 1018 1577 ψήφους
1060 1508 1346 1579 λάμϐανε),
1391 1510 1511 1579 οὐχί
1552 1510 1661 1563 τῶν
1686 1532 1689 1533 ν
1714 1512 1812 1582 μὲν
1862 1510 2193 1581 συμμέτρως

528 1594 872 1664 ἑστιωμένων
894 1592 1144 1665 εῦρωστα
1181 1596 1248 1650 τὰ
1284 1596 1533 1667 σώματα,
1575 1599 1667 1651 καὶ
1693 1599 2097 1669 τετρανωμέναι
2135 1600 2191 1651 αί

530 1679 831 1749 αἰσθήσεις,
878 1681 977 1752 τὴν
1002 1682 1209 1736 οἰκείαν
1255 1684 1444 1754 χρείαν
1489 1684 1788 1755 πληροῦσαι
1818 1686 1957 1756 μετά
1993 1686 2193 1757 πολλῆς

528 1769 628 1839 τῆς
655 1768 1176 1831 εὐκολίας;ἐκείνων
1197 1770 1253 1823 δὲ
1280 1771 1528 1842 πλαδαρά
1550 1774 1642 1825 καὶ
1672 1775 1870 1836 πακὺς
1884 1773 2055 1844 κηροῦ
2082 1791 2189 1843 μα-

528 1850 833 1921 λακώτερα,
882 1851 977 1903 καὶ
1022 1851 1175 1922 ἐσμῷ
1216 1854 1540 1923 νοσημάτων
1580 1854 2046 1926 πολιορκούμενας
2084 1859 2191 1910 Kal

528 1938 635 2010 γὰρ
655 1939 742 1991 καὶ
775 1940 1043 2012 ποδάγραι
1063 1942 1271 2012 ταχέως
1298 1945 1481 2009 αὐτοῖς
1496 1946 1844 2015 ἐφίπτανται,
1874 1949 1969 2001 καὶ
1988 1948 2193 2020 τρόμος

527 2027 772 2095 ἄκαιρος.
803 2026 895 2079 καὶ
916 2027 1092 2098 γῆρας
1118 2030 1317 2100 ἄωρον,
1360 2032 1452 2084 καί
1478 2034 1859 2102 κεφαλαλγίαι.
1888 2034 1983 2088 καὶ
2009 2034 2194 2090 διατά-

529 2128 659 2175 σεις,
700 2112 795 2164 καὶ
827 2114 1111 2184 στομάχων
1144 2114 1442 2187 πηρώσεις,
1473 2120 1569 2172 καὶ
1614 2120 1851 2190 ὀρέξεως
1888 2122 2196 2195 ἀναίρεσις,
2226 2152 2229 2157 -

527 2201 620 2253 καί⁵
648 2200 915 2270 διηνεκῶν
939 2202 1148 2255 δέονται
1184 2204 1405 2275 ἰατρῶν,
1434 2210 1527 2259 καὶ
1553 2208 1792 2278 συνεχῶν
1832 2210 1942 2264 τῶν
1969 2212 2192 2283 φαρμά-

526 2302 663 2351 κων.
704 2287 799 2339 καὶ
831 2286 1209 2359 καθημερινῆς
1236 2294 1335 2361 τῆς
1376 2290 1697 2364 θεραπείας.
1729 2295 1915 2349 Ταῦτα
1949 2293 2041 2350 οὖν
2068 2297 2193 2367 ἡδο-

526 2371 653 2440 νῆςς
698 2374 817 2427 είπέ
861 2391 970 2443 μοι.
1009 2376 1118 2428 Kal
1162 2377 1245 2441 τίς
1273 2378 1339 2431 ἂν
1369 2380 1511 2433 εἴποι
1546 2381 1653 2434 τῶν
1682 2382 1899 2437 είδότων
1929 2385 1957 2437 δ
1984 2384 2037 2437 τί
2061 2384 2191 2438 ποτέ

525 2458 674 2512 ἐστιν
710 2461 902 2531 ἡδονὴ;
952 2462 1139 2533 Ἡδονὴ
1172 2466 1281 2537 γὰρ
1317 2467 1527 2533 γίνεται
1552 2470 1695 2535 τότε,
1734 2470 1863 2524 ὅταν
1895 2471 2193 2542 ἐπιθυμίας

527 2548 835 2620 ἡγουμένης
868 2550 1163 2615 ἀπόλαυσις
1198 2553 1396 2621 ἕπηται
1427 2568 1452 2594 ι
1480 2572 1491 2585 ·
1520 2555 1585 2609 ἂν
1617 2557 1983 2622 δὲάπόλαυσις
2018 2554 2189 2633 μὲνῇ,

526 2635 791 2705 ἐπιθυμία
820 2636 874 2688 δὲ
931 2638 1179 2707 μηδαμοῦ
1212 2640 1486 2711 φαίνηται,
1522 2642 1589 2696 τά
1645 2645 1741 2713 τῆς
1772 2644 1965 2713 ἡδονῆς
1991 2647 2193 2716 οῖχεται

525 2722 620 2775 καὶ
652 2722 960 2791 ἠφάνισται.
996 2726 1093 2778 Διά
1115 2725 1365 2780 τοιτοῦτο
1393 2730 1487 2782 καὶ
1511 2730 1560 2781 οί
1589 2730 1869 2795 νοσοῦντες
1902 2732 2079 2785 καίτοι
2114 2750 2193 2785 σι-

523 2806 649 2859 τίων
682 2808 1157 2879 περισπουδάστων
1190 2811 1371 2876 αὐτοῖς
1416 2814 1813 2886 προκειμένων,
1848 2816 2189 2882 ναυτιῶντες,

524 2894 616 2947 καὶ
644 2895 973 2965 ἐνοχλεῖσθαι
1030 2895 1329 2963 δοκοῦντες,
1365 2900 1535 2965 οὕτως
1576 2902 1753 2956 αὐτῶν
1796 2903 2187 2973 ἀπογεύονται·

523 2981 713 3051 ἐπειδὴ
777 2982 1040 3054 ἐπιθυμία
1086 2985 1185 3039 οὐκ
1239 2985 1406 3049 εστιν,
1457 2990 1487 3057 ἡ
1525 2990 1620 3059 τὴν
1647 2990 1942 3045 ἀπόλαυσιν
1970 2993 2190 3064 ἡδίστην

524 3067 771 3122 ποιοῦσα.
804 3068 937 3121 Οὔτε
968 3071 1076 3141 γὰρ
1104 3072 1134 3141 ἡ
1165 3070 1272 3124 τῶν
1319 3071 1501 3128 σιτίων
1536 3075 1715 3144 φύσις,
1748 3075 1871 3130 οὐτε
1897 3079 1931 3149 ἡ
1961 3078 2069 3132 τῶν
2098 3098 2193 3133 πο-

522 3154 650 3218 τῶν,
682 3154 793 3207 ἀλλ’
815 3158 848 3226 ἡ
876 3157 981 3208 τῶν
1000 3160 1344 3229 ἑστιωμένων
1369 3161 1546 3232 δρεξις
1565 3163 1664 3235 τὴν
1682 3165 1839 3217 ἐπιθυ
1848 3166 1977 3235 μίαν
1989 3167 2191 3221 τίκτειν

524 3240 700 3305 εῖωθε,
724 3244 817 3325 καὶ
848 3243 946 3316 τὴν
979 3244 1171 3316 ἡδονὴν
1201 3247 1527 3317 ἐργάζεσθαι
1548 3250 1892 3319 πέφυκε.Διά
1911 3253 2070 3309 τοῦτο
2099 3254 2193 3309 καί

522 3344 606 3391 τις
633 3329 791 3397 σοφὸς
811 3331 970 3402 ἀνὴρ,
1002 3333 1071 3386 τά
1104 3333 1231 3404 περὶ
1262 3333 1361 3405 τῆς
1403 3336 1594 3407 ἡδονῆς
1620 3337 1864 3409 ἀκριϐῶς
1900 3339 2075 3408 εἰδὼς,
2098 3343 2192 3396 καί¹

524 3414 832 3484 φιλοσοφεῖν
876 3418 1003 3490 περὶ
1038 3419 1241 3474 τούτων
1284 3422 1647 3493 ἐπιστάμενος
1679 3425 1730 3487 δ,
1780 3424 1959 3495 ἔλεγε·
2012 3429 2189 3499 Ψυχὴ

520 3502 991 3573 ἐμπεπλησμένη
1012 3504 1163 3579 [ιὸιῖ
1182 3509 1411 3577 κηρίοις
1426 3509 1687 3578 ἐμπαίζει
1703 3528 1715 3542 ·
1745 3512 1958 3578 δεικνὺς
1982 3513 2065 3567 δτι
2090 3519 2191 3570 οὐκ

522 3590 581 3643 ἐν
635 3593 699 3661 τῇ
748 3591 905 3657 φύσει
959 3592 1057 3663 τῆς
1107 3594 1404 3665 τραπέζης,
1461 3596 1573 3649 ἀλλ’
1601 3598 1659 3650 ἐν
1694 3601 1760 3670 τῇ
1793 3599 2029 3655 διαθέσει
2082 3603 2189 3656 τῶν

523 3676 866 3746 ἑστιωμένων
892 3677 959 3732 τά
988 3679 1085 3750 τῆς
1104 3680 1302 3751 ἡδονῆς
1326 3682 1546 3753 ἐστηκε.
1575 3684 1674 3739 Διά
1694 3685 1853 3740 τοῦτο
1882 3688 1976 3741 καὶ
2007 3689 2036 3743 0
2064 3706 2193 3762 πρε-

523 3763 700 3847 φὴτης
728 3765 796 3818 τά
819 3765 877 3817 ἐν
897 3766 1156 3837 Αἰγύπτῳ
1168 3768 1419 3839 θαύματα
1434 3772 1529 3825 καὶ¹
1546 3770 1617 3826 τὰ
1639 3773 1697 3826 ἐν
1719 3776 1782 3845 τῇ
1809 3775 1906 3846 ὲρή
1916 3792 1999 3847 μῳ
2020 3793 2191 3832 κατα.

521 3845 715 3915 λέγων,
752 3847 890 3917 μετά
915 3848 1023 3902 τῶν
1050 3850 1225 3905 ἀλλων
1251 3853 1527 3907 καὶτοῦτο
1560 3856 1798 3927 εἴρηκεν,
1831 3845 1913 3911 δτι
1950 3845 2045 3914 Ἐκ
2082 3865 2181 3913 πέ-

522 3956 664 4008 τρας
677 3939 815 4009 μέλι
843 3939 1173 4009 ἐχόρτασεν
1192 3944 1432 4011 αὐτούς.
1476 3946 1666 4001 Καίτοι
1702 3964 1765 4016 γε
1800 3949 2037 4021 οὐδαμοῦ
2066 3952 2189 4023 μέλι

522 4028 769 4095 φαίνεται
804 4028 979 4101 πέτρα
1012 4029 1195 4093 αὐτοῖς
1216 4030 1566 4088 ἀναϐλύσασα
1582 4049 1597 4065 ’
1621 4035 1675 4087 τί
1704 4032 1796 4090 οὖν
1819 4037 1932 4091 ἐστι
1954 4038 2015 4091 τὸ
2040 4040 2193 4112 εἰρη-

523 4115 715 4184 μένονς
762 4114 978 4187 Ἐπειδὴ
1028 4115 1206 4187 πολλῷ
1237 4120 1693 4192 κατειργασμένοι
1728 4122 1805 4192 τῷ
1837 4124 2069 4195 καμάτῳ
2096 4125 2190 4178 xal

519 4202 585 4271 τῇ
609 4201 907 4273 ὁδοιπορίᾳ,
936 4202 1028 4256 καὶ
1045 4203 1261 4275 σφοδρῷ
1310 4208 1659 4277 κατεχόμενοι
1697 4210 1773 4281 τῷ
1806 4209 1945 4281 δίψει
1965 4210 2190 4285 ψυχροῖς

518 4289 630 4350 τοῖς
658 4287 857 4358 νάμασι
907 4289 1295 4359 προσέπιπτον,
1339 4292 1462 4345 ἀντί
1517 4293 1823 4365 ἡδύσματος
1866 4298 2100 4367 μεγάλου
2128 4301 2190 4355 τὸ

520 4374 677 4444 διψῇν
717 4374 947 4445 ἔχοντες,
978 4377 1074 4446 τὴν
1103 4377 1295 4448 ἡδονὴν
1332 4377 1442 4432 τῶν
1480 4381 1738 4451 ναμάτων
1762 4384 1985 4437 ἐκείνων
2008 4402 2186 4457 παρα-

522 4461 714 4529 στῆσαι
743 4460 1083 4532 βουλόμενος,
1113 4463 1233 4533 μέλι
1259 4465 1320 4518 τὸ
1358 4466 1501 4538 ῦδωρ
1527 4469 1803 4535 ἐκάλεσεν,
1837 4472 1935 4541 οὐχ
1961 4472 2037 4537 ὡς
2089 4475 2187 4543 τῆς

520 4547 736 4617 φύσεως
774 4551 853 4613 είς
893 4550 1015 4619 μέλι
1045 4551 1499 4623 μεταϐληθείσης,
1525 4556 1639 4608 ἀλλ’
1656 4556 1730 4621 ώς
1748 4558 1848 4627 τῆς
1869 4559 2063 4629 ἡδονῆς
2090 4560 2185 4615 τοῦ

522 4635 710 4699 ὓδατος
753 4638 1135 4710 ἀμιλλωμένης
1170 4640 1352 4713 ἐκείνῃ
1393 4646 1461 4713 τῇ
1507 4642 1825 4714 γλυκύτητι,
1878 4645 1965 4699 διὰ
2010 4648 2071 4700 τὸ
2110 4648 2188 4701 δι-

518 4722 733 4791 έῶντας
780 4722 899 4777 τότε
963 4729 1288 4794 προσπεσεῖν
1342 4729 1469 4789 τοὺς
1525 4729 1957 4795 ἀπολελαυκότας
2000 4733 2183 4788 αὐτοῦ.

522 4808 688 4861 Ὀταν
736 4808 912 4863 τοίνυν
942 4810 1115 4864 ταῦτα
1137 4812 1324 4866 τοῦτον
1354 4814 1454 4889 ἔχη
1494 4816 1586 4869 τὸν
1614 4818 1837 4887 τρόπον,
1871 4820 1965 4872 καὶ
2002 4822 2187 4893 μηδεὶς

518 4896 819 4964 ἀντιλέγειν
845 4895 1087 4968 δύνηται,
1121 4899 1224 4951 κάν
1266 4901 1471 4972 σφόδρα
1508 4903 1832 4975 ἀναίσθητος
1920 4923 1934 4936 ’
1968 4909 2067 4962 οὐκ
2095 4910 2185 4963 εῦ-

517 4983 675 5053 δηλον
704 4986 785 5037 ὅτι
811 4984 964 5055 παρά
998 4988 1117 5049 ταῖς
1153 4987 1263 5040 τῶν
1294 4992 1537 5060 πενήτων
1577 4992 1932 5067 τραπέζαιςὴ
1971 4998 2186 5070 καθαρά

520 5072 614 5123 καὶ
643 5071 937 5143 εἰλικρινὴς
990 5073 1084 5125 καὶ
1128 5074 1333 5147 σφοδρά
1362 5076 1518 5147 ἡδονή
1546 5095 1561 5142 ;
1591 5080 1647 5131 ἐν
1678 5079 1737 5133 δὲ
1768 5084 1885 5146 ταῖς
1903 5082 2010 5136 τῶν
2033 5086 2185 5139 πλουο

523 5158 653 5209 σίων
700 5158 881 5228 ἀηδία,
912 5162 1006 5213 καὶ
1055 5160 1373 5232 βδελυγμία,
1419 5165 1514 5217 καὶ
1545 5165 1847 5237 μολυσμός;
1881 5170 1973 5223 καὶ
2003 5171 2183 5235 καθὼς

522 5240 671 5297 εἶπεν
699 5246 727 5297 0
750 5247 907 5315 σοφὸς
940 5250 1144 5312 ἐκεῖνος
1176 5248 1335 5321 ἀνὴρ,
1376 5250 1485 5304 Καὶ
1513 5252 1581 5306 τὰ
1609 5254 1755 5319 ἡδέα
1788 5258 2153 5327 παρενοχλεῇ

520 5332 695 5386 δοκει.
2132 5366 2133 5369 η

589 5419 806 5503 θ’,Ὰλλά
822 5422 1083 5492 τιμᾶσθαι
1101 5426 1504 5494 παρασκευάζει
1523 5428 1649 5491 τοὺς
1661 5427 1917 5503 ἔχονταςβ
1931 5432 2181 5497 πλοῦτος,

519 5510 673 5578 φησι,
706 5495 800 5562 κᾶἰ
826 5508 1053 5582 ἐχθροὺς
1087 5512 1393 5581 ἀμύνασθαι
1447 5515 1563 5584 μετ’
1596 5495 1861 5579 εὐκολίας.
1882 5495 2000 5572 ⁷Διά
2027 5495 2184 5575 τοῦτο

516 5595 632 5663 03v,
683 5598 802 5650 εἰπέ
857 5616 967 5668 μοι,
1002 5599 1247 5677 ποθεινὸς
1299 5602 1427 5671 ύμῖν
1490 5604 1583 5656 καί
1620 5606 1991 5677 περιμάχητος
2042 5605 2182 5663 εἶναι

515 5684 682 5748 ὀνικετ,
713 5686 794 5738 δτι
830 5685 899 5739 τά
940 5674 1296 5756 χαλεπώτατα
1327 5689 1383 5743 ἐν
1415 5690 1545 5760 ἡμῖν
1587 5674 1774 5761 τρέφει
1806 5674 1973 5763 πάθη,
2010 5695 2183 5766 ὀργήν

581 5833 606 5859 ιι
631 5831 706 5878 ςίιι
732 5834 866 5879 recte
894 5828 1042 5878 Savil.
1068 5830 1236 5880 Moulf.
1262 5832 1441 5880 ἕπεται.
1467 5831 1601 5880 Eon.

580 5892 607 5932 ὶι
628 5894 707 5943 Sic
734 5900 835 5942 tres
851 5905 961 5941 mss.
990 5891 1136 5943 Savil.
1164 5901 1328 5942 autem
1350 5900 1402 5943 et
1428 5893 1544 5943 Mor.
1565 5894 1834 5958 φιλοσοφεῖν
1856 5894 2003 5944 ταῦτα
2026 5896 2163 5945 ἐπιστ

1323 441 1378 495 S.
1420 437 1700 493 JOANNIS
1737 432 2219 493 CHRYSOSTOMl
2260 432 2576 488 ARCIIIEP.
2621 433 3170 492 (IONSTANTINOP.

3862 432 3970 491 4ῗο

2296 566 2354 601 τε
2385 552 2463 614 εἰς
2490 550 2650 619 ἔργον
2664 550 2896 618 ἐξάγων,
2923 550 3017 604 καὶ
3046 550 3145 622 τῆς
3164 548 3486 621 δοξομανίας
3501 548 3599 611 τάς
3612 545 3971 617 πομφόλυγας

2296 638 2377 704 είς
2408 636 2628 708 μείζονα
2660 637 2825 704 δγκον
2851 637 3114 709 ἐπαίρων,
3151 637 3244 689 καὶ
3274 637 3409 708 πρὸς
3437 636 3694 689 ἀπόνοιαν
3730 633 3973 703 ἀλείφων

2294 744 2354 781 τε
2400 729 2494 781 καὶ
2548 728 2827 798 διεγείρων
2854 744 2868 792 ;
2910 727 3007 780 Διά
3039 726 3215 781 ταῦτα
3248 727 3345 798 μὲν
3378 722 3472 781 οῦν
3501 727 3733 797 μάλιστα
3759 726 3973 796 ἀμετα-

2299 818 2527 889 στρεπτὶ
2557 816 2781 887 φεύγειν
2836 818 2995 871 αὐτὸν
3036 816 3163 887 χρὴ,
3198 818 3281 872 ὅτι
3303 817 3466 888 θηρία
3509 816 3631 870 τινὰ
3670 815 3843 886 ἀγρια
3874 813 3975 869 καὶ

2296 909 2510 981 χαλεπά
2569 910 2652 973 εἰς
2689 909 2787 979 τὴν
2834 908 3071 963 διάνοιαν
3099 906 3378 973 είσοικίζει
3405 906 3505 977 τὴν
3542 905 3840 977 ἡμετέραν,
3867 904 3974 975 τῆς

2298 1002 2402 1072 μὲν
2451 1001 2621 1065 δντως
2667 1000 2831 1071 τιμῆς
2855 1000 2957 1069 τῆς
2983 999 3133 1071 παρά
3162 999 3378 1053 πάντων
3417 996 3756 1067 ἀποστερῶν.
3785 996 3887 1068 τὴν
3913 996 3975 1049 δέ

2296 1092 2545 1146 ἐναντίαν
2570 1093 2804 1165 ἐκείνης,
2825 1094 2935 1155 τοῖς
2958 1091 3172 1161 ἐκείνης
3194 1089 3478 1163 χρώμασιν
3488 1090 3859 1161 ἀναχρωννὺς,
3879 1088 3977 1142 καί⁵

2294 1181 2437 1236 οὕτω
2484 1184 2775 1254 προσάγων
2806 1185 2919 1246 τοῖς
2952 1180 3346 1252 ἡπατημένοις,
3390 1182 3482 1233 καὶ
3534 1178 3736 1231 πείθων
3766 1177 3976 1249 ταύτην

2295 1274 2509 1344 ἐκείνην
2530 1270 2666 1329 εἶναι
2697 1273 2956 1345 νομίζειν,
2984 1274 3083 1326 οὐκ
3112 1267 3276 1326 οὖσαν
3296 1274 3364 1343 τῇ
3382 1268 3563 1341 φύσει,
3588 1270 3723 1323 ἀλλά
3746 1272 3812 1339 τῇ
3851 1267 3977 1337 ϐψει

2294 1365 2559 1419 δοκοῦσαν
2584 1361 2741 1419 εἰναι.
2779 1364 3046 1435 Καθάπερ
3069 1364 3179 1435 γάρ
3204 1362 3272 1416 τά
3302 1362 3473 1433 κάλλη
3491 1361 3599 1415 τῶν
3626 1360 3978 1433 ἐταιριζομέ-

2295 1473 2401 1509 νων
2428 1457 2700 1525 γυναικῶν
2727 1456 3090 1527 ἐπιτρίμμασι
3121 1454 3214 1507 καί
3244 1454 3585 1523 ὐπογραφαῖς
3615 1450 3975 1520 συγκείμενα,

2296 1548 2523 1613 κάλλους
2555 1548 2655 1619 μεν
2684 1548 3074 1619 ἀπεστέρηται,
3106 1547 3203 1615 τὴν
3222 1545 3277 1597 δέ
3306 1542 3539 1615 αἰσχρὰν
3572 1541 3694 1612 δψιν
3722 1542 3820 1595 καὶ
3848 1542 3981 1594 δυσ-

2295 1639 2412 1709 ειδῆ
2452 1639 2623 1711 καλήν
2672 1657 2731 1693 τε
2768 1640 2860 1693 καὶ
2888 1638 3065 1708 εὐειδῆ
3093 1634 3230 1691 εἶναι
3260 1639 3401 1689 ποιεῖ
3442 1634 3592 1706 παρά
3614 1636 3725 1697 τοῖς
3751 1633 3844 1687 ὐπ’
3875 1636 3979 1685 αὐ-

2296 1732 2393 1801 τῆς
2415 1731 2814 1805 ἠπατημένοις,
2847 1732 2948 1784 οὐκ
2968 1726 3131 1783 οὖσαν
3154 1727 3325 1799 καλήν
3352 1744 3364 1757 ·
3391 1726 3533 1780 οῦτω
3553 1726 3618 1796 δὴ
3636 1726 3730 1778 καὶ
3757 1727 3787 1779 0
3813 1722 3980 1777 πλοῦ-

2293 1836 2385 1883 τος
2443 1821 2541 1891 τὴν
2594 1819 2883 1873 κολακείαν
2922 1818 3240 1889 βιαζόμενος
3284 1817 3450 1889 τιμὴν
3488 1814 3761 1870 δεικνύναι
3802 1817 3975 1868 ποιεῖ.

2295 1913 2388 1979 Μὴ
2418 1912 2527 1982 γάρ
2559 1928 2648 1982 μοι
2679 1912 2777 1975 τὰς
2817 1913 2875 1964 ἐν
2891 1909 2969 1980 τῷ
3004 1909 3224 1981 φανερῷ
3261 1909 3350 1963 διά
3387 1906 3551 1977 φόϐον
3578 1905 3674 1961 καὶ
3724 1905 3979 1960 θωπείαν

2294 2002 2583 2073 γινομένας
2616 2000 2892 2072 εὐφημίας
2951 2001 3066 2073 ῐδῃς
3088 2015 3101 2028 ·
3124 1997 3280 2069 αὗται
3313 2002 3422 2074 γάρ
3459 2004 3564 2055 εἰσι
3601 1999 3672 2054 τὰ
3704 1998 3975 2072 χρώματα

2296 2098 2390 2149 καὶ
2424 2099 2479 2149 οἱ
2527 2096 2841 2167 ὐπογραφαί
2866 2106 2889 2131 "-
2909 2110 2923 2125 ·
2969 2093 3107 2148 ἀλλά
3144 2094 3204 2146 τὸ
3237 2095 3467 2149 ἑκάστου
3502 2092 3740 2155 συνειδὸς
3771 2092 3883 2144 τῶν
3906 2091 3979 2145 τά

2295 2187 2523 2243 τοιαῦτά
2551 2206 2608 2241 σε
2649 2186 3051 2241 κολακευόντων
3089 2185 3415 2251 ἀνάπτυξον,
3459 2187 3550 2239 καὶ
3586 2184 3706 2253 ϐψει
3742 2184 3979 2255 μυρίους

2295 2282 2442 2334 ἔνδον
2468 2274 2850 2342 καταϐοῶντας
2888 2294 2982 2331 σου
3030 2276 3390 2348 κατηγόρους,
3433 2275 3527 2328 καὶ
3581 2274 3689 2327 τῶν
3736 2274 3979 2345 μάλιστα

2294 2373 2504 2443 ἐχθρῶν
2565 2371 2660 2424 καὶ
2719 2370 2994 2441 πολεμίων
3068 2369 3269 2442 μᾶλλον
3316 2366 3830 2439 ἀποστρεφομένους
3878 2367 3980 2419 καὶ

2297 2463 2611 2533 μισοῦντας.
2647 2463 2757 2516 Καὶ
2780 2462 2833 2514 εί
2865 2478 2996 2516 ποτε
3021 2462 3083 2515 τὸ
3124 2462 3189 2515 ἐκ
3206 2459 3299 2515 τοῦ
3334 2459 3497 2529 φόϐου
3529 2457 3719 2512 τούτου
3746 2458 3976 2526 συγκεί-

2298 2572 2458 2625 μενον
2511 2554 2855 2625 προσωπεῖον
2928 2550 3201 2625 μεταϐολὴ
3260 2550 3600 2623 πραγμάτων
3668 2548 3979 2603 ἐπελθοῦσα

2294 2644 2577 2715 ἀφανίσειε
2601 2662 2662 2699 τε
2694 2647 2787 2698 καὶ
2814 2644 3129 2713 διελέγξειε,
3163 2644 3416 2713 καθάπερ
3443 2644 3542 2708 τὰς
3582 2642 3733 2712 δψεις
3757 2641 3976 2705 ἐκείνας

2293 2738 2447 2807 ἥλιος
2504 2738 2841 2809 θερμοτέραν
2893 2740 3091 2792 ἀκτῖνα
3138 2738 3316 2806 ἀφεὶς,
3349 2736 3470 2789 τότε
3510 2734 3630 2803 ϐψει
3665 2732 3847 2801 καλῶς
3888 2733 3977 2787 δτι

2297 2827 2448 2899 παρά
2492 2829 2667 2882 πάντα
2706 2829 2799 2882 τὸν
2855 2829 3164 2901 ἔμπροσθεν
3194 2828 3383 2900 χρόνον
3426 2828 3485 2879 ἐν
3539 2825 3746 2899 ἐσχάτῃ
3775 2825 3873 2895 μὶν
3900 2820 3971 2897 ἧς

2294 2920 2487 2989 ἀτιμίῃ
2534 2919 2685 2991 παρά
2728 2921 2841 2983 τοῖς
2871 2920 3256 2991 θεραπεύουσι,
3297 2917 3461 2990 τιμῆς
3481 2915 3536 2969 δὲ
3560 2915 3808 2985 ἐνόμιζες
3835 2916 3974 2969 ἀπο.

2294 2993 2477 3066 λαύειν
2509 3013 2611 3065 ὑπὸ
2638 3011 2747 3069 τῶν
2773 3011 3006 3081 μάλιστα
3036 3011 3337 3083 μισούντων
3385 3027 3467 3073 σε,
3500 3010 3597 3064 καὶ
3633 3009 3857 3080 μυρίαις
3912 3024 3977 3062 σε

2295 3104 2435 3158 κατά
2479 3104 2717 3158 διάνοιαν
2751 3104 3056 3157 πλυνόντων
3081 3104 3389 3174 λοιδορίαις,
3413 3100 3567 3175 [455]
3593 3101 3689 3153 καὶ
3723 3101 3782 3153 ἐν
3807 3099 3979 3169 ἐσχάο

2296 3213 2414 3260 ταις
2450 3212 2507 3249 σε
2540 3198 2845 3267 συμφοραῖς
2868 3194 3274 3266 ἐπιθυμούντων
3299 3194 3445 3247 ίδεῖν.
3472 3192 3650 3263 Τιμὴν
3681 3191 3789 3262 γάρ
3820 3188 3978 3243 οὐδὲν

2296 3288 2470 3351 οὕτως
2498 3286 2657 3341 εῖωθε
2690 3290 2885 3354 ποιεῖν,
2910 3285 2985 3351 ὡς
3018 3287 3209 3357 ἀρετὴ,
3241 3284 3405 3357 τιμὴν
3430 3284 3490 3337 οὐ
3514 3283 3977 3353 κατηναγκασμέο

2294 3396 2413 3449 νην,
2444 3379 2610 3451 τιμὴν
2630 3378 2691 3434 οὐ
2726 3378 3135 3449 πεπλασμένην,
3163 3376 3284 3430 οὐδὲ
3319 3375 3648 3447 προσωπείῳ
3679 3375 3785 3427 τινὶ
3812 3392 3983 3443 φεναο

2294 3470 2493 3542 κισμοῦ
2520 3470 2933 3544 κεκρυμμένην,
2958 3468 3096 3524 ἀλλά
3133 3468 3311 3539 ἀληθῆ
3344 3468 3439 3521 καὶ
3471 3468 3724 3537 γνησίαν,
3758 3467 3851 3519 καὶ
3889 3469 3984 3520 οὐ-

2292 3562 2348 3616 δε
2356 3565 2453 3635 μιᾷ
2478 3563 2685 3634 καιρῶν
2702 3562 2961 3633 δυσκολία
2985 3558 3364 3631 ἐλεγχομένην.

2368 3682 2417 3731 ι’.
2462 3675 2599 3729 Ἀλλ’
2633 3675 2941 3746 ἀμύνασθαι
2977 3674 3153 3745 βούλει
3182 3674 3309 3737 τοὺς
3336 3670 3707 3743 λελυπηκότας
3726 3689 3740 3739 ;
3759 3672 3871 3725 Kal
3900 3672 3972 3725 δι’

2294 3770 2426 3824 αὐτὸ
2484 3770 2581 3839 μὲν
2622 3764 2715 3822 οῦν
2755 3767 2914 3820 τοῦτο
2973 3766 3230 3839 μάλιστα,
3266 3764 3520 3836 καθάπερ
3566 3763 3737 3835 ἔφθην
3776 3764 3975 3828 εἰπὼν,

2294 3858 2524 3927 φευκτὸς
2544 3859 2573 3910 0
2608 3855 2860 3921 πλοῦτος.
2901 3856 3058 3911 Κατά
3087 3858 3197 3928 γάρ
3234 3854 3434 3910 σαυτοῦ
3464 3854 3693 3924 τὸξίφος
3720 3854 3883 3908 ὠθεῖν
3911 3874 3978 3911 σε

2295 3946 2722 4022 παρασκευάζει,
2766 3946 2859 4000 καὶ
2905 3944 3208 4017 βαρυτέρας
3253 3945 3350 4007 τὰς
3372 3944 3449 3996 λέν
3489 3940 3567 4014 τῷ
3607 3941 3856 4013 μέλλοντί
3888 3963 3978 4002 σοι

2294 4041 2615 4112 καθίστησιν
2644 4037 2892 4103 εὐθύνας,
2924 4039 3018 4091 καὶ
3043 4036 3347 4107 ἀφορήτους
3384 4037 3528 4088 ποιεῖ
3545 4034 3637 4098 τὰς
3674 4036 3970 4108 τιμωρίας.

2294 4134 2557 4187 Τοσοῦτον
2574 4131 2681 4202 γάρ
2703 4130 2873 4183 κακὸν
2909 4128 2969 4182 τὸ
3006 4127 3337 4199 ἀμύνασθαι,
3367 4127 3448 4180 ὃτι
3491 4127 3585 4180 καὶ
3614 4126 3748 4179 θεοῦ
3781 4130 3971 4197 φιλαν-

2295 4224 2539 4297 θρωπίαν
2588 4221 2972 4287 ἀνεκαλέσατο,
3022 4221 3115 4275 καὶ
3156 4218 3392 4273 δοθεῖσαι
3421 4218 3521 4289 ἤδη
3553 4219 3973 4290 ἁμαρτημάτων

2291 4318 2537 4388 ἀπείρων
2566 4312 2911 4385 συγχώρησιν
2943 4312 3246 4383 ἠκύρωσεν.
3284 4312 3346 4365 '0
3385 4312 3493 4382 γὰρ
3530 4310 3739 4381 μυρίων
3786 4309 3975 4367 λαϐὼν

2290 4409 2567 4464 ταλάντων
2586 4408 2682 4477 τὴν
2700 4407 2914 4477 ἄφεσιν,
2937 4408 3033 4461 καὶ
3058 4406 3167 4458 ἀπὸ
3186 4405 3344 4476 ψιλῆς
3364 4402 3764 4475 παρακλήσεως
3781 4405 3972 4460 mea.

2291 4520 2389 4574 της
2421 4498 2733 4563 ἀπολαύσας
2784 4498 3011 4569 δωρεᾶς,
3050 4497 3237 4568 ἐπειδὴ
3284 4497 3478 4550 ἐκατὸν
3504 4495 3773 4567 δηναρίων
3808 4499 3974 4552 ἀπαί-

2290 4612 2449 4669 τησιν
2480 4593 2715 4645 ἐποιεῖτο
2756 4590 2905 4662 παρά
2931 4588 3025 4643 τοῦ
3058 4588 3362 4655 συνδούλου,
3396 4589 3538 4642 τοῦτ’
3575 4589 3741 4653 ἔστιν,
3779 4591 3971 4663 ἐπειδὴ

2290 4690 2402 4743 τῶν
2429 4688 2506 4749 είς
2542 4683 2704 4738 αὐτὸν
2732 4682 3217 4753 πλημμελημάτων
3236 4681 3434 4752 ἀπῄτει
3460 4680 3633 4745 δίκας,
3654 4680 3715 4733 ἐν
3746 4683 3812 4751 τῇ
3837 4683 3972 4754 περὶ

2291 4782 2382 4835 τὸν
2434 4775 2721 4848 ὁμόδουλον
2769 4774 3088 4844 σφοδρότητι
3140 4774 3262 4825 καθ’
3308 4771 3503 4826 ἐαυτοῦ
3544 4773 3642 4841 τὴν
3668 4771 3971 4844 καταδίκην

2292 4850 2584 4941 ἐξήνεγκε·
2619 4868 2714 4922 καί
2762 4867 2829 4921 δι’
2852 4866 3040 4935 ἕτερον
3081 4865 3178 4935 μὲν
3205 4864 3375 4929 οὐδὲν,
3412 4864 3501 4917 διὰ
3530 4862 3689 4916 τοῦτο
3719 4862 3776 4916 δὲ
3803 4865 3971 4935 μόνον

2294 4966 2389 5016 καὶ
2419 4966 2530 5026 τοῖς
2577 4961 2923 5030 βασανισταῖς
2966 4956 3297 5025 παρεδίδοτο,
3328 4955 3424 5010 καὶ
3460 4954 3834 5028 ἐστρεϐλοῦτο.
3872 4960 3969 5011 καὶ

2292 5058 2361 5110 τὰ
2394 5056 2561 5128 μύρια
2587 5054 2821 5109 τάλαντα
2850 5049 3197 5105 ἀπαιτεῖσθαι
3227 5048 3509 5103 ἐκελεύετο
3530 5066 3543 5079 ·
3582 5051 3675 5104 καὶ
3712 5050 3967 5120 συγγνώ-

2297 5168 2405 5221 μης
2436 5148 2712 5217 οὐδεμιᾶς,
2751 5144 2872 5198 οὐδέ
2912 5141 3206 5210 ἀπολογίας
3252 5141 3552 5213 ἀπήλαυεν,
3576 5142 3713 5197 ἀλλά
3750 5146 3821 5201 τά
3869 5144 3969 5198 ἀν-

2292 5244 2497 5312 ήκεστα
2538 5238 2763 5308 ἔπασχε,
2804 5234 3111 5297 κελευσθεὶς
3140 5234 3286 5288 ἀπαν
3315 5233 3627 5287 καταθεῖναι
3648 5236 3711 5289 τδ
3731 5237 3916 5307 χρέος,
3936 5238 3969 5291 δ

2290 5332 2636 5405 προλαϐοῦσα
2658 5333 2692 5400 ἡ
2721 5330 2815 5384 τοῦ
2855 5328 2991 5382 Θεοῦ
3040 5326 3415 5398 φιλανθρωπία
3468 5329 3831 5400 συνεχώρησε.
3862 5331 3967 5385 Διά

2290 5427 2447 5480 τοῦτο
2474 5421 2586 5488 οὖν,
2608 5425 2728 5478 είπε
2760 5441 2870 5495 μοι,
2896 5426 2924 5477 0
2950 5421 3175 5486 πλοῦτός
3218 5438 3299 5475 σοι
3355 5422 3846 5493 περισπούδαστος,
3876 5426 3963 5479 ὅτι

2292 5535 2350 5571 σε
2398 5517 2475 5580 εἰς
2505 5517 2760 5585 τοιαύτην
2812 5513 3087 5585 ἁμαρτίαν
3147 5515 3264 5583 μετ’
3305 5512 3554 5578 εὐκολίας
3596 5515 3811 5583 ἐξάγεις
3848 5518 3963 5572 Kal

2291 5608 2396 5679 μὴν
2421 5608 2506 5662 διὰ
2525 5608 2681 5662 τοῦτο
2698 5608 2857 5661 αὐτὸν
2880 5607 2955 5670 ὼς
2995 5606 3183 5675 ἐχθρὸν
3207 5606 3300 5659 καὶ
3334 5606 3589 5677 πολέμιον
3620 5608 3715 5661 xal
3747 5609 3963 5679 μυρίων

2287 5703 2527 5773 γέμοντα
2567 5702 2739 5773 φόνων
2759 5700 3311 5771 ἀποστρέφεσθαιδεῖ.
3362 5699 3499 5753 Ἀλλ’
3534 5701 3567 5770 ἡ
3598 5701 3779 5765 πενία,
3799 5705 3958 5774 φησὶ,

2354 5897 2375 5925 τ
2406 5894 2573 5944 Morel.
2600 5900 2651 5944 ct
2688 5894 2785 5942 duo
2825 5895 2931 5943 mss.
2963 5893 3253 5957 ὐπογραφαί.
3279 5892 3427 5944 Savil.
3464 5901 3517 5944 et
3541 5909 3666 5945 unus
3687 5896 3954 5965 ἐπιγραφαὶ
