4104 6482
138 507 216 566 ιω

137 630 207 681 tim
235 616 449 676 habent!
497 613 645 669 Nihil
699 609 841 663 enim
874 605 940 658 ita
971 611 1027 656 et
1069 598 1136 652 ad
1168 597 1490 663 voluptatem
1531 592 1585 636 et
1612 577 1676 631 ad

136 716 371 773 sanitatem
398 708 608 770 facit,ut
631 702 960 756 esurientem
981 707 1042 746 ac
1069 691 1360 745 sitientem,
1382 681 1452 733 ita
1469 676 1682 731 demum

135 823 224 876 qua:
252 807 580 871 apponuntur
605 795 976 863 eapesscre,et
999 781 1169 837 solam
1194 772 1564 832 necessitatem
1591 776 1686 832 pro

135 866 340 954 satietate
375 891 597 952 ducere,
623 897 796 954 neque
820 881 934 950 ejus
957 877 1151 931 limites
1178 866 1444 926 transilire
1469 902 1483 925 ,
1515 871 1687 927 neque

136 984 307 1057 corpori
333 982 500 1050 majus
531 991 696 1048 quam
729 974 864 1028 ferre
904 967 1102 1039 possit,
1134 975 1269 1018 onus
1315 959 1611 1024 imponere.

186 1037 231 1132 8r.
256 1071 396 1142 Quod
411 1037 469 1125 ἐἰ
501 1037 740 1123 orationi
770 1037 1031 1117 metantur
1064 1055 1230 1109 habes
1262 1047 1444 1110 fidem,
1467 1037 1688 1098 consule

137 1178 441 1234 utrorumque
473 1173 735 1230 corpora,
763 1165 816 1209 et
859 1149 1186 1220 singulorum
1214 1143 1469 1196 animam.
1500 1132 1690 1188 Nonne

137 1268 187 1315 ila
227 1257 486 1314 moderate
541 1249 880 1314 viventium(
924 1259 990 1298 ne
1035 1239 1177 1295 enim
1223 1234 1353 1290 mihi
1398 1228 1536 1301 quod
1569 1243 1690 1280 raro

135 1352 371 1420 ointingit,
401 1347 577 1411 dicas,
602 1352 657 1398 et
685 1343 727 1396 si
750 1339 838 1410 qui
862 1352 929 1391 ex
959 1334 1059 1388 alia
1095 1329 1322 1401 quadam
1344 1326 1693 1378 circumstan-

137 1447 186 1498 tia
210 1415 320 1512 aegri
361 1449 517 1502 sunt,
552 1435 646 1491 sed
669 1449 734 1488 ex
765 1432 858 1495 iis,
884 1443 1002 1499 qua:
1030 1438 1244 1489 semper
1282 1429 1336 1475 et
1355 1415 1694 1474 continenter

136 1534 368 1597 eveniunt,
392 1531 470 1583 fer
495 1521 873 1589 sententiam),
907 1531 1107 1578 nonne,
1139 1515 1381 1576 inquam,
1415 1505 1694 1561 moderate

141 1626 428 1681 vescentium
453 1634 688 1690 corpora
722 1617 855 1670 bene
885 1611 1036 1665 firma
1066 1617 1218 1668 sunt,
1251 1619 1312 1658 ac
1339 1614 1529 1656 sensus
1558 1597 1695 1650 inte-

137 1723 214 1788 gri,
238 1718 420 1787 quique
449 1687 643 1779 magna
675 1722 794 1761 cum
835 1701 1091 1758 facilitate
1111 1699 1280 1752 vicem
1310 1707 1460 1748 suam
1504 1687 1695 1756 imple-

139 1808 243 1863 ant?
271 1808 474 1861 illorum
507 1816 644 1856 vero
686 1797 851 1852 nimio
881 1794 1106 1848 humore
1153 1786 1337 1841 vitiata
1379 1779 1524 1836 omni
1572 1791 1693 1832 cera

140 1898 345 1952 molliora
372 1937 387 1962 ,
417 1902 473 1949 et
520 1890 737 1960 agmine
793 1885 1101 1940 morborum
1157 1874 1420 1932 obsessa?
1467 1870 1598 1925 Nam
1642 1876 1697 1921 et

139 1988 351 2058 podagra
389 1983 642 2039 celeriter
670 1977 956 2041 invadunt,
995 1982 1048 2026 et
1079 1980 1282 2025 tremor
1322 1965 1694 2034 importunus,

142 2091 182 2132 et
209 2049 444 2134 senectus
488 2073 801 2134 immatura,
836 2074 889 2120 et
915 2062 1105 2133 capitis
1126 2059 1364 2117 dolores,
1394 2049 1688 2107 distensio-

143 2184 214 2224 nes
227 2178 272 2223 et
295 2164 690 2222 stomachorum
716 2155 1145 2230 depravationes,
1162 2147 1429 2220 appetitus
1455 2141 1695 2204 amissio;

141 2263 371 2333 perpetuis
401 2259 644 2328 indigent
686 2252 930 2313 medicis,
973 2243 1247 2303 continuis
1290 2233 1700 2296 medicamentis

141 2372 180 2410 et
220 2354 484 2410 curatione
529 2347 858 2420 quoudiana.
903 2341 1148 2398 llmccine
1182 2338 1498 2407 voluptuosa
1529 2329 1699 2385 sunt?

140 2453 207 2505 die
227 2449 360 2504 mihi.
401 2444 606 2513 Ecquis
634 2443 808 2496 sciens
847 2436 972 2508 quid
997 2434 1212 2490 tandem
1235 2431 1304 2484 sit
1333 2427 1600 2495 voluptas,
1621 2422 1701 2476 di-

141 2553 208 2597 ret
244 2540 391 2595 esse?
427 2536 690 2605 Voluptas
719 2531 862 2586 enim
896 2528 1205 2599 percipitur,
1257 2537 1378 2578 cum
1426 2529 1700 2590 praeeunte

142 2634 391 2705 cupiditate
431 2628 640 2684 fructus
685 2618 1127 2695 sequiturzquod
1155 2616 1199 2671 si
1240 2614 1445 2669 fructus
1483 2607 1698 2680 quidem

144 2735 286 2780 exstet
307 2765 323 2790 ,
355 2719 626 2792 cupiditas
655 2732 785 2772 vero
828 2726 1090 2782 nusquam
1139 2716 1426 2778 appareat,
1460 2699 1703 2769 voluptas

140 2819 382 2873 evanescit
422 2789 478 2870 et
526 2812 792 2868 exstincta
824 2815 929 2862 est.
981 2804 1317 2872 Quapmpter
1349 2797 1507 2853 etiam
1536 2789 1662 2861 :rgri
1684 2829 1700 2856 ,

144 2922 425 2979 quamquam
465 2901 774 2960 suavissimi
814 2904 1152 2970 apponuntur
1181 2892 1283 2945 cibi
1311 2931 1324 2954 ,
1354 2902 1474 2942 cum
1507 2895 1703 2939 nausea

143 2974 303 3056 tamen
318 2998 627 3069 degustant,
655 2991 863 3061 sibique
891 2985 1191 3042 molestiam
1216 2978 1458 3036 exhiberi
1482 2974 1706 3045 opinan—

143 3104 211 3148 tur
237 3108 249 3143 :
270 3063 516 3161 quoniam
545 3088 701 3141 abest
729 3081 1011 3154 cupiditas,
1032 3093 1150 3149 qua:
1174 3075 1400 3128 fructum
1424 3063 1703 3138 jucondis-

146 3187 305 3239 simum
348 3181 546 3239 reddit.
601 3177 784 3246 Neque
838 3175 980 3229 enim
1007 3170 1248 3225 ciborum
1281 3172 1500 3225 natura,
1533 3170 1707 3227 neque

147 3288 294 3345 potus,
319 3274 413 3330 sed
445 3270 778 3328 vescentium
816 3265 1085 3336 appetitus
1127 3257 1472 3329 cupiditatem
1517 3265 1708 3323 parere

149 3371 275 3435 solet,
299 3378 348 3424 et
383 3376 441 3423 ut
472 3365 802 3433 voluptatem
834 3357 1022 3413 afferat
1064 3370 1094 3407 a
1136 3363 1322 3406 natura
1367 3352 1708 3414 comparatus

147 3460 453 3514 esu-Idcirco
481 3458 696 3525 sapiens
735 3449 949 3521 quidam
977 3445 1081 3511 vir,
1114 3443 1204 3514 qui
1248 3439 1576 3508 voluptatem
1615 3446 1706 3486 ..οε

149 3563 299 3608 curate
338 3551 609 3621 cognitam
652 3544 871 3607 habuit,
917 3548 1078 3610 atque
1111 3536 1179 3592 de
1221 3533 1304 3588 bis
1345 3525 1708 3601 philosophari

150 3652 342 3710 fmierat,
375 3617 593 3696 dicebat
625 3652 639 3690 :
670 3636 851 3688 Anima
889 3637 1116 3685 saturata
1141 3627 1268 3699 fauis
1297 3621 1468 3678 illudit
1488 3617 1704 3710 A(AProo.

146 3707 216 3784 i7.
239 3731 266 3784 ’1
286 3732 302 3800 )
366 3739 426 3784 ut
449 3723 768 3782 ostenderet
810 3735 916 3775 non
945 3719 998 3773 in
1028 3724 1216 3770 natura
1245 3711 1371 3776 cibi,
1409 3707 1503 3763 sed
1532 3707 1584 3760 in
1613 3719 1708 3759 ve-

147 3794 375 3876 scentium
419 3817 712 3873 affectione
739 3812 1069 3881 voluptatem
1097 3803 1416 3861 consistere.
1438 3797 1608 3865 Quam
1637 3794 1710 3848 ob

147 3930 330 3970 causam
358 3915 525 3969 etiam
553 3907 836 3981 propheta,
872 3917 995 3959 cum
1023 3897 1282 3955 miracula
1309 3895 1360 3950 in
1393 3890 1625 3962 Egypto
1655 3895 1710 3942 et

148 4007 189 4058 in
213 4005 484 4060 solitudine
506 4001 651 4057 edita
689 4001 999 4054 recenseret
1018 4031 1034 4059 ,
1066 3992 1206 4045 inter
1229 3987 1333 4041 alia
1365 3985 1470 4039 hoc
1499 3993 1712 4052 quoque

147 4099 258 4153 dixit
283 4117 295 4151 :
323 4097 400 4152 De
429 4106 578 4167 petra
627 4089 776 4146 melle
818 4086 1060 4143 saturavit
1102 4098 1186 4138 eos
1225 4080 1243 4152 (
1284 4079 1429 4134 Psal.
1454 4075 1542 4131 80.
1570 4075 1634 4128 l7
1666 4071 1708 4143 ).

149 4192 281 4258 Atqui
329 4202 597 4258 nusquam
643 4190 866 4254 apparet
921 4188 1128 4249 petram
1179 4173 1260 4230 eis
1301 4170 1405 4227 mel
1465 4167 1708 4224 fudisse:

148 4281 251 4348 quid
276 4296 397 4351 ergo
427 4289 514 4335 est
543 4276 688 4348 quod
708 4274 884 4331 dixit?
914 4267 1353 4340 Quandoquidem
1386 4263 1554 4318 multo
1578 4275 1713 4317 con-

148 4372 244 4427 lecti
263 4373 442 4428 labore
466 4379 524 4427 et
575 4371 765 4424 itinere
784 4407 802 4434 ,
829 4363 1241 4431 vehementique
1273 4355 1559 4413 conﬂictati
1599 4353 1709 4418 siti,

151 4465 189 4516 in
212 4466 418 4537 frigidas
442 4478 612 4535 aquas
645 4460 985 4524 inciderunt,
1019 4466 1074 4511 et
1109 4470 1208 4525 pro
1243 4466 1434 4523 magna
1471 4449 1711 4504 oblecta-

150 4556 268 4612 tione
292 4556 598 4613 habuerunt
621 4552 827 4616 bibere,
863 4559 922 4603 ut
947 4549 1278 4617 voluptatem
1303 4556 1560 4612 aquarum
1592 4539 1712 4617 illaf

152 4664 248 4704 nun
285 4654 720 4720 reprmsentaret,
761 4657 951 4714 aquam
974 4612 1191 4696 vocavit
1237 4636 1384 4701 mel,
1428 4649 1535 4689 non
1570 4612 1712 4702 quod

149 4740 242 4808 ejus
280 4751 467 4796 natura
519 4739 572 4794 in
626 4736 733 4792 mel
781 4741 1106 4790 commutata
1158 4728 1385 4791 fuisset,
1430 4723 1525 4780 sed
1573 4723 1713 4793 quod

153 4833 361 4901 voluptas
388 4847 546 4902 aqua:
570 4836 802 4884 certaret
843 4840 967 4882 cum
1009 4825 1097 4878 illa
1120 4821 1424 4885 dulcedine,
1448 4819 1572 4889 quia
1601 4816 1715 4870 sitio

153 4922 286 4978 bundi
320 4924 374 4979 in
398 4939 522 4978 eam
561 4918 984 4988 incidissentqui
1025 4916 1295 4971 biberunt.
1333 4915 1463 4980 (line
1490 4926 1610 4966 cum
1644 4911 1714 4964 ita

154 5016 254 5085 sint,
276 5032 542 5087 nemoque
569 5014 938 5070 contradicere
969 5009 1174 5082 possit,
1211 5007 1423 5063 etiamsi
1447 5005 1604 5059 valde
1646 5004 1716 5058 sit

153 5109 362 5180 stupidus
392 5127 406 5164 :
435 5122 620 5163 annon
647 5106 852 5160 clarum
882 5113 985 5167 est,
1019 5116 1226 5172 puram,
1256 5097 1507 5170 liquidam
1547 5105 1602 5150 et
1625 5110 1716 5166 ge-

155 5200 340 5256 nuinam
377 5199 717 5270 voluptatem
761 5209 882 5250 esse
934 5195 987 5248 in
1042 5191 1244 5247 mensis
1292 5186 1620 5260 pauperum?
1661 5185 1712 5240 in

156 5294 322 5348 mensis
365 5302 549 5347 autem
577 5289 820 5353 divitum,
852 5284 1156 5340 molestiam
1175 5320 1193 5349 ,
1225 5280 1494 5336 fastidium
1518 5321 1532 5344 ,
1558 5293 1716 5347 spur-

155 5383 345 5440 citiam?
377 5391 544 5453 atque
567 5390 627 5435 ut
669 5379 882 5448 sapiens
918 5377 1008 5433 ille
1027 5375 1110 5430 vir
1138 5373 1304 5438 dixit,
1334 5371 1505 5427 Etiam
1545 5370 1717 5424 dulcia

157 5476 404 5530 utolestiam
435 5473 662 5546 prabere
700 5470 930 5524 videntur
967 5470 984 5536 (
1021 5468 1174 5523 Prov.
1200 5468 1290 5522 27.
1321 5467 1395 5537 7).

209 5569 254 5624 9.
284 5569 418 5622 Nam
434 5565 707 5622 concilient
722 5563 961 5616 honorem
985 5562 1174 5615 diuitiae
1196 5570 1242 5615 et
1279 5559 1348 5614 ad
1369 5560 1607 5613 ultionem
1620 5558 1717 5627 ju-

158 5659 528 5722 vanlionorem
555 5655 666 5712 sola
694 5655 848 5708 uirtus
881 5655 1136 5708 conciliat.
1158 5681 1230 5694 —-
1249 5655 1318 5708 At
1338 5652 1555 5719 divitiat,
1578 5651 1720 5706 dicet

159 5753 406 5820 quispiam,
459 5751 667 5804 faciunt
691 5757 751 5803 ut
778 5763 1120 5817 possessores
1145 5761 1328 5802 earum
1361 5747 1714 5812 bonorentur,

159 5843 550 5911 atquinimieos
576 5840 762 5895 ulcisci
790 5839 938 5895 facile
968 5841 1193 5909 possint.
1223 5839 1583 5909 Pr0ptcreane
1619 5839 1716 5907 igi-

161 5939 244 6000 tur,
265 5933 342 5991 die
361 5933 518 6003 mihi,
535 5931 845 6002 expetendas
877 5943 930 5990 et
954 5934 1204 5992 omnibus
1224 5933 1412 6004 Opibus
1430 5948 1492 5990 ac
1518 5934 1716 5988 viribus

1093 475 1278 548 QUOD
1315 466 1499 530 ΝΕΜο
1537 455 1867 522 ιεοιτυῐι
1908 452 2033 508 MSI
2078 455 2119 508 Α
2161 447 2418 507 SEIPSO.

3288 434 3394 488 £70

1798 571 2171 640 comparanda:
2193 568 2346 622 vobis
2371 564 2616 619 videntur
2645 558 2865 623 divitias,
2884 555 3024 629 quod
3052 551 3399 632 gravissimas

1795 663 2027 716 nutriant
2056 660 2107 714 iu
2139 659 2290 712 nobis
2313 654 2676 726 aegritudines,
2721 650 2847 705 dum
2882 649 3013 702 iram
3055 643 3121 698 ad
3149 621 3398 698 effectum

1795 753 2110 824 perducunt,
2161 753 2404 804 insanum
2446 747 2630 816 gloriae
2674 757 2913 796 amorem
2962 738 3114 807 quasi
3142 734 3401 806 quasdam

1797 848 1967 902 bullas
2015 846 2067 898 iu
2101 843 2360 912 majorem
2408 849 2671 893 tumorem
2701 835 2949 896 efferunt,
2997 831 3062 884 ad
3093 826 3401 897 superbiam

1797 940 2029 993 excitant
2052 946 2104 992 et
2143 931 2525 991 exstimulant?
2555 930 2660 984 llas
2683 941 2813 997 ergo
2855 925 3086 980 maxime
3113 921 3182 975 ob
3212 932 3405 973 causas

1800 1045 1876 1085 ea:
1904 1046 2009 1084 non
2039 1036 2343 1081 retroversa
2388 1023 2524 1078 facie
2555 1019 2820 1091 fugienda:
2851 1027 2998 1083 sunt,
3027 1012 3167 1086 quod
3199 1011 3407 1067 feroces

1798 1121 2053 1193 quasdam
2081 1135 2144 1174 ac
2172 1134 2345 1173 s:evas
2376 1117 2575 1171 bestias
2601 1115 2653 1168 in
2682 1115 2917 1166 animum
2956 1117 3198 1161 nostrum
3231 1105 3404 1158 intro-

1798 1214 2020 1275 ducunt,
2051 1226 2114 1266 ac
2144 1225 2268 1265 vera
2296 1208 2535 1278 quidem,
2567 1213 2623 1260 et
2652 1219 2770 1273 quae
2807 1199 2947 1270 apud
2973 1198 3252 1253 universos
3273 1209 3407 1249 con-

1800 1306 1966 1361 ciliari
2008 1303 2168 1368 solet,
2216 1302 2385 1373 gloria
2433 1315 2532 1354 nos
2579 1296 2843 1359 fraudant,
2896 1293 3054 1363 eique
3083 1287 3406 1345 contrariam

1801 1397 2074 1454 coloribus
2097 1397 2237 1451 illius
2261 1394 2490 1449 fucatam
2511 1389 2748 1459 deceptis
2766 1386 3012 1449 offerunt,
3032 1398 3093 1438 ac
3109 1381 3332 1436 suadent
3349 1388 3410 1432 ut

1805 1491 1940 1546 hanc
1962 1490 2108 1544 illam
2146 1503 2266 1542 esse
2295 1485 2688 1545 existimemus,
2721 1495 2839 1533 cum
2862 1493 2925 1533 ex
2958 1485 3141 1530 natura
3175 1488 3271 1528 sua
3301 1487 3408 1526 non

1803 1584 1890 1647 sit,
1925 1581 2018 1636 sed
2046 1580 2226 1649 specie
2255 1588 2408 1632 tenus
2437 1589 2557 1629 esse
2584 1573 2844 1625 videatur.
2880 1567 2948 1623 Ut
2988 1567 3133 1620 enim
3173 1563 3408 1634 pulchri.

1805 1673 1934 1726 tudo
1962 1670 2307 1725 meretricum
2348 1667 2482 1721 fucis
2509 1675 2562 1720 et
2603 1661 2892 1734 pigmentis
2918 1645 3246 1727 comparata,
3290 1656 3409 1723 pul-

1803 1763 2108 1819 chritudine
2155 1759 2442 1821 destituta,
2493 1765 2700 1826 turpem
2744 1769 2806 1806 ac
2863 1751 3159 1807 deformem
3220 1748 3407 1802 faciem

1805 1855 2083 1926 pulchram
2119 1861 2174 1908 et
2214 1851 2506 1906 formosam
2533 1863 2655 1903 esse
2698 1846 2823 1900 facit
2868 1845 2997 1908 illis,
3041 1842 3128 1912 qui
3167 1856 3227 1896 ea
3268 1840 3411 1894 deci-

1803 1951 2037 2020 piuntur,
2058 1962 2177 2001 cum
2196 1944 2417 2016 pulchra
2432 1958 2537 1998 non
2557 1941 2659 1996 sit:
2687 1941 2757 1996 ita
2788 1939 2948 1993 etiam
2967 1937 3167 1991 divitim
3189 1934 3406 1996 faciunt,

1804 2058 1925 2096 cum
1971 2040 2332 2095 adulationem
2388 2037 2576 2091 volunt
2635 2035 2894 2088 honorem
2942 2029 3130 2084 videri.
3163 2028 3238 2082 Ne
3267 2027 3410 2081 enim

1805 2145 2021 2202 apertus
2070 2142 2125 2186 et
2165 2147 2228 2185 ex
2281 2140 2425 2184 metu
2484 2126 2866 2196 blanditiisque
2915 2122 3182 2193 profectas
3229 2119 3415 2174 laudes

1807 2223 2085 2287 intuearis,
2136 2224 2217 2275 ha:
2269 2221 2412 2274 enim
2458 2229 2583 2273 sunt
2627 2219 2840 2273 colores
2867 2226 2920 2270 et
2949 2215 3264 2286 pigmenta;
3317 2209 3412 2264 sed

1807 2331 2024 2379 eorum,
2057 2315 2146 2384 qui
2184 2314 2254 2366 ita
2313 2312 2404 2366 tibi
2460 2312 2765 2370 adulantur,
2825 2307 3242 2375 uniuscujusque
3279 2317 3414 2357 cnn-

1807 2408 2086 2462 scientiam
2124 2404 2295 2475 aperi,
2329 2413 2383 2458 et
2403 2402 2610 2458 videbis
2630 2399 3025 2456 intusinllnitos
3049 2403 3411 2455 accusatores,

1808 2500 1895 2570 qui
1931 2508 2118 2553 contra
2175 2508 2225 2553 te
2267 2495 2649 2560 vociferentur,
2684 2502 2842 2564 teque
2883 2492 3052 2562 magis
3098 2498 3404 2543 averscntut

1809 2600 1863 2646 et
1887 2591 2122 2656 oderint,
2156 2604 2317 2659 quam
2367 2585 2724 2642 inimicissimi
2759 2595 2814 2640 et
2839 2583 3165 2638 infestissimi
3192 2584 3411 2651 quique.

1809 2684 1887 2736 Ac
1903 2681 2178 2752 siquando
2207 2680 2444 2734 indutam
2476 2679 2578 2732 isto
2600 2686 2745 2732 metu
2782 2676 2981 2730 larvam
3024 2672 3414 2744 superveniens

1810 2775 2033 2828 mutatio
2061 2788 2238 2827 rerum
2263 2770 2542 2826 sustulerit
2567 2785 2630 2823 ac
2668 2769 2930 2824 detexerit
2961 2762 3413 2837 quemadmodum

1810 2869 1989 2923 vultus
2022 2868 2140 2922 illos
2161 2868 2240 2921 sol
2265 2866 2446 2920 missis
2464 2865 2628 2918 radiis
2648 2862 3011 2923 calidioribus,
3037 2869 3145 2913 tum
3175 2859 3252 2912 sic
3273 2857 3416 2910 clare

1811 2959 2017 3013 videbis
2048 2969 2100 3012 te
2125 2962 2271 3013 omni
2298 2957 2564 3026 superiori
2608 2965 2851 3024 tempore
2899 2955 2950 3007 in
2987 2953 3221 3007 maximo
3253 2949 3417 3002 fuisse

1811 3059 2123 3121 contemptu
2173 3050 2312 3120 apud
2345 3065 2440 3104 eos
2469 3051 2559 3119 qui
2590 3059 2640 3103 te
2671 3047 2942 3110 colebant,
2991 3045 3194 3113 tibique
3244 3041 3414 3094 visum

1812 3159 1933 3199 esse
1962 3143 2167 3198 honore
2197 3141 2337 3196 affici
2369 3142 2436 3195 ab
2483 3142 2545 3195 iis
2572 3141 2661 3209 qui
2691 3148 2742 3193 te
2788 3138 3020 3193 maxime
3060 3135 3303 3198 oderant,
3334 3133 3416 3188 in-

1813 3236 2083 3306 finitisque
2108 3234 2248 3304 apud
2277 3235 2516 3288 animum
2537 3233 2795 3287 conviciis
2825 3227 3259 3301 proscindebant,
3282 3235 3337 3281 et
3364 3227 3417 3280 in

1813 3329 2070 3385 extremis
2110 3327 2508 3382 calamitatibus
2563 3325 2746 3379 videre
2781 3322 3092 3393 cupiebant.
3143 3320 3416 3376 Honorem

1813 3422 1957 3476 enim
1983 3419 2115 3475 nihil
2142 3421 2211 3474 ita
2233 3420 2526 3474 conciliare
2547 3418 2706 3484 solet,
2726 3426 2784 3472 ut
2807 3419 2998 3480 virtus,
3022 3415 3282 3470 honorem
3308 3428 3415 3467 non

1814 3523 2079 3578 eoactum,
2123 3514 2381 3568 honorem
2434 3527 2539 3565 non
2584 3511 2787 3577 fictum,
2851 3524 3025 3580 neque
3055 3509 3198 3563 larva
3239 3508 3416 3578 aliqua

1815 3605 2041 3660 fallaciae
2090 3613 2311 3669 tectum,
2359 3603 2455 3658 sed
2506 3619 2692 3658 verum
2749 3611 2806 3657 et
2842 3606 3171 3673 genuinum,
3219 3600 3419 3670 quique

1815 3699 1962 3754 nulla
1995 3709 2300 3768 temporum
2330 3695 2648 3752 difficultate
2676 3697 2957 3751 refutetur.

1892 3793 1975 3848 ιο,
2013 3792 2092 3844 Αη
2123 3792 2336 3862 efﬁciant
2378 3790 2567 3844 divitia:
2595 3799 2650 3843 ut
2679 3789 2846 3843 hostes
2869 3787 3209 3851 ulciscamur;
3237 3801 3410 3838 exem-

1816 3885 1902 3955 plo
1927 3882 2114 3938 Lazari
2143 3890 2488 3952 paupertatem
2516 3881 2758 3934 vindicat.
2782 3910 2856 3920 —
2905 3881 2976 3934 At
3001 3877 3186 3934 ulcisci
3216 3877 3297 3930 vis
3324 3890 3419 3929 eos

1815 3979 1905 4048 qui
1937 3986 1988 4032 te
2013 3975 2402 4032 offenderunt?
2435 3974 2586 4030 Hanc
2616 3976 2784 4045 ipsam
2815 3973 2886 4027 ob
2909 3985 3125 4026 causam
3159 3967 3415 4031 maxime,

1815 4067 2266 4140 quemadmodum
2314 4075 2440 4123 ante
2467 4066 2598 4132 dixi,
2628 4064 2900 4136 fugienda:
2924 4071 3050 4117 sunt
3073 4060 3295 4115 divitiis.
3333 4057 3420 4111 lal-

1817 4163 2002 4219 ficiunt
2021 4163 2186 4226 enim,
2208 4172 2265 4217 ut
2285 4176 2471 4216 ensem
2500 4160 2551 4214 in
2585 4159 2812 4229 teipsum
2835 4156 3041 4227 adigas,
3061 4162 3116 4208 et
3142 4152 3419 4223 graviores

1816 4255 1870 4310 in
1897 4256 2076 4310 futuro
2096 4258 2333 4310 rationes
2355 4253 2449 4308 tibi
2478 4251 2730 4316 reddunt,
2755 4259 2810 4305 et
2839 4245 3207 4303 intolerabiles
3230 4257 3420 4315 poenas

1819 4359 2030 4422 parant.
2068 4349 2296 4404 Tantum
2347 4362 2577 4417 namque
2621 4345 2822 4399 malum
2869 4350 2952 4396 est
2983 4337 3138 4403 ultio,
3167 4346 3227 4391 ut
3255 4335 3417 4391 etiam

1820 4442 1914 4499 Dei
1945 4442 2332 4514 benignitatem
2370 4439 2729 4502 revocaverit,
2757 4445 2812 4490 et
2833 4438 2946 4504 jam
2966 4435 3147 4489 datam
3184 4429 3421 4486 infinito.

1819 4552 1937 4591 rum
1969 4546 2312 4606 peccatorum
2341 4533 2551 4588 veniam
2580 4529 2770 4585 fecerit
2791 4529 3019 4583 irritam.
3052 4524 3184 4580 Nam
3215 4523 3305 4593 qui
3335 4521 3421 4576 de~
3484 4511 3492 4516 ’

1818 4630 1928 4685 cies
1960 4628 2108 4684 mille
2140 4626 2465 4681 talentorum
2520 4621 2974 4679 condonationem
3000 4616 3249 4686 adeptus,
3286 4612 3423 4666 sola-

1818 4735 1922 4792 que
1938 4718 2297 4774 ubtestatione
2324 4724 2524 4771 tantam
2554 4713 2782 4784 gratiam
2815 4718 3178 4779 consequutus
3223 4704 3418 4769 fuerat,

1819 4826 1940 4867 cum
1969 4820 2182 4866 centum
2231 4807 2482 4863 denarios
2509 4805 2750 4875 exigeret
2790 4813 3124 4864 aconservo,
3169 4795 3272 4851 hoc
3316 4804 3419 4860 est,

1820 4919 1943 4959 cum
1983 4901 2302 4957 delictorum
2349 4897 2613 4954 adversus
2641 4911 2700 4950 se
2725 4893 3086 4948 admissorum
3119 4903 3308 4958 paruas
3336 4901 3422 4941 re-

1823 5006 2115 5067 posceret,
2169 4993 2374 5048 Sievitia
2420 5006 2548 5060 erga
2592 5001 2915 5042 conservum
2969 4997 3124 5038 suum
3183 4980 3424 5048 seipsum

1819 5090 2096 5146 damnavit
2143 5090 2161 5160 (
2190 5086 2376 5140 Matth.
2411 5085 2479 5138 l8
2511 5083 2528 5154 )
2555 5100 2570 5148 ;
2598 5095 2772 5151 neque
2795 5094 2934 5135 vero
2955 5077 3116 5131 ullam
3137 5074 3296 5128 aliam
3321 5072 3424 5126 nisi

1823 5185 1961 5241 hanc
1986 5184 2055 5239 ob
2083 5199 2195 5238 rem
2225 5180 2517 5237 tortoribus
2551 5177 2800 5239 traditus,
2826 5182 2882 5228 et
2922 5170 3212 5232 cruciatus,
3259 5175 3313 5220 et
3339 5165 3428 5219 de-

1821 5281 1930 5334 cies
1971 5277 2115 5332 mille
2143 5276 2340 5329 talenta
2398 5272 2626 5328 reddere
2660 5269 2843 5338 jussus
2871 5274 2954 5320 est
2979 5284 2996 5320 :
3021 5264 3226 5319 nullum
3254 5261 3428 5316 venia:

1822 5382 1914 5427 aut
1969 5366 2331 5424 excusationis
2381 5367 2554 5419 locum
2598 5361 2822 5423 invenit,
2864 5358 2958 5413 sed
3009 5353 3425 5410 acerbissimum

1825 5464 2143 5535 supplicium
2188 5473 2476 5529 perpessus
2501 5467 2605 5520 est,
2628 5456 2813 5524 jussus
2841 5463 3011 5509 totum
3039 5450 3254 5506 solvere
3275 5447 3427 5501 debi-

1824 5565 1959 5621 tum,
1982 5554 2123 5625 quod
2155 5551 2490 5623 praeveniens
2517 5551 2609 5604 Dei
2653 5548 2952 5618 benignitas
2997 5541 3422 5598 condonaverat.

1827 5651 2191 5719 Pmptereane
2222 5646 2381 5716 igitur
2408 5643 2714 5698 divitiarum
2755 5639 2892 5694 adeo
2915 5637 3143 5706 cupidus
3165 5650 3245 5698 es,
3278 5630 3422 5702 quod

1827 5759 1879 5799 te
1911 5741 2064 5797 facile
2095 5738 2162 5794 ad
2193 5736 2458 5808 ejusmodi
2491 5743 2768 5806 peccatum
2801 5727 3139 5800 perducunt?
3168 5725 3330 5794 Atqui
3351 5724 3422 5777 ob

1828 5837 1880 5891 id
1897 5853 1975 5893 etc
2006 5846 2278 5904 tamquam
2309 5831 2537 5887 inimica:
2563 5838 2618 5884 et
2651 5827 2858 5889 hostes,
2891 5834 3050 5893 atque
3078 5820 3300 5876 infinitis
3339 5833 3425 5872 re-

1829 5933 1978 5988 ferue
2005 5929 2262 5996 ca'dibtts,
2285 5922 2594 5983 aversanda:
2614 5931 2757 5978 sunt.
2788 5922 2857 5975 At
2893 5923 3196 5990 paupertas,
3228 5912 3421 5983 inquit,
