4104 6514
683 437 778 490 ΠΙ

680 547 948 603 molestias
965 557 1132 612 creat,
1176 561 1240 600 ac
1281 561 1424 617 sa‘pe
1453 547 1613 601 etiam
1645 545 1787 609 facit,
1825 556 1881 599 ut
1909 544 2165 599 maledica
2193 545 2244 598 in

683 640 844 694 lleum
873 639 1030 692 verba
1058 637 1284 703 eﬂutias,
1325 652 1387 692 ac
1425 637 1696 692 illiberalia
1740 637 1942 706 negotia
1971 634 2248 704 suscipias.

679 731 792 785 Non
824 738 1124 799 paupertas,
1171 728 1264 783 sed
1293 727 1695 798 pusillanimitas
1724 745 1737 780 :
1767 742 1886 782 nam
1923 735 1979 781 et
2023 726 2249 780 Lazarus

680 836 880 890 pauper
909 829 1041 885 erat,
1072 829 1124 875 et
1162 819 1448 874 admodum
1493 819 1708 888 quidem
1749 819 1981 889 pauper(
2007 815 2127 870 Luc.
2163 817 2247 870 l6.

680 913 752 967 20
780 915 843 982 );
892 912 1184 981 paupertati
1231 910 1515 966 accedebat
1551 909 1772 965 adversa
1817 908 2064 963 valetudo
2105 906 2248 962 omni

679 1012 983 1073 paupertate
1017 1003 1277 1067 acerbior,
1306 1017 1424 1073 quae
1445 1011 1804 1072 paupertatem
1826 1017 2034 1070 quoque
2063 1000 2252 1056 redde-

677 1096 773 1149 bat‘
790 1096 1119 1166 graviorem;
1152 1095 1388 1150 adversa:
1408 1093 1691 1150 valetudini
1712 1094 1940 1149 solitudo
1957 1105 2008 1148 et
2035 1095 2249 1164 penuria

654 1201 886 1256 corum,
908 1186 996 1256 qui
1040 1187 1420 1249 ministrarent,
1445 1201 1562 1255 qua:
1587 1199 1706 1238 cum
1733 1194 2115 1255 paupertatem,
2139 1194 2249 1238 tum

679 1276 956 1332 adversam
998 1276 1348 1330 valetudinem
1393 1275 1618 1331 iaciebat
1662 1277 2009 1332 acerbiorem.
2053 1275 2248 1330 llornm

679 1381 906 1434 namque
920 1366 1122 1436 singula
1146 1380 1319 1447 per‘se
1331 1380 1542 1436 quoque
1564 1366 1782 1421 molesta
1796 1374 1919 1421 sunt
1942 1383 1956 1429 ;
1983 1380 2102 1420 cum
2125 1379 2251 1418 vero

679 1472 851 1526 neque
889 1459 976 1526 qui
1023 1458 1344 1522 ministrent,
1400 1456 1614 1523 adsunt,
1653 1456 1825 1525 major
1863 1457 1916 1509 lit
1957 1455 2248 1517 calamitas,

679 1550 872 1603 savior
918 1549 1151 1611 ﬂamma,
1195 1548 1350 1602 dolor
1378 1548 1638 1612 acerbior,
1679 1557 1962 1616 tempestas
1998 1548 2249 1612 atrocior,

681 1640 870 1694 ﬂuctus
885 1639 1330 1702 vehementiores,
1350 1639 1586 1694 caminus
1603 1639 1891 1693 ardentior.
1909 1638 2056 1706 Quod
2073 1638 2118 1693 si
2133 1638 2253 1708 quis

677 1741 926 1787 accurate
948 1733 1359 1802 circumspiciat,
1403 1731 1547 1786 aliud
1574 1731 1731 1785 etiam
1764 1731 1846 1785 his
1873 1740 2116 1800 quartum
2160 1744 2252 1784 ac-

678 1821 924 1886 cedebat,
953 1837 1146 1892 nempe
1182 1822 1361 1878 divitis
1398 1824 1450 1876 in
1491 1822 1680 1876 vicinia
1716 1821 2003 1876 habitantis
2041 1820 2252 1876 licentia

680 1922 735 1967 et
755 1912 934 1968 luxus.
966 1912 1060 1968 Sin
1085 1911 1227 1968 aliud
1255 1913 1414 1967 etiam
1447 1913 1691 1983 quintum
1716 1913 1795 1966 vis
1821 1911 2082 1978 invenire,
2109 1911 2252 1968 llam-

683 2020 782 2059 ma:
809 2005 950 2061 illius
975 2003 1230 2071 fomitem,
1261 2005 1312 2060 id
1334 2020 1544 2076 quoque
1567 2006 1617 2059 in
1635 2020 1700 2061 eo
1718 2005 2000 2074 perspicue
2025 2003 2251 2060 videbis.

681 2097 797 2153 Non
827 2098 964 2153 enim
985 2097 1268 2152 dumtaxat
1313 2099 1468 2168 genio
1500 2098 1804 2166 indulgebat
1829 2097 1980 2153 dives
2020 2097 2130 2161 ille,
2161 2113 2255 2152 veh-

683 2203 799 2243 rum
821 2189 980 2243 etiam
1021 2190 1122 2244 etsi
1161 2189 1373 2255 iterum,
1406 2191 1644 2254 tertium,
1681 2189 1788 2244 imo
1812 2203 1940 2244 vero
1967 2190 2162 2259 saepius
2200 2189 2252 2243 in

680 2277 769 2334 die
797 2294 918 2332 eum
950 2278 1196 2334 videbat:
1220 2281 1368 2349 juxta
1424 2279 1719 2350 ingressum
1762 2293 1990 2348 namque
2021 2279 2249 2348 iacebat,

683 2369 1040 2439 spectaculum
1061 2370 1232 2425 dirum
1270 2370 1588 2424 miserabilis
1618 2369 1943 2440 tragmdite',
1976 2378 2028 2424 et
2047 2368 2137 2440 qui
2165 2383 2254 2424 as-

686 2468 842 2529 pectu
861 2460 976 2515 solo
997 2460 1077 2515 vei
1101 2459 1363 2530 lapideum
1376 2469 1561 2530 peetus
1573 2469 1778 2530 poterat
1793 2460 2058 2516 emollire:
2079 2471 2256 2516 tamen

689 2567 860 2622 neque
887 2553 986 2608 hoc
1013 2552 1355 2608 inhumanum
1388 2553 1530 2607 illum
1551 2552 1617 2606 ad
1648 2567 1764 2607 eam
1791 2561 2153 2623 paupertatem
2183 2554 2255 2607 le-

685 2644 912 2700 vendam
950 2646 1210 2716 permovit
1251 2663 1264 2699 :
1305 2645 1399 2700 sed
1443 2645 1528 2700 ille
1577 2645 1914 2715 sybariticam
1960 2644 2258 2714 apponebat

684 2749 947 2803 mensam,
977 2747 1210 2791 crateras
1244 2735 1472 2791 habebat
1516 2736 1718 2806 plenas,
1751 2751 1955 2790 merum
1987 2735 2130 2805 large
2155 2736 2256 2790 dif-

685 2823 1035 2893 l‘nndendum,
1075 2827 1270 2881 nitidos
1291 2842 1578 2897 coquorum
1603 2827 1888 2892 exercitus,
1919 2827 2177 2896 parasitos
2203 2837 2258 2882 et

684 2913 986 2970 adulatores
1010 2917 1177 2985 prima
1203 2917 1340 2981 luce,
1369 2927 1425 2971 et
1456 2917 1651 2971 choros
1671 2918 1992 2980 canentium,
2022 2917 2141 2971 vina
2171 2917 2256 2971 in-

686 3005 1031 3068 iundentinm.
1060 3008 1201 3061 risus
1247 3010 1566 3062 moventium
1597 3024 1610 3058 :
1639 3022 1796 3063 omne
1842 3022 2008 3078 genus
2051 3007 2256 3062 hellua-

688 3096 845 3150 tionis
878 3097 1224 3167 excogitabat,
1281 3098 1662 3162 inebriabatur,
1715 3099 2149 3169 ingurgitabatur,
2204 3098 2255 3152 in

687 3185 812 3240 luxu
831 3186 1076 3251 vestium,
1106 3202 1304 3243 menste
1326 3189 1653 3258 aliarumque
1677 3189 1900 3259 plurium
1942 3203 2117 3242 rerum
2141 3203 2260 3258 per-

685 3289 845 3348 petuo
871 3279 1102 3334 vivebat.
1134 3278 1292 3352 Istum
1331 3294 1476 3345 vero,
1504 3296 1659 3351 quem
1703 3281 1848 3352 gravi
1879 3280 2038 3343 fame,
2071 3278 2258 3335 morbo

685 3368 1046 3436 acerbissimo,
1096 3369 1370 3426 obsidione
1411 3379 1487 3427 tot
1537 3371 1795 3437 ulcerum,
1843 3370 2144 3435 solitudine,
2203 3381 2258 3426 et

687 3459 839 3514 inalis
864 3459 986 3515 inde
1012 3462 1454 3532 consequentibus
1492 3462 1544 3517 in
1571 3463 1684 3517 dies
1710 3462 1945 3533 singulos
1971 3464 2138 3533 premi
2181 3464 2258 3518 vi-

659 3551 865 3626 _debat,
890 3567 957 3608 ne
985 3553 1036 3608 in
1061 3553 1295 3610 animum
1321 3554 1532 3625 quidem
1572 3554 1855 3626 aliquando
1879 3555 2090 3610 admisit
2119 3573 2133 3610 :
2167 3570 2257 3625 pa-

688 3645 832 3698 rasiti
853 3653 905 3699 et
929 3645 1228 3701 adulatores
1241 3647 1417 3703 nimiis
1431 3646 1600 3717 epulis
1622 3663 1756 3717 pene
1770 3648 2253 3718 disrumpehantnr;

685 3744 739 3788 at
765 3736 863 3790 iste
889 3751 1107 3806 pauper,
1132 3747 1184 3792 et
1211 3738 1344 3792 adeo
1373 3752 1591 3808 pauper,
1625 3747 1700 3793 tot
1729 3738 1880 3794 malis
1904 3739 2128 3800 cinctus.
2157 3754 2258 3794 nec

687 3823 850 3880 micas
887 3842 955 3880 ex
1011 3827 1094 3881 illa
1132 3843 1312 3882 mensa
1342 3828 1598 3891 obtinuit,
1645 3830 1742 3884 etsi
1784 3829 1935 3884 valde
1983 3830 2254 3899 cupidus:

687 3932 858 3984 neque
888 3917 1074 3972 horum
1120 3919 1401 3988 quidquam
1424 3935 1543 3974 eum
1573 3921 1724 3985 lmsit,
1755 3936 1860 3976 non
1885 3920 2104 3975 verbum
2136 3936 2259 3990 pro-

688 4008 806 4062 tulit
831 4011 1129 4076 asperum',
1160 4026 1262 4064 non
1311 4026 1492 4066 vocem
1535 4011 1700 4066 edidit
1728 4012 2091 4081 blasphemam
2123 4030 2136 4066 :
2164 4012 2258 4067 sed

690 4105 748 4150 ut
788 4111 975 4152 aurum
1034 4099 1430 4155 vehementiore
1478 4101 1720 4156 incendio
1773 4101 1938 4172 magis
1983 4111 2258 4171 purgatum

688 4188 1029 4258 splendescit,
1059 4189 1138 4244 sic
1160 4191 1318 4244 etiam
1350 4191 1438 4246 ille
1461 4191 1833 4248 afﬂictionibus
1879 4192 1991 4247 istis
2018 4201 2255 4260 vexatus,

687 4277 932 4333 oumibus
956 4278 1052 4333 luit
1087 4280 1326 4350 superior
1355 4291 1458 4335 tam
1507 4282 1695 4352 plagis,
1725 4298 1904 4353 quam,
1935 4299 2053 4353 qua:
2079 4285 2258 4339 multis

690 4379 975 4424 nascuntur
1022 4370 1163 4435 inde,
1214 4373 1715 4441 perturbationibus.
1761 4375 1817 4432 Si
1855 4375 1995 4430 enim
2039 4377 2258 4432 omnino

575 4512 595 4534 ,
688 4474 966 4530 pauperes,
993 4475 1112 4516 cum
1159 4462 1350 4518 divites
1384 4463 1581 4530 vident,
1633 4467 1906 4521 tabescunt
1945 4466 2160 4532 invidia,
2204 4476 2260 4523 et

689 4552 1024 4607 aemulatione
1051 4553 1418 4620 coniiciuntur,
1466 4570 1529 4609 ac
1551 4557 1710 4610 vitam
1767 4556 1867 4611 sibi
1896 4572 1998 4612 non
2027 4573 2146 4614 esse
2176 4558 2259 4612 vi-

691 4639 850 4694 talem
878 4642 1200 4707 esistimant,
1251 4643 1408 4712 idque
1451 4659 1570 4698 cum
1615 4647 1943 4704 necessarius
1987 4647 2064 4701 eis
2091 4648 2261 4703 victus

690 4734 941 4802 suppetit,
973 4748 1177 4789 necnon
1198 4736 1284 4805 qui
1312 4735 1614 4791 ministrent
1641 4754 1654 4790 :
1687 4736 1785 4793 iste
1811 4752 2028 4806 pauper.
2065 4749 2120 4793 et
2146 4740 2262 4809 qui-

689 4824 809 4878 dem
839 4839 1038 4895 pauper
1064 4837 1120 4880 ut
1146 4829 1318 4882 nullus
1338 4828 1489 4894 alius,
1524 4845 1620 4884 nec
1648 4844 1848 4900 pauper
1875 4831 2052 4897 modo,
2077 4846 2258 4887 verum

687 4917 846 4970 etiam
876 4932 1035 4987 anger,
1060 4919 1252 4988 quique
1279 4935 1382 4973 non
1415 4921 1641 4976 habebat
1669 4923 1756 4993 qui
1785 4923 2018 4979 adstaret
2060 4933 2152 4980 aut
2175 4940 2262 4980 so-

692 5009 873 5064 latium
898 5009 1067 5073 daret,
1086 5011 1178 5066 sed
1209 5012 1259 5064 in
1289 5011 1457 5065 media
1493 5014 1624 5068 urbe
1649 5016 1794 5070 velut
1831 5015 1882 5069 in
1907 5024 2142 5071 extrema
2181 5017 2262 5087 ja-

690 5099 844 5153 cebat
896 5102 1194 5166 solitudine,
1225 5103 1362 5157 fame
1413 5103 1714 5160 tabescebat
1756 5107 2132 5173 acerbissima,
2188 5109 2259 5163 illi

689 5192 867 5244 omnia
912 5200 1176 5262 tamquam
1204 5210 1268 5249 ex
1321 5196 1548 5250 fontibus
1595 5196 1810 5252 afﬂuere
1853 5199 2079 5262 videbat,
2117 5202 2259 5256 omni

696 5281 928 5336 humano
948 5285 1137 5338 solatio
1156 5285 1456 5349 destitutus,
1477 5302 1663 5342 canum
1679 5289 1865 5358 linguis
1890 5306 1986 5346 ceu
2012 5302 2260 5362 perpetua

694 5373 933 5438 qttzrdam
989 5390 1169 5430 mensa
1221 5379 1515 5446 propositus
1576 5379 1695 5449 (ita
1745 5381 1886 5435 enim
1927 5385 2102 5436 omnia
2148 5386 2264 5452 ejus

697 5466 1136 5522 membra‘luxata
1162 5483 1225 5523 ac
1246 5470 1496 5524 dissoluta
1526 5481 1696 5536 erant,
1721 5481 1778 5526 ut
1811 5489 1908 5528 nec
1935 5475 2053 5530 illos
2079 5491 2262 5532 arcere

699 5567 876 5621 posset
901 5558 938 5623 ),
967 5574 1122 5626 quam
1152 5560 1330 5629 iniquo
1359 5562 1536 5615 animo
1567 5562 1769 5627 fuisset,
1799 5564 1896 5618 nisi
1921 5565 2071 5620 valde
2097 5582 2259 5636 gene-

700 5662 849 5701 rosus
877 5664 938 5703 ac
959 5652 1168 5720 sapiens
1193 5653 1519 5707 exstitisset?
1541 5652 1744 5720 Cernis,
1772 5658 1860 5726 qui
1883 5672 1940 5713 se
1958 5673 2062 5714 non
2086 5659 2259 5724 Ludat,

763 5784 780 5853 ξ
815 5789 938 5853 linus
963 5792 1096 5853 Reg"
1121 5788 1440 5847 spectaculum
1462 5803 1590 5852 (rgre
1614 5792 2018 5850 conspiciendum.

762 5843 780 5873 ³
815 5850 928 5902 Uno,
949 5843 1066 5895 nihil
1087 5843 1167 5897 aut
1190 5863 1268 5910 pm
1284 5864 1388 5899 l’ttttt
1411 5843 1742 5912 uut‘inagtmnt
1766 5853 1944 5905 locutus
1967 5861 2051 5906 cst.

1424 433 1480 490 S.
1517 430 1794 489 JOANNIS
1830 428 2301 486 CIIRYSOSTOMI
2341 430 2653 489 ARClllEP.
2693 435 3222 494 CONSTANTINOP.

3844 446 3950 499 ‘7!

2361 545 2459 600 etsi
2490 547 2558 600 ab
2582 550 2829 605 omnibus
2865 551 3104 616 ltedatur,
3130 549 3257 605 nihil
3284 553 3406 607 mali
3432 557 3631 624 perpeti
3660 556 3683 607 ?
3707 569 3948 626 repetam

2355 636 2496 691 enim
2527 639 2767 692 eamdem
2797 641 3113 694 orationem.

2429 728 2514 780 ll.
2554 728 2691 794 Quid
2723 736 2948 799 namque
2969 731 3190 785 adversa
3222 733 3510 787 valetudo?
3537 735 3662 802 quid
3705 735 3951 790 solitudo

2354 833 2538 872 eorum
2585 820 2672 888 qui
2713 820 3179 893 adstarenttquid
3223 838 3470 879 accessus
3520 825 3766 880 canam?
3813 826 3950 896 quisi

2355 912 2496 966 mala
2522 912 2700 967 divitis
2733 915 2972 970 vicinitas
2999 917 3023 969 τ
3051 915 3175 985 quid
3227 932 3450 986 magnus
3490 917 3667 981 luxus,
3694 921 3950 989 superbia

2354 1013 2405 1056 et
2427 1004 2722 1070 arrogantia
2753 1003 2890 1057 illius
2915 1005 3128 1060 athleta:
3155 1005 3276 1061 huic
3306 1007 3647 1061 nocuerunt?
3673 1025 3795 1061 num
3821 1024 3953 1062 eun.

2353 1096 2419 1150 ad
2447 1095 2753 1152 sustinenda
2777 1112 2873 1167 pro
2906 1099 3097 1152 virtute
3126 1100 3415 1152 certamina
3443 1098 3789 1155 reddiderunt
3812 1101 3956 1154 mol-

2355 1186 2580 1242 liorem?
2604 1187 2732 1257 quid
2779 1203 2906 1244 vero
2935 1189 3287 1244 constantiam
3319 1190 3436 1259 ejus
3483 1189 3651 1246 laesit?
3681 1188 3824 1245 Nihil
3861 1206 3953 1244 us-

2354 1295 2532 1350 quam,
2561 1280 2654 1335 sed
2686 1295 2807 1335 eum
2834 1282 2994 1336 eaiam
3018 1284 3186 1354 magis
3207 1283 3600 1346 corroboravit.
3631 1294 3684 1338 et
3704 1283 3953 1337 infinita-

2355 1386 2472 1424 rum
2530 1370 2581 1425 ei
2624 1376 2844 1426 materia
2893 1387 3236 1439 coronarum,
3287 1374 3525 1428 accessio
3577 1375 3947 1443 prasiniurum,

2356 1463 2735 1519 incrementum
2757 1463 3038 1532 mercedis,
3067 1479 3222 1535 seges
3252 1465 3467 1535 majoris
3496 1466 3950 1520 remunerationis

2355 1556 2557 1610 exstitit
2582 1555 2668 1610 illa
2711 1555 2970 1610 malorum
2997 1555 3300 1622 multitudo,
3329 1556 3612 1627 divitisqne
3629 1556 3945 1612 crudelitas.

2356 1644 2538 1714 Neque
2565 1645 2705 1700 enim
2733 1647 2802 1700 ob
2847 1656 3210 1717 paupertatem
3256 1656 3542 1702 coronatus
3585 1659 3670 1702 est
3712 1657 3946 1712 tantum,

2356 1752 2528 1807 neque
2552 1738 2621 1792 ob
2647 1737 2860 1803 famem,
2895 1755 3066 1809 neque
3092 1739 3162 1794 ob
3213 1740 3412 1806 ulcera,
3440 1755 3611 1810 neque
3641 1741 3710 1795 ob
3739 1742 3954 1812 linguas

2353 1845 2568 1894 canum,
2599 1831 2691 1885 sed
2715 1830 2856 1900 quod
2875 1832 3034 1886 talem
3062 1832 3288 1886 vicinum
3303 1848 3424 1886 cum
3444 1833 3682 1897 haberet,
3702 1848 3731 1886 a
3756 1849 3867 1904 quo
3895 1835 3951 1888 in

2355 1920 2470 1975 dies
2493 1921 2820 1990 aspiceretur
2846 1931 2900 1976 et
2915 1921 3281 1991 despiceretur
3308 1932 3586 1992 perpetuo,
3615 1938 3734 1978 eam
3764 1933 3949 1978 tenta-

2358 2013 2556 2070 tioncm
2587 2028 2848 2083 generoso
2881 2014 3060 2069 tulerit
3090 2015 3271 2068 animo
3299 2017 3595 2085 mag’uaque
3621 2017 3949 2080 constantia,

2356 2120 2475 2174 qua:
2501 2103 2712 2175 quidem
2741 2105 2964 2160 tentatio
2988 2114 3044 2159 et
3073 2107 3366 2175 paupertati
3388 2113 3442 2159 et
3465 2105 3706 2160 adversa:
3731 2107 3950 2161 valetu-

2355 2195 2488 2260 dini.
2521 2205 2576 2252 et
2602 2196 2872 2251 solitudini
2903 2211 3008 2252 non
3035 2197 3302 2268 exiguam,
3327 2197 3421 2251 sed
3446 2198 3761 2252 acerrimam
3791 2196 3953 2251 llam-

2355 2303 2497 2342 ntam
2521 2287 2768 2343 addebat.

2428 2378 2728 2449 Ampli/icat
2755 2378 2981 2434 eamdem
3005 2379 3304 2433 sententiam
3331 2377 3561 2448 exemplo
3593 2374 3748 2431 Pauli
3775 2386 3955 2432 osten-

2357 2469 2481 2523 dens
2505 2470 2751 2522 nemiuem
2775 2469 2839 2522 ab
2855 2468 3202 2540 afflictionibus
3223 2468 3574 2536 ltuit—Quid
3604 2484 3730 2522 vero
3755 2468 3955 2523 beatus

2360 2559 2579 2624 Paulus,
2609 2558 2693 2614 dic
2723 2560 2888 2614 mihi?
2913 2560 3042 2614 nihil
3074 2561 3215 2614 enim
3242 2557 3489 2629 prohibet
3535 2560 3723 2612 iterum
3751 2559 3953 2614 menti-

2359 2652 2504 2707 nisse
2534 2652 2652 2705 viri.
2705 2653 2897 2706 Annon
2926 2651 3160 2705 inlinitos
3182 2652 3529 2706 tentationum
3564 2660 3835 2720 tamquam
3864 2652 3954 2704 ni-

2358 2743 2499 2796 vium
2525 2743 2719 2797 imbres
2747 2743 3034 2797 sustinuit?
3054 2742 3189 2810 Quid
3211 2757 3338 2811 ergo
3367 2741 3488 2795 inde
3505 2741 3680 2796 damni
3703 2743 3952 2813 accepit?

2357 2835 2547 2888 Annon
2574 2844 2848 2904 propterea
2875 2834 3165 2902 majoribus
3183 2832 3412 2888 donatus
3447 2844 3527 2887 est
3547 2835 3782 2900 coronis,
3800 2835 3949 2904 quod

2356 2924 2649 2986 esuriisset.
2699 2923 2840 2993 quod
2874 2925 3055 2994 lgore
3101 2938 3163 2978 ac
3194 2923 3433 2979 nuditate
3471 2923 3765 2990 conlectus,
3799 2929 3948 2994 quod

2356 3015 2670 3070 verberibus
2729 3031 3097 3086 smpenumero
3141 3016 3388 3071 concisus
3416 3056 3432 3080 ,
3481 3006 3622 3086 quod
3679 3017 3953 3088 lapidibus

2357 3107 2641 3176 appetitus,
2686 3107 2828 3178 quod
2873 3107 2925 3162 in
2975 3122 3122 3162 mare
3165 3106 3444 3162 demersus
3500 3107 3720 3162 fuisset?
3756 3110 3953 3163 Atille

2359 3195 2554 3252 Paulus
2579 3208 2712 3260 erat,
2744 3197 2935 3267 inquit,
2961 3205 3017 3252 et
3038 3207 3257 3251 vocatus
3281 3211 3311 3250 a
3337 3195 3570 3251 Christo.
3595 3197 3757 3265 Atqui
3777 3197 3952 3252 ludas

2357 3291 2570 3346 quoque
2601 3288 2736 3328 unus
2775 3281 2890 3328 erat
2917 3287 2981 3326 ex
3009 3271 3311 3332 duodecim,
3344 3274 3562 3322 vocatus
3581 3270 3742 3319 etiam
3771 3269 3885 3332 ipse
3920 3280 3952 3317 ει

2352 3369 2601 3432 Christo;
2631 3381 2814 3421 verum
2838 3378 3009 3432 neque
3025 3361 3164 3432 quod
3194 3368 3336 3414 esset
3351 3374 3417 3413 es
3447 3356 3750 3420 duodecim,
3769 3371 3955 3425 neque

2354 3463 2560 3516 vocatio
2587 3457 2782 3514 Christi
2830 3455 3118 3526 quidquam
3169 3453 3219 3508 ei
3262 3450 3478 3521 proluit,
3526 3449 3775 3520 quoniam
3823 3449 3952 3503 aui.-

2355 3569 2496 3608 mum
2528 3552 2594 3605 ad
2622 3552 2869 3605 virtutem
2900 3555 3142 3617 paratum
3171 3559 3276 3599 non
3313 3541 3561 3596 habebat.
3599 3537 3708 3594 Sed
3747 3538 3956 3595 Paulus

2352 3646 2568 3717 quidem
2599 3654 2652 3699 et
2678 3658 2798 3698 cum
2827 3644 2967 3696 tame
2990 3640 3218 3702 luctans,
3246 3644 3300 3691 et
3325 3635 3627 3688 necessario
3653 3645 3818 3702 egens
3843 3631 3952 3685 ali-

2353 3749 2556 3804 mento,
2575 3747 2628 3792 et
2651 3745 2792 3791 tanta
2823 3736 2874 3789 in
2901 3735 3018 3788 dies
3039 3731 3273 3802 singulos
3289 3726 3581 3810 perlercns,
3606 3740 3795 3795 magna
3823 3739 3955 3778 cum

2354 3831 2629 3885 alacritate
2676 3827 2813 3879 viam
2870 3838 2990 3894 qua:
3039 3821 3105 3876 ad
3146 3820 3331 3875 calum
3374 3818 3540 3884 ducit,
3572 3815 3820 3872 currebat
3851 3831 3865 3867 :
3899 3824 3958 3867 at

2357 3923 2448 3976 ille
2469 3931 2523 3976 et
2541 3929 2667 3973 ante
2694 3917 2834 3971 hunc
2856 3924 3096 3979 vocatus,
3115 3921 3169 3968 et
3186 3911 3394 3974 iisdem,
3419 3907 3609 3979 quibus
3631 3907 3764 3976 ipse,
3792 3906 3955 3960 bonis

2358 4013 2815 4082 potius,suprema
2835 4003 3178 4079 philosophia
3201 4001 3467 4065 initiatus,
3484 3999 3746 4070 particeps
3789 4011 3957 4051 men-

2356 4121 2432 4160 sa:
2470 4119 2636 4161 sacrae
2673 4117 2736 4156 ac
2764 4098 3055 4156 tremendae
3082 4096 3222 4150 illius
3267 4108 3455 4156 Cinnae,
3491 4099 3686 4145 tantam
3717 4089 3956 4159 gmtiam

2357 4198 2598 4268 adeptus,
2650 4204 2707 4248 ut
2743 4191 2904 4248 etiam
2935 4197 3176 4246 mortuos
3216 4186 3493 4249 excitaret,
3525 4183 3766 4252 leprosos
3794 4196 3960 4236 mun-

2355 4291 2529 4349 daret.
2555 4296 2608 4342 et
2637 4285 2910 4340 dzemonas
2935 4280 3248 4352 expelleret,
3277 4275 3483 4333 crebris
3529 4274 3597 4328 de
3636 4279 3958 4342 paupertate

2355 4381 2691 4438 sermonibus
2737 4377 2951 4442 auditis,
2990 4385 3099 4429 tam
3130 4370 3240 4427 diu
3287 4377 3529 4425 versatus
3555 4380 3678 4421 cum
3708 4364 3958 4428 Christo,

2356 4477 2548 4544 cuique
2602 4485 2890 4542 pauperum
2943 4466 3181 4538 pecunia:
3219 4462 3436 4518 credita:
3475 4460 3705 4524 fuerant,
3738 4466 3796 4510 ut
3827 4457 3962 4511 inde

2357 4564 2686 4636 aegritudinis
2706 4562 2952 4618 solatium
2977 4567 3194 4629 caperet
3223 4556 3342 4625 (fur
3362 4554 3502 4609 enim
3534 4560 3650 4607 erat
3675 4551 3691 4613 )
3712 4591 3728 4616 ,
3773 4565 3842 4604 ne
3872 4551 3961 4604 sic

2359 4657 2570 4727 quidem
2599 4655 2767 4709 factus
2793 4663 2875 4708 est
2896 4651 3106 4713 melior,
3129 4661 3448 4719 quamquam
3467 4653 3664 4697 tantam
3691 4650 3961 4710 expertus

2362 4750 2760 4821 indulgentiam.
2783 4746 2915 4802 Cum
2938 4745 3078 4800 enim
3108 4745 3270 4798 sciret
3297 4741 3539 4797 Christus
3562 4753 3683 4794 eum
3725 4752 3957 4792 avarum

2361 4858 2500 4910 esse,
2527 4852 2582 4896 et
2629 4857 2810 4896 amore
2859 4844 3096 4910 pecunia:
3149 4836 3464 4905 periturum,
3511 4848 3616 4888 non
3646 4833 3806 4886 modo
3833 4831 3964 4901 ejus

2362 4937 2436 4992 rei
2467 4947 2575 4991 tmn
2605 4935 2672 4989 ab
2696 4950 2762 4990 eo
2787 4948 2972 5005 poenas
2998 4948 3102 4989 non
3135 4929 3456 5000 repoposcit,
3489 4943 3672 4982 verum
3699 4935 3754 4979 ut
3787 4927 3964 4995 ipsius

2361 5030 2728 5101 :egritudinem
2781 5027 3048 5091 deiiniret,
3105 5035 3160 5080 et
3205 5024 3398 5101 minori
3451 5021 3592 5101 malo
3623 5028 3964 5101 praecaveret

2368 5098 2558 5174 majus,
2591 5104 2750 5159 etiam
2778 5116 3068 5173 pauperum
3097 5101 3146 5154 ei
3172 5098 3424 5168 pecunias
3451 5100 3702 5163 credidit,
3733 5108 3789 5153 ut
3820 5117 3952 5156 cum

2368 5200 2585 5254 haberet
2608 5195 2748 5249 unde
2773 5193 3010 5262 pecunia:
3037 5190 3380 5260 cupiditatem
3421 5187 3660 5255 satiaret,
3679 5187 3740 5254 ju
3763 5188 3956 5244 horri-

2369 5291 2472 5346 bile
2499 5289 2622 5344 illud
2649 5285 2950 5340 barathrum
2983 5299 3086 5337 non
3114 5290 3405 5336 corrueret.

2442 5385 2525 5438 η.
2542 5381 2643 5438 Cur
2663 5382 2809 5435 etiam
2824 5377 3162 5448 improborum
3184 5376 3356 5445 lapsus
3371 5378 3616 5443 exprimat
3635 5373 3915 5440 Scriptura
3934 5390 3952 5434 ,-

2372 5475 2612 5546 parabola
2652 5471 3013 5540 cediﬁcantium
3058 5466 3357 5535 explicatur.
3390 5491 3456 5503 —
3485 5463 3635 5518 Adeo
3681 5477 3954 5532 nusquam

2369 5568 2647 5637 quisquam
2693 5561 2886 5616 laedere
2928 5558 3122 5628 poterit
3166 5570 3327 5618 eum,
3372 5553 3462 5623 qui
3489 5551 3956 5621 seipsumlmdere

2370 5660 2503 5713 tmlit
2530 5674 2543 5720 ;
2592 5656 2640 5711 ei
2669 5670 2792 5708 vero
2815 5653 2904 5722 qui
2929 5651 3151 5721 vigilans
3171 5662 3235 5703 ac
3265 5647 3471 5702 sobrius
3497 5658 3616 5700 esse
3637 5684 3652 5707 .
3691 5658 3954 5714 suamque

2372 5765 2587 5820 operam
2617 5747 2860 5802 conferre
2890 5745 3040 5809 nolit,
3065 5755 3223 5796 nemo
3249 5752 3496 5808 umquam
3523 5735 3787 5806 proderit.
3817 5736 3948 5790 Prn-

2374 5855 2551 5913 pterea
2597 5841 2688 5896 tibi
2739 5837 2992 5895 mirabilis
3047 5848 3256 5906 quoque
3283 5831 3680 5900 Scripturarum
3729 5826 3952 5883 historia
