4192 6544
508 478 617 532 673

504 595 646 665 ψατο
674 591 798 655 τούς
835 590 1002 662 βίους,
1026 591 1135 645 ἀπὸ
1161 591 1255 644 τοῦ
1291 592 1464 663 Ἀδὰμ
1492 592 1652 665 μέχρι
1677 590 1774 662 τῆς
1810 589 1905 643 τοῦ
1939 587 2174 660 Χριστοῦ

507 678 810 751 παρουσίας
838 678 1123 731 ἐκτείνασα
1148 678 1245 749 τὴν
1274 678 1528 750 διήγησιν
1548 695 1564 708 ⁸
1598 678 1693 732 καὶ
1725 676 1962 729 δείκνυσί
1984 692 2065 728 σοι
2084 674 2179 729 καὶ

505 768 631 830 τοὺς
667 764 1185 836 ὐποσκελιζομένους
1219 779 1269 829 ει,
1300 767 1395 821 καὶ
1421 768 1547 831 τοὺς
1573 765 2057 847 στεφανουμένους,
2094 763 2179 817 ἵνα

508 871 569 923 σε
593 854 681 909 διὰ
707 854 927 909 πάντων
950 855 1236 927 παιδεύσῃ,
1266 857 1346 910 ὅτι
1371 856 1462 910 τὸν
1490 855 1617 926 παρ’
1641 854 1834 909 ἐαυτοῦ
1866 853 1940 925 μὴ
1966 852 2180 907 ἀδικού-

508 960 670 1014 μενον
707 943 881 1008 οὐδείς
936 944 1123 1015 ’ἐτερος
1168 943 1425 1015 ἀδικῆσαι
1478 945 1783 1015 δυνήσεται,
1830 942 1936 996 κᾶν
1966 942 2178 1013 πᾶσαή

504 1031 827 1103 οἰκουμένη,
854 1032 992 1103 πρὸς
1048 1032 1207 1086 αὐτὸν
1260 1032 1495 1103 χαλεπὸν
1556 1029 1888 1104 ἀναῤῥιπίξῃ
1924 1030 2176 1100 πόλεμον.

507 1118 642 1174 υύτε
668 1120 777 1194 7&9
802 1121 1058 1175 δυσκολία
1088 1108 1451 1194 πραγμάτων,
1470 1119 1595 1175 οὐτε
1628 1119 1837 1193 καιρῶν
1866 1118 2177 1191 μεταϐολαὶ,

506 1206 629 1262 οὔτε
659 1208 1092 1264 δυναστευόντων
1121 1211 1395 1280 ἐπήρειαι,
1427 1206 1552 1261 οὐτε
1600 1206 1903 1262 ἐπιϐουλῶν
1937 1206 2178 1276 νιφάδες,

506 1297 631 1352 οὐτε
680 1298 976 1372 συμφορῶν
1020 1298 1196 1370 ὄχλος,
1243 1297 1366 1353 οὐτε
1403 1300 1621 1354 πάντων
1652 1298 1759 1353 τῶν
1790 1299 1849 1353 ἐν
1874 1297 2182 1371 ἀνθρώποις

507 1385 694 1463 κακῶν
770 1384 1158 1457 συλλεγόμενος
1207 1388 1235 1440 6
1280 1387 1512 1459 φορυτδς
1560 1384 1973 1458 παρασαλεῦσαί
2001 1402 2055 1439 τι
2078 1384 2180 1440 κάν

509 1472 703 1546 μικρὸν
729 1473 1015 1545 δυνήσεται
1035 1474 1124 1528 τὸν
1161 1477 1430 1544 γενναῖον,
1462 1476 1557 1529 καὶ
1584 1477 1844 1545 νήφοντα,
1883 1475 1979 1528 καὶ
2008 1475 2178 1545 ἐγρη-

505 1562 701 1634 γορότα
719 1576 734 1592 ·
760 1561 950 1633 ῶσπερ
977 1558 1044 1616 αὖ
1070 1562 1162 1618 τὸν
1184 1554 1461 1635 ῥᾴθυμον,
1486 1563 1583 1616 καί
1607 1562 2058 1625 ἀναπεπτωκότα,
2085 1562 2181 1615 καὶ

504 1650 713 1703 οἴκοθεν
762 1651 1178 1722 προδεδομένον,
1237 1650 1339 1705 κᾶν
1381 1650 1569 1722 μυρίαι
1602 1650 1984 1722 προσάγωνται
2017 1649 2180 1721 θερα-

506 1740 677 1799 πεῖαι,
703 1738 856 1792 οὐδὲν
879 1738 1088 1810 ἀμείνω
1117 1738 1345 1793 ποιοῦσι.
1384 1736 1556 1793 Τοῦτο
1578 1739 1710 1809 γοῦν
1736 1740 1831 1793 καὶ
1847 1741 1880 1811 ή
1897 1738 2181 1811 παραϐολὴ

506 1828 538 1894 ή
569 1828 693 1895 περί
725 1824 832 1880 τῶν
865 1825 1167 1898 ἀνθρώπων
1196 1828 1419 1882 ἐκείνων
1461 1827 1840 1900 παρεδήλωσεν
1867 1829 2022 1898 ήμῖν,
2051 1820 2127 1881 ὧν
2154 1828 2182 1880 6

508 1912 605 1981 μὲν
636 1912 728 1965 ἐπὶ
755 1914 856 1984 τῆς
893 1914 1121 1985 πέτρας,
1168 1917 1198 1968 6
1237 1915 1294 1969 δέ
1327 1916 1420 1969 ἐπὶ
1450 1916 1548 1987 τῆς
1588 1915 1816 1987 ψάμμου
1863 1916 1961 1986 τὴν
2004 1914 2182 1969 οίκίαν

502 1996 817 2070 ᾠκοδόμησε
860 1999 955 2071 τὴν
1006 2001 1200 2055 ἑαυτοῦ
1225 2020 1239 2034 ·
1283 2003 1382 2075 οὐχ
1416 2002 1507 2057 ἴνα
1550 2004 1777 2074 ψάμμον
1836 2003 1933 2057 καὶ
1976 2000 2182 2073 πέτραν

502 2085 805 2157 νοήσωμεν,
850 2086 962 2140 οὐθ’
1007 2088 1093 2142 l'va
1129 2089 1418 2161 οἰκοδομὴν
1449 2089 1633 2153 λίθων,
1658 2091 1752 2143 καὶ
1797 2089 2015 2161 ὄροφον,
2068 2079 2188 2142 οὐθ’

504 2173 591 2226 Eva
633 2176 927 2245 ποταμοὺς,
994 2175 1147 2248 [658]
1185 2179 1282 2231 καὶ
1339 2178 1513 2242 ὑετὸν,
1554 2178 1651 2231 καὶ
1673 2178 1961 2249 πνεύματα
2016 2177 2183 2249 ἄγρια

505 2261 913 2333 προσπίπτοντα
963 2268 1083 2328 ταῖς
1137 2264 1476 2336 οἰκοδομαῖς,
1539 2265 1657 2320 ἀλλ’
1700 2267 1790 2320 ἴνα
1837 2265 2041 2337 ἀρετὴν
2088 2266 2196 2325 καί.

504 2350 700 2403 κακίαν
746 2351 811 2405 ἐκ
857 2352 1061 2408 τούτων
1105 2354 1441 2424 ἐκλάϐωμεν,
1492 2354 1587 2408 καὶ
1634 2354 1831 2424 ἴδωμεν
1891 2353 2183 2419 κάντεῦθεν

501 2437 583 2491 ὅτι
634 2438 724 2491 τὸν
786 2439 975 2494 ἐαυτὸν
1038 2442 1111 2513 μὴ
1176 2441 1461 2497 ἀδικοῦντα
1511 2441 1684 2505 οὐδεὶς
1740 2440 1933 2495 ἀδικεῖ.
1975 2441 2185 2496 Οὐκοῦν

501 2522 624 2578 οὐτε
645 2528 673 2580 6
704 2527 857 2592 ὑετὸς
887 2528 1061 2582 καίτοι
1113 2529 1382 2602 ραγδαίως
1421 2530 1741 2601 φερόμενος,
1770 2529 1895 2584 οὐτε
1923 2532 1975 2584 οί
2010 2548 2181 2585 ποτα-

507 2615 597 2682 μοὶ
647 2613 824 2685 πολλῷ
866 2615 1028 2688 ῥοθίῳ
1058 2617 1514 2690 προσπίπτοντες,
1550 2616 1671 2672 οὐτε
1708 2617 1777 2672 τά
1806 2618 2089 2691 πνεύματα
2115 2620 2185 2674 τά

503 2701 669 2771 ἄγρια
704 2692 843 2773 μετά
886 2704 1119 2775 σφοδρᾶς
1154 2704 1256 2776 τῆς
1288 2705 1468 2777 ῥύμης
1504 2706 1909 2779 προσϐάλλοντα
1943 2726 2185 2782 παρεσοέν

514 2790 699 2843 ιευσάν
719 2808 769 2843 τι
804 2790 901 2861 τὴν
923 2792 1111 2847 ὀἰκίαν
1139 2792 1354 2865 ἐκείνην
1410 2793 1723 2864 ἀλλ’ἔμεινε
1746 2796 1839 2849 καὶ
1864 2797 2182 2869 ἀχείρωτος,

506 2876 599 2927 καὶ
627 2876 883 2947 ἀκίνητος
909 2892 921 2907 ⁸
957 2877 1046 2932 ἴνα
1086 2878 1283 2950 μάθῃς,
1315 2880 1396 2933 ὅτι
1430 2880 1520 2934 τὸν
1554 2881 1747 2936 ἑαυτὸν
1780 2883 1840 2936 06
1866 2883 2183 2955 προδιδόντα

508 2963 675 3027 οὐδεὶς
704 2965 1006 3037 πειρασμὸς
1055 2966 1465 3037 παρασαλεῦσαι
1492 2967 1735 3024 δύναται.
1773 2970 1835 3023 Ἠ
1860 2970 1918 3025 δέ
1950 2970 2042 3024 τοῦ
2074 2972 2185 3025 ἐτέ-

508 3066 600 3121 ρου
639 3052 972 3122 κατεφέρετο
1033 3052 1266 3124 ῥᾳδίως,
1300 3053 1365 3109 οὒ
1425 3054 1511 3108 διά
1555 3054 1655 3128 τὴν
1696 3056 1808 3111 τῶν
1861 3058 2184 3129 πειρασμῶν

506 3137 760 3210 ἐπιϐολὴν
811 3134 868 3211 (ἦ
906 3140 933 3180 δ
971 3139 1080 3211 7&9
1114 3140 1179 3194 ἀν
1222 3141 1316 3194 καὶ
1349 3142 1383 3212 ή
1420 3142 1583 3214 ἑτέρα
1647 3144 1710 3197 τδ
1764 3145 1896 3199 αὐτὸ
1934 3146 2180 3219 ἔπαθεν),

503 3225 639 3279 ἀλλά
678 3224 769 3278 διὰ
825 3227 925 3297 τὴν
987 3227 1195 3280 οἰκείαν
1247 3226 1464 3282 ἀνοιαν’
1517 3228 1578 3282 οὐ
1612 3232 1721 3301 7&9
1751 3231 1939 3303 ἐπειδὴ
1982 3233 2184 3304 ἄνεμος

504 3313 932 3384 προσέπνευσεν,
993 3314 1081 3368 διὰ
1139 3313 1298 3368 τοῦτο
1342 3314 1557 3381 ἔπεσεν,
1601 3317 1715 3371 ἀλλ’
1749 3319 1936 3391 ἐπειδὴ
1964 3322 2055 3374 ἐπὶ
2082 3321 2184 3392 τῆς

501 3400 735 3474 ψάμμου
752 3400 821 3476 ἦν
856 3404 1293 3476 οἰκοδομηθεῖσα,
1322 3403 1466 3460 τοῦτ’
1501 3406 1647 3461 ἐστιν
1675 3410 1768 3461 ἐπὶ
1788 3408 2062 3481 ῥᾳθυμίας
2087 3411 2183 3465 xal

504 3492 787 3562 πονηρίας,
818 3491 975 3545 τοῦτο
1027 3492 1283 3548 πέπονθε.
1323 3494 1434 3549 Καὶ
1457 3496 1563 3567 γὰρ
1607 3495 1703 3550 καὶ
1730 3499 1858 3568 πρὶν
1892 3499 1927 3568 ἢ
1950 3498 2042 3555 τὸν
2068 3516 2182 3570 χει-

514 3580 660 3646 μῶνα
682 3577 1007 3650 προσϐαλεῖν
1032 3582 1257 3647 ἐκεῖνον,
1287 3580 1519 3654 ἀσθενής
1540 3600 1599 3636 τε
1626 3579 1696 3655 ἦν
1720 3585 1971 3658 καὶπρὸς
1988 3587 2050 3641 τὸ
2080 3578 2181 3641 πε-

510 3670 621 3722 σεῖν
649 3666 862 3738 ἑτοίμη.
902 3667 968 3720 Δί
994 3666 1103 3740 7&9
1131 3668 1374 3723 τοιαῦται
1398 3671 1695 3742 οἰκοδομαί,
1728 3674 1822 3727 καὶ
1840 3674 2068 3746 μηδενὸς
2096 3678 2181 3729 ἐν·

506 3758 805 3828 οχλοῦντος,
820 3759 1115 3830 αὐτόματοι
1130 3762 1546 3834 καταφέρονται,
1565 3764 1976 3837 ὑποσυρομένης
1991 3766 2183 3830 αὐταῖς

504 3846 602 3916 τῆς
623 3845 884 3917 κρηπῖδος
936 3847 1030 3902 καὶ
1060 3849 1237 3919 πάντη
1264 3848 1644 3922 διαρρεούσης.
1688 3852 1800 3905 Kal
1846 3852 2097 3927 καθάπερ
2123 3858 2182 3909 αί

508 3931 607 4001 μὲν
642 3932 875 4006 ἀράχναι
907 3934 1203 4005 αὐτόματοι
1241 3935 1596 4001 διασταῖινται,
1619 3937 1846 4009 μηδενὺς
1864 3942 2055 4005 αὐταῖς
2095 3944 2181 3994 ἐν-

503 4018 809 4089 οχλοῦντος,
836 4023 866 4074 6
896 4020 954 4074 δέ
979 4023 1197 4092 ἀδάμας
1235 4025 1330 4078 καὶ
1360 4024 1653 4096 παιόμενος
1688 4026 1970 4092 ἀδιάλυτος
1997 4029 2175 4098 μένει·

477 4106 647 4173 ,οὕτω
668 4107 732 4179 δὴ
758 4108 851 4161 καὶ
874 4109 923 4163 οἰ
957 4108 1032 4180 μὴ
1064 4111 1287 4174 ἑαυτοὺς
1319 4112 1651 4179 ἀδικοῦντες,
1690 4114 1793 4168 κᾶν
1830 4115 1935 4169 ὐπὸ
1972 4117 2180 4188 μυρίων

505 4195 794 4263 παίωνται,
830 4196 1167 4269 ἰσχυρότεροι
1198 4198 1467 4267 γίνονται·
1495 4201 1545 4253 οἱ
1579 4200 1635 4254 δὲ
1661 4202 1887 4269 ἑαυτοὺς
1903 4204 2179 4275 προδιδόν-

504 4301 617 4349 τες,
652 4284 757 4338 xiv
787 4284 975 4357 μηδεὶς
1004 4286 1034 4339 6
1075 4286 1306 4357 ἐνοχλῶν
1337 4283 1395 4362 ᾗ,
1435 4288 1728 4361 αὐτόματοι
1762 4291 2039 4363 φέρονται,
2084 4296 2180 4348 καὶ

506 4370 836 4445 διαρρέουσι,
860 4374 954 4426 καὶ
977 4373 1323 4430 ἀπόλλυνται.
1349 4376 1559 4449 Ὠσπερ
1584 4378 1677 4433 καὶ
1710 4380 1739 4433 6
1768 4380 2063 4448 ’1ούδας,οὐ
2084 4383 2180 4454 μό-

508 4475 594 4513 νον
618 4459 827 4523 ούδενδς
877 4460 1263 4537 ἐνοχλήσαντος
1293 4466 1600 4537 πειρασμοῦ
1618 4467 1881 4535 τοιούτου,
1921 4468 2056 4524 ἀλλά
2086 4472 2179 4525 καὶ

510 4546 713 4616 πολλῆς
730 4546 1051 4609 ἀπολαύσας
1081 4549 1181 4619 τῆς
1212 4550 1531 4622 θεραπείας,
1561 4554 1825 4610 ἀπώλετο.

562 4640 649 4703 ιγ’.
679 4634 865 4688 Βούλει
881 4653 961 4689 σοι
972 4636 1159 4690 τοῦτον
1171 4639 1365 4693 καὶέπί
1382 4640 1442 4713 δή
1451 4659 1566 4713 μων
1576 4641 2053 4715 ὀλοκλήρωνδείξω
2063 4647 2179 4701 διας

511 4718 794 4790 λάμποντα
822 4721 912 4775 τὸν
937 4722 1095 4792 λόγον
1119 4740 1134 4786 ;
1158 4724 1338 4798 Πόσης
1354 4726 1382 4779 6
1411 4727 1678 4783 Ἰουδαίων
1703 4729 1874 4801 δῆμος
1896 4733 2179 4806 ἀπήλαυσε

510 4807 800 4879 προνοίας;
860 4809 935 4863 Οὐ
970 4811 1122 4866 πᾶσα
1151 4813 1454 4886 ήὸρωμένη
1495 4814 1670 4881 κτίσις
1708 4818 1846 4889 πρὸς
1874 4820 2179 4892 ὑπηρεσίαν

507 4895 686 4950 αὐτῶν
718 4900 1197 4969 παρεσκευάζετο;
1231 4902 1326 4957 καί.
1363 4904 1547 4969 καινός
1580 4923 1664 4971 τις
1704 4907 1884 4973 αὐτοῖς
1911 4911 2005 4965 καὶ
2032 4910 2182 4977 ξένος

508 4983 757 5055 εἰσήγετο
783 4983 1063 5057 διαγωγῆς
1098 4987 1215 5060 βίου
1244 4992 1478 5064 τρόπος;
1529 4994 1663 5049 Οὐδὲ
1695 4994 1805 5069 γὰρ
1848 4999 1929 5061 εἰς
1973 4999 2180 5071 ἀγορὰν

505 5072 809 5163 ἐνέϐαλλον,
845 5079 936 5130 καὶ
966 5077 1107 5133 οὐτω
1135 5079 1245 5134 τῶν
1270 5082 1446 5138 ὠνίων
1467 5084 1766 5157 ἀπήλαυον,
1790 5089 1889 5142 οὐκ
1918 5090 2181 5163 ἀργύριον

505 5161 883 5249 κατατιθέντες
897 5180 911 5193 ’
928 5165 1050 5219 οὐδὲ
1066 5166 1307 5234 αὐλακας
1322 5169 1563 5243 ἔτεμνον,
1592 5174 1712 5229 οὐδὲ
1729 5177 1961 5249 ἄροτρον
1977 5161 2180 5246 εἷλκον,

506 5248 629 5337 οὐδέ
657 5249 764 5319 γῆν
796 5251 1157 5324 ἐσπάραττον,
1199 5258 1319 5312 οὐδὲ
1356 5261 1645 5333 σπέρματα
1673 5248 2024 5337 κατέϐαλλον,
2058 5269 2181 5324 οὐδέ

508 5336 912 5430 ὐετῶν-ἐδέοντο
940 5344 1036 5398 xal
1061 5345 1279 5416 ἀνέμων
1302 5352 1397 5404 καὶ
1421 5352 1529 5407 τῶν
1559 5353 1653 5407 τοῦ
1698 5355 1851 5422 ἔτους
1878 5358 2056 5430 ὡρῶν,
2084 5361 2181 5430 οὐχ

506 5424 742 5515 ήλιακῆς
791 5429 1039 5496 ἀκτῖνος,
1089 5434 1152 5487 οὐ
1207 5435 1509 5507 σεληνιαίου
1558 5434 1793 5514 δρόμοιὶ,
1851 5424 1939 5499 οὐ⁷
1967 5424 2181 5515 φύσεως

506 5512 690 5583 ἀέρος,
717 5516 818 5569 οὐκ
836 5516 998 5573 ἄλλου
1021 5520 1129 5576 τῶν
1157 5523 1411 5581 τοιούτων
1439 5512 1685 5593 οὐδενός·
1712 5532 1807 5604 οὐχ
1838 5533 2017 5588 ἀλωνα
2039 5549 2181 5606 παρ-

506 5601 823 5697 εσκεύαςον,
870 5606 931 5660 οὐ
979 5610 1191 5682 καρπὸν
1224 5612 1458 5685 ἔτριϐον,
1496 5619 1557 5671 οὐ
1601 5601 1927 5693 πνευμάτων
1952 5601 2181 5697 ἔχρῃζον

507 5690 645 5760 πρὸς
695 5692 757 5746 16
798 5693 1068 5769 διακρῖναι
1094 5703 1220 5767 τούς
1250 5705 1469 5777 πυροὺς⁸
1500 5706 1609 5762 τῶν
1642 5690 1880 5782 ἀχύρων,
1905 5690 2179 5788 οἰδ-μύλην

570 5814 598 5897 ξ
622 5814 1189 5897 ίίὼὐποσιιελισθέξτας,
1202 5829 1303 5897 ςιιαίΔ
1314 5830 1424 5889 τοὺς
1446 5835 1839 5897 στεφανωθέντας.

496 5875 597 5989 ba:
612 5877 842 5999 '61s}
869 5875 1018 5936 l'ecuo
1040 5875 2014 5958 Μοιὲἶιῖἷῑ’έοιῖλεέἷῦἶῖέξινίῖῗᾟοιιιί
2042 5904 2181 5968 lege-

1277 476 1335 531 S.
1378 472 1664 531 JO.\NNIS
1700 468 2189 532 CHRYSOSTOMI
2229 468 2562 527 ARCHIEP.
2607 462 3155 529 CONSTANTINOP.

3850 463 3961 532 ι7ι

2281 588 2557 658 ἔστρεφον,
2618 590 2678 641 οὐ
2737 587 2987 643 κλίϐανον
3034 586 3371 658 ᾠκοδόμουν,
3422 584 3485 639 οὐ
3536 583 3669 653 ξύλα
3708 586 3803 640 καὶ⁵
3844 586 3961 660 πῦρ

2282 680 2361 742 εἰς
2416 678 2514 745 τὴν
2565 679 2742 733 οἰκίαν
2769 677 3009 749 εἰσῆγον,
3040 677 3141 730 οὐκ
3179 675 3605 748 ἀρτοποιητικῆς
3641 674 3851 731 ἐδέοντο
3869 678 3965 732 τέ-

2283 786 2436 840 χνης,
2498 768 2560 821 οὐ
2602 766 2876 838 μάκελλαν
2940 766 3344 839 μετεχείριζον,
3397 766 3459 819 οὐ
3492 764 3783 837 δρεπάνην
3828 766 3965 838 ῆκό-

2283 874 2409 923 νων,
2440 856 2540 910 οὐκ
2570 856 2735 927 ἀλλης
2763 856 2909 918 τινὸς
2935 855 3143 910 ἐδέοντο
3186 854 3404 926 τέχνης,
3463 854 3767 927 ὑφαντικῆς
3815 855 3967 925 λέγω

2283 946 2379 999 καὶ
2419 944 2807 1014 οἰκοδομικῆς,
2860 944 2955 997 xal
3012 943 3112 1013 τῆς
3169 941 3238 996 τά
3304 943 3628 1015 ὑποδήματα
3688 943 3967 1015 παρεχού-

2286 1049 2386 1104 σης
2404 1043 2425 1072 ε
2442 1048 2457 1064 ·
2476 1031 2613 1086 ἀλλά
2644 1032 2824 1085 πάντα
2848 1027 2916 1103 ἦν
2948 1031 3132 1095 αὐτοῖς
3152 1032 3183 1084 6
3203 1030 3296 1085 106
3318 1028 3455 1086 Θεοῦ
3471 1029 3649 1100 λόγος.
3673 1031 3785 1085 Kal
3808 1034 3966 1103 ἐσχο-

2282 1120 2582 1192 διασμένην
2633 1115 2778 1191 εἶχον
2822 1120 3124 1191 τράπεζαν,
3177 1118 3273 1173 καὶ
3336 1119 3577 1192 ἱδρώτων
3632 1121 3727 1174 καὶ
3780 1120 3965 1174 πόνων

2283 1209 2733 1281 ἀπηλλαγμένην.
2762 1202 3000 1278 Τοιαύτη
3032 1208 3141 1279 γὰρ
3170 1207 3321 1279 ήτοῦ
3363 1209 3541 1279 μάννα
3574 1206 3735 1279 φύσις
3754 1222 3768 1238 ⁸
3790 1208 3967 1279 νεαρά

2284 1315 2343 1352 τε
2372 1298 2467 1353 καί
2508 1297 2839 1369 πρόσφατος,
2868 1295 2963 1350 καὶ
2992 1294 3229 1367 οὐδαμοῦ
3254 1295 3570 1369 παρέχουσα
3598 1296 3782 1360 αὐτοῖς
3815 1296 3966 1367 πρά-

2284 1403 2491 1458 γματα,
2529 1386 2651 1440 οὐδὲ
2680 1384 3073 1440 κατατείνουσα
3106 1385 3271 1455 πόνῳ.
3303 1384 3413 1438 Kal
3451 1384 3521 1438 τά
3551 1384 3741 1455 ἱμάτια
3772 1382 3831 1437 δὲ
3860 1384 3965 1437 αὐ-

2284 1477 2418 1539 τοῖς,
2447 1475 2543 1529 καὶ
2562 1476 2629 1529 τά
2658 1474 3002 1546 ὑποδήματα,
3054 1474 3147 1528 καὶ
3172 1474 3312 1545 αὐτὴ
3342 1475 3375 1545 ὴ
3405 1472 3500 1526 τοῦ
3527 1472 3777 1543 σώματος
3801 1472 3967 1543 φύσις

2284 1564 2383 1634 τῆς
2411 1563 2621 1628 οἰκείας
2650 1562 3044 1621 ἐπελανθάνετο
3064 1562 3376 1626 ἀσθενείας”
3404 1564 3461 1617 ἐν
3486 1562 3595 1633 γὰρ
3618 1561 3795 1633 χρόνῳ
3819 1560 3968 1616 οὕτω

2290 1651 2485 1725 μακρῷ
2508 1651 2633 1706 οὔτε
2659 1653 2842 1706 ἐκεῖνα
2868 1650 3133 1730 ἐτρίϐετο,
3160 1650 3284 1704 οὐτε
3319 1651 3369 1705 οἰ
3399 1650 3558 1715 πόδες
3581 1650 3761 1705 αὐτῶν
3783 1650 3974 1739 καίτοι,

2284 1740 2519 1795 τοσαῦτα
2550 1740 2701 1813 [459]
2737 1738 3061 1812 βαδιζόντων
3100 1738 3467 1812 ἐτυλώθησαν.
3508 1740 3729 1810 Ἰατρῶν
3780 1740 3975 1804 αὐτοῖς·

2288 1832 2381 1884 καὶ
2410 1832 2737 1903 φαρμάκων,
2762 1832 2856 1884 καί
2880 1829 2979 1897 τῆς
3010 1828 3177 1899 ἄλλης
3204 1828 3303 1899 τῆς
3328 1828 3457 1900 περὶ
3482 1828 3736 1899 τοιαύτην
3764 1827 3968 1898 τέχνην

2289 1916 2545 1987 σπουδῆς,
2585 1914 2705 1969 οὐδὲ
2741 1916 2928 1986 μνήμη
2951 1931 3035 1979 τις
3061 1910 3130 1986 ἦν
3169 1914 3228 1966 ἐν
3262 1911 3477 1975 αὐτοῖς·
3513 1910 3657 1965 οὕτω
3692 1910 3843 1963 πᾶσα
3868 1910 3965 1962 ἐκ·

2290 1997 2464 2052 ποδὼν
2494 1999 2777 2071 ἀρρωστία
2812 1995 2901 2071 ἦν.
2950 1998 3233 2068 Ἐξήγαγε
3266 1998 3378 2068 γὰρ
3413 1995 3636 2062 αὐτοὺς
3670 1994 3741 2047 ἐν
3781 1994 3968 2063 ἀρτυο

2278 2081 2392 2149 ρίῳ
2424 2081 2523 2139 καί
2574 2084 2824 2151 χρυσίῳ,
2862 2083 2995 2155 φησί
3015 2100 3027 2114 ⁸
3060 2084 3158 2137 καί
3206 2085 3319 2137 οὐκ
3358 2077 3439 2152 ἦν
3478 2080 3548 2134 ἐν
3581 2080 3707 2143 ταῖς
3738 2078 3968 2149 φυλαῖς

2287 2163 2487 2218 αὐτῶν
2526 2166 2560 2219 ό
2597 2165 2893 2221 ἀσθενῶν.
2948 2166 3089 2219 Ἀλλ’
3134 2166 3325 2238 ῶσπερ
3373 2166 3467 2219 τὸν
3518 2164 3723 2233 κόσμον
3772 2163 3967 2216 τοῦτον

2286 2248 2535 2317 ἀφέντες,
2564 2248 2814 2320 καὶπρὸς
2841 2250 3036 2320 ἑτέραν
3063 2249 3305 2320 βελτίονα
3329 2247 3762 2322 μετοικισθέντες
3785 2250 3969 2301 οἰκου-

2291 2332 2479 2402 μένην,
2514 2332 2686 2397 οὔτως
2730 2332 2935 2404 ἢσθιον,
2976 2333 3150 2397 οὕτως
3190 2334 3394 2399 ἔπινον,
3437 2332 3531 2387 καί⁸
3564 2330 3687 2385 οὔτε
3728 2334 3762 2401 ἡ
3804 2331 3969 2394 ἀκτὶς

2288 2415 2590 2490 θερμοτέρα
2618 2418 2877 2489 γινομένη
2916 2419 3013 2481 τὶις
3046 2418 3289 2488 κεφαλὰς
3314 2416 3546 2487 Επληττε
3573 2417 3672 2481 τὰς
3697 2416 3925 2470 ἐκείνων
3949 2432 3965 2447 ο

2285 2498 2567 2569 διετείχιζε
2588 2500 2696 2571 7&9
2719 2500 2816 2572 τὴν
2840 2501 3014 2570 φλόγα
3036 2501 3233 2572 νεφέλη
3259 2501 3522 2555 πάντοθεν
3546 2500 3897 2573 αἰωρουμένη
3912 2498 3967 2565 ἀ.

2288 2584 2383 2637 καὶ
2439 2584 2783 2656 περιφορητὴ
2822 2586 3079 2656 γινομένη
3135 2585 3302 2656 στέγη
3352 2588 3466 2649 τοῖς
3524 2586 3715 2657 δήμοις
3758 2585 3968 2639 ἀπασιν

2286 2668 2535 2732 ἐκείνοις.
2571 2669 2709 2722 Ἀλλ’
2739 2669 2861 2723 οὐτε
2881 2673 2939 2723 ἐν
2966 2672 3121 2724 νυκτί
3144 2670 3426 2741 λαμπάδος
3455 2670 3665 2724 ἐδέοντο
3695 2668 3795 2741 τῆς
3824 2670 3970 2724 διαιο

2290 2753 2490 2825 ρούσης
2521 2754 2583 2808 τὺ
2635 2756 2842 2819 σκότος,
2882 2754 2997 2809 ἀλλ’
3032 2750 3101 2827 ἦν
3141 2755 3323 2825 αὐτοῖς
3368 2757 3396 2809 6
3432 2754 3622 2819 στῦλος
3654 2753 3747 2807 τοῦ
3790 2754 3969 2827 πυρὸς

2289 2838 2440 2909 πηγὴ
2475 2839 2652 2908 φωτὸς
2682 2840 2915 2909 ἀφάτου,
2958 2839 3051 2893 δύο
3081 2840 3273 2912 χρείας
3311 2840 3588 2911 παρέχων,
3630 2842 3730 2911 τήν
3768 2855 3829 2893 τε
3853 2840 3970 2894 ἀπὸ

2285 2921 2380 2973 τοῦ
2412 2923 2643 2991 φαίνειν,
2673 2928 2771 2994 τήν
2790 2939 2851 2975 τε
2880 2923 2989 2975 ἀπὺ
3007 2923 3103 2977 τοῦ
3128 2922 3478 2977 κατευθύνειν
3500 2924 3681 2986 αὐτοῖς
3702 2924 3803 2993 τὴν
3825 2925 3970 2977 ἀπο-

2285 3003 2506 3075 δημίαν.
2548 3007 2622 3059 Οὐ
2662 3008 2772 3077 7&9
2802 3006 3094 3078 φωτοειδῆς
3142 3007 3301 3078 μόνον
3330 3003 3419 3079 ἦν,
3456 3007 3595 3062 ἀλλά
3623 3010 3717 3061 καί⁸
3765 3009 3970 3081 ὁδηγοῦ

2286 3087 2489 3151 παντὸς
2541 3089 2930 3161 ἀκριϐέστερον
2977 3090 3335 3161 ἐχειραγώγει
3378 3091 3519 3145 κατά
3551 3091 3650 3164 τὴν
3693 3092 3901 3166 ἔρημον
3939 3103 3971 3136 0

2288 3173 2503 3241 ἐκείνην
2540 3173 2629 3227 τὸν
2675 3173 2901 3245 ἄπειρον
2933 3174 3102 3245 δῆμον
3141 3176 3370 3231 ἐκεῖνον.
3416 3175 3693 3241 Ἐϐάδιζον
3739 3178 3816 3244 δὲ,
3864 3179 3972 3234 οὐκ

2288 3256 2379 3309 ἐπὶ
2403 3256 2506 3325 γῆς
2535 3259 2713 3327 μόνον,
2747 3257 2883 3311 ἀλλά
2922 3259 3015 3311 καὶ
3043 3258 3137 3311 ἐπί
3169 3259 3269 3330 τῆς
3297 3258 3570 3329 θαλάσσης
3594 3260 3671 3323 ὡς
3704 3260 3799 3315 ἐπὶ
3823 3263 3930 3332 γῆς
3951 3277 3969 3293 ⁸

2287 3340 2535 3394 καὶλτῶν
2587 3341 2727 3410 ὅρων
2779 3341 2876 3411 τῆς
2928 3342 3145 3411 φύσεως
3194 3343 3561 3414 κατετόλμων,
3615 3344 3679 3398 16
3726 3344 3971 3416 χαλεπὸν

2287 3424 2463 3477 ἐκεῖνο
2493 3422 2813 3487 πεξεύοντες
2852 3424 3109 3493 πέλαγος.
3144 3426 3219 3490 ὡς
3252 3426 3339 3480 διὰ
3369 3429 3579 3500 πέτρας
3609 3430 3843 3502 στερρᾶς
3868 3432 3975 3485 καὶ

2287 3507 2581 3561 ἀντιτύπου
2607 3506 2750 3571 τινὸς
2780 3506 3213 3581 ὁδοιποροῦντες·
3246 3512 3342 3564 καὶ
3381 3511 3469 3565 ὅτε
3498 3511 3598 3583 μὲν
3633 3512 3821 3579 αὐτοῖς
3859 3515 3974 3568 ὐπ-

2286 3592 2598 3664 εστόρεστο,
2626 3594 2729 3663 γῆν
2750 3595 3003 3664 ἐμιμεῖτο
3034 3594 3269 3666 στερρὰν
3290 3594 3352 3649 τὸ
3383 3599 3668 3668 στοιχεῖον,
3687 3598 3783 3652 καὶ
3804 3598 3974 3655 πεδία

2287 3674 2471 3739 ὕπτια,
2501 3676 2594 3729 καὶ
2629 3676 2901 3748 ἀρούραςο
2938 3678 3025 3731 ὅτε
3062 3678 3121 3732 δὲ
3156 3678 3283 3741 τοὺς
3329 3678 3558 3750 ἐχθροὺς
3597 3679 3851 3747 ἐπέλαϐε,
3892 3686 3971 3738 1‘1

2286 3757 2558 3829 θαλάττης
2591 3762 3010 3831 κατειργάζετο·
3047 3763 3139 3815 καὶ
3171 3762 3356 3826 αὐτοῖς
3389 3762 3489 3833 μὲν
3510 3764 3730 3832 ἐγένετο
3755 3764 3969 3837 ὄχημα,

2284 3846 2398 3909 τοῖς
2428 3844 2485 3897 δὲ
2521 3844 2846 3915 πολεμοῦσιν
2885 3846 3081 3910 αὐτοὺς
3112 3847 3282 3915 τάφος
3301 3863 3314 3876 ·
3346 3848 3472 3911 τοὺς
3516 3849 3615 3920 μὲν
3646 3848 3767 3921 μετ’
3804 3850 3972 3905 εὐκο-

2284 3928 2406 3992 λίας
2436 3928 2905 3999 παραπέμπουσα,
2936 3932 3062 3993 τοὺς
3093 3930 3149 3984 δὲ
3183 3930 3320 4002 μετά
3363 3932 3562 4003 πολλῆς
3596 3933 3699 4002 τῆς
3737 3933 3975 4006 σφοδρό-

2284 4027 2446 4082 τητος
2474 4011 2966 4077 καταποντίζουσα.
2988 4014 3151 4085 Καὶή
3181 4014 3412 4077 ἄτακτος
3430 4016 3539 4070 τῶν
3558 4016 3767 4072 ὑδάτων
3790 4020 3971 4091 ῥύμη,

2286 4092 2495 4165 ἀνδρῶν
2523 4094 2757 4162 λογικῶν
2780 4096 2876 4148 καὶ
2902 4093 3288 4150 συνετωτάτών
3320 4098 3416 4150 καὶ
3442 4098 3695 4165 εὐταξίαν
3726 4100 3823 4153 καὶ
3861 4102 3977 4155 ὐπ-

2287 4180 2457 4251 ακοὴν
2484 4178 2849 4241 ἐπεδείκνυτο,
2882 4177 2977 4233 νῦν
2998 4179 3099 4251 μὲν
3125 4179 3384 4249 φύλακος,
3426 4180 3522 4235 νῦν
3552 4181 3609 4236 δὲ
3632 4181 3829 4253 δημίου
3869 4187 3973 4239 τά-

2287 4260 2368 4328 ξιν
2398 4262 2694 4332 ἐπέχουσα,
2736 4262 2830 4315 καί
2864 4264 2921 4316 ἐν
2946 4263 3132 4334 ἡμέρᾳ
3160 4265 3258 4334 μιᾷ
3284 4264 3353 4317 τὰ
3378 4264 3597 4319 ἐναντία
3619 4265 3817 4339 ἀθρόον
3843 4269 3975 4323 ἐπι-

2282 4346 2630 4418 δεικνυμένη.
2666 4345 2733 4399 Τί
2760 4346 2827 4401 ἀν
2858 4363 2942 4411 τις
2991 4348 3135 4401 εῖποι
3179 4349 3280 4411 τάς
3312 4348 3540 4419 πέτρας,
3573 4351 3631 4405 αἰ
3682 4355 3972 4425 ποταμοὺς

2284 4431 2527 4509 ῂφίεσαν
2545 4432 2786 4509 ὑδάτων;
2815 4430 2867 4483 τί
2892 4431 2949 4509 δὲ
2973 4431 3199 4509 τάᾴνέφη
3221 4431 3335 4509 τῶν
3364 4432 3614 4509 όρνίθων,
3647 4435 3697 4489 οἶ
3724 4436 3804 4509 τῷ
3827 4438 3973 4508 πλή-

2286 4502 2369 4555 θει
2402 4503 2510 4557 τῶν
2544 4503 2813 4573 σωμάτων
2863 4502 2962 4573 τὴν
2999 4503 3101 4575 γῆν
3140 4502 3469 4575 ἀπέκρυψαν
3513 4502 3857 4574 ἀπασαν;’τί
3894 4502 3974 4565 ia

2284 4587 2345 4657 ἐν
2389 4586 2652 4658 Αἰγύπτῳ
2702 4585 2991 4657 θαύματα;
3019 4586 3073 4639 τί
3104 4587 3175 4640 τά
3224 4589 3281 4641 ἐν
3318 4589 3509 4661 ἐρήμῳ
3561 4590 3875 4662 παράδοεα;
3911 4596 3972 4649 τί

2285 4674 2354 4728 τὰ
2382 4674 2619 4745 τρόπαια
2640 4673 2739 4726 καὶ
2773 4673 2874 4736 τάς
2906 4671 3059 4735 νίκας
3097 4673 3197 4736 τάς
3220 4672 3490 4743 ἀναιμωτὶ
3518 4675 3839 4746 γινομέναςς
3874 4679 3973 4746 ὀς

2284 4756 2393 4829 7&9
2430 4756 2766 4828 χορεύοντες,
2801 4757 2901 4827 οὐχ
2944 4756 3019 4820 ὡς
3058 4754 3417 4826 πολεμοῦντες
3443 4759 3570 4822 τοὺς
3612 4759 3973 4818 ἀντιπίπτον-

2284 4857 2383 4906 τας
2424 4840 2750 4913 ἐχειροῦντο.
2791 4841 2901 4895 Kal
2940 4840 3049 4892 τῶν
3083 4841 3182 4911 μὲν
3226 4839 3440 4895 οίκείων
3479 4841 3755 4905 δεσποτῶν
3792 4848 3977 4920 χωρὶς

2287 4925 2467 4981 ὅπλων
2497 4927 2839 4998 ἐκράτησαν·
2878 4924 2987 4978 τῶν
3010 4924 3067 4979 δὲ
3098 4924 3240 4997 μετά
3276 4924 3375 4999 τὴν
3404 4924 3679 4995 Αἴγυπτον
3714 4934 3972 5005 μαχομέ-

2287 5029 2394 5066 νων
2422 5011 2625 5078 αὐτοῖς,
2669 5009 3018 5075 σαλπίζοντες
3052 5009 3146 5062 καὶ
3190 5008 3505 5079 ψάλλοντες,
3536 5009 3682 5068 οὕτω
3710 5017 3976 5089 περιεγέ.

2287 5110 2469 5154 νοντο·
2501 5098 2593 5152 καὶ
2645 5092 2713 5168 ἦν
2744 5096 2932 5168 χορεία
2985 5096 3188 5167 μᾶλλον
3217 5096 3250 5168 ἢ
3295 5096 3533 5168 πόλεμος
3566 5098 3636 5154 τά
3677 5103 3971 5174 γινόμενα,

2292 5181 2653 5252 μυσταγωγία
2677 5182 2876 5253 μᾶλλον
2896 5181 2929 5252 ἢ
2958 5180 3126 5251 μάχη.
3152 5181 3261 5235 Kal
3284 5180 3392 5253 7&9
3414 5184 3591 5238 πάντα
3615 5185 3683 5240 τά
3699 5190 3973 5259 τεράστια

2285 5265 2458 5319 ταῦτα
2484 5267 2545 5319 οὐ
2580 5266 2669 5319 διὰ
2692 5264 2853 5319 τοῦτο
2881 5266 3096 5334 ἐγένετο
3124 5266 3304 5336 μόνον,
3341 5266 3427 5320 ἵνα
3446 5268 3546 5341 τὴν
3567 5271 3760 5341 χρείαν
3781 5276 3976 5343 αὐτοῖς

2290 5350 2572 5423 πληρώσῃ,
2623 5350 2737 5404 ἀλλ’
2788 5351 2874 5406 ἵνα
2915 5352 3011 5405 καὶ
3048 5350 3147 5421 τὴν
3188 5350 3561 5420 διδασκαλίαν,
3592 5356 3661 5427 ῆν
3703 5359 3975 5434 ἐνέθηκεν

2286 5438 2470 5499 αὐτοῖς
2507 5440 2536 5490 6
2570 5437 2841 5523 Μωῦσῆς,
2869 5435 2968 5507 τῆς
2996 5436 3327 5523 θεογνωσίας
3367 5438 3757 5515 ἀκριϐέστερον
3779 5446 3977 5523 διατη-

2291 5522 2496 5593 ρήσωσι
2515 5539 2529 5552 ο
2561 5523 2653 5575 καὶ
2682 5522 2878 5608 φωναί
2896 5522 3232 5608 πανταχόθεν
3271 5522 3527 5596 ἐφέροντο
3565 5525 3655 5582 τὸν
3685 5522 3973 5608 Δεσπότηίν

2288 5608 2783 5679 ἀνακηρύττουσαι.
2838 5607 2949 5662 Kal
2976 5606 3085 5677 7&9
3124 5608 3159 5678 ἡ
3191 5606 3427 5663 θάλαττα
3466 5610 3643 5666 ταῦτα
3691 5614 3846 5686 ἐϐόα,
3871 5606 3973 5678 νῦν

2353 5718 2374 5744 "-
2419 5714 2833 5785 Mapuscr‘ipunel:
2872 5714 3025 5785 Savll.
3072 5716 3138 5785 in_
3165 5727 3319 5785 m_arg.
3364 5716 3419 5785 οὐ
3450 5724 3540 5785 τῆς
3574 5720 3634 5785 τὰ
3672 5722 3975 5785 ὑποδήματα.

2419 5744 2735 5775 μισιιιιοιιιγιι
2775 5744 2829 5763 τι
2873 5744 3025 5764 οιιιιι.
3076 5744 3121 5763 ιιι
3167 5744 3319 5778 nua-5.
3364 5744 3419 5764 υν
3450 5744 3535 5778 της
3574 5744 3634 5769 τα
3672 5744 3829 5785 υποοη
3906 5745 3972 5781 τα

2287 5778 2617 5855 περιειθύξξιςν
2642 5777 2793 5855 δξιῖίί·
2820 5775 2870 5854 il!
2897 5778 3143 5855 textam!
3165 5783 3249 5835 τῆς
3284 5780 3485 5855 περὶ,τά
3522 5783 3810 5848 ὒποδήματα
3829 5744 3972 5855 ίῖω.

2290 5839 2394 5914 σης»
2416 5839 2589 5914 M9,"?-
2612 5839 2691 5886 καὶ
2714 5845 2798 5896 τῆς
2819 5840 2879 5914 ῖά
2900 5840 3186 5914 ὑπεξήματα
3203 5839 3521 5914 mamm-

2353 5902 2500 5977 ‘19!!!
2524 5901 2907 5977 ἀπαξωρονμνηο
2933 5900 3016 5951 am
3040 5900 3418 5967 έπαιωίοάμὲὗη,
3446 5903 3618 5958 Morel.
3643 5908 3966 5977 αἰωρουμένη,

2356 5967 2381 5995 ⁸
2399 5964 2498 6014 Alii
2518 5965 2641 6012 κατὰ
2662 5966 2747 6022 τήν
2762 5966 2971 6031 ἤπειρον.
