4104 6514
178 475 262 532 m
924 495 929 509 -η
1139 464 1339 534 'QUOD
1375 463 1565 521 mro
1606 459 1725 516 Lz‘El

1838 459 1926 514 UR
1967 457 2095 516 NISI
2137 459 2177 513 Α
2218 457 2474 514 SEIPSO.
3313 453 3421 507 an

183 593 294 648 celtu
320 590 364 644 in
385 587 551 659 effigie
578 587 805 657 quadam
833 586 1044 640 subhuu
1071 598 1370 654 magnaque
1393 623 1408 647 ,
1435 591 1489 636 et
1516 581 1568 634 in
1599 593 1712 633 Ina-

177 697 304 750 gnam
331 681 644 735 latitudinem
673 688 890 733 extensa
916 718 931 741 ,
970 686 1210 730 veterum
1242 675 1378 728 vitas
1404 671 1716 740 descripsit,

180 774 439 828 narratione
467 771 533 825 ab
558 773 728 824 Adam
762 783 927 838 usque
958 767 1023 822 ad
1051 766 1250 821 Christi
1285 765 1568 819 adventum
1598 774 1722 831 pro.

180 866 305 918 ducta
328 883 340 917 :
366 863 694 931 ostenditque
723 861 815 914 tibi
843 868 948 914 tam
989 859 1356 928 supplantatos
1379 897 1394 922 ,
1443 869 1600 925 quam
1630 866 1721 906 co-

179 967 360 1011 ronatos
383 998 395 1022 ,
443 966 498 1009 ut
543 955 782 1008 omnium
814 952 1080 1021 exemplis
1108 962 1156 1005 te
1185 949 1409 1014 doceat,
1455 961 1576 1003 eum
1629 945 1720 1016 qui

179 1049 374 1115 seipsum
400 1061 500 1102 non
525 1046 706 1112 laedat,
737 1059 768 1100 a
793 1045 1006 1100 nemine
1032 1044 1137 1098 alio
1167 1042 1286 1096 lardi
1317 1055 1494 1110 posse,
1513 1037 1718 1092 etiamsi

179 1148 293 1191 totus
312 1138 445 1192 orbis
464 1153 623 1208 grave
646 1147 831 1192 contra
858 1137 1005 1191 illum
1031 1136 1262 1190 concitet
1289 1134 1508 1188 bellum.
1539 1130 1721 1199 Neque

181 1230 296 1282 enim
331 1228 602 1286 difficultas
627 1244 846 1295 rerum,
893 1242 990 1282 nec
1032 1236 1329 1294 temporum
1365 1224 1718 1284 mutationes,

180 1335 258 1374 nec
295 1331 554 1388 petentum
591 1321 799 1389 injuria:
823 1361 838 1385 ,
885 1334 1058 1389 neque
1104 1318 1413 1372 insidiarum
1455 1325 1720 1382 tamquam

181 1412 344 1465 nivium
374 1413 583 1478 imbres,
619 1427 790 1481 neque
818 1413 1178 1467 calamitatum
1210 1408 1520 1473 multitudo,
1551 1422 1724 1476 neque

177 1505 376 1557 omnium
395 1544 409 1566 ,
447 1504 639 1573 quibus
667 1503 909 1557 homines
934 1512 1249 1572 premuntur
1275 1543 1288 1565 ,
1328 1500 1588 1554 malorum
1616 1500 1724 1553 cul-

180 1595 318 1649 lectus
357 1610 573 1650 acervus
598 1638 613 1661 ,
669 1610 985 1667 generosum
1012 1637 1026 1659 ,
1074 1594 1307 1648 sobrium
1336 1608 1398 1647 ac
1421 1593 1724 1662 vigilantem

179 1686 242 1740 vel
264 1701 428 1755 parum
459 1687 780 1744 labefactare
807 1686 1004 1756 poterit
1032 1704 1043 1738 :
1073 1684 1525 1754 quemadmodum
1559 1683 1721 1737 vicis-

183 1778 264 1831 sim
311 1781 540 1847 ignavum
568 1822 584 1848 ,
631 1779 964 1849 collapsum,
1015 1791 1068 1834 et
1121 1795 1152 1833 a
1195 1780 1373 1848 seipse
1424 1777 1722 1847 proditum,

179 1869 358 1924 etiamsi
395 1871 614 1925 infinita:
649 1872 956 1925 curationes
986 1871 1403 1934 admoveantur,
1448 1869 1612 1923 nihilo
1653 1868 1727 1921 fa-

178 1961 297 2013 ciunt
324 1962 610 2017 meliorem.
643 1963 754 2017 Hoc
778 1963 1036 2032 siquidem
1069 1963 1228 2017 etiam
1258 1962 1547 2016 insinuavit
1576 1961 1728 2015 nobis

177 2051 246 2105 illa
273 2055 510 2123 parabola
537 2055 606 2111 de
639 2057 942 2112 hominibus
971 2057 1104 2123 illis,
1134 2073 1362 2128 quorum
1403 2056 1540 2110 alter
1566 2071 1730 2126 super

175 2153 348 2212 petram
374 2187 389 2213 ,
424 2162 584 2216 super
609 2163 826 2203 arenam
857 2149 992 2204 alter
1041 2163 1190 2203 suam
1238 2148 1454 2202 domum
1501 2147 1732 2203 :edifica—

177 2234 237 2289 vit
262 2235 470 2307 (Matth.
503 2240 554 2293 7.
585 2239 677 2296 24.
713 2242 862 2310 sqq.)
893 2259 904 2295 :
935 2256 1040 2297 non
1074 2251 1130 2296 ut
1166 2257 1383 2296 arenam
1427 2251 1480 2296 et
1521 2253 1729 2312 petram

179 2325 535 2399 intelligamus,
586 2348 689 2387 nec
731 2341 1058 2388 structuram
1099 2335 1332 2405 lapidum
1356 2377 1368 2398 ,
1411 2344 1466 2389 et
1496 2344 1689 2389 tectum
1713 2376 1725 2397 ,

176 2433 322 2490 neque
345 2431 398 2477 ut
425 2422 641 2478 flumina
667 2465 682 2489 ,
723 2436 778 2480 et
825 2426 1054 2496 pluviam
1078 2467 1094 2492 ,
1132 2436 1185 2482 et
1219 2441 1396 2481 smvos
1430 2427 1648 2496 spiritus
1675 2428 1726 2482 in

176 2510 366 2567 :cdificia
391 2525 695 2581 .rruentes;
726 2518 820 2572 sed
863 2528 918 2571 ut
957 2519 1209 2573 virtutem
1240 2528 1292 2574 et
1318 2519 1502 2573 vitium
1543 2535 1607 2574 ex
1647 2519 1730 2574 his

175 2601 452 2674 colligamus
471 2647 488 2673 ,
519 2616 682 2677 atque
706 2610 866 2664 etiam
894 2609 1020 2666 hinc
1045 2612 1428 2682 perspiciamus
1448 2654 1463 2679 ,
1486 2629 1608 2668 eum
1640 2615 1729 2684 qui

173 2707 222 2748 se
253 2696 354 2765 ipse
387 2713 490 2753 non
525 2699 685 2754 laedat
713 2716 742 2755 a
771 2703 985 2757 nemine
1031 2703 1172 2757 laedi.
1220 2704 1362 2774 Ergo
1402 2719 1501 2760 nec
1541 2706 1730 2776 pluviae

174 2799 335 2856 magna
359 2804 680 2862 quamquam
713 2793 762 2846 vi
801 2792 1026 2860 delata},
1072 2810 1248 2866 neque
1285 2794 1502 2850 flumina
1539 2812 1731 2868 magno

173 2877 343 2948 impetu
371 2885 654 2951 irruentia,
683 2901 854 2956 neque
874 2888 1000 2941 Saevi
1030 2889 1251 2958 spiritus
1281 2892 1579 2945 vehementi
1607 2907 1728 2948 cum

174 2969 343 3028 insultu
370 2975 541 3031 adorti
569 3018 585 3043 ,
635 2988 842 3048 partem
871 2980 1030 3034 ullam
1059 2981 1250 3038 domus
1277 2984 1418 3040 illius
1444 2984 1730 3041 labefacta-

171 3063 302 3131 ru'nt;
346 3067 437 3123 sed
463 3071 665 3126 mansit
689 3081 742 3128 et
783 3073 1235 3145 inexpugnabilis,
1279 3087 1332 3132 et
1377 3079 1594 3134 immota
1628 3099 1640 3134 :
1675 3090 1732 3135 ut

172 3152 338 3223 discas,
368 3161 456 3229 qui
489 3175 552 3215 se
578 3163 692 3231 ipse
719 3180 825 3218 non
853 3166 1072 3235 prodat,
1109 3183 1229 3223 eum
1250 3169 1407 3224 nulla
1440 3172 1732 3227 tentatione

169 3262 302 3316 posse
327 3251 656 3308 labefactari.
698 3256 767 3311 At
796 3258 883 3312 illa
928 3258 1147 3314 alterius
1197 3261 1355 3316 facile
1396 3279 1581 3319 eversa
1611 3274 1728 3332 est,

171 3353 256 3392 non
280 3341 343 3397 ob
372 3346 727 3402 tentatiunum
752 3349 1004 3420 impetum
1024 3335 1292 3422 (alioquin
1330 3355 1482 3410 alteri
1512 3372 1724 3429 quoque

169 3429 284 3486 idem
311 3436 654 3509 accidisset),
687 3439 780 3495 sed
811 3441 881 3496 ob
909 3442 1072 3512 ipsius
1097 3448 1398 3502 vecordiam
1422 3467 1435 3501 :
1462 3463 1566 3504 non
1587 3452 1730 3506 enim

169 3526 268 3592 quia
295 3540 477 3585 ventus
497 3530 723 3599 afﬂavit,
747 3533 868 3590 ideo
889 3536 1103 3606 cecidit,
1134 3540 1226 3594 sed
1255 3541 1396 3610 quod
1423 3556 1586 3614 super
1612 3559 1731 3599 arc-

169 3629 289 3684 nam,
321 3618 416 3675 hoc
444 3632 554 3688 est,
587 3638 747 3694 super
774 3625 1034 3696 ignaviam
1066 3639 1120 3684 et
1151 3633 1436 3702 nequitiam
1470 3634 1729 3691 tedificata

169 3703 279 3775 fuit,
318 3713 521 3768 ruinam
568 3715 709 3770 fecit.
751 3717 880 3772 Nam
926 3722 1074 3790 prius
1104 3725 1264 3778 etiam
1295 3741 1452 3794 quam
1481 3727 1565 3782 illa
1597 3737 1731 3783 tem-

167 3808 318 3890 pestas
358 3803 664 3876 ingrueret,
717 3809 924 3864 infirma
965 3821 1081 3867 erat
1118 3823 1172 3868 et
1212 3816 1278 3870 ad
1315 3832 1495 3872 casum
1525 3831 1727 3890 parata.

168 3888 519 3958 Huiuscemodi
547 3899 688 3952 enim
716 3901 960 3968 aedificia,
992 3904 1150 3960 etiam
1182 3907 1397 3964 nemine
1428 3888 1728 3980 infestante,

164 3980 271 4038 dum
297 3987 631 4045 subtrahitur
655 4005 718 4046 ac
738 3992 928 4050 diffluit
950 3993 1352 4055 fundamentum
1378 4044 1394 4070 ,
1422 4019 1516 4058 sua
1540 4017 1730 4074 sponte

165 4087 411 4135 corruunt.
447 4084 519 4137 At
543 4093 600 4138 ut
636 4099 846 4142 araneae
870 4088 1044 4154 ultro,
1093 4093 1308 4149 nemine
1339 4095 1468 4164 ipsis
1496 4096 1688 4153 infesto
1713 4140 1726 4164 ,

162 4163 508 4227 distrahuntur
534 4215 549 4235 ,
593 4174 808 4232 adamas
857 4187 1043 4234 contra
1088 4183 1249 4237 etiam
1302 4163 1583 4253 percussus
1621 4163 1727 4244 non

163 4255 397 4331 frangitur
426 4283 439 4318 :
472 4267 553 4321 sic
583 4269 742 4322 etiam
763 4270 852 4340 qui
873 4272 1147 4342 semeti'psi
1177 4290 1282 4329 non
1311 4276 1729 4342 lzcduut,etsiab

162 4349 358 4410 infinitis
380 4357 661 4427 feriantur,
691 4361 934 4419 fortiores
963 4365 1199 4420 evadunt
1232 4385 1244 4419 :
1271 4370 1361 4438 qui
1379 4385 1506 4425 vero
1532 4383 1731 4428 semet-

160 4443 286 4512 ipsos
315 4450 567 4517 produnt,
596 4455 696 4508 etsi
720 4471 877 4510 nemo
902 4457 969 4512 sit
996 4457 1220 4513 infestus
1245 4501 1258 4523 ,
1299 4475 1394 4516 sua
1417 4473 1606 4532 sponte
1637 4465 1731 4520 de-

159 4535 437 4609 volvuntur,
457 4543 707 4600 diffluunt
727 4562 788 4601 ac
811 4559 1055 4618 pereunt.
1080 4551 1540 4620 Quemadmodum
1562 4555 1592 4611 J
1600 4556 1728 4612 udas

155 4643 375 4701 quoque,
427 4652 536 4691 non
560 4639 719 4694 modo
739 4642 881 4695 nulla
910 4642 1193 4699 infestante
1222 4645 1526 4716 huiusmodi
1553 4659 1727 4704 tenta-

158 4721 314 4788 tione,
347 4727 439 4780 sed
470 4743 658 4798 magna
690 4731 848 4785 etiam
876 4735 1150 4789 curatione
1179 4736 1444 4806 adhibita,
1478 4741 1652 4809 periit.

215 4815 295 4870 i3.
320 4817 651 4874 Providentia
676 4821 772 4876 Dei
796 4840 916 4894 erga
943 4825 1154 4882 Judu'oa
1176 4845 1195 4892 ;
1221 4831 1464 4886 miracula
1500 4834 1636 4889 edita
1674 4837 1726 4891 in

155 4907 272 4962 uita
299 4926 362 4964 ac
382 4911 639 4984 Egypto.
659 4945 729 4954 —
746 4915 837 4970 Vis
864 4918 1188 4988 integrarum
1216 4924 1448 4992 gentium
1465 4929 1727 4997 exemplis

153 5000 271 5057 hanc
304 5006 606 5061 orationem
638 5007 895 5065 illustrem
919 5011 942 5065 ἲ
969 5010 1176 5079 Quanta
1203 5013 1508 5074 Judzeorum
1552 5022 1726 5090 gentis

153 5091 236 5148 fuit
273 5099 649 5166 providentia?
693 5105 884 5158 Annon
928 5114 1034 5160 tota
1080 5123 1198 5176 qua:
1241 5109 1452 5166 videtur
1481 5125 1723 5170 creatura

148 5188 205 5241 ad
229 5207 411 5248 eorum
444 5193 758 5264 obsequium
809 5195 904 5251 fuit
942 5204 1283 5269 comparata?
1326 5213 1380 5258 et
1419 5220 1553 5258 nova
1579 5223 1725 5276 qua:-

147 5280 256 5338 dam
281 5286 410 5355 ipsis
446 5301 512 5342 ac
536 5288 672 5341 mira
720 5290 929 5345 vivendi
978 5293 1114 5346 ratio
1159 5294 1501 5350 introducta?
1541 5295 1724 5368 Neque

145 5376 273 5431 enim
301 5379 371 5434 ad
415 5379 590 5435 forum
612 5381 893 5438 mittebant
916 5426 930 5448 ,
983 5385 1160 5455 itaque
1191 5403 1295 5442 non
1323 5398 1598 5444 numerata
1626 5406 1722 5461 pe-

145 5465 284 5523 conia
307 5469 588 5526 venalibus
619 5471 780 5527 rebus
824 5472 1135 5531 fruebantur
1164 5495 1176 5530 :
1211 5493 1310 5533 nec
1348 5480 1526 5535 sulcos
1555 5482 1722 5538 finde-

143 5552 272 5624 bant,
301 5573 482 5631 neque
504 5571 742 5618 aratrum
773 5564 1089 5634 trahebant,
1124 5583 1223 5624 nec
1249 5577 1445 5624 terram
1475 5575 1718 5641 proscin-

142 5642 353 5737 debat,
401 5666 506 5708 nec
534 5654 740 5709 semina
768 5656 1032 5726 jaciebant
1053 5703 1069 5724 ,
1101 5675 1273 5730 neque
1300 5663 1496 5732 pluviis
1523 5664 1724 5737 indige-

141 5734 254 5792 bant
293 5751 348 5796 et
381 5745 558 5799 ventis
577 5753 632 5799 et
658 5749 780 5800 anni
815 5751 1140 5818 temporibus
1161 5794 1176 5820 ,
1220 5769 1327 5808 non
1357 5755 1487 5810 solis
1517 5734 1678 5812 radiis
1703 5801 1718 5826 ,

141 5843 235 5887 non
259 5847 422 5892 cursu
452 5837 595 5894 luna:
615 5881 632 5908 ,
674 5857 778 5896 nou
816 5844 954 5899 aeris
997 5856 1186 5901 natura
1210 5889 1226 5916 ,
1272 5864 1378 5904 non
1403 5849 1510 5904 ulla
1537 5849 1720 5920 hujus-

139 5927 269 5987 ωοάὶ
307 5947 370 5992 re
400 5936 546 6000 alia;
597 5947 704 5990 non
735 5950 912 5991 aream
941 5939 1309 6010 prmparabant
1331 5985 1344 6011 ,
1395 5958 1502 5999 non
1538 5944 1714 6011 fruges

1835 576 2181 644 triturabant,
2215 593 2321 632 non
2349 585 2540 631 ventos
2563 569 2945 628 desiderabant
2981 568 3049 625 ad
3094 567 3422 623 secernenda

1826 684 1988 740 grana
2017 684 2047 723 a
2081 669 2247 738 paleis
2265 710 2282 736 ,
2311 683 2417 722 non
2446 665 2642 722 molam
2673 664 2956 720 versabant
2981 703 2997 724 .
3025 677 3130 716 non
3157 660 3424 716 clibanum

1825 758 2160 814 aedificabant
2182 799 2198 825 ,
2246 774 2353 812 non
2383 759 2521 828 ligna
2549 767 2601 811 et
2627 757 2802 826 ignem
2831 755 3049 808 domum
3086 750 3390 806 inferebant
3411 790 3426 814 ,

1826 868 1932 909 non
1958 854 2185 924 panifica
2214 853 2441 923 egebant
2477 859 2593 906 arte
2615 891 2628 915 ,
2661 865 2767 904 non
2817 848 3050 918 ligonem
3084 845 3422 907 tractabant,

1825 961 1934 1001 non
1964 946 2150 1001 falcem
2177 947 2459 1011 acuebant,
2487 959 2593 998 non
2619 943 2796 1013 aliqua
2825 941 2927 995 alia
2956 939 3264 1010 indigebant
3289 946 3428 1001 arte,

1826 1040 2052 1092 textoria
2079 1076 2092 1100 ,
2144 1037 2358 1106 inquam
2384 1077 2400 1101 ,
2453 1034 2866 1090 architectonica
2893 1075 2908 1098 ,
2967 1042 3021 1086 ct
3058 1031 3258 1085 sutoria
3283 1043 3302 1084 ι
3332 1027 3430 1084 sed

1827 1131 2006 1184 omnia
2036 1130 2114 1184 eis
2141 1138 2257 1183 erat
2293 1129 2514 1182 verbum
2549 1127 2664 1181 Dei.
2715 1125 2953 1181 Mensam
2986 1123 3253 1179 habebant
3279 1137 3432 1193 para-

1832 1235 1938 1276 tam
1986 1240 2046 1277 cx
2099 1233 2371 1292 tempore,
2421 1223 2708 1277 sudoribus
2748 1234 2806 1277 et
2858 1221 3135 1276 laboribus
3182 1233 3428 1273 vacuam.

1828 1317 1957 1383 Ejus
1979 1317 2120 1370 enim
2145 1327 2345 1370 naturre
2368 1326 2484 1370 erat
2501 1329 2723 1379 manna;
2750 1329 2903 1373 nova.
2932 1327 3145 1376 recens,
3168 1325 3430 1382 nusquam

1832 1410 1960 1478 ipsis
1983 1410 2190 1479 negotia
2225 1407 2518 1472 facessens,
2549 1422 2722 1475 neque
2754 1405 2940 1459 labore
2967 1404 3283 1460 conficiens.
3313 1401 3433 1456 Jam

1830 1502 2149 1554 vestimenta
2193 1515 2378 1554 eorum
2422 1509 2473 1554 et
2504 1499 2669 1554 calcei
2714 1509 2765 1553 et
2793 1499 2904 1566 ipsa
2952 1497 3194 1567 corporis
3243 1503 3434 1549 natura

1830 1592 2228 1662 quodammodo
2255 1608 2366 1647 sum
2396 1592 2697 1662 fragilitatis
2729 1591 3182 1645 obliviscebantur
3235 1607 3248 1641 :
3297 1600 3435 1643 lem-

1833 1699 1961 1752 pore
1989 1685 2129 1738 enim
2160 1686 2229 1737 ita
2258 1685 2416 1754 longo
2445 1700 2616 1753 neque
2644 1684 2732 1738 illa
2765 1684 3076 1738 terebautur
3097 1722 3111 1747 ,
3140 1695 3314 1750 neque
3346 1694 3438 1749 pe-

1833 1777 1931 1830 des
1959 1791 2143 1830 corum
2169 1785 2246 1829 tot
2273 1786 2524 1845 tantaque
2553 1777 2678 1830 licet
2703 1776 2890 1829 itinera
2915 1772 3317 1829 decurrentium
3340 1785 3434 1825 oc-

1833 1869 2152 1922 calluerunt.
2194 1868 2518 1922 Medicorum
2543 1908 2560 1932 ,
2602 1866 2966 1921 remediorum
3018 1875 3337 1934 caetertnque
3384 1861 3437 1915 in

1835 1958 1934 2029 hac
1959 1967 2075 2013 arte
2110 1974 2252 2014 cura:
2292 1975 2360 2015 ne
2405 1961 2662 2014 memoria
2709 1957 2923 2027 quidem
2953 1955 3093 2026 apud
3135 1971 3230 2012 eos
3269 1963 3386 2010 erat
3421 1972 3435 2008 :

1835 2053 1971 2107 adeo
2001 2053 2157 2122 longe
2186 2051 2373 2108 aberat
2402 2033 2578 2106 omnis
2605 2048 2933 2105 invaletudo.
2974 2048 3167 2102 Eduxit
3197 2048 3327 2102 enim
3357 2062 3442 2100 eos

1835 2148 1888 2200 in
1917 2162 2043 2200 (mro
2069 2157 2114 2200 et
2139 2157 2376 2218 argento,
2423 2146 2626 2215 inquit;
2671 2156 2718 2198 et
2748 2162 2847 2199 non
2874 2154 2984 2199 erat
3011 2144 3063 2196 in
3094 2140 3316 2196 tribubus
3350 2157 3439 2194 co-

1835 2257 1949 2293 rum
1998 2239 2233 2307 inﬁrmus
2260 2237 2443 2310 (.Psal.
2489 2240 2612 2294 104.
2656 2237 2788 2309 57).
2821 2236 3019 2292 Verum
3066 2234 3216 2307 quasi
3253 2235 3444 2289 relicto

1837 2333 1940 2387 hoc
1963 2331 2163 2387 mundo
2188 2375 2203 2399 ,
2235 2341 2288 2386 et
2319 2332 2371 2386 in
2399 2331 2562 2386 alium
2592 2331 2870 2386 meliorem
2908 2329 3095 2385 orbem
3141 2327 3444 2383 inhabitan-

1837 2424 1960 2478 dum
1991 2424 2264 2490 translati,
2296 2425 2374 2479 sic
2402 2422 2758 2478 comedebant
2778 2465 2792 2486 ,
2825 2424 2905 2477 sic
2929 2421 3211 2484 bibebant,
3253 2434 3316 2475 ac
3340 2433 3444 2475 ne-

1837 2529 1941 2588 que
1966 2518 2103 2574 radii
2125 2517 2410 2573 calidiores
2440 2516 2616 2572 effecti
2647 2517 2822 2586 capita
2871 2516 3082 2570 illorum
3139 2513 3402 2569 feriebant
3427 2531 3439 2567 :

1837 2612 2241 2668 disterminabat
2267 2613 2409 2667 enim
2447 2611 2720 2666 flammam
2748 2610 2926 2666 nubes
2950 2609 3189 2680 undique
3226 2608 3442 2678 impen-

1838 2705 1972 2760 dens
1992 2747 2006 2767 ,
2053 2713 2108 2759 et
2134 2704 2384 2759 omnibus
2416 2704 2521 2758 illis
2551 2702 2765 2758 familiis
2795 2702 3070 2772 gestatorii
3110 2702 3234 2756 tecti
3277 2701 3446 2755 instar

1837 2806 1972 2852 erat.
2005 2796 2188 2866 Neque
2216 2812 2344 2852 vero
2371 2807 2531 2851 noctu
2561 2795 2675 2852 face
2708 2796 3022 2866 indigebant
3047 2809 3166 2864 quas
3193 2791 3447 2849 tenebras

1836 2889 2167 2955 discuteret,
2215 2889 2310 2943 sed
2341 2900 2458 2944 erat
2502 2889 2581 2943 eis
2621 2888 2870 2944 columna
2915 2888 3094 2958 ignis,
3146 2885 3266 2940 fons
3310 2885 3448 2940 lucis

1838 2982 2122 3038 ineffabilia
2153 2984 2202 3037 in
2227 2982 2498 3052 duplicem
2528 2997 2706 3048 usum,
2741 2992 2850 3036 tum
2881 2990 2938 3035 ut
2965 2981 3205 3045 luceret,
3237 2989 3349 3034 tum
3380 2987 3438 3033 ut

1841 3076 1942 3131 iter
1968 3076 2242 3146 dirigeret.
2273 3075 2457 3147 Neque
2489 3077 2630 3131 enim
2661 3075 2834 3130 lucida
2862 3074 3139 3129 dumtaxat
3165 3081 3318 3139 erat,
3350 3087 3444 3127 ve-

1837 3183 1954 3223 rum
1977 3169 2136 3222 etiam
2167 3168 2313 3223 omni
2345 3169 2445 3222 via:
2466 3169 2602 3222 duce
2631 3157 2832 3223 certius
2863 3166 3128 3221 infinitum
3156 3166 3304 3220 illum
3334 3179 3435 3235 po-

1839 3262 2021 3332 pulum
2047 3277 2142 3332 per
2167 3261 2509 3316 solitudinem
2539 3261 2685 3316 illam
2706 3259 2957 3316 ducebat.
2989 3259 3143 3314 Ibant
3171 3274 3276 3313 non
3300 3267 3442 3312 terra

1837 3354 2010 3409 solum
2035 3395 2049 3418 ,
2097 3353 2192 3409 sed
2217 3353 2377 3408 etiam
2419 3353 2553 3407 mari
2594 3353 2746 3423 quasi
2779 3362 2940 3406 terra.
2991 3352 3120 3406 Ausi
3149 3359 3272 3404 sunt
3301 3359 3445 3404 tran-

1838 3447 2097 3503 scendere
2126 3446 2259 3502 fines
2287 3456 2513 3512 naturae,
2541 3461 2662 3500 cum
2695 3447 2902 3501 saevum
2933 3444 3062 3499 illud
3085 3444 3307 3516 pelagus
3327 3459 3446 3497 am-

1838 3540 2119 3605 bularent,
2167 3541 2322 3610 quasi
2363 3554 2458 3610 per
2487 3539 2717 3594 solidam
2748 3554 2812 3594 ac
2839 3538 3047 3594 firmam
3088 3549 3294 3609 petram
3341 3539 3444 3594 iter

1839 3632 2112 3698 facerent;
2143 3647 2374 3704 cumque
2423 3633 2525 3687 illis
2571 3632 2898 3687 substratum
2937 3640 3083 3687 esset
3111 3631 3444 3687 elementum

1839 3723 1989 3790 illud,
2020 3723 2248 3779 solidam
2282 3735 2478 3779 terram
2503 3766 2517 3790 ,
2542 3739 2871 3794 camposque
2901 3726 3155 3792 supinos,
3195 3731 3250 3780 et
3285 3738 3448 3795 agros

1837 3817 2146 3872 imitabatur
2176 3835 2188 3870 :
2220 3832 2339 3871 cum
2368 3833 2496 3872 vero
2533 3816 2714 3871 hostes
2743 3818 3074 3886 excepisset,
3123 3817 3288 3872 maris
3324 3831 3444 3870 mu-

1837 3926 1939 3965 nus
1987 3911 2382 3981 exsequebatur
2423 3928 2437 3964 :
2487 3912 2589 3966 illis
2655 3910 2750 3964 fuit
2797 3910 3142 3977 vehiculum,
3199 3909 3444 3965 hostibus

1837 4003 2076 4074 ipsorum
2106 4004 2410 4074 sepulcrum
2436 4020 2450 4067 ;
2482 4003 2603 4058 illos
2634 4002 2794 4059 facile
2824 3989 3156 4067 transmisit,
3205 4002 3303 4058 hos
3330 4016 3446 4056 ma-

1835 4110 1938 4166 gna
1987 4111 2108 4152 cum
2154 4095 2496 4151 vehementia
2542 4095 2849 4150 submersit.
2891 4094 3231 4150 lnordinatus
3275 4108 3444 4165 aqua-

1836 4204 1954 4243 rum
1987 4189 2237 4258 impetus,
2268 4189 2506 4243 virorum
2535 4189 2744 4244 ratione
2768 4188 3114 4258 prmditorum
3135 4196 3292 4260 atque
3314 4204 3444 4260 pru-

1835 4279 2274 4335 dentissimorum
2302 4280 2546 4335 ordinem
2572 4289 2625 4334 et
2651 4280 3011 4334 obedientiam
3052 4295 3162 4349 prie
3191 4266 3256 4335 se
3295 4278 3442 4336 fere.

1835 4373 1947 4439 bat,
1975 4372 2219 4442 eumjam
2247 4371 2505 4439 custodis,
2527 4373 2637 4442 jam
2665 4373 2932 4427 carnificis
2950 4374 3120 4428 vicem
3140 4373 3436 4438 obtineret,

1835 4481 2048 4536 unoque
2075 4465 2161 4521 die
2192 4466 2461 4521 contraria
2499 4473 2722 4535 repente
2758 4472 3060 4535 prmstaret.
3110 4465 3248 4532 Quid
3292 4479 3444 4521 com-

1835 4573 2130 4613 memorem
2161 4569 2340 4629 petras
2360 4599 2374 4623 ,
2406 4574 2526 4627 quae
2564 4558 2758 4613 ﬂuvios
2793 4556 3100 4613 effuderunt
3137 4559 3440 4629 aquarum?

1834 4652 1960 4722 quid
2005 4650 2174 4705 nubes
2218 4651 2495 4706 volucrum
2523 4692 2537 4716 ,
2607 4666 2724 4721 qua:
2765 4665 3054 4722 corporum
3099 4650 3440 4706 multitudine

1836 4747 1999 4797 totam
2047 4751 2243 4796 terram
2296 4742 2586 4797 texerunt?
2632 4743 2758 4811 quid
2805 4743 3064 4797 miracula
3121 4751 3329 4813 patrata
3383 4743 3436 4797 in

1834 4833 2103 4906 Egypto?
2129 4834 2252 4903 quid
2277 4833 2513 4905 prodigia
2540 4849 2658 4904 qua:
2675 4835 3015 4904 contigerunt
3037 4835 3088 4889 in
3101 4834 3436 4889 solitudine?

1835 4926 1962 4995 quid
1995 4936 2195 4996 troprea
2232 4935 2286 4980 et
2312 4927 2619 4983 incruentas
2645 4927 2932 4981 victorias?
2961 4925 3256 4996 Tamquam
3289 4925 3435 4981 enim

1833 5017 2058 5072 choreas
2087 5019 2364 5082 ducerent,
2398 5033 2504 5074 non
2535 5019 2735 5074 bellum
2757 5029 3041 5090 gererent,
3071 5019 3141 5074 ita
3173 5020 3432 5075 adversa-

1832 5111 1943 5165 rios
1967 5110 2317 5165 domuerant.
2351 5113 2427 5166 Ac
2451 5111 2699 5166 dominos
2726 5111 2943 5180 quidem
2973 5127 3099 5167 suos
3125 5112 3245 5167 sine
3267 5113 3436 5168 armis

1833 5213 2189 5274 superarunt;
2230 5206 2320 5276 qui
2349 5219 2480 5260 vero
2506 5216 2654 5261 extra
2681 5205 2974 5278 Egyptum
3021 5222 3145 5261 cum
3178 5207 3307 5277 ipsis
3337 5222 3435 5276 pu.

1832 5307 2094 5368 gnarunt,
2141 5312 2236 5352 eos
2273 5297 2412 5353 tubis
2438 5298 2682 5354 canendo
2727 5298 3111 5369 psallendoque
3147 5300 3387 5354 vicerunt
3421 5316 3431 5353 :

1833 5405 2029 5458 resque
2052 5390 2161 5455 illa,
2194 5389 2390 5445 chorea
2421 5392 2598 5462 potius
2624 5401 2741 5447 erat
2770 5377 2929 5462 quam
2954 5391 3176 5457 bellum,
3206 5391 3433 5446 initiatio

1829 5485 2007 5552 potius
2033 5498 2190 5552 quam
2222 5498 2420 5553 pugna.
2444 5482 2632 5538 Omnia
2662 5498 2893 5554 namque
2925 5486 3024 5539 ista
3051 5485 3291 5556 prodigia
3321 5501 3426 5539 non

1829 5575 1899 5627 ob
1930 5573 1980 5627 id
2028 5575 2202 5628 solum
2251 5573 2563 5628 acciderunt
2601 5583 2660 5628 ut
2709 5575 2788 5629 eis
2829 5575 3191 5631 necessarium
3231 5574 3432 5630 ferrent

1829 5668 2165 5733 subsidium,
2219 5684 2405 5723 verum
2446 5678 2504 5722 ut
2546 5668 2845 5724 doctrinam
2873 5684 3084 5738 quoque
3111 5668 3432 5738 cognitionis

1829 5759 1946 5825 Dei,
1973 5776 2071 5828 qua
2096 5774 2188 5813 eos
2210 5758 2418 5830 Moyses
2441 5760 2760 5827 instituerat,
2792 5762 2990 5814 certius
3009 5769 3429 5824 eonservarent;

1829 5855 2060 5922 undique
2113 5868 2272 5908 voces
2314 5853 2646 5918 edebantur,
2692 5867 2810 5922 qua:
2856 5851 3138 5906 Dominum
3167 5851 3429 5921 praedica-

1830 5956 1966 6003 rcnt.
2002 5947 2126 6003 ll.rc
2156 5947 2298 6004 enim
2326 5962 2475 6003 mare
2503 5946 2875 6012 declamabat,
2928 5960 3048 6000 cum
3091 5960 3231 5999 nunc
3256 5943 3427 6015 pede-
