4142 6510
719 443 823 499 475

719 560 811 611 stri
860 560 1044 615 itinere
1087 561 1436 631 trajiceretnr,
1467 576 1606 614 nunc
1644 561 1708 615 ad
1751 560 2015 627 ingenium
2057 559 2295 620 rediret;

718 651 853 704 1ι.ιιιρ
883 667 1062 706 vocem
1085 652 1311 708 edebant
1343 654 1496 707 unda:
1519 653 1615 707 Nili
1644 654 1694 706 in
1720 651 2028 720 sanguinem
2059 659 2294 713 mutatm,

717 756 859 794 rana:
885 789 899 811 ,
935 744 1250 797 locustarum
1285 744 1373 797 ille
1401 745 1694 805 exercitus,
1722 758 1896 796 cruea‘.
1918 784 1933 805 ,
1980 751 2035 795 et
2080 740 2294 811 rubigo,

719 831 996 886 bmemnni
1044 836 1236 903 populo
1274 836 1663 905 loquebamur:
1707 833 1942 903 prodigia
1985 847 2196 903 quoque
2243 832 2294 885 in

715 924 1030 988 solitudine,
1067 941 1293 991 manna,
1338 927 1611 987 columna,
1655 925 1854 990 nubes,
1898 933 2290 995 ortygometra,

713 1025 904 1067 ca-tera
936 1019 1111 1070 omnia
1138 1019 1346 1074 fuerunt
1374 1018 1452 1074 cis
1482 1018 1593 1072 vice
1620 1016 1736 1071 libri
1763 1026 1816 1071 ct
1842 1014 2145 1080 literarum,
2176 1031 2295 1085 qum

708 1119 1007 1174 numquam
1022 1107 1290 1168 delentur.
1310 1125 1431 1164 cum
1454 1110 1764 1165 memoriam
1791 1108 1869 1165 eis
1894 1108 2129 1178 quotidie
2145 1108 2295 1163 retri-

711 1213 932 1265 carent,
973 1212 1027 1255 et
1072 1204 1305 1271 ipsorum
1336 1203 1514 1255 animo
1544 1203 1869 1257 insonarent.
1921 1202 2290 1257 Verumtamen

711 1304 829 1361 post
862 1304 1057 1347 laniant
1090 1306 1301 1366 tamque
1346 1296 1691 1365 multiplicem
1740 1295 2127 1363 provisionetn,
2175 1307 2293 1365 post

713 1385 993 1438 ineliabilia
1024 1387 1104 1439 illa
1136 1386 1410 1453 beneﬁcia,
1438 1396 1554 1456 post
1577 1396 1716 1439 tanta
1747 1385 2016 1448 miracula,
2043 1393 2162 1454 post
2183 1387 2292 1440 ine-

711 1476 1029 1530 narrabilem
1060 1492 1243 1531 curam
1264 1519 1277 1539 ,
1311 1489 1428 1548 post
1478 1478 1687 1547 longam
1719 1475 2100 1532 institutionem
2120 1520 2134 1543 ,
2175 1488 2291 1546 post

712 1570 1115 1624 instructionem
1142 1570 1444 1635 verborum,
1468 1582 1586 1641 post
1606 1573 2031 1626 adhortationem
2056 1573 2286 1640 ipsarum

709 1676 916 1725 rerum,
958 1673 1077 1733 post
1104 1664 1333 1734 insignes
1358 1664 1603 1719 victorias
1623 1704 1636 1729 ,
1667 1674 1786 1733 post
1815 1664 2147 1718 admirabilia
2179 1673 2286 1718 tro-

710 1768 839 1819 pica,
907 1767 1021 1821 post
1049 1755 1305 1809 lautitiam
1332 1770 1636 1810 mensarum
1659 1795 1674 1818 ,
1710 1765 1825 1823 post
1853 1755 2147 1809 ubertatem
2177 1756 2288 1810 illa-

708 1858 823 1895 rmn
856 1860 1109 1913 aquarum
1138 1888 1150 1906 ,
1196 1855 1314 1914 post
1344 1846 1660 1901 ineffabilem
1688 1847 1928 1913 gloriam,
1962 1861 2121 1915 quam
2147 1847 2285 1915 apud

708 1931 979 1987 hominum
1024 1950 1190 2003 genus
1231 1937 1533 1991 universum
1574 1936 1782 1991 fuerant
1820 1937 2169 2006 consequuti,
2200 1938 2285 1991 in-

704 2025 836 2089 grati
863 2033 918 2077 et
944 2025 1135 2094 stupidi
1167 2040 1286 2079 cum
1318 2037 1525 2086 essent,
1569 2028 1784 2079 vitulum
1813 2026 2200 2095 adoraverunt,
2232 2038 2289 2085 et

707 2111 857 2167 bovis
883 2124 1041 2181 caput
1065 2115 1363 2179 coluerunt,
1391 2116 1624 2186 deosque
1654 2116 1753 2170 sibi
1786 2116 1893 2169 ﬁeri
1926 2120 2283 2188 postularunt,

704 2218 823 2256 cum
853 2206 1085 2259 recentia
1135 2206 1509 2261 beneﬁciorum
1557 2208 1646 2261 Dei
1678 2209 1727 2261 in
1769 2207 2001 2279 AZgypto
2034 2222 2282 2281 accepto-

705 2310 820 2349 rum
844 2308 1187 2352 tnonumenta
1220 2307 1478 2361 tenerent,
1511 2314 1571 2353 ac
1597 2300 1773 2353 multis
1793 2302 1949 2354 etiam
1976 2301 2093 2355 aliis
2112 2303 2283 2359 adhuc

706 2386 1029 2443 fruerentur.

778 2485 863 2537 Η.
914 2483 1069 2537 Aliud
1098 2486 1375 2553 exemplum
1402 2484 1739 2539 Ninivitarum
1767 2488 2032 2553 conﬁrmat
2058 2489 2283 2560 afﬂictio-

702 2594 789 2631 ncs
818 2578 1007 2631 homini
1027 2595 1199 2632 nocere
1225 2596 1324 2632 non
1352 2596 1515 2649 posse.
1543 2611 1613 2619 -—
1638 2580 1984 2635 Ninivitarum
2032 2598 2157 2637 vero
2193 2599 2284 2652 po-

704 2671 879 2741 pulus,
914 2672 1166 2726 barbarus
1202 2688 1320 2726 cum
1343 2683 1486 2728 esset
1512 2684 1669 2743 atque
1699 2674 2016 2743 alienigena,
2044 2675 2285 2746 nihilque

704 2762 891 2817 horum
920 2764 1299 2833 participasset,
1334 2779 1437 2819 non
1470 2780 1708 2835 parvmn,
1745 2782 1847 2819 non
1876 2781 2142 2835 magnum,
2178 2782 2283 2822 non

700 2856 990 2921 orationes,
1024 2872 1127 2909 non
1161 2857 1433 2924 miracula,
1469 2872 1571 2910 non
1606 2872 1718 2921 res,
1753 2871 1857 2911 non
1888 2858 2041 2911 verba
2071 2875 2083 2921 ;
2118 2857 2281 2913 vidis-

699 2959 885 3019 setque
911 2949 1177 3003 hominem
1199 2964 1263 3002 ex
1288 2948 1556 3019 naufragio
1577 2958 1968 3009 eonset'vatttm,
1992 2965 2280 3020 numquam

699 3057 881 3095 secum
912 3050 1068 3096 antea
1095 3051 1394 3105 versatum,
1428 3041 1521 3095 sed
1556 3052 1662 3095 tum
1692 3041 1916 3111 primum
1949 3044 2116 3097 visum
2146 3086 2160 3109 ,
2203 3045 2282 3099 in-

696 3149 973 3203 gressum,
1014 3147 1077 3188 ac
1110 3133 1373 3188 dicentem
1418 3151 1429 3185 :
1479 3132 1659 3185 Adhuc
1702 3144 1798 3187 tres
1828 3134 1968 3199 dies,
2015 3146 2062 3187 et
2101 3133 2284 3190 Ninive

694 3226 1001 3279 subvertetur
1031 3223 1187 3296 (Ion.
1221 3225 1271 3278 5.
1305 3223 1369 3293 4)
1405 3241 1418 3277 :
1449 3223 1583 3279 adeo
1610 3223 1766 3278 nudis
1789 3223 1935 3280 hisce
1962 3224 2137 3281 verbis
2164 3241 2285 3281 mu-

696 3318 789 3373 tati
816 3333 877 3373 ae
903 3318 1151 3373 meliores
1182 3316 1301 3372 iacti
1323 3326 1445 3372 sunt
1470 3356 1485 3382 ,
1534 3325 1587 3371 ct
1616 3315 1853 3386 deposita
1881 3318 2043 3387 priori
2079 3319 2282 3375 vitiosi-

694 3404 802 3465 tate
847 3410 912 3465 ad
957 3411 1202 3466 virtutem
1231 3426 1326 3481 per
1362 3409 1728 3480 ptenitentiatn
1759 3409 2180 3473 contenderunt,
2224 3423 2279 3467 ut

695 3505 967 3558 decretum
999 3503 1092 3557 Dei
1119 3513 1446 3567 revocarent,
1482 3511 1755 3558 nutantem
1788 3502 1972 3558 urbem
2004 3504 2273 3571 sisterent,

696 3596 947 3648 divinitus
978 3594 1365 3664 impendentem
1404 3594 1534 3647 iram
1581 3594 1983 3663 propulsarent,
2028 3596 2278 3666 omnique

694 3687 981 3742 afﬂictione
1012 3686 1381 3742 liberarentur.
1418 3686 1551 3739 Vidit
1576 3687 1715 3741 enim
1754 3686 1907 3749 Deus,
1944 3687 2131 3757 inquit,
2158 3692 2276 3750 quia

696 3798 897 3835 aversus
934 3790 1008 3834 est
1037 3780 1377 3850 unusquisque
1418 3780 1480 3834 de
1500 3780 1578 3833 via
1605 3796 1697 3833 sua
1726 3779 1862 3833 mala
1883 3822 1898 3843 ,
1940 3790 1985 3833 et
2012 3797 2278 3835 conversus

694 3885 765 3929 est
794 3875 862 3927 ad
894 3872 1163 3927 Dominum
1194 3872 1297 3943 (Ib.
1332 3873 1523 3942 v.40).
1552 3872 1830 3941 Quomodo
1852 3887 2143 3927 conversus
2173 3883 2275 3939 est,

692 3967 779 4021 dic
808 3967 976 4019 mihi?
1006 3966 1165 4033 Atqui
1197 3981 1382 4035 magna
1416 3980 1603 4018 eorum
1625 3972 1741 4018 erat
1764 3964 1993 4026 malitia,
2032 3964 2277 4019 ineffabi-

695 4059 767 4112 lis
796 4058 1051 4127 nequitia,
1083 4057 1257 4111 ulcera
1297 4064 1481 4112 curatu
1510 4055 1740 4111 difﬁcilia
1764 4073 1777 4120 ;
1810 4056 1967 4127 idque
1995 4067 2048 4110 ut
2076 4058 2276 4111 iudica-

692 4159 776 4205 ret
803 4150 1059 4219 propheta
1085 4190 1095 4209 ,
1125 4148 1257 4203 divit
1285 4166 1296 4201 :
1331 4148 1566 4203 Ascendit
1595 4148 1789 4202 malitia
1816 4164 1989 4203 eorum
2029 4166 2184 4219 usque
2210 4151 2279 4203 ad

692 4243 869 4294 arium
897 4239 1041 4311 (Jan.
1071 4242 1122 4294 1.
1150 4240 1207 4309 2)
1235 4259 1247 4292 :
1280 4240 1525 4296 distantia
1566 4239 1666 4295 loci
1712 4240 2129 4309 magnitudinem
2162 4258 2277 4297 uta-

694 4337 820 4390 litia:
860 4337 1093 4404 ipsorum
1141 4334 1475 4404 signiﬁcavit.
1515 4334 1619 4389 Sed
1654 4344 1827 4389 tamen
1862 4344 2057 4389 tantam
2089 4338 2273 4404 nequi-

696 4432 851 4495 tiam,
886 4443 1053 4497 usque
1078 4427 1211 4481 adeo
1235 4428 1427 4481 elatam
1457 4437 1506 4481 et
1536 4426 1816 4481 exaltatam
1837 4468 1852 4490 ,
1900 4437 1957 4480 ut
1994 4428 2060 4481 ad
2088 4428 2274 4483 emtum

690 4534 902 4589 quoque
938 4520 1291 4589 pertingeret,
1336 4518 1500 4572 tribus
1548 4517 1769 4581 diebus,
1821 4518 1966 4571 brevi
2018 4518 2273 4587 temporis

695 4620 984 4674 momento,
1016 4612 1196 4679 paucis
1222 4611 1420 4675 verbis,
1452 4625 1569 4679 qua:
1596 4609 1663 4663 ab
1693 4623 1798 4663 uno
1829 4609 2044 4662 homine
2066 4610 2279 4663 audive-

695 4711 813 4755 rant
838 4744 850 4764 ,
885 4704 1083 4770 ignoto,
1118 4701 1325 4770 hospite
1348 4743 1362 4764 ,
1407 4700 1737 4768 naulragium
1766 4713 1921 4767 passo
1944 4740 1957 4760 ,
1993 4701 2059 4753 ita
2104 4702 2280 4769 prolli-

692 4802 951 4864 gavcrunt
973 4833 987 4857 ,
1021 4794 1089 4845 ita
1118 4791 1465 4846 aboleverunt
1485 4831 1501 4855 ,
1550 4791 1617 4843 ita
1649 4806 1679 4844 e
1710 4790 1886 4845 medio
1914 4791 2275 4856 sustulerunt,

696 4896 753 4939 ut
784 4884 874 4938 tali
902 4898 1032 4938 voce
1057 4892 1430 4939 recrearentur
1462 4901 1475 4935 :
1515 4880 1651 4935 Vidit
1681 4880 1813 4935 Dens
1839 4884 1957 4950 quia
1977 4898 2179 4936 aversus
2208 4894 2280 4937 est

691 4976 1035 5045 unusquisque
1074 4974 1137 5028 de
1173 4974 1254 5028 via
1290 4990 1382 5029 sua
1422 4973 1558 5026 mala
1582 5015 1597 5036 ,
1639 4983 1686 5026 et
1731 4974 1961 5043 paenituit
1991 4990 2103 5027 eum
2130 4991 2281 5044 super

691 5070 886 5123 malitia
906 5110 921 5135 ,
949 5084 1101 5136 quam
1129 5068 1359 5139 loquutus
1385 5072 1550 5139 fuerat
1580 5065 1716 5120 Deus
1746 5077 1799 5119 ut
1838 5066 2022 5134 faceret
2068 5067 2156 5119 ris.
2193 5066 2280 5122 Vi-

695 5161 863 5215 desne
883 5159 1119 5215 sobrium
1143 5176 1205 5213 ac
1228 5160 1527 5230 vigilantem
1559 5174 1663 5211 non
1694 5157 1851 5211 modo
1877 5156 1945 5211 ab
1976 5157 2279 5213 hominibus

693 5269 799 5309 non
826 5253 946 5307 lmdi
971 5293 988 5318 ,
1033 5268 1219 5306 verum
1246 5253 1405 5307 etiam
1447 5254 1575 5305 iram
1604 5251 1854 5304 divinitus
1883 5251 2276 5320 impendentem

690 5347 977 5403 avertere?
1008 5346 1096 5416 qui
1124 5361 1250 5401 vero
1286 5344 1628 5412 semetipsum
1660 5343 1847 5413 prodat
1875 5357 1937 5397 ac
1970 5344 2146 5409 ltedat,
2179 5344 2278 5397 etsi

693 5440 898 5495 inﬁnita
930 5438 1155 5508 accipiat
1184 5435 1435 5491 beneﬁcia
1458 5477 1471 5499 ,
1507 5451 1611 5488 non
1640 5436 1862 5489 multum
1890 5435 2019 5503 lucri
2052 5434 2277 5489 facere?

692 5533 779 5587 Sic
804 5532 943 5586 enim
967 5545 1140 5599 neque
1167 5529 1271 5583 illis
1299 5524 1609 5597 profuerunt
1638 5535 1778 5581 tanta
1806 5535 2069 5596 portenta,
2108 5542 2279 5596 neque

696 5623 777 5676 his
808 5620 976 5675 obfuit
1005 5619 1191 5673 iisdem
1224 5618 1460 5673 caruisse
1490 5636 1500 5670 :
1533 5634 1712 5670 verum
1743 5632 1863 5672 cum
1890 5628 2071 5671 natura
2106 5618 2279 5673 forent

694 5712 903 5767 candidi
929 5755 943 5777 ,
974 5712 1222 5780 exiguum
1251 5711 1391 5764 nacti
1420 5717 1742 5762 momentum
1766 5750 1779 5774 ,
1814 5709 2063 5763 meliores
2088 5724 2274 5763 evase-

693 5818 816 5865 runt
847 5850 861 5873 ,
907 5821 1225 5879 quamquam
1272 5805 1479 5861 barbari
1530 5813 1582 5857 ct
1628 5804 1935 5873 alienigena:
1965 5845 1979 5869 ,
2027 5804 2276 5858 inauditis

695 5904 939 5960 amnibus
960 5902 1152 5957 divinis
1174 5900 1422 5965 oraculis,
1447 5899 1705 5970 longeque
1726 5913 1754 5952 τι
1778 5898 2055 5953 Ραιιιεδιίιια
2076 5897 2271 5954 dissiti.

1397 444 1447 494 S.
1492 439 1765 495 Jtt.\.‘i.\'l?~
1798 434 2264 495 CIIRYSOSTOSII
2308 431 2612 491 ARCIIIEP.
2655 436 3181 494 CthSTANTlNUl’.

3888 437 3998 493 $76

2483 559 2568 615 l5.
2599 559 2669 611 De
2700 560 2856 614 tribus
2881 564 3049 629 pueris
3085 558 3307 613 Dunictis
3339 578 3499 613 sortis.
3533 591 3597 600 μ·
3624 556 3759 625 Quid
3790 576 3920 615 vero
3945 563 3999 615 it-

2408 649 2576 701 lorum
2628 651 2782 703 trium
2832 665 3122 720 puerorum
3149 692 3162 711 ,
3214 649 3299 705 die
3330 649 3493 716 mihi,
3524 649 3701 705 virtuti
3730 664 3992 721 superve-

2406 740 2605 795 nientia
2638 741 2776 794 mala
2820 740 3378 796 oll'cceruntiAnnon
3410 740 3584 796 adhuc
3622 740 3849 810 juvenes
3874 783 3889 806 ,
3938 752 3997 795 ct

2403 832 2685 887 admodum
2714 832 2924 903 quidem
2946 833 3193 901 juvenes,
3226 833 3277 887 in
3323 832 3601 887 immatura
3628 840 3785 886 mtate
3829 848 3995 902 grave.

2408 925 2537 977 illud
2570 926 2780 979 subiere
2803 927 3119 995 supplicium
3148 935 3203 981 et
3229 926 3614 995 captivitatem,
3652 924 3860 994 longam
3895 940 3992 993 pe-

2405 1017 2814 1085 regrinatioacm
2843 1016 3163 1085 peregrinati
3205 1024 3328 1071 sunt
3354 1030 3383 1069 a
3410 1017 3577 1086 patria
3603 1057 3618 1081 ,
3647 1015 3827 1080 domo,
3860 1024 3994 1067 tem~

2403 1107 2509 1175 plu,
2540 1108 2713 1171 altari,
2746 1108 3041 1171 sacriﬁciis,
3077 1108 3431 1163 oblationibus
3454 1148 3469 1174 ,
3500 1107 3843 1162 Iibationibus
3873 1148 3889 1169 ,
3921 1107 3995 1159 ab

2401 1199 2515 1267 ipso
2544 1214 2753 1270 quoque
2780 1200 3104 1269 psalmorum
3124 1209 3306 1261 cantu,
3335 1200 3423 1253 ubi
3464 1200 3515 1253 in
3547 1199 3775 1253 alienam
3808 1198 3989 1267 regio-

2400 1309 2518 1347 nem
2547 1303 2800 1347 vcnernut
2832 1334 2845 1355 ,
2889 1292 3119 1360 separati
3149 1292 3315 1345 sunt?
3348 1290 3465 1345 Non
3505 1290 3647 1363 enim
3678 1289 3877 1344 donms
3907 1290 3992 1340 vis

2397 1383 2675 1439 dumtaxat
2704 1399 2821 1438 cam
2852 1384 2921 1437 ob
2960 1398 3174 1437 causam
3208 1382 3477 1437 inaccessa
3510 1389 3643 1445 erat,
3673 1380 3768 1435 sed
3817 1378 3989 1435 multa

2396 1490 2604 1545 quoque
2627 1476 2788 1529 divini
2819 1476 2990 1528 cultus
3016 1489 3233 1544 genera.
3267 1476 3459 1527 Annon
3488 1470 3839 1526 barbarorum
3872 1484 3990 1523 ma-

2396 1570 2550 1624 nibus
2576 1569 2740 1624 dediti
2768 1578 2911 1635 sunt,
2943 1568 3080 1637 lupis
3133 1566 3312 1638 potius
3358 1579 3519 1635 quam
3557 1563 3863 1619 hominibus
3888 1606 3903 1630 ,
3933 1574 3990 1615 et

2393 1662 2534 1732 quod
2556 1670 2637 1716 est
2666 1661 3061 1730 gravissimum,
3094 1660 3144 1713 in
3171 1670 3275 1713 tam
3301 1658 3458 1728 longe
3484 1657 3726 1712 dissitam
3769 1672 3833 1712 ac
3865 1657 3988 1711 bar-

2394 1756 2574 1809 baram
2606 1755 2818 1819 abducti
2851 1764 3068 1817 terram,
3125 1762 3180 1807 ct
3208 1752 3520 1807 servitutem
3548 1752 3915 1822 gravissimam
3945 1754 3987 1814 ι,

2393 1866 2499 1904 non
2522 1850 2831 1919 magistrum
2865 1847 3132 1903 habebant
3155 1889 3169 1910 ,
3204 1863 3308 1900 non
3338 1846 3673 1916 prophetam,
3702 1862 3810 1900 non
3841 1848 3990 1915 prin-

2390 1941 2563 2010 cipem
2589 1941 2613 1994 ?
2645 1938 2765 1993 Non
2809 1940 2950 1994 enim
2994 1948 3068 1994 est
3095 1979 3110 2005 ,
3142 1939 3330 2009 inquit,
3363 1938 3598 2008 princeps
3621 1978 3637 2002 ,
3670 1954 3831 2006 neque
3861 1954 3989 2005 pre—

2392 2035 2562 2105 plteta,
2584 2048 2740 2102 neque
2764 2031 2891 2096 dux,
2922 2046 3079 2103 neque
3108 2030 3246 2083 locus
3273 2028 3598 2095 sacriﬁcandi
3619 2043 3792 2079 eorum
3822 2037 3870 2079 te
3892 2070 3904 2087 ,
3942 2037 3988 2078 (ἶ

2389 2124 2674 2179 inveniendi
2704 2123 3101 2177 miscricordiam
3123 2120 3285 2190 (Dan.
3340 2121 3389 2174 5.
3425 2120 3538 2187 38).
3571 2119 3708 2188 Quin
3739 2120 3903 2173 etiam
3936 2124 3988 2171 iu

2391 2218 2609 2273 domum
2641 2216 2865 2286 regiam,
2913 2222 3185 2284 tamquam
3219 2214 3267 2265 in
3299 2213 3579 2281 scopulum
3604 2213 3894 2282 quemdam
3926 2229 3988 2265 τις

2390 2308 2759 2380 przecipitium,
2796 2316 2850 2361 ct
2891 2306 3108 2375 pelagus
3153 2306 3296 2359 saxis
3318 2306 3587 2374 pctrisque
3613 2308 3712 2358 sub
3739 2320 3876 2373 aqua
3911 2306 3958 2357 la

2392 2401 2626 2459 tentibus
2658 2399 2935 2465 refertum,
2971 2397 3255 2453 introducti
3288 2409 3432 2461 sunt,
3462 2399 3577 2451 sine
3600 2396 3985 2468 gubernatore,

2388 2497 2504 2550 sine
2525 2501 2758 2563 proreta,
2777 2492 2892 2545 sine
2925 2490 3118 2553 nautis,
3142 2489 3257 2542 sine
3280 2488 3429 2551 velis,
3461 2502 3661 2542 s:evum
3691 2487 3815 2540 illud
3837 2505 3985 2542 mar.-

2390 2589 2639 2659 navigare
2662 2584 2867 2647 coacti;
2898 2592 3057 2653 atque
3087 2583 3138 2637 in
3170 2583 3287 2636 aula
3308 2583 3447 2651 regia
3475 2592 3741 2651 tamquam
3772 2582 3824 2633 in
3868 2598 3988 2635 car-

2389 2698 2513 2739 cere
2543 2683 2749 2738 inelusi.
2774 2684 2905 2739 Cum
2927 2684 3069 2739 enim
3096 2680 3459 2753 philosophari
3483 2689 3724 2737 nossent.
3753 2690 3805 2735 ct
3826 2681 3990 2733 rebus

2388 2774 2733 2829 ozecularibus
2763 2784 2943 2829 essent
2962 2774 3287 2843 superiores,
3313 2787 3527 2826 onmem
3558 2786 3769 2841 quoque
3794 2771 3956 2823 buma
3978 2802 3989 2810 θ

2388 2882 2514 2924 num
2563 2866 2755 2921 fastum
2793 2866 3219 2929 coneulcassent,
3253 2864 3468 2933 alasque
3500 2864 3600 2917 sibi
3633 2864 3777 2917 leves
3802 2864 3983 2916 reddi-7

2388 2958 2619 3023 dissent,
2653 2960 3018 3012 accessionem
3077 2958 3335 3011 malorum
3364 2956 3525 3010 etiam
3570 2956 3713 3008 illam
3744 2970 3963 3010 conuno

2388 3052 2647 3105 rationem
2671 3064 2789 3105 esse
2818 3048 3209 3104 existimabant.
3242 3047 3296 3103 Si
3320 3049 3463 3102 enim
3494 3047 3621 3101 iuris
3651 3046 3899 3109 fuissent,
3934 3060 3988 3101 et

2389 3143 2441 3197 in
2472 3142 2632 3197 domo
2676 3143 2878 3210 privata
2905 3184 2919 3206 ,
2951 3140 3136 3209 majori
3179 3140 3422 3195 libertate
3480 3138 3689 3193 b'nituri
3720 3149 3875 3193 erant
3900 3158 3910 3192 :
3933 3150 3988 3193 at

2388 3248 2519 3289 vero
2547 3232 2837 3287 introducti
2881 3232 2932 3286 in
2990 3232 3135 3286 illum
3168 3246 3438 3285 carcerem
3466 3232 3717 3299 (carcere
3754 3246 3987 3299 namque

2386 3342 2599 3381 omnem
2631 3325 2771 3379 illam
2793 3323 3095 3393 splendoris
3124 3332 3177 3378 et
3207 3323 3616 3392 tmigniﬁeemim
3646 3322 3907 3390 speciem,
3927 3332 3982 3375 et

2385 3418 2692 3489 pra-cipitiis
2723 3418 3063 3487 sc0pu|isque
3094 3416 3261 3471 nihilo
3291 3416 3583 3470 censebant
3634 3432 3757 3471 esse
3789 3417 3985 3471 melio~

2386 3512 2550 3579 rem),
2579 3510 2835 3565 continuo
2861 3523 3075 3577 gravem
3104 3507 3469 3561 difﬁcultatem
3503 3507 3833 3562 sustinuere.
3864 3507 3977 3561 Res

2384 3606 2650 3659 cnimeos
2691 3602 2832 3656 illius
2884 3599 3218 3669 voluptuosa:
3271 3599 3603 3668 impuneque
3652 3607 3707 3652 et
3749 3600 3986 3667 proianzr

2385 3708 2583 3749 mensze
2625 3708 2734 3745 sum
2771 3692 2928 3759 jussit
2963 3705 3081 3744 esse
3132 3689 3309 3744 socios
3334 3730 3347 3753 ,
3382 3688 3431 3743 id
3477 3688 3618 3757 quod
3655 3689 3736 3745 eis
3764 3689 3987 3744 interdi-

2384 3795 2528 3839 ctum
2548 3793 2681 3848 erat,
2716 3794 2770 3838 et
2811 3792 2985 3837 morte
3014 3782 3226 3852 gravius
3256 3780 3534 3836 videbatur
3567 3799 3580 3835 :
3615 3796 3677 3834 ac
3708 3782 3809 3835 Soli
3838 3783 3983 3836 velut

2385 3877 2503 3947 agni
2531 3877 2583 3929 in
2623 3875 2897 3931 mediotm
2927 3874 3169 3944 luporum
3195 3882 3347 3928 erant
3369 3874 3577 3927 inclusi.
3613 3873 3850 3929 Necesse
3867 3889 3985 3929 erat

2386 3976 2475 4021 aut
2522 3968 2657 4021 tame
2701 3966 2991 4027 tabescere,
3030 3966 3137 4019 imo
3168 3980 3294 4020 vero
3344 3964 3411 4041 pd
3456 3974 3684 4018 mortem
3716 3967 3851 4034 rapi,
3892 3979 3986 4018 aut

2387 4060 2652 4133 prohibita
2696 4060 2870 4114 edulia
2918 4059 3223 4127 degustare.
3254 4057 3391 4123 Quid
3423 4072 3551 4127 ergo
3584 4057 3787 4112 faciunt
3829 4060 3983 4126 juve-

2388 4169 2503 4218 nes,
2532 4153 2785 4223 orphani,
2836 4152 3053 4221 captivi,
3095 4153 3381 4221 peregrini,
3435 4152 3572 4205 servi
3618 4151 3833 4204 illorum
3890 4170 3981 4220 qn:

2385 4243 2501 4299 hmo
2532 4242 2901 4312 imperabant?
2932 4241 3045 4296 Non
3065 4242 3443 4296 existimarunt
3467 4244 3851 4296 necessitatem
3877 4247 3981 4297 sibi

2384 4334 2449 4387 ad
2481 4336 2881 4388 excusationem
2914 4332 3163 4387 Sllnlt‘t'l‘t‘
3189 4376 3203 4394 ,
3248 4349 3421 4403 neque
3450 4334 3788 4403 tyrannidem
3820 4335 3937 4403 ejus
3967 4379 3979 4391 .

2384 4426 2471 4494 qui
2522 4427 2707 4480 urbem
2777 4425 3215 4488 obtinebat;scd
3279 4426 3456 4479 omnia
3536 4426 3981 4479 machinabantw-

2388 4519 2870 4587 moliebanturque,
2915 4528 2972 4571 ut
3022 4528 3301 4588 peccatum
3328 4517 3644 4585 ellugerent,
3676 4520 3824 4571 omni
3860 4519 3981 4571 lin-1

2385 4628 2449 4668 ex
2477 4622 2627 4683 parte
2652 4611 2871 4667 deserti.
2901 4610 3082 4681 Neque
3103 4611 3245 4666 enim
3280 4611 3515 4679 pecuniis
3541 4612 3868 4680 persuadere
3892 4630 3982 4681 pe-

2387 4713 2560 4759 terant
2584 4745 2599 4770 ,
2633 4713 2817 4773 utpote
2845 4702 3037 4773 captivi
3065 4719 3079 4765 ;
3109 4718 3212 4756 non
3240 4702 3470 4757 amicitia
3496 4711 3549 4755 et
3578 4700 3977 4761 familiaritate,

2386 4807 2568 4868 utpote
2599 4797 2861 4868 peregrini
2895 4812 2909 4861 ;
2956 4811 3060 4849 non
3092 4797 3324 4865 potentia
3350 4810 3624 4865 superare,
3656 4805 3841 4865 utpote
3862 4812 3975 4849 ser-

2389 4897 2476 4959 vi;
2529 4911 2634 4949 nun
2678 4892 3019 4947 multitudine
3066 4892 3302 4955 vincere,
3359 4901 3543 4960 utpote
3595 4900 3704 4944 tres
3750 4900 3977 4945 tantum.

2386 4985 2664 5042 Accedunt
2708 4986 2867 5053 igitur
2910 4985 2974 5039 ad
2997 4984 3301 5038 eunuelmm
3334 5026 3347 5047 ,
3390 4984 3479 5051 qui
3506 4997 3625 5037 cam
3654 4991 3978 5053 potestatem

2386 5078 2683 5143 obtinebat,
2711 5078 2867 5147 eique
2895 5076 3071 5131 verbis
3099 5075 3442 5146 persuadent.
3489 5074 3625 5129 Cum
3654 5075 3799 5130 enim
3834 5076 3977 5129 itm--

2386 5174 2591 5226 nisscnt
2616 5188 2736 5225 eum
2771 5170 3033 5239 trepidum
3060 5185 3121 5223 ac
3155 5169 3400 5224 timidum
3422 5210 3436 5232 ,
3467 5168 3637 5239 denae
3664 5170 3837 5225 salute
3887 5186 3979 5224 sua

2386 5264 2670 5319 sollicitum
2693 5307 2705 5327 ,
2731 5273 2783 5317 ct
2807 5273 2978 5315 metus
3002 5277 3105 5315 mm
3123 5263 3186 5315 tis
3220 5260 3586 5315 intolerandus
3605 5262 3842 5314 animum
3867 5262 3980 5327 ejus

2385 5367 2694 5413 concuteret
2727 5373 2740 5410 :
2776 5356 2947 5409 Timeo
2983 5355 3124 5409 enim
3152 5370 3261 5423 ego,
3293 5354 3495 5423 inquit,
3520 5354 3783 5406 dominum
3816 5370 3977 5406 metm;

2386 5471 2573 5523 regem,
2604 5452 2870 5521 nequando
2897 5451 3057 5504 rideat
3080 5450 3241 5503 vultus
3266 5457 3451 5501 vestros
3482 5448 3856 5501 ntat‘ilentiores
3878 5462 3979 5514 rm

2387 5546 2577 5600 ueteris
2601 5543 2985 5597 adolescentulis
3012 5543 3188 5595 (uteris
3210 5540 3407 5602 vestris,
3437 5550 3480 5593 et
3507 5538 3850 5593 condemnetis
3894 5556 3979 5591 ειιο

2389 5649 2477 5707 put
2501 5654 2662 5690 meum
2686 5637 2787 5705 regi
2812 5634 2973 5703 (Dun.
3010 5636 3058 5688 l.
3097 5634 3185 5703 10)
3214 5651 3225 5686 :
3257 5649 3321 5685 eo
3353 5634 3550 5687 timore
3583 5631 3866 5687 liberatum
3897 5632 3969 5683 in-

2388 5729 2611 5793 dui-unt,
2660 5737 2719 5782 ut
2748 5727 2898 5785 daret
2930 5728 3059 5797 ipsis
3090 5740 3206 5780 eam
3252 5724 3502 5794 gratiam.
3569 5726 3645 5779 Ac
3699 5733 3973 5794 postquam

2457 5909 2467 5935 '
2511 5905 2617 5963 Alii,
2643 5914 2683 5956 et
2712 5913 3023 5956 durtssnnem
3047 5900 3287 5954 servitutis
3310 5900 3483 5965 legem.
