4142 6486
210 398 308 456 ΓΠ

201 529 361 568 οιυηρ
389 507 624 569 ofﬁcium
647 525 803 566 suum
833 509 1106 570 fecissent,
1140 507 1280 560 Deus
1303 519 1515 576 quoque
1541 502 1798 572 deinceps

202 608 324 661 fecit
344 621 522 661 suum.
551 604 740 676 Neque
785 603 930 659 enim
960 600 1126 656 solius
1176 599 1268 652 Dei
1315 606 1432 652 erat
1482 596 1798 666 praeclarum

200 695 332 751 illud
377 694 585 752 facinus
629 696 683 750 in
741 693 844 758 iis,
890 707 1118 762 quorum
1162 689 1332 758 gratia
1387 685 1688 741 mercedem
1720 685 1798 738 illi

199 797 356 841 erant
386 786 679 858 accepturi,
710 785 804 840 sed
831 782 1148 854 principium
1171 790 1221 834 et
1251 777 1468 834 exordia
1493 776 1799 848 proficisce-

200 878 399 933 bantur
433 879 505 933 ab
554 877 767 933 illorum
813 874 1028 938 animo,
1078 886 1237 942 quem
1281 884 1401 924 cum
1432 867 1802 938 przestitisnent

197 986 524 1041 generosum
549 985 614 1026 ac
642 968 862 1034 fortem,
893 967 986 1022 Dei
1015 965 1249 1021 favorem
1281 964 1380 1018 sibi
1409 961 1760 1017 coneiliarunt
1781 1002 1795 1025 ,

197 1073 254 1118 et
281 1062 348 1117 ad
370 1062 535 1118 finem
564 1060 708 1133 quod
735 1059 1096 1116 moliebantur
1129 1055 1512 1128 perduxerunt.

276 1155 364 1210 i6.
394 1153 579 1221 Vides,
596 1153 688 1224 qui
719 1152 954 1224 seipsum
973 1165 1080 1205 non
1098 1148 1262 1213 Ledit,
1281 1147 1329 1202 ei
1348 1147 1614 1201 neminem
1633 1144 1797 1200 alium

201 1258 363 1316 posse
395 1244 630 1301 nocere?
659 1243 800 1300 Ecce
845 1243 986 1296 enim
1039 1255 1138 1295 nec
1181 1239 1455 1310 juventus,
1495 1251 1668 1307 neque
1714 1251 1801 1290 ea-

201 1336 442 1405 ptivitas,
468 1353 644 1406 neque
675 1335 898 1400 orbitas,
941 1347 1114 1403 neque
1143 1329 1394 1386 abductio
1425 1330 1478 1384 in
1523 1327 1798 1400 regionem

198 1430 457 1496 alienam,
490 1444 594 1485 nec
639 1427 871 1484 solitudo
901 1436 958 1482 et
1005 1425 1282 1481 destitutio
1333 1437 1518 1479 eorum
1545 1463 1561 1489 ,
1613 1422 1702 1493 qui
1734 1421 1802 1474 ab

204 1521 335 1591 ipsis
389 1528 633 1588 starent,
671 1535 770 1575 nec
820 1517 1134 1574 mandatum
1190 1531 1390 1586 grave,
1434 1529 1534 1571 nec
1577 1528 1802 1585 magnus

200 1615 394 1670 mortis
423 1615 586 1670 timor
608 1655 625 1681 ,
671 1614 762 1685 qui
797 1613 1026 1669 eunuchi
1056 1600 1301 1682 eingebat
1344 1609 1581 1664 animum
1612 1609 1652 1674 ¹,
1701 1621 1802 1662 nec

201 1714 511 1776 paupertas,
553 1721 655 1762 nec
680 1704 940 1776 paucitas,
985 1718 1092 1758 non
1117 1701 1259 1773 quod
1288 1701 1343 1756 in
1397 1699 1574 1756 medio
1606 1699 1800 1754 barba-

198 1813 385 1852 rorum
412 1805 622 1865 essent,
653 1811 758 1852 non
799 1796 943 1868 quod
992 1794 1177 1850 hostes
1204 1792 1464 1848 haberent
1502 1791 1751 1846 dominos
1781 1832 1794 1852 ,

199 1904 307 1945 non
330 1889 476 1960 quod
504 1891 558 1944 in
591 1889 756 1960 ipsius
783 1889 922 1959 regis
947 1903 1140 1943 manus
1178 1897 1362 1942 essent
1389 1885 1591 1949 traditi,
1625 1899 1799 1953 neque

195 1993 549 2054 cognatorum
576 1983 817 2039 omnium
852 1982 1142 2053 separatio,
1180 1995 1353 2050 neque
1379 1978 1716 2034 sacerdotum
1747 1988 1803 2034 et

197 2077 618 2146 prophetarum,
647 2085 701 2131 et
728 2075 979 2138 aliorum,
1011 2072 1103 2144 qui
1133 2087 1316 2128 curam
1364 2073 1605 2141 ipsorum
1639 2086 1798 2142 gene-

195 2168 325 2223 bant
348 2209 366 2235 ,
394 2167 673 2232 alienatio,
721 2184 822 2224 nec
857 2167 1173 2223 libationum
1197 2175 1251 2222 et
1276 2166 1661 2220 sacriliciorum
1682 2179 1799 2220 ces-

193 2264 352 2326 satio,
387 2279 567 2334 neque
593 2263 774 2333 templi
824 2270 878 2318 et
927 2263 1254 2333 psalmorum
1285 2260 1558 2330 ademptio
1581 2303 1596 2326 ,
1625 2276 1801 2330 neque

193 2357 490 2426 quidquam
509 2355 702 2411 horum
728 2356 808 2411 eis
837 2354 1049 2419 nocuit;
1078 2355 1172 2410 sed
1203 2364 1312 2408 tum
1335 2354 1386 2408 in
1416 2353 1602 2422 majori
1630 2353 1797 2423 gloria

194 2451 437 2517 fuerunt,
459 2464 622 2520 quam
647 2463 768 2504 cum
798 2448 863 2502 iis
907 2448 1070 2503 rebus
1117 2447 1169 2501 in
1215 2447 1382 2517 patria
1413 2460 1508 2500 sua
1554 2446 1798 2501 frueren-

195 2554 299 2599 tur.
335 2543 450 2600 lloc
505 2544 681 2615 primo
706 2542 1004 2600 certamine
1052 2541 1289 2608 perfecto
1313 2584 1328 2608 ,
1363 2540 1556 2610 insigni
1599 2555 1797 2595 corona

193 2638 471 2707 redimiti,
528 2637 647 2709 lege
677 2638 730 2692 in
780 2637 955 2693 aliena
994 2651 1208 2707 quoque
1253 2637 1476 2705 regione
1531 2643 1744 2690 servata
1778 2676 1794 2700 ,

193 2731 512 2786 conculcato
558 2729 770 2800 tyranni
815 2729 1087 2790 mandato,
1121 2727 1263 2782 victo
1288 2726 1552 2781 (immunis
1569 2735 1796 2792 terrore,

195 2837 374 2892 neque
405 2821 517 2877 ullo
554 2821 661 2875 ulla
711 2834 775 2875 ex
807 2828 957 2891 parte
993 2817 1192 2874 damno
1235 2818 1433 2884 allecti,
1463 2818 1613 2888 quasi
1655 2816 1798 2872 domi

193 2911 468 2979 sederent,
500 2921 551 2968 et
579 2912 831 2968 omnibus
858 2912 963 2968 illis
993 2910 1322 2975 fruerentur,
1355 2925 1521 2981 opere
1547 2910 1618 2965 ita
1667 2908 1799 2964 libe-

194 3020 252 3060 re
280 3005 547 3077 perfecto,
577 3005 644 3059 ad
671 3005 811 3061 alios
838 3019 1026 3061 rursus
1063 3019 1264 3076 agones
1309 3014 1434 3058 sunt
1465 3003 1662 3058 vocati.
1696 3000 1799 3057 lte-

194 3111 312 3150 rum
337 3107 496 3152 erant
518 3093 793 3162 iidem;et
816 3103 1090 3152 certamen
1124 3095 1301 3166 priore
1345 3093 1618 3150 difficilius
1668 3094 1798 3165 ipsis

195 3189 619 3259 proponebatur,
651 3190 893 3247 caminus
924 3189 1332 3256 incendebatur,
1357 3189 1668 3246 barbaricus
1697 3189 1795 3244 ad-

195 3295 415 3337 versum
442 3295 540 3338 eos
563 3281 834 3338 exercitus
867 3296 990 3337 cum
1021 3295 1146 3352 rege
1175 3281 1542 3337 instruebatur
1569 3280 1716 3336 velut
1741 3280 1794 3335 iu

193 3374 346 3428 acie:
376 3381 491 3428 tota
542 3370 759 3427 Persica
816 3373 1052 3442 potentia
1089 3372 1429 3435 incitabatur,
1491 3372 1669 3427 omnia
1729 3370 1798 3424 ad

194 3464 440 3521 fraudem
488 3478 555 3520 ac
609 3463 717 3518 vim
762 3463 892 3534 ipsis
943 3463 1272 3519 all‘erendam
1305 3465 1795 3534 comparabantur;

192 3556 407 3611 diversa
435 3554 747 3611 cantionum
795 3570 1014 3626 genera,
1055 3555 1218 3611 variae
1263 3556 1646 3626 suppliciorum
1688 3559 1800 3614 for-

195 3668 318 3717 um,
342 3651 527 3720 minae,
551 3661 802 3723 aspectus
827 3652 973 3706 omni
995 3667 1060 3706 ex
1089 3664 1239 3722 parte
1265 3652 1541 3720 terribilis,
1563 3662 1618 3708 et
1638 3653 1797 3709 verba

193 3753 420 3814 aspectu
447 3743 770 3798 terribiliora
806 3761 818 3797 :
852 3745 948 3799 sed
988 3751 1166 3798 tamen
1197 3744 1449 3814 quoniam
1478 3745 1800 3816 semetipsos

196 3854 303 3891 nou
359 3835 735 3908 prodiderunt,
784 3837 878 3892 sed
926 3853 1140 3893 omnem
1177 3853 1328 3892 suam
1369 3853 1588 3908 operam
1617 3855 1803 3898 contu-

197 3931 397 3997 lerunt,
420 3929 556 3986 nihil
584 3945 835 4001 umquam
874 3930 1057 3987 damni
1079 3941 1405 4001 acceperunt
1439 3951 1452 3987 :
1484 3934 1610 4004 quin
1637 3936 1799 3990 etiam

194 4023 453 4090 coronis,
483 4038 643 4094 quam
671 4023 876 4092 priores
902 4025 1133 4089 fuerant,
1166 4023 1544 4080 illustrioribus
1567 4025 1799 4082 redimiti

195 4127 345 4170 sunt.
394 4115 578 4172 Vinxit
602 4116 744 4171 enim
773 4131 866 4170 eos
910 4114 1404 4171 Nabuchodonosor
1428 4156 1442 4182 ,
1474 4125 1528 4172 et
1557 4116 1608 4172 itt
1637 4119 1796 4173 cami-

199 4224 327 4262 num
374 4209 630 4279 conjecit,
662 4224 768 4264 ιιοιι
801 4218 974 4264 tamen
1005 4208 1222 4273 damno,
1252 4209 1382 4279 quin
1415 4210 1591 4278 potius
1637 4212 1799 4266 etiam

195 4299 486 4354 commodo
506 4299 710 4364 affecit,
735 4307 790 4356 et
811 4301 1131 4355 illustriores
1151 4300 1402 4355 reddidit.
1434 4299 1675 4372 Cumque
1702 4318 1800 4359 ucc

199 4393 461 4464 templum
491 4394 710 4463 (iterum
731 4395 875 4449 enim
902 4392 1094 4448 eadem
1120 4394 1344 4466 dicam),
1377 4409 1552 4465 neque
1581 4396 1748 4451 altare
1783 4439 1796 4461 ,

197 4502 304 4540 non
341 4485 570 4556 patriam
600 4524 616 4553 ,
653 4501 762 4540 non
793 4486 1102 4542 sacerdotes
1127 4528 1142 4552 ,
1177 4501 1282 4540 non
1317 4485 1608 4557 prophetas
1637 4487 1800 4543 habe—

198 4587 340 4643 rent,
372 4578 422 4632 in
454 4579 630 4635 aliena
658 4588 717 4635 ct
744 4579 971 4635 barbara
1005 4580 1244 4651 regione,
1279 4582 1330 4635 in
1363 4567 1542 4637 medio
1567 4583 1798 4649 camini,

197 4674 474 4742 totiusque
504 4673 652 4728 illius
675 4674 963 4739 exercitus,
999 4690 1123 4744 rege
1150 4677 1344 4728 harum
1380 4691 1558 4730 rerum
1581 4686 1801 4731 auctore

195 4765 874 4834 speetante,splendidum
920 4776 1224 4820 statuerunt
1281 4777 1541 4838 tropreutn
1584 4779 1635 4823 et
1669 4768 1799 4823 insi-

192 4873 364 4929 gnem
389 4853 730 4928 reportaruttt
760 4859 1058 4923 victoriam,
1101 4859 1402 4916 admirabili
1427 4861 1517 4914 illa
1548 4870 1603 4916 et
1630 4861 1804 4932 inopi-

194 4961 322 5008 nata
356 4952 606 5008 cautione
626 4952 929 5020 decantata,
962 4970 1082 5026 qua:
1133 4969 1196 5007 ex
1237 4953 1328 5008 illo
1351 4954 1643 5009 etiamnum
1683 4955 1801 5010 ubi-

191 5058 309 5114 que
337 5054 602 5100 terrarum
625 5055 889 5111 cantatur,
924 5055 978 5102 ct
1015 5047 1318 5102 cantabitur
1344 5048 1506 5101 etiam
1537 5047 1587 5102 in
1618 5061 1799 5118 postc-

193 5153 251 5191 ra
283 5137 506 5193 mula.
538 5137 628 5193 Sic
655 5153 782 5208 ergo
822 5139 868 5194 si
901 5155 1059 5194 nemo
1104 5141 1339 5209 seipsum
1374 5140 1552 5205 laedat,
1602 5142 1670 5197 ab
1700 5144 1803 5198 alio

195 5227 322 5284 laedi
357 5244 461 5284 non
490 5231 687 5300 poterit
712 5249 723 5284 :
751 5248 854 5286 non
882 5233 1024 5287 enim
1053 5233 1276 5288 cessabo
1300 5233 1400 5288 hoc
1431 5233 1634 5290 dictum
1671 5253 1803 5290 con-

198 5324 442 5379 tinenter
466 5322 775 5381 decantare.
807 5325 942 5382 Nam
966 5326 1008 5382 si
1039 5328 1322 5397 captivitas
1349 5369 1363 5393 ,
1397 5330 1646 5392 servitus,
1671 5332 1802 5386 soli-

199 5413 372 5481 tudo,
397 5416 582 5485 patria:
610 5416 848 5483 amissio,
882 5427 938 5473 et
960 5419 1198 5475 omnium
1230 5431 1601 5491 cognatorum,
1636 5440 1800 5487 mors,

198 5504 532 5572 incendium,
561 5516 740 5562 lautus
769 5509 1059 5576 exercitus,
1095 5521 1355 5582 tyrannus
1387 5524 1491 5567 tam
1520 5515 1753 5570 crudelis
1788 5557 1802 5582 ,

204 5613 322 5654 non
348 5598 632 5656 valuerunt
659 5603 830 5659 tribus
860 5606 1059 5674 pueris,
1086 5606 1392 5677 juvenibus,
1417 5611 1662 5678 captivis,
1695 5631 1802 5666 ser-

198 5691 310 5752 vis,
346 5695 641 5764 peregrinis
668 5736 682 5761 ,
719 5695 771 5749 in
803 5696 975 5752 aliena
1022 5700 1239 5769 regione
1279 5704 1620 5757 versantibus
1646 5705 1802 5773 quid-

199 5797 367 5854 quam
389 5798 580 5842 nocere
606 5787 784 5856 quoad
807 5802 956 5845 suam
982 5791 1255 5854 virtutem,
1289 5793 1381 5851 sed
1405 5795 1625 5864 majoris
1646 5799 1802 5853 etiam

271 5893 290 5925 ι
336 5890 501 5961 Aliam,
524 5895 853 5953 timiditate-tt.

1214 389 1398 458 QUOD
1436 387 1626 444 ΝΕΜΟ
1666 384 1993 442 ΙΛΕΟΙΤΕΒ
2039 387 2163 444 \‘fSl
2205 391 2251 446 Δ
2291 389 2547 447 διείρεο.

3408 385 3513 443 4Ἱὸ

1916 502 2166 572 loquendi
2196 505 2457 560 libertatis
2480 508 2695 561 occasio
2737 508 2948 562 fuerunt
2981 507 3083 564 illa:
3107 510 3315 566 insidiae
3343 529 3356 565 :
3381 513 3512 580 quid

1910 594 2150 649 sobrium
2179 595 2378 652 laedere
2400 597 2636 668 poterit?
2663 598 2779 654 Non
2806 612 2888 655 est
2929 600 3241 672 quidquam,
3288 605 3391 660 etsi
3435 616 3516 660 to-

1911 693 2022 737 tutn
2070 685 2256 740 orbem
2302 689 2671 743 adversaritmt
2727 689 2971 744 haberet.
3043 694 3114 746 At
3179 693 3319 750 Deus
3371 703 3512 762 tum,

1911 774 2098 845 inquit,
2123 777 2202 833 eis
2223 778 2448 844 adstitit,
2473 794 2675 853 eosque
2691 796 2756 836 ex
2781 780 2995 837 flamma
3025 784 3242 854 eripuit.
3269 785 3509 843 Maxime

1909 865 1960 920 id
1991 867 2243 938 quidem:
2305 878 2360 925 tu
2386 885 2600 941 quoque
2626 873 2669 927 si
2699 874 2901 940 utnuia,
2927 890 3046 944 qua:
3073 891 3104 931 a
3132 887 3184 933 te
3233 879 3518 949 requirun-

1912 968 2016 1024 tur,
2042 960 2378 1029 pra:stiteris,
2407 963 2647 1018 divinum
2679 966 2936 1021 auxilium
2981 979 3240 1038 sequetur
3268 972 3512 1027 omnino.

1983 1055 2070 1108 17.
2103 1055 2479 1112 Verumtamen
2509 1073 2610 1128 ego
2641 1074 2838 1128 pueros
2867 1077 2974 1116 non
3002 1076 3068 1116 eo
3085 1063 3272 1128 miror,
3296 1065 3506 1122 beatos-

1909 1161 2012 1226 que
2039 1159 2104 1202 a‘c
2133 1144 2321 1204 felices
2357 1150 2589 1214 mstimo,
2619 1151 2763 1221 quod
2805 1152 3076 1208 flammam
3104 1158 3510 1224 eoneulearunt,

1909 1247 1964 1292 et
1991 1237 2096 1292 vim
2131 1238 2269 1309 ignis
2301 1240 2544 1296 vicerunt
2571 1259 2585 1306 ;
2618 1244 2713 1298 sed
2740 1244 2886 1316 quod
2921 1260 3171 1301 verorum
3201 1247 3515 1320 dogmatutn

1907 1342 2069 1384 causa
2099 1331 2281 1397 vincti,
2310 1333 2362 1389 in
2393 1337 2662 1391 caminum
2691 1338 2921 1406 conjceti
2947 1349 3001 1395 et
3028 1339 3135 1411 igni
3164 1344 3341 1400 traditl
3362 1356 3512 1401 sunt.

1911 1421 2008 1478 llic
2033 1425 2177 1479 enim
2204 1426 2285 1480 eis
2316 1436 2489 1482 totum
2513 1440 2774 1499 trepzcum
2802 1431 3108 1487 absolutum
3138 1444 3243 1502 est,
3267 1445 3324 1492 et
3350 1438 3510 1493 simul

1908 1518 2142 1586 atquein
2169 1520 2442 1576 caminum
2473 1523 2707 1591 conjecti
2742 1533 2888 1589 sunt,
2920 1524 3169 1595 imposita
3193 1543 3392 1583 corona
3413 1573 3427 1596 ,
3460 1539 3517 1586 et

1907 1607 1976 1662 ab
2004 1607 2110 1663 illis
2134 1610 2310 1667 verbis
2331 1612 2439 1667 texi
2465 1622 2645 1682 empta
2677 1615 2838 1668 etiam
2877 1604 3005 1670 ante
3036 1632 3214 1672 rerum
3237 1633 3508 1686 eventum,

1907 1715 2026 1768 quae
2051 1717 2239 1772 magna
2293 1718 2414 1759 cum
2468 1705 2662 1761 fiducia
2714 1707 3070 1780 libertateque
3123 1712 3374 1783 loquendi
3442 1716 3512 1770 ad

1908 1808 2086 1863 regem
2118 1794 2262 1850 ducti
2295 1797 2348 1851 in
2383 1799 2617 1853 medium
2642 1802 2982 1870 protulerunt
3014 1824 3026 1858 :
3062 1803 3185 1860 Non
3215 1819 3412 1875 oportet
3443 1811 3509 1864 de

1907 1887 2004 1940 hac
2029 1905 2083 1942 re
2103 1891 2413 1957 respondere
2440 1891 2548 1945 tibi.
2579 1891 2759 1949 Potest
2783 1896 2916 1949 enim
2955 1894 3098 1952 Deus
3126 1909 3293 1953 noster
3319 1904 3406 1971 qui
3441 1915 3516 1957 est

1905 1979 2134 2042 iucwlis,
2167 1997 2317 2052 quem
2339 1999 2431 2037 nos
2446 1983 2684 2050 colimus,
2714 1988 2910 2056 eripere
2933 2004 3026 2043 nos
3056 2006 3122 2044 ea:
3147 1993 3516 2066 caminoignis

1907 2071 2136 2127 ardentis
2157 2090 2175 2139 ;
2199 2083 2245 2127 et
2281 2075 2344 2130 de
2371 2077 2470 2130 tuis
2508 2077 2764 2144 manibus,
2794 2095 2825 2132 ο
2866 2095 2979 2148 rex,
3004 2080 3238 2135 liberabit
3269 2101 3361 2138 nos
3391 2101 3408 2138 :
3437 2088 3516 2141 sin

1905 2161 2097 2229 minus,
2132 2175 2310 2219 notum
2327 2167 2395 2221 sit
2417 2167 2525 2232 tibi,
2554 2184 2664 2234 rex,
2697 2169 2820 2239 quia
2843 2171 2968 2225 deos
2990 2173 3103 2228 tuo:
3126 2190 3224 2227 non
3255 2176 3467 2232 colimus
3496 2220 3514 2244 ,

1905 2263 1951 2308 et
1972 2265 2194 2311 statuam
2221 2275 2456 2327 auream,
2479 2276 2634 2330 quam
2659 2262 2885 2332 erexisti,
2911 2280 3016 2319 non
3041 2265 3317 2321 adoramus
3343 2267 3512 2340 (Dan.

1905 2349 1958 2403 3.
1991 2349 2230 2420 16.48).
2262 2349 2378 2406 Jam
2410 2352 2533 2407 inde
2563 2353 2632 2410 ab
2660 2353 2766 2410 illis
2794 2355 2972 2412 verbis
2993 2373 3090 2414 eos
3131 2359 3363 2417 victores
3401 2378 3519 2432 pro-

1905 2441 2130 2506 nuntio;
2156 2443 2268 2512 jam
2317 2443 2442 2499 inde
2465 2444 2531 2500 ab
2577 2446 2683 2501 illis
2710 2457 2986 2517 reportato
3015 2451 3252 2505 victoria:
3292 2456 3519 2523 pra-mit)

1904 2535 1971 2590 ad
2000 2535 2263 2607 insignem
2291 2541 2532 2611 martyrii
2559 2555 2839 2608 coronam,
2870 2545 3197 2599 con..essioni
3229 2547 3516 2604 verborum

1905 2627 2089 2683 addita
2117 2631 2461 2686 confessione
2496 2647 2701 2699 rerum,
2725 2646 3099 2691 cucurrerunt.
3142 2636 3239 2694 Sin
3271 2639 3410 2711 ignis
3431 2657 3518 2697 re-

1905 2722 2108 2777 veritus
2135 2733 2219 2778 est
2248 2724 2488 2780 immissa
2517 2741 2705 2782 eorum
2724 2742 2952 2800 corpora
2985 2739 3036 2785 et
3067 2730 3275 2788 vincula
3313 2735 3514 2803 solvit,

1904 2831 2151 2872 securum
2175 2817 2499 2874 descensum
2531 2822 2759 2890 praebuit
2779 2864 2792 2887 ,
2819 2840 2930 2878 sum
2958 2825 3170 2881 virtutis
3196 2828 3391 2884 oblitus
3419 2873 3434 2895 ,
3462 2842 3518 2886 ct

1905 2909 2147 2964 caminus
2171 2911 2310 2980 ignis
2338 2911 2510 2968 factus
2531 2921 2619 2969 est
2639 2913 2759 2970 fons
2799 2916 3111 2988 frigidarum
3142 2937 3401 2991 aquarutn
3425 2942 3436 2978 :
3464 2926 3516 2980 id

1899 3001 2010 3072 jam
2057 3003 2254 3060 divina:
2298 3007 2508 3078 gratim,
2536 3018 2594 3065 et
2623 3024 2872 3079 superna:
2911 3017 3297 3084 stupendarnm
3335 3036 3516 3077 rerum

1903 3096 2234 3164 Operationis
2279 3099 2596 3154 miraculum
2641 3101 2756 3156 fuit.
2804 3102 2983 3172 Quare
3030 3107 3251 3165 athleta:
3299 3112 3516 3182 quidem

1903 3187 2056 3257 prius
2085 3189 2248 3244 etiam
2279 3207 2440 3261 quam
2489 3192 2606 3249 haec
2652 3195 2874 3263 lierent,
2923 3198 3080 3254 simul
3132 3214 3196 3256 ac
3243 3202 3514 3262 flammam

1906 3280 2132 3349 ingressi
2180 3292 2327 3348 sunt,
2370 3294 2423 3338 et
2465 3294 2726 3356 tropzeum
2779 3297 3100 3358 statuerunt,
3144 3303 3199 3349 et
3226 3295 3508 3354 victoriam

1905 3380 2271 3440 rcportarunt,
2293 3386 2346 3429 et
2376 3391 2577 3431 corona
2609 3379 2866 3444 redimiti,
2913 3393 2968 3437 et
3002 3383 3056 3437 itt
3106 3385 3243 3440 caelo
3266 3394 3518 3460 terraque

1905 3462 2248 3532 (lepra-dicati
2278 3479 2437 3534 sunt,
2483 3477 2538 3524 et
2582 3468 2710 3536 nihil
2750 3471 2830 3526 eis
2854 3473 2920 3527 ad
2964 3475 3193 3546 gloriam
3225 3490 3342 3535 erat
3392 3483 3519 3538 reli-

1904 3570 2089 3625 quum.
2114 3557 2250 3625 Quid
2269 3575 2398 3629 ergo
2420 3561 2601 3617 dicere
2623 3565 2866 3632 poteris?
2893 3566 3223 3627 lit-exsilium
3248 3575 3516 3646 relegatus

1905 3662 1984 3714 es,
2015 3659 2069 3704 et
2101 3651 2270 3720 patria
2299 3653 2548 3722 cjectus?
2591 3656 2728 3712 Ecce
2774 3663 2936 3715 ctiam
2985 3663 3093 3719 isti.
3127 3665 3512 3737 Captivitatem

1905 3742 2208 3797 sustinuisti
2238 3753 2294 3799 et
2341 3745 2442 3800 sub
2474 3747 2718 3805 barbaris
2743 3749 2979 3810 dominis
3012 3756 3029 3786 ⁸
3073 3755 3254 3814 fuisti?
3301 3767 3370 3816 At
3417 3763 3519 3818 hoc

1905 3849 2120 3907 quoque
2169 3836 2288 3892 istis
2319 3839 2614 3910 contigisse
2661 3845 2921 3913 reperies.
2965 3849 3032 3903 At
3085 3865 3190 3906 non
3225 3851 3393 3909 habes
3445 3856 3534 3910 ibi.

1906 3932 1994 3999 qui
2045 3929 2139 3986 tibi
2183 3931 2348 3998 adsit,
2381 3949 2576 4005 resque
2597 3945 2715 3992 tuas
2747 3938 3092 4009 moderetur,
3128 3960 3305 4015 neque
3333 3948 3424 4018 qui
3466 3960 3519 4006 te

1907 4023 2197 4079 admoneat
2243 4035 2299 4080 et
2351 4025 2582 4082 doceat?
2638 4028 2746 4084 Hac
2795 4047 3013 4104 quoque
3050 4034 3137 4090 isti
3187 4053 3317 4093 cura
3363 4052 3519 4098 erant

1909 4115 2158 4172 fraudati.
2194 4121 2263 4173 At
2311 4119 2523 4175 vinctus
2577 4123 2679 4176 es?
2710 4132 2766 4177 at
2803 4125 3116 4182 combustus
3160 4131 3253 4185 es?
3281 4143 3337 4186 at
3369 4151 3519 4190 mor-

1911 4219 2031 4264 tuus
2055 4211 2159 4266 es?
2189 4211 2318 4266 nihil
2347 4213 2491 4267 enim
2517 4214 2600 4268 liis
2629 4226 2783 4285 potes
2811 4216 2993 4275 dicere
3019 4222 3254 4290 gravius.
3282 4224 3359 4280 'At
3389 4242 3520 4283 ecce

1914 4303 1998 4356 isti
2023 4321 2235 4374 quoque
2266 4322 2360 4375 per
2386 4307 2502 4364 lucc
2525 4310 2703 4364 omnia
2732 4311 3099 4382 tetenderunt,
3127 4325 3180 4372 et
3207 4333 3302 4388 per
3330 4337 3520 4376 eorum

1908 4399 2115 4469 singula
2143 4400 2464 4458 illustriores
2484 4406 2829 4472 exstiterunt,
2865 4408 3130 4481 longeque
3160 4414 3438 4479 clariores,
3464 4432 3519 4471 et

1910 4493 2154 4547 cadestes
2185 4508 2398 4550 merces
2421 4507 2708 4552 auxerunt.
2737 4498 2907 4555 Judai
2939 4502 3156 4572 quidem
3186 4520 3307 4560 cum
3353 4505 3521 4563 liabe-

1913 4591 2031 4636 rent
2063 4584 2342 4653 templum,
2375 4586 2566 4653 altare,
2601 4604 2804 4654 arcam,
2837 4590 3152 4657 Cherubim,
3188 4597 3505 4666 propitiato-

1913 4675 2071 4742 riutn,
2104 4676 2318 4742 velum,
2352 4678 2617 4734 infinitam
2668 4682 3013 4739 sacerdotum
3071 4688 3470 4746 multitudinem
3503 4737 3515 4757 ,

1910 4770 2112 4824 cultum
2167 4771 2261 4826 Dei
2310 4773 2722 4841 quotidianum,
2774 4778 3039 4834 sacriﬁcia
3082 4795 3204 4836 cum
3259 4787 3524 4841 matutina

1911 4874 2021 4919 tum
2053 4866 2384 4936 vespertina,
2416 4875 2470 4922 et
2500 4870 2848 4926 continenter
2893 4874 3186 4943 prophetas
3228 4877 3479 4934 audirent
3512 4924 3523 4941 .

1911 4960 2082 5024 vivos,
2109 4973 2370 5027 mortuos,
2401 4961 2491 5031 qui
2515 4979 2678 5020 aures
2704 4965 2946 5035 ipsorum
2982 4969 3365 5038 personabant,
3422 4975 3524 5027 mi-

1913 5053 2214 5107 raculorum
2263 5053 2314 5106 in
2395 5053 2663 5127 Egypto,
2721 5056 2772 5110 in
2841 5059 3131 5115 solitudine
3200 5062 3514 5132 editorum,

1911 5147 2151 5200 omnium
2186 5146 2420 5202 aliorum
2453 5137 2770 5209 t'netn'oriatn
2795 5164 3127 5207 renovarent
3153 5194 3168 5219 ,
3199 5170 3369 5225 caque
3411 5173 3526 5211 ma-

1913 5239 2070 5292 nibus
2094 5250 2395 5304 versarent,
2431 5241 2479 5294 iu
2513 5243 2756 5310 postibus
2806 5244 3065 5313 inscripta
3099 5245 3382 5316 haberent,
3433 5265 3517 5304 re.

1915 5329 2118 5400 busque
2150 5333 2332 5386 multis
2373 5342 2482 5386 tum
2519 5350 2678 5404 supra
2711 5336 3012 5391 naturalem
3039 5348 3362 5407 potestatem
3391 5359 3520 5396 con-

1913 5423 2085 5488 fectis,
2112 5435 2414 5496 eteteraqne
2441 5428 2525 5481 sui
2558 5444 2685 5482 cura
2712 5428 3041 5496 fruerentur,
3062 5449 3167 5487 non
3189 5433 3350 5488 modo
3378 5435 3524 5489 nullo

1915 5507 2304 5583 emolumen'to,
2332 5535 2517 5574 verunt
2563 5521 2725 5573 etiam
2751 5521 2950 5578 damno
2982 5534 3106 5578 sunt
3137 5525 3333 5590 affecti,
3360 5528 3518 5581 simu-

1916 5610 2075 5663 lacris
2109 5611 2158 5663 in
2215 5613 2332 5680 ipso
2376 5613 2574 5681 templo
2612 5614 2794 5678 cultis,
2827 5618 3076 5671 mactatis
3112 5618 3233 5671 filiis
3281 5629 3332 5673 ct
3390 5620 3519 5672 lilia-

1916 5706 2016 5759 bus
2065 5706 2164 5760 sub
2200 5706 2515 5767 arboribus,
2549 5718 2600 5761 et
2635 5708 2736 5762 illis
2761 5709 2876 5779 lege
2924 5711 3102 5765 vetitis
3147 5712 3518 5766 exsecranclis-

1917 5813 2016 5867 que
2045 5797 2213 5852 sacris
2255 5798 2305 5853 in
2360 5800 2506 5854 omni
2539 5802 2928 5872 propemodum
2963 5805 3074 5875 agri
3111 5805 3376 5861 l‘aistlini
3404 5806 3519 5862 loco

1988 5927 1993 5935 '
2038 5911 2176 5963 savii.
2206 5913 2252 5964 in
2282 5921 2436 5964 tutu.
2467 5916 2698 5972 contra».
2729 5920 2968 5979 bimaris,
3002 5920 3223 5972 domum.
