4142 6496
662 410 765 472 ὨὈ
1373 413 1425 469 8
1467 410 1743 468 JOANNIS
1781 406 2254 466 CllRYSOSTOMl
2294 408 2609 463 ARCIIIEI’.
2650 408 3178 466 CUNS'l‘AlVI'lNUP.
3813 411 3920 466 480

657 526 828 593 laetis,
855 523 1075 595 aliisque
1101 525 1418 580 facinoribus
1440 524 1658 579 infinitis
1683 524 2082 578 absurdioribns
2101 538 2224 594 per-
2338 522 2512 585 nabo;
2540 522 2583 575 si
2630 522 2749 591 quis
2791 522 3042 576 damnum
3088 537 3149 575 ac
3184 522 3558 577 detrimentum
3599 522 3845 593 accipiat,
3886 542 3919 580 a

657 618 894 684 petratis.
920 618 986 669 At
1013 630 1142 671 vero
1165 615 1251 669 isti
1277 616 1327 669 in
1361 615 1533 670 media
1585 614 1847 677 barbaria,
1877 615 1927 668 in
1960 624 2099 668 terra
2137 612 2227 665 bo-
2333 610 2510 680 seipso
2537 625 2756 681 prorsus
2778 612 2829 666 id
2851 654 2865 678 ,
2908 627 3011 666 non
3052 613 3119 667 ab
3145 614 3262 666 aliis
3288 613 3530 682 accipere
3554 655 3570 679 ,
3599 612 3702 669 etsi
3725 616 3919 669 inliniti

655 708 761 760 stili
788 717 840 761 et
883 707 1116 773 inimica,
1148 706 1200 760 in
1228 704 1389 760 domo
1433 706 1701 777 tyrannica
1744 713 2037 770 versantes,
2085 704 2227 757 omni
2331 702 2439 755 sint
2468 700 2559 771 qui
2599 700 2793 755 damna
2822 711 2876 757 et
2919 701 3137 771 injurias
3166 702 3415 756 inferant.
3446 700 3579 757 Nam
3607 704 3651 758 si
3698 704 3919 775 quidem

663 800 749 851 illa
789 812 914 852 cura
945 797 1206 862 destituti,
1238 796 1303 851 ad
1332 797 1648 866 supplicium
1679 795 1909 865 abrepti,
1942 796 2067 857 usti,
2124 810 2227 848 non
2332 791 2445 847 inec
2467 808 2498 847 a
2530 795 2818 863 semetipso
2868 808 2972 848 non
3002 793 3249 863 accipiat,
3283 794 3327 847 si
3358 794 3517 849 totius
3540 804 3695 849 terra:
3723 797 3917 849 maris-

658 889 827 942 solnm
860 886 1117 942 hinckesi
1145 901 1252 942 non
1270 896 1409 951 sunt,
1436 900 1537 939 non
1564 899 1751 955 parum
1778 926 1791 949 ,
1824 898 1928 939 non
1956 884 2223 947 multum;
2328 899 2434 954 que
2480 884 2665 941 incola:
2723 885 2994 941 communi
3037 886 3259 942 consilio
3310 886 3514 942 irrnant
3540 929 3555 954 ,
3608 904 3676 942 ne
3724 902 3917 959 parum

652 992 835 1031 verum
864 976 1031 1047 magis
1074 977 1233 1032 etiam
1278 975 1601 1031 claruerunt.
1632 974 1726 1028 His
1768 974 1927 1044 igitur
1955 973 2183 1044 cognitis
2209 1014 2225 1039 ,
2328 973 2542 1043 quidem
2564 975 2759 1031 laedere
2780 987 3031 1047 poterunt
3059 992 3203 1041 eum,
3250 978 3342 1049 qui
3380 978 3433 1033 in
3466 978 3693 1033 Domino
3734 980 3921 1049 \‘igtlul

654 1067 951 1138 horumque
998 1067 1261 1122 similibus
1286 1081 1317 1122 e
1368 1066 1637 1137 Scriptura
1679 1066 1933 1122 divinitus
1970 1066 2225 1141 inapirata
2329 1080 2391 1120 ac
2418 1067 2626 1122 sobrius
2654 1078 2757 1122 est.
2779 1067 2957 1124 Simus
2983 1084 3133 1139 ergo,
3178 1084 3383 1139 quaeso,
3418 1070 3618 1133 sobrii,
3650 1080 3702 1124 et
3730 1072 3920 1140 vigile-

652 1158 891 1213 collcctis
913 1158 1093 1227 (multa
1123 1160 1264 1214 enim
1287 1157 1652 1228 hujuscemodi
1678 1167 1966 1229 suppetunt
1984 1157 2225 1229 exempla
2328 1172 2450 1211 mus
2469 1171 2702 1227 semper,
2729 1168 2784 1215 et
2822 1160 3013 1217 acerba
3053 1163 3232 1216 omnia
3271 1176 3532 1231 generoso
3556 1163 3736 1217 animo
3772 1164 3919 1218 fera-

650 1253 703 1307 in
730 1251 954 1307 diversis
975 1252 1131 1306 etiam
1166 1253 1406 1321 personb
1434 1251 1577 1323 aliis)
1604 1292 1619 1319 ,
1662 1267 1835 1322 neque
1859 1249 2223 1305 difficultatem
2326 1264 2468 1315 mus,
2496 1260 2552 1306 ut
2579 1252 2796 1307 aeternis
2817 1253 2919 1309 illis
2948 1263 3002 1309 et
3030 1254 3422 1309 immortalibus
3441 1255 3592 1309 bonis
3623 1256 3918 1324 potiamur,

652 1355 943 1413 temporum
967 1353 1055 1399 aut
1084 1360 1260 1400 rerum
1286 1385 1301 1411 ,
1331 1359 1504 1414 neque
1535 1344 1907 1401 necessitatem
1935 1352 1990 1398 et
2023 1346 2131 1398 vim
2160 1356 2224 1397 ac
2328 1340 2382 1395 in
2413 1340 2629 1399 Christo
2655 1342 2783 1400 Jesu
2814 1344 3040 1402 Domino
3090 1358 3295 1413 nostro,
3339 1348 3421 1403 cui
3468 1348 3636 1417 gloria
3660 1357 3716 1401 et
3746 1347 3918 1416 impe-

650 1434 1297 1505 tyranuidempotentium
1324 1435 1569 1490 sufﬁcere
1596 1433 2128 1491 nobisesistimemus
2154 1434 2222 1489 ad
2330 1436 2501 1500 rium,
2548 1454 2686 1495 nunc
2741 1451 2795 1494 et
2838 1454 3069 1510 semper,
3133 1450 3189 1496 et
3234 1442 3285 1495 in
3330 1442 3526 1495 smeula
3566 1441 3915 1495 szeculormn.

649 1526 1045 1591 defensionem,
1088 1526 1300 1597 quando
1350 1526 1747 1597 deliquerimus.
1795 1525 1948 1593 Quod
1995 1526 2142 1582 enim
2167 1527 2219 1582 in
2327 1529 2528 1587 Amen.

654 1619 913 1688 principio
937 1618 1049 1673 dixi
1075 1661 1089 1684 ,
1120 1619 1169 1673 in
1194 1618 1274 1674 'eo
1299 1632 1438 1672 nunc
1464 1630 1678 1686 quoque
1706 1618 2006 1673 orationem
2041 1627 2224 1673 termi-

946 2107 1025 2169 ΙΝ
1070 2108 1359 2170 LIBRUM
1404 2110 1502 2171 AD
1543 2098 1685 2173 EOS
1726 2108 1855 2181 QUI
1897 2109 2430 2175 SCANDALIZATI
2468 2109 2666 2173 SUNT
2710 2111 2807 2171 ΟΠ
2850 2108 3447 2181 ADVERSITATES,
3499 2116 3668 2167 κτοῐ

725 2315 985 2373 Ordinem
1017 2316 1298 2387 sequimur
1333 2317 1403 2371 ab
1433 2317 1551 2387 ipso
1580 2314 1974 2387 Chrysoswmo
2006 2314 2224 2373 indicati

2361 2315 2480 2372 nfra
2513 2332 2631 2387 cap.
2675 2318 2741 2373 15
2770 2337 2784 2371 :
2817 2318 2907 2390 Μὴ
2957 2317 3137 2371 τοίνυν
3184 2334 3274 2388 μοι
3324 2316 3449 2385 λέγε
3498 2319 3625 2383 τοὺς
3675 2317 3924 2374 ἀπολλυ.

660 2430 874 2501 μένους·
918 2430 1056 2502 ὅπερ
1099 2431 1208 2501 γὰρ
1258 2431 1315 2483 ὲν
1358 2428 1438 2500 τῷ
1480 2429 1788 2503 ἔμπροσθεν
1817 2425 1967 2484 εἷπον
1996 2428 2162 2500 λόγῳ,
2184 2428 2362 2493 οὐδεὶς
2390 2428 2499 2482 τῶν
2530 2429 2760 2493 ἑαυτοὺς
2788 2431 2863 2501 μὴ
2908 2430 3233 2484 ἀδικούντων
3259 2431 3387 2502 παρ’
3416 2430 3617 2499 ἑτέρων
3647 2430 3921 2484 ἀδικεῖταε

657 2540 935 2607 τωτι,κᾶν
962 2542 1041 2606 εις
1070 2540 1204 2596 αὐτὸ
1235 2542 1295 2595 τὸ
1324 2541 1423 2612 ζῇν
1445 2541 1730 2614 κινδυνεύῃ
1761 2561 1773 2597 :
1809 2541 1938 2598 Noli
1967 2557 2090 2615 ergo
2121 2542 2224 2597 mili

2358 2560 2365 2596 ς
2405 2558 2814 2599 commemorare
2848 2544 2937 2614 qui
2979 2553 3195 2613 pereunt
3234 2560 3251 2597 :
3295 2545 3434 2613 quod
3472 2560 3611 2598 enim
3658 2546 3710 2597 in
3740 2545 3921 2614 priore

657 2658 794 2713 libro
823 2659 960 2723 dixi,
993 2658 1172 2719 nullus
1199 2675 1265 2714 ea:
1288 2658 1376 2723 iis,
1410 2661 1500 2729 qui
1536 2661 1735 2731 κίρσοι
1762 2660 1963 2731 injuria
1992 2676 2097 2715 non
2124 2660 2382 2730 traiciunt.
2414 2665 2478 2713 ab
2510 2660 2634 2713 aliis
2668 2660 2790 2715 (redi
2814 2670 3004 2730 potest,
3043 2661 3281 2730 quantivis
3310 2659 3374 2715 de
3403 2662 3510 2713 vita
3534 2662 3648 2730 ipsa
3674 2662 3745 2715 sit
3776 2662 3923 2728 peri-

658 2775 835 2832 culum
870 2778 1218 2834 rubemtdum.
1249 2778 1778 2846 Quibus'manifcsle
1800 2781 2045 2839 declarat
2077 2782 2277 2838 librum
2315 2782 2491 2850 illum,
2524 2780 2678 2850 Qued
2701 2798 2849 2836 uento
2877 2781 3093 2836 (reditur
3129 2783 3235 2838 nisi
3273 2799 3307 2837 α
3333 2784 3505 2852 seipse
3542 2781 3719 2855 [465],
3763 2784 3922 2853 prius

659 2893 730 2948 ab
758 2907 818 2949 se
840 2892 1043 2949 factum
1070 2909 1213 2959 esse,
1234 2910 1399 2967 quam
1429 2896 1576 2953 hunc
1608 2898 1813 2964 ederet,
1842 2906 2141 2970 utrumque
2178 2913 2306 2954 vero
2341 2898 2681 2970 continenter
2703 2900 3003 2969 eodemque
3034 2908 3278 2970 tempore
3304 2898 3686 2956 elucubratum
3720 2896 3921 2953 fuisse.

661 3002 862 3061 Verum
896 3006 1060 3078 igitur
1085 3008 1332 3065 ordinem
1357 3024 1467 3065 non
1503 3011 1677 3066 t‘enuit
1702 3009 1960 3077 Savilius,
1996 3012 2092 3083 qui
2127 3014 2272 3068 hunc
2303 3012 2537 3081 priorem
2572 3012 2788 3083 posuit:
2837 3011 3068 3067 alterum
3095 3026 3226 3066 vero
3248 3053 3262 3077 ,
3302 3011 3396 3082 qui
3423 3010 3678 3083 przemitti
3707 3008 3921 3064 debue-

660 3128 767 3180 rat.
800 3118 929 3174 huic
963 3120 1245 3191 subjuuxit
1271 3138 1287 3186 ;
1315 3122 1410 3177 sed
1436 3123 1539 3178 hoc
1572 3131 1813 3179 erratum
1844 3124 1961 3194 ipse
1987 3133 2170 3194 postea
2194 3123 2603 3181 animadvertit.
2635 3122 2842 3179 Fronto
2870 3124 3100 3180 Ducazus
3125 3138 3219 3180 eos
3252 3124 3417 3196 longo
3444 3122 3732 3178 intervallo
3759 3135 3923 3192 sepa-

661 3236 820 3299 ravit,
856 3237 948 3308 qui
981 3239 1218 3307 priorem
1245 3239 1299 3296 in
1327 3238 1509 3295 medio
1541 3238 1714 3296 Tomo
1753 3250 1951 3312 quarto
1992 3241 2219 3307 locavit,
2254 3224 2615 3313 posteriorem
2649 3256 2798 3308 vero,
2850 3240 2964 3296 sive
3003 3239 3149 3295 hunc
3180 3239 3247 3295 de
3296 3254 3408 3310 quo
3453 3239 3688 3310 agimus,
3722 3252 3925 3294 versus

662 3358 824 3414 finem
859 3357 1015 3416 Tomi
1046 3361 1223 3431 quinti
1248 3363 1449 3432 posuit,
1482 3370 1578 3418 aut
1609 3363 1921 3433 ponendum
1952 3364 2192 3434 reliquit.

734 3471 997 3543 Georgius
1025 3476 1428 3532 Alexandrinus
1462 3477 1517 3533 in
1551 3475 1670 3532 Vita
1698 3476 2093 3549 Chrysostomi,
2124 3493 2245 3548 quae
2270 3477 2411 3532 infra
2446 3474 2658 3539 edetur,
2695 3490 2751 3529 n.
2776 3473 2866 3541 67,
2903 3474 2977 3529 ait
3000 3474 3145 3529 hunc
3184 3471 3383 3528 librum
3413 3468 3613 3525 Cueusi
3656 3482 3686 3522 a
3725 3464 3787 3523 S.
3819 3468 3923 3523 do-

663 3600 815 3647 etore
860 3588 1061 3648 factum
1121 3592 1292 3649 fuisse
1337 3594 1404 3648 ad
1456 3593 1885 3649 consolationem
1933 3592 2441 3663 institutionemque
2489 3592 2673 3662 populi
2722 3586 3335 3659 Constantinopolitani,
3378 3600 3609 3656 esseque
3657 3585 3711 3638 in
3742 3584 3927 3655 capita

671 3708 857 3778 viginti
892 3722 1128 3778 quatuor
1160 3711 1417 3779 divisum,
1450 3725 1573 3783 qua:
1595 3710 1795 3769 divisio
1822 3712 1891 3768 ad
1921 3712 2024 3769 hoc
2054 3725 2225 3784 usque
2253 3721 2467 3783 tempus
2490 3710 2546 3766 in
2582 3709 2972 3781 manuscriptis
3014 3706 3307 3766 Codieibus
3342 3714 3399 3761 et
3428 3704 3483 3761 in
3515 3702 3687 3760 Editis
3728 3704 3931 3761 observ

670 3834 848 3880 vatur.

741 3934 1030 3995 Existimat
1061 3954 1111 3991 v.
1151 3940 1219 3994 el.
1263 3938 1645 3998 Tillemobtius
1673 3938 1821 3997 hunc
1863 3938 2062 3995 librum
2097 3937 2258 4011 quasi
2302 3935 2368 3992 ad
2410 3934 2785 4010 Olympiadem
2837 3934 3066 3992 missum
3112 3929 3530 3989 commemorari
3577 3931 3631 3984 in
3679 3928 3931 4001 Epistula

670 4068 861 4129 quarta
890 4058 955 4114 ad
992 4059 1258 4125 eamdem,
1294 4060 1384 4115 ubi
1407 4060 1645 4117 dicitur:
1684 4063 1948 4133 Ἔπεμψά
1979 4078 2059 4116 σοι
2083 4061 2224 4130 ἅπερ

2358 4061 2469 4131 αψα
2500 4061 2712 4134 πρῴην,
2742 4062 2823 4117 ὅτι
2850 4060 2942 4116 τὸν
2984 4056 3177 4116 ἑαυτὸν
3221 4056 3508 4115 ἀδικοῦντα
3532 4053 3710 4119 οὐδεὶς
3739 4056 3930 4127 ’ἔτερος

861 4339 3906 4365 W

1806 4561 1921 4648 EJ
1951 4559 2335 4651 USDEM
2413 4560 2767 4649 LIBER

685 4885 757 4928 ID
802 4882 912 4926 EOS
954 4880 1062 4933 QUI
1106 4878 1549 4923 SCANDAl-IZATI
1594 4878 1750 4921 SUNT
1793 4878 1871 4918 Ol!
1905 4875 2224 4921 ADVERSIT.

2358 4876 2371 4917 ἱ
2401 4873 2541 4927 ρυλε
2573 4870 3037 4925 CONTIGERUNT,
3069 4868 3418 4921 POI‘ULIQUE
3470 4870 3548 4911 ΕΤ
3582 4868 3944 4913 Μυιρτοιιυιη

751 4985 1167 5032 εωιειωοτωι
1215 4983 1783 5037 ΡΕΙιεΕΩυῸἸΊΟΝΕΜ
1834 4982 1902 5025 AC
1949 4981 2224 5027 PERVERS

2358 4980 2455 5031 BM,
2506 4980 2583 5021 ΕΤ
2628 4979 2708 5020 DE
2754 4973 3420 5022 INCOMPBEIIENSIBILI.
3469 4972 3549 5014 ΕΤ
3617 4973 3944 5017 Αυνιςιιδυες

752 5090 1001 5134 δυυλεοε
1046 5072 1154 5151 (a).

2130 5188 2529 5223 ψ-

742 5313 926 5371 Medici
944 5312 1178 5384 quidem,
1201 5314 1243 5367 si
1259 5313 1469 5381 quando
1486 5313 1759 5382 quosmam
1785 5312 1927 5365 l‘ebre
1950 5317 2244 5377 correptos,
2355 5304 2547 5374 quippe
2579 5301 2711 5356 artis
2741 5300 2879 5355 illius
2902 5308 2985 5355 est
3015 5297 3269 5361 conditio,
3300 5312 3361 5351 ea
3390 5296 3698 5350 morborum
3733 5298 3943 5352 illorum

588 5448 593 5455 κ
673 5418 756 5460 aut
784 5407 960 5475 aliquo
988 5406 1093 5457 alio
1121 5403 1305 5457 morbo
1326 5403 1624 5457 laborantes
1651 5403 1914 5457 sanandus
1939 5402 2247 5471 suscipiant,
2358 5403 2565 5449 natura.
2595 5391 2701 5447 Nos
2728 5406 2874 5458 vero,
2904 5391 2994 5460 qui
3025 5405 3129 5443 non
3154 5403 3313 5442 unum
3342 5388 3571 5456 aliquem
3608 5389 3905 5443 alterumve
3931 5430 3944 5450 ,

674 5499 723 5552 nl
754 5498 979 5567 primum
1008 5495 1238 5559 student,
1263 5505 1319 5547 ut
1346 5509 1511 5562 aegros
1541 5478 1765 5557 videant,
1800 5494 1941 5562 quod
1973 5494 2156 5561 procul
2186 5494 2251 5546 ab
2356 5486 2448 5542 sed
2475 5499 2661 5540 omnes
2690 5483 2778 5552 qui
2809 5492 2975 5560 totum
3008 5482 3241 5536 incolunt
3270 5480 3451 5534 orbem
3481 5487 3763 5541 terrarum,
3794 5494 3946 5533 scan-

674 5590 750 5645 eis
778 5588 969 5657 positi,
1011 5599 1108 5640 SUO
1134 5601 1236 5638 non
1283 5591 1497 5653 possent
1533 5598 1625 5638 eos
1661 5584 1895 5639 subsidio
1930 5584 2116 5654 juvare
2148 5603 2159 5639 :
2188 5598 2249 5638 ea
2355 5577 2533 5632 dalum
2561 5588 2746 5645 passos
2773 5588 2963 5655 sanare
2990 5572 3288 5637 studemus,
3321 5570 3447 5623 nihil
3476 5571 3579 5624 tale
3600 5572 3946 5641 requirimus.

2358 5670 2536 5738 Neque
2565 5666 2706 5723 enim
2739 5663 2997 5737 petimus,
3026 5674 3084 5718 ut
3138 5665 3187 5718 in
3214 5662 3355 5718 mdes
3380 5662 3603 5731 alicujus
3639 5678 3706 5717 ex
3735 5663 3947 5732 a‘grutis

738 5786 807 5843 (ιι)
840 5780 1014 5834 Cullala
1037 5794 1144 5827 Clllll
1170 5787 1270 5830 uss.
1295 5782 1453 5843 Regiis
1481 5780 1611 5842 1819,
1650 5779 1786 5835 2.23M.
1818 5781 2109 5835 Culburtinis
2161 5795 2219 5829 vo

2358 5769 2533 5830 pateat
2558 5759 2731 5812 aditus
2750 5799 2762 5821 ,
2794 5766 2883 5811 aut
2908 5758 2992 5811 ubi
3018 5756 3224 5824 iaceant
3245 5796 3257 5816 ,
3306 5752 3572 5806 discamus
3595 5795 3610 5817 ,
3639 5752 3735 5808 sed
3780 5769 3947 5820 neque

684 5881 729 5917 τι)
756 5864 857 5927 1‘33,
876 5858 982 5921 ‘89,
1004 5862 1121 5911 i057?
2358 5860 2499 5925 ipsus
2518 5870 2685 5923 a-gros
2708 5852 2946 5923 cupimus
2972 5851 3159 5905 intueri
3204 5847 3314 5901 Nnn
3340 5845 3578 5901 manibus
3600 5847 3946 5903 insttumvnti
