4192 6486
693 413 795 471 εει

692 524 992 597 παυόμεθα
1029 522 1297 591 δαπάνην,
1335 520 1404 576 τά
1443 522 1580 593 πρὸς
1624 520 1865 594 ἰατρείαν
1905 519 2161 573 ὠνεῖσθαι
2192 534 2284 571 κε-

691 611 933 675 λεύοντες
958 611 1083 674 τούς
1107 606 1466 671 ἀσθενοῦντας
1488 625 1501 638 ·
1543 607 1679 663 ἀλλά
1724 606 1825 662 κᾶν
1853 607 2119 674 ἄγνωστοι
2153 606 2284 675 ἡμῖν

689 694 811 762 ὦσι.
870 698 972 753 κᾶν
1021 698 1157 770 πρὸς
1197 697 1370 761 αὐτάς
1411 696 1780 768 ἀπῳκισμένοι
1833 696 1930 759 τάς
1971 696 2071 767 τῆς
2102 696 2284 748 οίκου-

692 788 862 860 μένης
905 789 1180 860 ἐσχατιάς,
1232 786 1336 841 κάν
1392 786 1451 839 ἐν
1511 785 1695 858 μέσοις
1735 785 2051 858 βαρὸάροις,
2083 786 2188 839 κᾶν
2223 787 2281 839 ἐν

690 876 839 948 αὐτῷ
860 878 1103 950 κείμενοι
1123 875 1204 948 τῷ
1223 876 1321 948 τῆς
1343 874 1616 947 πτωχείας
1640 875 1898 946 πυθμένι,
1925 875 2031 929 κᾶν
2052 874 2284 945 πένητες

686 967 956 1039 τοσαύτην
981 967 1187 1032 πενίαν,
1232 963 1374 1019 ὥστε
1423 965 1520 1020 καὶ
1556 965 1655 1036 τῆς
1701 964 2007 1033 ἀναγκαίας
2053 963 2281 1035 ἀπορεῖν

689 1057 911 1126 τροφῆς,
941 1055 1089 1109 οὐδὲν
1122 1056 1251 1125 ημῖν
1278 1053 1481 1108 τούτων
1510 1052 1645 1126 πρὸς
1663 1053 1765 1122 τὴν
1797 1052 2039 1123 ἰατρείαν
2068 1051 2277 1121 γίνεται

689 1143 936 1214 κώλυμα·
969 1142 1085 1196 ἀλλ’
1123 1142 1205 1196 ἐνὶ
1243 1140 1523 1213 [εδδ-εδδ]
1561 1140 1833 1213 ἱδρυμένοι
1874 1138 2076 1211 χωρίῳ,
2108 1139 2281 1210 χωρὶς

688 1230 954 1302 ὀργάνων,
986 1229 1082 1284 καὶ
1110 1229 1440 1301 φαρμάκων,
1469 1228 1565 1282 καὶ
1592 1226 1796 1293 σιτίων,
1832 1227 1927 1280 καὶ
1952 1226 2153 1288 ποτῶν,
2173 1226 2281 1279 ’καὶ

688 1320 1005 1395 χρημάτων,
1048 1319 1144 1374 καὶ
1186 1320 1406 1391 μακρᾶς
1445 1318 1775 1389 ἀποδημίας.
1824 1317 1925 1387 τήν
1985 1316 2140 1370 νόσον
2174 1317 2280 1370 ἀπ-

688 1407 982 1481 ελαύνομεν
1020 1407 1243 1477 ταύτην.
1292 1407 1421 1471 Πῶς
1457 1405 1551 1461 καὶ
1598 1405 1736 1477 ποίῳ
1769 1404 1955 1477 τρόπῳ
1979 1417 2042 1469 ι;
2081 1402 2144 1459 τὸ
2183 1404 2277 1459 τοῦ

684 1496 845 1567 λόγου
884 1494 1382 1560 κατασκευάζοντες
1422 1494 1732 1565 φάρμακον,
1774 1493 1836 1546 τὸ
1871 1490 2047 1547 ταῦτα
2099 1493 2278 1549 πάντα

686 1584 965 1655 γινόμενον
1004 1585 1114 1647 τοῖς
1144 1581 1378 1647 νοσοῦσι,
1424 1582 1519 1636 καὶ
1569 1582 1790 1651 ἄμεινον
1822 1579 1857 1651 ἢ
1900 1578 1971 1633 τά
2009 1580 2278 1652 εἰρημένα

685 1670 921 1727 ἃπαντα.
952 1671 1065 1727 Καὶ
1097 1670 1207 1743 7&9
1232 1670 1327 1725 καὶ
1350 1670 1517 1742 ἀρτου
1548 1668 1739 1741 τρέφει
1770 1668 1990 1738 μᾶλλον.
2018 1666 2113 1721 καὶ
2135 1684 2277 1739 φαρ⁸

690 1761 869 1833 μάκου
926 1759 1229 1831 διορθοῦται
1282 1758 1441 1813 πλέον
1463 1798 1480 1822 ,
1540 1759 1635 1813 καὶ
1689 1756 1860 1828 πυρὸς
1917 1754 2276 1826 εὐτονώτερον

686 1847 854 1909 καίει.
882 1846 1147 1917 ἀλγηδόνα
1195 1845 1293 1917 μιν
1338 1844 1593 1915 οὐδεμίαν
1643 1844 1901 1915 παρέχον,
1940 1843 2047 1897 τῶν
2081 1843 2139 1898 δι
2173 1856 2289 1897 mo‘

682 1932 863 2007 νηρῶν
888 1933 1161 2005 λογισμῶν
1192 1932 1262 1987 τά
1284 1926 1492 2004 δυσώδη
1525 1931 1771 2003 ῥεύματα
1796 1930 2119 1986 ἀναστέλλον
2138 1947 2151 1960 ·
2178 1932 2273 1986 καὶ

686 2020 903 2095 σιδήρου
946 2020 1254 2093 τομώτερον
1295 2019 1484 2090 τέμνει
1520 2018 1590 2073 τά
1638 2017 1913 2088 σεσηπότα
1955 2016 2271 2082 ἀνωδύνωςο

681 2110 779 2165 καὶ
810 2107 968 2165 τοῦτο
1004 2108 1190 2164 ποιοῦν
1232 2108 1476 2178 δαπάνην
1511 2105 1767 2177 οὐδεμίαν
1810 2104 2101 2175 ἐργάζεται
2139 2123 2274 2177 χρη-

684 2199 891 2271 μάτων,
922 2199 1041 2255 οὐδὲ
1073 2198 1343 2271 ἐπιτρίϐει
1378 2196 1587 2253 πενίαν.
1614 2195 1786 2250 Τοῦτο
1809 2193 1901 2249 οῦν
1930 2195 2272 2253 κατασκευά-

682 2303 872 2351 σαντες
920 2286 982 2342 τδ
1030 2287 1355 2359 φάρμακον,
1402 2285 1538 2339 πᾶσι
1593 2282 2118 2354 παραπεμπόμεθα,
2174 2283 2271 2337 καὶ

680 2376 882 2441 πάντες
905 2368 1000 2430 οἷδ’
1026 2375 1105 2428 ὅτι
1127 2373 1523 2433 ἀπολαύσονται
1547 2371 1864 2443 θεραπείας,
1899 2371 2058 2442 μόνον
2091 2371 2139 2424 εί
2159 2373 2269 2435 τοῖς

676 2458 989 2535 λεγομένοις
1014 2460 1153 2534 μετά
1194 2459 1476 2533 ἀκριϐείας
1508 2460 1604 2514 καὶ
1642 2457 2063 2531 εὐγνωμοσύνης
2100 2475 2269 2531 προσ-

677 2551 875 2622 έχοιεν.

746 2640 889 2709 Κεφ.
906 2644 977 2695 α’.
1014 2636 1228 2709 Ἐπειδὴ
1245 2636 1303 2691 δὲ
1324 2638 1418 2691 καὶ⁵
1433 2636 1654 2691 ἐπὶτῶν
1678 2636 1955 2707 σωμάτων
1971 2640 2031 2693 οὐ
2052 2639 2267 2711 μικρὸν,

677 2726 814 2785 αλλά
829 2720 923 2781 καὶ
946 2726 1199 2799 μέγιστον
1224 2727 1357 2797 πρὸς
1382 2725 1481 2797 τὴν
1503 2725 1605 2797 τῆς
1624 2727 1935 2797 ἀρρωστίας
1952 2727 2269 2803 ἀπαλλαγὴν

681 2816 953 2871 συντελεῖν
982 2814 1140 2872 εῖωθε
1170 2814 1232 2867 τδ
1266 2814 1457 2886 μαθεῖν
1500 2814 1593 2869 τὸν
1639 2815 1918 2884 κάμνοντα
1957 2816 2056 2887 τῆς
2086 2818 2271 2889 ἀρρω-

680 2903 832 2969 στίας
855 2902 955 2975 τὴν
990 2902 1245 2957 ὑπόθεσιν
1280 2902 1364 2972 (οὐ
1406 2900 1517 2973 7&9
1566 2901 1630 2973 δὴ
1677 2902 1838 2974 μόνον
1875 2903 1974 2975 τῆς
2009 2904 2270 2976 κατεχού-

680 3009 781 3063 σης
811 2990 971 3046 αὐτὸν
1009 2989 1453 3060 ἀπαλλαγήσεται
1489 2990 1645 3044 νόσου
1688 2990 1849 3044 τοῦτο
1888 2990 2098 3061 μαθὼν,
2151 2992 2267 3046 ἀλλ’

676 3080 796 3137 οὐδδ
819 3078 958 3151 μετά
979 3076 1150 3133 ταῦτα
1177 3079 1315 3152 αὐτῇ
1340 3082 1738 3151 περιπεσεῖται,
1767 3080 1864 3153 τὴν
1883 3082 2060 3136 αίτίαν
2082 3082 2265 3151 γνοὺς,

674 3172 769 3240 ἀφ’
811 3164 881 3243 ἧς
922 3170 1060 3241 αὐτῇ
1110 3169 1438 3241 περιέπεσεν
1486 3168 1653 3237 άπαξ,
1693 3171 1788 3224 καὶ
1820 3169 2266 3244 φυλαττόμενος),

676 3258 809 3332 φέρε
832 3258 928 3313 καὶ
954 3260 1114 3331 ήμεῖς
1135 3257 1294 3311 τοῦτο
1323 3256 1538 3328 πρῶτον
1562 3258 1688 3320 τοὺς
1718 3256 1783 3312 τά
1808 3258 2035 3313 τοιαῦτα
2058 3258 2270 3314 νοσοῦν-

596 3413 601 3417 ,
674 3364 773 3412 τας
793 3346 1110 3417 διδάξωμεν,
1139 3346 1300 3399 πόθεν
1330 3346 1513 3409 αὐτοῖς
1548 3344 1607 3399 τὺ
1642 3345 1855 3417 νόσημα
1891 3344 2049 3400 τοῦτο
2075 3346 2267 3415 γέγονε

674 3434 770 3491 τοῦ
799 3435 1117 3491 σκανδάλου,
1148 3434 1210 3487 El
1244 3432 1353 3504 7&9
1378 3432 1443 3505 δὴ
1474 3433 1632 3487 τοῦτο
1674 3432 1918 3503 μάθοιεν.
1944 3436 2040 3487 καὶ
2075 3434 2269 3507 βουλη-

675 3522 816 3580 θεῖεν
855 3522 1194 3594 φυλάξασθαι
1248 3519 1387 3593 μετά
1425 3520 1713 3593 ἀκριϐείας
1753 3520 1917 3585 αὐτὸ,
1958 3521 2019 3575 οὐ
2062 3522 2267 3592 ταύτης

677 3610 836 3681 μόνον
874 3611 1348 3682 ἀπαλλαγήσονται
1396 3609 1496 3680 τῆς
1524 3609 1852 3681 ἀρρωστίας,
1885 3610 2006 3665 οὐδὲ
2042 3611 2139 3665 νῦν
2176 3614 2267 3684 μό-

672 3716 781 3765 νον,
806 3698 943 3754 ἀλλά
969 3699 1065 3753 καὶ⁵
1087 3698 1350 3771 διηνεκῶς
1371 3698 1474 3751 καὶ
1500 3696 1706 3769 ταύτης
1728 3696 1823 3751 καὶ
1852 3698 2055 3768 ἐτέρων
2084 3698 2265 3753 πλειό-

672 3804 799 3842 νων.
824 3786 1060 3860 Τοιαύτη
1089 3786 1197 3859 γάρ
1218 3787 1313 3842 καὶ
1347 3787 1381 3856 ἠ
1425 3784 1524 3839 τοῦ
1567 3784 1859 3856 φαρμάκου
1889 3784 2079 3839 τούτου
2102 3786 2264 3855 φύσις

672 3875 840 3939 ἐστὶν,
877 3875 955 3940 ώς
991 3873 1166 3930 καὶτὸ
1210 3875 1384 3945 παρὸν
1415 3872 1773 3945 θεραπεῦσαι,
1825 3872 1921 3926 καὶ
1948 3873 2057 3927 τῶν
2089 3873 2265 3928 ἀλλων

672 3963 924 4034 γενέσθαι
955 3961 1389 4035 προφυλακτικδν
1433 3961 1640 4016 παθῶν.
1687 3962 1763 4017 Οὐ
1798 3960 1905 4035 γάρ
1939 3960 1997 4015 ἐν
2034 3964 2129 4016 καὶ
2170 3963 2264 4018 δύο

673 4052 769 4107 καὶ
796 4051 940 4122 τρία,
963 4049 1099 4106 ἀλλά
1130 4050 1224 4105 καὶ
1248 4049 1418 4104 πολλά
1455 4048 1598 4103 κατά
1618 4047 1710 4102 τὸν
1732 4050 1979 4121 παρόντα
2002 4049 2114 4119 βίον
2145 4052 2263 4106 ἐστὶ

670 4142 743 4197 τά
789 4138 1207 4203 σκανδαλίζοντα
1247 4140 1373 4203 τοὺς
1418 4138 1873 4209 ἀσθενεστέρους⁸
1922 4138 2018 4192 καὶ
2059 4138 2263 4193 τούτων

671 4230 924 4287 ἀπάντων
967 4231 997 4284 ό
1034 4228 1192 4297 λόγος
1231 4225 1389 4300 ήμῶν
1425 4225 1819 4294 ἐπαγγέλλεται
1864 4227 1991 4291 τοὺς
2035 4226 2264 4291 ἁλόντας

670 4318 1007 4391 ἐλευθεροῦν,
1051 4318 1213 4391 μόνον
1266 4320 1315 4371 εί
1358 4315 1668 4389 βουληθεῖεν
1722 4316 1878 4388 (ὅπερ
1921 4316 2017 4370 καὶ
2062 4315 2265 4391 ἐμπροο

671 4405 797 4460 σθεν
840 4404 1015 4471 εἷπον)
1064 4406 1159 4462 καὶ
1212 4403 1405 4477 μαθεῖν
1452 4404 1544 4458 καὶ
1587 4403 1820 4473 φυλάξαι
1862 4403 1933 4458 τά
1968 4404 2257 4477 λεγόμενα.

672 4490 935 4563 Ιῐοιοῦμαι
978 4492 1037 4547 δὲ
1086 4491 1186 4564 τὴν
1231 4492 1525 4564 θεραπείαν
1564 4490 1794 4563 ταύτην,
1842 4491 1943 4546 οὐκ
1991 4491 2099 4546 ἀπὸ
2151 4492 2267 4547 τῶν

670 4579 869 4634 θεῖκῶν
904 4580 1061 4650 μόνον
1097 4579 1331 4652 Γραφῶν
1381 4578 1668 4644 συντιθεὶς,
1712 4578 1852 4634 ἀλλά
1882 4580 1978 4635 καὶ
2023 4581 2131 4635 ἀπὸ
2152 4582 2261 4637 τῶν

669 4668 809 4723 κατά
842 4667 937 4721 τὸν
976 4666 1219 4739 παρόντα
1260 4666 1373 4737 βίον
1398 4666 1697 4738 γινομένων
1732 4667 1827 4721 καὶ
1856 4666 2261 4739 συμδαινόντων

668 4756 963 4828 διηνεκῶς·
995 4755 1136 4810 ὥστε
1167 4757 1261 4811 καὶ
1288 4758 1398 4818 τοῖς
1431 4756 1507 4830 μή
1527 4755 1853 4828 προσέχουσι
1874 4758 2117 4829 Γραφαῖς
2148 4775 2263 4811 κοι-

670 4847 765 4919 νὴν
790 4845 1041 4916 γενέσθαι
1070 4847 1169 4918 τὴν
1210 4845 1517 4918 διόρθωσιν,
1562 4848 1611 4900 εί
1657 4845 1996 4917 βουληθεῖεν·
2042 4846 2105 4901 ού
2149 4848 2259 4921 7&9

670 4934 952 5005 παύσομαι
977 4934 1134 4988 τοῦτο
1160 4933 1401 5004 συνεχῶς
1426 4933 1712 5004 ἐπιλέγων.
1749 4933 1985 5007 Ἀνάγκη
2018 4934 2127 5006 7&9
2167 4924 2260 4989 καὶ

672 5021 783 5094 βίᾳ,
807 5023 899 5076 καὶ
935 5022 1010 5093 μὴ
1041 5021 1347 5095 βουλομένῳ
1386 5023 1485 5077 οὐκ
1530 5022 1609 5075 ἔνι
1668 5021 1874 5093 ταύτην
1922 5023 2052 5077 ποτέ
2103 5023 2260 5093 θερα-

670 5109 931 5179 πευθῆναι
961 5108 1059 5181 τὴν
1088 5109 1349 5181 ἰατρείαν,
1389 5110 1485 5164 καὶ
1536 5110 1663 5170 τούς
1702 5110 1881 5172 θείους
1921 5110 1996 5181 μὴ
2028 5110 2255 5163 καταδε-

669 5195 884 5267 χομένῳ
935 5196 1241 5268 χρησμούς·
1296 5196 1392 5251 καὶ
1443 5196 1714 5261 ἐντεῦθεν,
1748 5197 1947 5268 μᾶλλον
2000 5198 2055 5250 δὲ
2098 5197 2257 5251 πλέον

667 5283 914 5339 ἐντεῦθεν
944 5284 979 5355 ἢ
1022 5285 1089 5337 ἐκ
1140 5283 1240 5355 τῆς
1293 5285 1403 5338 τῶν
1450 5286 1790 5355 πραγμάτων
1846 5285 2173 5351 ἀποδείξεως
2204 5286 2252 5340 ι’.

668 5370 791 5425 Τῶν
816 5372 925 5444 7&9
950 5373 1243 5445 ὁρωμένων
1274 5372 1715 5445 ἀξιοπιστοτέραν
1746 5374 1827 5428 δεῖ
1862 5375 1964 5446 τὴν
1994 5373 2087 5427 τοῦ
2119 5373 2253 5429 Θεοῦ

665 5462 940 5532 ἀπόφασιν
966 5461 1240 5516 πιστεύειν
1272 5458 1433 5516 εἶναι.
1465 5462 1564 5517 Διά
1593 5480 1672 5518 τοι
1700 5463 1857 5517 τοῦτο
1884 5465 1978 5517 καὶ
2010 5464 2255 5534 χαλεττω⁶

666 5550 797 5620 τέρα
828 5549 1049 5615 τούτους
1092 5550 1241 5621 μένει
1283 5550 1523 5624 τιμωρία
1578 5551 1652 5623 μὴ
1698 5551 2133 5626 διορθουμένους,
2173 5553 2253 5607 ὅτι

730 5706 757 5771 _‘
779 5706 880 5771 Am
903 5707 985 5755 καὶ
998 5708 1088 5771 τίνι
1110 5708 1289 5771 τρόπῳ,

728 5764 757 5840 ξ’
779 5766 905 5840 ξῖςρε
926 5783 1041 5840 mss.
1066 5770 1119 5818 ἐκ
1136 5764 1219 5827 τῆς
1241 5764 1338 5840 τῷν
1358 5770 1555 5840 Γραφῶν
1576 5770 1861 5840 ὰπρδ.ηῖῐεθο
1879 5772 1998 5840 τωο
2023 5773 2187 5840 ιιῴοιιε
2197 5787 2250 5840 r0

665 5829 1038 5944 ἓὲζξιδεγιηυε
1066 5847 1077 5881 ;
1102 5839 1239 5883 certe
1262 5829 1454 5885 videtur
1479 5834 1530 5883 in
1558 5830 1690 5883 serie
1714 5834 1880 5885 Greca
1901 5836 2087 5899 aliquid
2114 5836 2249 5887 desi-

1428 408 1485 464 S.
1524 406 1812 464 JOANNIS
1845 402 2339 466 CURYSOSTOII
2381 402 2697 459 ARCIIIEP.
2738 404 3298 464 CONSTANTINOP.

3864 410 3975 467 453

2388 518 2668 590 δεξάμενοι
2700 520 2800 583 τὰς
2836 520 3076 592 Γραφάς,
3110 522 3263 577 οὐδὲν
3308 522 3518 578 ἐκεῖθεν
3548 525 3629 587 είς
3656 524 3757 596 τήν
3798 525 3972 580 τοιαύ-

2387 631 2487 685 την
2542 604 2874 684 καρποῦνται
2917 614 3206 685 ώφέλειαν.
3244 611 3474 685 Ἵνλοῦν
3532 616 3607 687 μὴ
3653 617 3812 672 τοῦτο
3865 618 3973 673 πά-

2391 722 2579 777 σχωσι,
2614 708 2747 777 φέρε
2788 708 3052 779 ἁψώμεθα
3095 708 3195 779 τῆς
3233 709 3571 781 διορθώσεως
3619 711 3824 782 λοιπὸν,
3874 715 3977 787 τὴν

2387 800 2563 853 αἰτίαν
2592 801 2835 864 είπόντες
2866 799 2960 854 τοῦ
2989 802 3293 873 νοσήματος
3327 801 3563 874 πρῶτον.

2464 890 2613 964 [467]
2627 893 2766 960 Κεφ.
2785 891 2850 963 β’.
2864 891 2958 957 Τίς
2971 888 3064 946 οῦν
3077 893 3111 963 ἡ
3125 891 3274 947 αἰτία
3289 893 3388 964 τῆς
3408 892 3721 965 ἀρρωστίας
3737 894 3833 966 τῆς
3850 912 3977 949 τοσ-

2387 983 2558 1054 αύτης
2582 984 2757 1050 ἑστίη
2804 985 2867 1039 Ἦ
2893 983 3304 1056 πολυπράγμων
3327 987 3420 1039 καὶ⁵
3439 987 3730 1059 περίεργος
3754 986 3974 1059 γνώμη,

2388 1077 2481 1131 καὶ
2497 1076 2559 1129 τὸ
2576 1075 2859 1146 βούλεσθαι
2877 1077 3091 1131 πάντων
3111 1077 3220 1131 τῶν
3240 1078 3544 1150 γινομένων
3565 1080 3763 1134 εἰδέναι
3781 1082 3881 1141 τάς
3900 1084 3977 1136 αίο

2383 1166 2506 1231 τίας
2526 1168 2766 1233 ἀπάσας,
2786 1169 2879 1222 καὶ
2894 1169 3217 1239 φιλονεικεῖν
3241 1169 3338 1242 τὴν
3354 1170 3737 1241 ἀκατάληπτον
3761 1174 3855 1227 καὶ
3875 1174 3977 1245 ἀρ-

2384 1262 2549 1333 ῥητον
2564 1259 2659 1314 τοῦ
2675 1260 2810 1317 Θεοῦ
2835 1263 3112 1333 πρόνοιαν,
3129 1262 3228 1335 τὴν
3246 1264 3549 1335 ἀπέραντον
3564 1267 3659 1319 καὶ
3670 1266 3950 1339 ἀνεξιχνία
3961 1300 3978 1309 -

2386 1370 2510 1408 στον
2549 1355 3005 1428 περιεργάζεσθαι
3030 1355 3420 1429 ἀναισχύντως,
3449 1359 3541 1413 καὶ
3576 1359 3968 1432 πολυπραγμοο

2382 1452 2512 1505 νεῖν.
2538 1452 2730 1505 Καίτοι
2758 1451 2844 1515 τίς
2864 1451 2959 1506 τοῦ
2981 1451 3196 1506 Παύλου
3223 1451 3529 1523 σοφώτερος
3553 1451 3809 1523 γέγονεν;
3839 1455 3976 1509 Εἰπὲ

2381 1544 2491 1615 γάρ
2516 1561 2626 1613 μοι,
2655 1544 2717 1597 οὐ
2750 1544 2944 1610 σκεῦος
2974 1545 3204 1617 ἐκλογῆς
3223 1541 3293 1616 ἦν
3328 1540 3519 1613 οὐτοςς
3552 1547 3613 1601 οὐ
3648 1547 3849 1620 πολλὴν
3879 1548 3980 1603 καὶ

2380 1636 2585 1699 ἄφατον
2635 1636 2986 1692 ἐπεσπάσατο
3027 1638 3121 1693 τοῦ
3159 1639 3475 1711 Πνεύματος
3520 1640 3620 1714 τὴν
3674 1642 3872 1713 χάριν;
3912 1641 3977 1695 οὐ

2379 1728 2470 1783 τὸν
2500 1730 2734 1803 Χριστὸν
2769 1724 2916 1801 εἶχεν
2954 1732 3014 1786 ἐν
3054 1731 3233 1804 ἐαυτῷ
3272 1732 3566 1800 λαλοῦντας
3596 1735 3697 1789 οὐκ
3726 1735 3981 1807 ἀπορρή-

2377 1839 2488 1875 των
2526 1822 2847 1896 ἐκοινώνησε
2890 1825 2985 1879 τοῦ
3034 1825 3170 1880 Θεοῦ
3220 1826 3515 1897 ῥημάτωνς
3557 1826 3657 1898 οὐχ
3702 1826 3740 1882 ἀ
3785 1826 3979 1899 μηδενὶ

2377 1915 2682 1986 ἀνθρώπων
2724 1918 2953 1990 λαλῆσαι
2997 1918 3116 1985 ἐξὸν
3148 1915 3238 1992 ἦν,
3274 1921 3435 1991 μόνος
3466 1921 3700 1993 ἤκουσεν
3728 1921 3976 1985 ἐκεῖνοςῖ

2376 2008 2477 2061 οὐκ
2507 2010 2589 2073 είς
2617 2010 2944 2082 παράδεισον
2983 2012 3243 2083 ήρπάγη;
3289 2012 3391 2067 οὐκ
3421 2015 3501 2077 είς
3531 2012 3714 2085 τρίτον
3746 2011 3980 2083 οὐρανὸν

2377 2100 2683 2172 ἀνηνέχθη;
2726 2102 2788 2155 οὐ
2843 2103 2949 2173 γῆν
2989 2102 3083 2157 καὶ
3129 2102 3403 2159 θάλασσαν
3455 2103 3861 2176 περιέδραμενς
3911 2100 3979 2155 οὐ

2378 2189 2686 2263 βαρδάρους
2711 2193 3023 2265 φιλοσοφεῖν
3050 2194 3301 2260 έπεισεν;
3327 2196 3389 2250 οὐ
3418 2194 3621 2260 πολλάς
3667 2196 3762 2249 καὶ
3792 2194 3981 2248 ποικί-

2376 2281 2475 2345 λας
2496 2277 2609 2353 εἶχε
2631 2282 2727 2336 τοῦ
2753 2283 3070 2355 Πνεύματος
3091 2284 3401 2356 ἐνεργείας;
3428 2285 3490 2339 οὐ
3514 2286 3578 2357 δή
3588 2302 3723 2357 μους
3752 2284 3983 2355 ὁλοκλή-

2376 2391 2506 2447 ρους
2532 2376 2624 2429 καὶ
2646 2376 2831 2442 πόλεις
2854 2376 3219 2449 ἐρρύθμιζενς
3265 2378 3327 2433 οὐ
3354 2379 3455 2450 τὴν
3476 2378 3801 2450 οἰκουμένην
3830 2377 3974 2432 ἀπα-

2375 2484 2476 2521 σαν
2510 2469 2590 2532 είς
2638 2471 2827 2540 χεῖρας
2877 2469 3028 2542 αὐτῷ
3078 2472 3261 2542 φέρων
3314 2471 3510 2542 έθηκεν
3548 2472 3577 2525 ὁ
3615 2470 3786 2538 Θεός;
3835 2469 3982 2524 Ἀλλ’

2373 2555 2522 2627 δμως
2564 2558 2593 2611 ὁ
2635 2558 2891 2624 τοσοῦτος
2936 2560 3030 2614 καὶ
3077 2560 3415 2631 τηλικοῦτος,
3442 2563 3472 2615 ὁ
3514 2562 3677 2631 σοφὸς
3707 2560 3851 2615 οὕτω
3881 2561 3983 2617 καὶ

2372 2648 2597 2713 δυνατὸς
2636 2652 2729 2704 καὶ
2754 2652 3120 2724 πνευματικὸς
3147 2652 3356 2725 ἀνὴρ.’δ
3382 2653 3651 2707 τοσούτων
3672 2651 3982 2707 ἀπολελαυ-

2375 2738 2509 2803 κὼς,
2538 2726 2667 2797 ὅταν
2703 2744 2783 2806 είς
2833 2744 2933 2814 τήν
2981 2743 3227 2811 ἐξέτασιν
3268 2745 3367 2816 τῆς
3405 2745 3497 2798 τοῦ
3542 2743 3679 2798 Θεοῦ
3716 2744 3983 2816 προνοίας

2374 2832 2613 2907 ἐμπέσῃ,
2643 2834 2738 2887 καὶ
2779 2834 2902 2889 οὐδὲ
2953 2835 3251 2907 ὁλοκλήρου
3302 2835 3582 2908 προνοίας.
3628 2834 3766 2890 ἀλλά
3815 2838 3983 2908 μόνον

2374 2926 2455 2988 είς
2489 2936 2511 2965 ο
2546 2926 2712 2997 μέρος
2753 2926 2946 2997 αὐτῆς,
2998 2927 3233 2982 ἄκουσον
3278 2927 3398 2992 πῶς
3438 2928 3822 3001 ἐκπλήττεται,
3860 2928 3984 2996 πῶς

2375 3015 2602 3099 ελεγγιᾷ,
2635 3018 2752 3082 πῶς
2780 3018 3038 3092 ἀποπηδᾷ
3063 3018 3375 3092 ταχέωςτῷ
3398 3020 3770 3092 ἀκαταλήπτῳ
3799 3038 3984 3094 παρα-

2372 3110 2585 3181 χωρῶν.
2609 3111 2737 3165 Ὅτε
2774 3106 2867 3165 οὖν
2901 3112 3208 3176 ἐσκοπεῖτο,
3246 3112 3344 3185 οὐχ
3376 3114 3525 3180 ὅπως
3562 3114 3812 3183 ἀγγέλων
3842 3131 3985 3187 προ-

2372 3202 2484 3254 νοεῖ
2506 3201 2601 3253 καὶ
2626 3201 2984 3273 ἀρχαγγέλων
3012 3202 3041 3255 δ
3071 3201 3226 3267 Θεὸς,
3251 3204 3349 3257 κα)⁵
3381 3203 3487 3259 τῶν
3530 3204 3847 3277 χερουδεὶμ,
3879 3208 3985 3262 καὶ

2372 3293 2481 3346 τῶν
2525 3298 2817 3375 σεραφεῖμ,
2860 3293 2956 3375 καὶ
2996 3295 3105 3349 τῶν
3153 3295 3330 3351 ἀλλων
3376 3296 3625 3367 ἀοράτων
3665 3297 3981 3369 δυνάμεων,

2372 3387 2490 3441 οὐδὲ
2523 3389 2639 3452 πῶς
2665 3371 2835 3461 ἡλίου,
2882 3370 2978 3444 καὶ
3020 3389 3273 3462 σελήνης.
3307 3391 3403 3446 καὶ
3438 3391 3694 3463 οὐρανοῦ,
3722 3393 3815 3447 καὶ
3846 3392 3981 3467 γῆς.

2372 3482 2467 3535 καὶ
2510 3482 2805 3555 θαλάσσης,
2847 3483 2967 3539 οὐδὲ
3012 3484 3130 3549 πῶς
3170 3483 3265 3539 τοῦ
3298 3484 3494 3555 γένους
3523 3486 3633 3541 τῶν
3669 3484 3984 3557 ἀνθρώπων

2370 3573 2592 3638 παντὸς,
2634 3574 2754 3630 οὐδὲ
2799 3574 2919 3640 πῶς
2958 3575 3189 3645 ἀλόγων,
3223 3576 3321 3631 καὶ
3353 3577 3559 3647 φυτῶν,
3592 3578 3690 3633 καὶ
3718 3578 3984 3651 σπερμά-

2368 3683 2498 3731 των,
2544 3667 2639 3720 κα¹ι
2673 3666 2934 3736 βοτανῶν,
2988 3670 3083 3723 καὶ
3129 3669 3329 3741 ἀέρων,
3355 3670 3449 3724 καὶ
3492 3670 3846 3741 πνευμάτων,
3876 3672 3984 3738 καὶ

2372 3756 2585 3828 πηγῶν,
2605 3759 2699 3815 καὶ
2724 3758 3002 3830 ποταμῶν,
3027 3757 3149 3813 οὐδὲ
3174 3760 3277 3829 τῆς
3299 3759 3439 3814 κατά
3457 3760 3621 3829 φύσιν
3644 3762 3979 3832 γεννήσεως,

2368 3850 2464 3903 καὶ
2502 3848 2805 3919 αὐξήσεως,
2849 3850 2944 3904 καὶ
2991 3849 3306 3923 διατροφῆς,
3341 3852 3437 3905 καὶ
3485 3852 3593 3922 τῶν
3644 3853 3820 3908 ἄλλων
3862 3855 3984 3911 τῶν

2366 3942 2650 3997 τοιούτων
2687 3942 2802 3996 ἀλλ’
2842 3943 2901 3996 ἐν
2940 3960 2994 3996 τι
3035 3944 3202 4015 μέρος
3241 3942 3532 3998 ἀπολαϐὼν
3570 3945 3673 4016 τῆς
3711 3948 3983 4017 προνοίας

2366 4034 2534 4089 αὐτοῦ
2564 4034 2627 4088 τὸ
2656 4034 2799 4089 κατά
2826 4033 3112 4098 Ἰουδαίους
3147 4036 3242 4089 καὶ
3263 4036 3670 4108 Ἕλληνας(κώ
3704 4038 3812 4110 γὰρ
3840 4046 3982 4112 περὶ

2366 4128 2573 4182 τούτων
2600 4127 2692 4181 τὸν
2727 4127 2942 4182 ἅπαντα
2974 4127 3173 4200 διεξῄει
3204 4128 3384 4199 λόγον,
3412 4130 3681 4186 διδάσκων
3717 4131 3836 4197 πῶς
3869 4134 3979 4204 μὲν

2366 4218 2493 4281 τοὺς
2544 4218 2603 4285 ἐξ
2656 4217 2825 4272 ἐθνῶν
2872 4217 3122 4287 ἐκάλεσε,
3172 4220 3289 4285 πιῖις
3332 4221 3391 4278 δὲ
3430 4222 3557 4288 τούς
3598 4223 3661 4291 ἐξ
3701 4223 3981 4281 Ἰουδαίων

2366 4307 2624 4364 ἀπώσατο
2647 4351 2663 4377 ,
2708 4309 2804 4363 καὶ
2845 4310 2963 4375 πῶς
3013 4310 3150 4383 ἐλέῳ
3205 4312 3304 4383 τὴν
3364 4314 3643 4387 ἑκατέρων
3691 4326 3977 4389 σωτηρίαν

2366 4402 2902 4475 ἐπραγματεύσατο),
2934 4402 3166 4458 ἄκουσον
3194 4400 3283 4459 οἷά
3320 4422 3506 4477 φησιν.
3552 4405 3697 4462 Ἰδὼν
3727 4408 3836 4487 γάρ
3866 4411 3977 4463 πέ-

2364 4494 2529 4564 λαγος
2552 4497 2750 4566 ἀχανὲς
2779 4495 3071 4567 ἀνεωχθέν,
3102 4498 3195 4550 καὶ
3219 4497 3278 4549 ἐν
3306 4496 3456 4568 αὐτῷ
3482 4498 3562 4571 τῷ
3592 4498 3749 4569 μέρει
3770 4501 3973 4570 τούτῳ,

2367 4586 2462 4639 καὶ
2504 4586 2640 4658 πρὸς
2673 4585 2804 4639 αὐτὸ
2830 4586 2927 4656 τῆς
2963 4588 3221 4658 προνοίας
3262 4588 3428 4642 αὐτοῦ
3470 4588 3675 4660 ταύτης
3712 4589 3773 4643 τὸ
3804 4590 4003 4665 βάθος-

2364 4674 2623 4745 διακύψαι
2642 4676 2942 4747 βουληθεὶς,
2962 4676 3148 4749 ὥσπερ
3171 4678 3276 4731 τινὶ
3300 4677 3588 4749 σκοτοδίνῳ
3604 4679 3973 4750 κατασχεθεὶς

2363 4767 2443 4843 τῷ
2474 4768 2698 4839 ἀρρήτῳ
2722 4768 2819 4839 τῆς
2842 4768 3155 4837 οἰκονομίας
3182 4768 3404 4839 ταύτης,
3434 4768 3530 4822 καὶ
3552 4768 3839 4844 θαυμάσας
3870 4769 3973 4822 καὶ

2364 4857 2652 4928 ἐκπλαγεὶς
2665 4861 2727 4912 τὸ
2741 4859 2968 4928 ἄφατον,
2979 4858 3041 4912 τὸ
3054 4859 3381 4930 ἀπέραντον,
3397 4857 3458 4910 τὸ
3472 4858 3708 4929 ἄρρητον
3724 4859 3816 4911 καὶ
3833 4860 3971 4913 ἀκα-

2362 4949 2635 5020 τάληπτον
2655 4950 2757 5020 τῆς
2783 4948 2877 5003 τοῦ
2897 4948 3033 5003 Θεοῦ
3050 4949 3243 5019 σοφίας
3261 4966 3320 5001 τε
3343 4949 3438 5003 καὶ
3458 4950 3734 5021 προνοίας,
3752 4951 3971 5022 ἀπεπή-

2361 5040 2511 5112 δησε,
2540 5040 2741 5104 ταύτας
2766 5041 2924 5108 ἀφεὶς
2952 5040 3053 5104 τάς
3079 5040 3284 5109 φωνάς,
3316 5040 3407 5093 καὶ
3448 5041 3587 5111 μετά
3632 5040 3833 5112 πολλῆς
3862 5046 3970 5114 τῆς

2360 5135 2675 5205 ἐκπλήξεως
2703 5133 3094 5204 ἀνακεκραγῶς
3121 5133 3291 5188 ταῦτα
3313 5135 3382 5188 τά
3414 5136 3654 5206 ρήματω
3678 5137 3746 5189 Ὠ
3770 5134 3969 5205 βάθος

2361 5231 2631 5284 πλούτου
2662 5229 2759 5282 καί
2794 5230 3017 5298 σοφίας
3042 5226 3139 5281 καί
3170 5226 3449 5296 γνώσεως
3473 5227 3658 5282 Θεοῦ]
3685 5222 3820 5282 Εἶτα
3848 5228 3964 5282 δει-

2360 5323 2511 5386 κνὺς,
2555 5322 2639 5375 ὅτι
2678 5321 2739 5375 τὸ
2775 5320 2936 5391 βάθος
2982 5320 3082 5391 μὲν
3124 5314 3254 5385 εἶδε,
3298 5320 3465 5374 πόσον
3503 5319 3559 5377 δὲ
3612 5320 3808 5391 μαθεῖν
3858 5320 3964 5376 οὐκ

2359 5415 2623 5487 ἠδυνήθη,
2647 5416 2926 5486 ἐπήγαγεν
2946 5430 2959 5443 ·
3000 5414 3090 5481 Ὠς
3126 5414 3570 5481 ἀνεξερεύνητα
3602 5414 3673 5467 τὰ
3703 5414 3964 5482 κρίματα

2355 5510 2566 5574 αὑτοῦ,
2624 5510 2722 5563 καί
2770 5509 3215 5580 ἀνεξιχνίαστοι
3263 5512 3320 5563 αι
3370 5507 3498 5562 όὸοι
3561 5506 3793 5562 αὐτοῦ]
3842 5509 3961 5561 Οὐκ

2356 5591 2509 5650 εἶπεν
2540 5597 2900 5668 ἀκατάληπτα
2926 5597 3078 5669 [468]
3115 5596 3296 5669 μόνον,
3322 5596 3459 5651 ἀλλὰ
3493 5596 3588 5652 καὶ
3630 5597 3960 5667 Ἀνεεερεύ-

2356 5706 2508 5759 νητα
2540 5691 2608 5743 τὰ
2642 5689 2895 5759 κρίματα
2920 5690 3127 5747 αὑτοῦ.
3170 5689 3247 5747 Οὐ
3284 5690 3443 5761 μόνον
3483 5689 3591 5762 γάρ
3628 5690 3962 5747 καταλαεεῖν

2423 5876 2442 5899 ⁶’
2466 5873 2565 5926 Αω
2591 5873 2691 5923 HT
2718 5874 2827 5923 ὅταν
2858 5876 2937 5934 εἷς,
