4142 6492
170 439 248 498 481
989 431 1078 486 Μ)
1121 427 1245 486 EOS
1285 427 1410 496 QUI'
1439 417 1933 482 SCANDALlZA’I‘l
1975 418 2178 475 SUNT.
2222 419 2349 474 LIB.
2397 420 2598 478 UNUS.

172 562 442 609 tractamus
461 547 477 579 ‘
509 590 525 616 ,
553 564 669 605 non
701 547 1046 620 pecuniarum
1073 555 1317 613 sumptus
1347 541 1567 595 facimus
1592 579 1605 601 ,
1638 536 1764 590 dum

173 652 225 696 ad
245 642 572 695 curationem
600 639 908 694 necessaria
936 650 1182 691 coemere
1201 634 1451 703 iubemus
1480 631 1718 683 inlirmos
1751 643 1764 678 :

176 733 520 806 sedqoamvis
566 732 740 802 ignoti
783 731 890 785 sint
929 729 1082 784 nobis
1109 770 1124 791 ,
1155 726 1397 798 quamvis
1441 723 1506 777 ad
1553 720 1770 775 ultimos

170 829 302 882 orbis
335 836 500 881 terra:
528 829 672 880 lines
715 822 992 879 amandati
1022 821 1156 885 sint,
1197 821 1453 890 quamvis
1482 819 1535 872 iu
1570 815 1752 874 medio

173 916 553 978 barbarorum,
573 913 902 983 quamvisin
926 914 1044 982 ipso
1066 911 1438 966 mendicitatis
1457 908 1623 963 fundo
1643 923 1758 964 ver-

169 1019 369 1071 sentur,
389 1007 655 1078 quamvis
669 1013 821 1057 tanta
847 1013 1167 1074 premantur
1191 1003 1371 1071 inopia
1397 1010 1452 1056 ut
1475 1002 1638 1056 etiam
1658 1017 1758 1058 ne-

169 1098 414 1155 cessariis
445 1097 826 1151 destituantur
855 1095 1152 1158 alimentis,
1187 1096 1399 1148 nullum
1434 1103 1613 1148 tamen
1652 1094 1755 1147 ista

167 1185 430 1239 curationi
458 1191 666 1238 nostra:
689 1182 949 1238 adhibent
969 1183 1416 1252 impedimentum
1439 1180 1559 1234 :scd
1576 1181 1628 1234 iu
1649 1195 1758 1234 uno

167 1275 454 1330 constituti
473 1274 751 1338 loco,sitte
765 1273 1296 1335 instrumentis,sitte
1318 1271 1754 1333 medicamentis,

168 1371 280 1426 sine
299 1370 428 1424 cibo
449 1383 516 1425 ae
541 1376 672 1439 potu
683 1367 786 1432 ,vel
806 1367 1078 1437 pecuniis,
1099 1367 1183 1420 vel
1205 1365 1500 1436 longinqua
1525 1365 1759 1434 peregri-

169 1461 382 1514 natione
398 1460 654 1515 morbum
674 1455 1550 1528 istumdepellimus.Quotandem
1569 1455 1757 1509 modo?

171 1550 298 1605 Dum
326 1551 602 1607 orationis
628 1549 954 1606 medicinam
979 1549 1385 1619 componimus,
1416 1561 1538 1618 quae
1559 1546 1780 1599 horum'

169 1645 410 1700 omnium
429 1645 584 1700 vices
597 1644 737 1715 apud
751 1653 984 1714 :egrotos
996 1641 1291 1712 supplebit,
1306 1641 1416 1694 imo
1431 1654 1551 1710 qua:
1563 1637 1757 1694 melior

173 1734 238 1788 sit
261 1733 373 1790 illis
403 1733 679 1790 omnibus.
706 1733 836 1789 Nam
867 1743 922 1788 et
943 1732 1174 1802 amplius
1203 1745 1360 1801 quam
1389 1729 1540 1800 panis
1565 1728 1682 1790 alit,
1717 1736 1772 1781 et

167 1825 389 1894 amplius
431 1824 680 1881 medetur
707 1839 866 1896 quam
895 1825 1244 1894 pharmaeum
1269 1862 1286 1889 ,
1315 1831 1365 1876 et
1399 1818 1770 1876 vehementius

169 1930 318 1986 quam
360 1916 500 1986 ignis
529 1917 675 1980 urit,
721 1931 823 1972 nec
852 1925 1027 1971 tamen
1057 1915 1222 1969 ullum
1269 1913 1510 1967 dolorem
1557 1910 1720 1963 inurit
1753 1939 1764 1973 ε

169 2023 445 2077 pravamm
465 2019 641 2064 autem
659 2010 1034 2081 cogitationum
1059 2008 1298 2063 timidum
1316 2007 1515 2060 ﬂuxum
1533 2004 1768 2059 adstrin-

169 2100 256 2170 git,
284 2110 339 2155 et
377 2102 590 2154 acutius
618 2115 778 2170 quam
810 2101 1011 2156 ferrum
1039 2099 1246 2169 putrida
1274 2108 1418 2153 secat
1449 2097 1627 2150 ulcera
1655 2094 1769 2150 sine

172 2193 346 2249 dolore
371 2211 385 2258 ;
416 2204 472 2249 et
501 2193 604 2249 hoc
626 2194 754 2249 dum
780 2193 902 2248 facit
927 2233 940 2257 ,
967 2193 1142 2249 nullos
1188 2192 1496 2262 impendere
1525 2200 1769 2261 sumptus

171 2284 321 2354 cogit,
348 2299 450 2340 nec
478 2284 545 2338 ad
569 2285 727 2339 ullam
759 2285 950 2355 redigit
978 2295 1294 2355 egestatem.
1325 2283 1437 2339 [loc
1462 2284 1622 2354 igitur
1656 2298 1769 2338 me-

171 2373 466 2430 dicamento
502 2374 749 2430 confecto
771 2415 787 2441 ,
831 2375 898 2428 ad
923 2389 1111 2430 omnes
1149 2374 1284 2430 illud
1316 2374 1725 2429 transmittimus
1749 2412 1765 2437 ,

171 2473 319 2533 atque
347 2478 542 2520 omnes
572 2465 792 2520 dubium
817 2480 924 2520 non
962 2475 1044 2520 est
1070 2467 1198 2535 quin
1227 2467 1508 2521 sanitatem
1538 2481 1768 2536 recupe-

172 2557 328 2610 ratnri
360 2557 492 2622 sint,
526 2556 817 2613 dummodo
848 2557 1026 2614 verbis
1052 2558 1252 2614 nostris
1280 2558 1541 2617 benevole
1565 2577 1626 2616 ac
1649 2561 1768 2618 dili-

173 2661 352 2717 genter
373 2647 677 2704 attendant.

234 2741 362 2798 Car.
403 2742 445 2798 1.
489 2741 848 2798 Necessarium
886 2759 993 2798 esse
1024 2753 1079 2798 ut
1112 2761 1267 2800 causa
1294 2747 1526 2809 dicatur,
1565 2765 1626 2802 ea:
1667 2765 1766 2817 qua

171 2835 460 2890 malum
485 2846 655 2890 ortum
690 2847 784 2892 est.
807 2867 877 2877 —
897 2837 1161 2904 Quoniam
1187 2851 1364 2894 autem
1398 2842 1448 2894 in
1478 2855 1762 2910 corporum

172 2926 319 2981 etiam
363 2927 644 2982 curatione
682 2942 789 2982 non
836 2928 1179 2984 mediocriter
1201 2970 1216 2993 ,
1250 2930 1359 2984 imo
1387 2930 1671 3000 plurimum
1698 2931 1762 2986 ad

174 3016 473 3092 abigeudam
511 3018 882 3088 aegritudinem
904 3019 1147 3075 conferre
1163 3021 1297 3076 solet
1319 3063 1334 3088 ,
1355 3032 1407 3076 ut
1427 3023 1762 3079 occasionem

173 3109 492 3178 egritudinis
534 3095 707 3165 discat
735 3120 967 3181 :egrotus
997 3117 1212 3183 (neque
1253 3115 1393 3168 enim
1426 3124 1630 3170 tantum
1664 3115 1765 3172 hoc

175 3203 392 3271 cognito,
428 3203 746 3259 liberabitur
771 3205 962 3261 morbo
989 3222 1094 3276 quo
1119 3207 1388 3263 detinetur
1411 3249 1424 3274 ,
1459 3208 1553 3264 sed
1585 3223 1684 3264 nec
1710 3209 1761 3262 in

175 3306 286 3345 eum
310 3301 492 3362 postea
522 3295 764 3362 incidet,
789 3297 876 3351 ubi
913 3312 1127 3353 causam
1163 3300 1484 3356 intellexerit
1505 3343 1520 3366 ,
1564 3317 1631 3358 ex
1661 3320 1762 3372 qua

175 3383 220 3435 in
241 3398 356 3437 eum
383 3386 547 3440 semel
574 3387 836 3455 inciderit,
860 3398 915 3443 et
933 3390 1032 3446 sibi
1061 3391 1126 3445 ab
1149 3406 1211 3446 ea
1236 3393 1516 3464 cavebit),
1548 3410 1644 3464 age
1668 3409 1764 3450 nos

177 3472 323 3528 etiam
367 3476 466 3531 hoc
509 3477 738 3546 primum
785 3494 956 3549 mgros
982 3481 1309 3547 doceamus,
1359 3484 1496 3539 unde
1541 3485 1646 3540 illis
1678 3486 1763 3541 hic

189 3567 405 3620 scandali
448 3568 670 3623 morbus
698 3571 970 3626 acciderit.
1016 3573 1144 3628 Nam
1175 3576 1218 3628 si
1248 3575 1350 3630 hoc
1373 3578 1720 3646 cognoierint
1743 3621 1758 3644 ,

182 3668 228 3711 et
252 3660 313 3714 ab
340 3677 402 3716 eo
427 3661 527 3716 sibi
557 3662 839 3732 diligenter
864 3682 1054 3722 cavere
1072 3670 1358 3733 voluerint,
1389 3686 1492 3725 non
1520 3671 1619 3728 hac
1648 3681 1764 3728 t:.n-

183 3759 278 3803 tum
304 3793 317 3815 ,
342 3763 430 3806 aut
458 3769 602 3811 nunc
630 3766 835 3810 tantum
884 3759 1198 3828 (egritudine
1229 3761 1596 3816 liberabuntur
1618 3806 1633 3828 ,
1665 3765 1761 3819 sed

184 3853 229 3894 et
254 3844 301 3896 in
321 3858 650 3916 perpetuum,
677 3850 812 3906 etab
839 3851 936 3905 hac
962 3863 1016 3907 et
1040 3868 1069 3906 a
1096 3853 1334 3922 pluribus
1353 3857 1582 3911 caeteris.
1611 3857 1764 3927 Ejus!

183 3935 309 3987 modi
347 3938 486 3992 enim
531 3949 614 3994 est
660 3942 817 4010 hujus
865 3943 1235 3999 medicamenti
1269 3957 1456 4000 natura
1484 3988 1498 4012 ,
1529 3955 1588 4002 ut
1616 3957 1672 4002 et
1705 3949 1755 4002 iu

184 4029 412 4094 presenti
446 4037 634 4095 sanet,
680 4041 734 4084 et
774 4034 889 4086 usui
937 4033 1006 4088 sit
1034 4034 1100 4088 ad
1145 4035 1375 4105 reliquas
1419 4037 1761 4105 mgritudines

184 4119 552 4182 praecavenda.
583 4120 766 4192 Neque
793 4124 936 4178 enim
979 4141 1143 4180 unum
1168 4168 1182 4192 ,
1217 4129 1302 4181 vel
1330 4127 1436 4181 duo
1461 4170 1476 4193 ,
1507 4129 1586 4182 vel
1621 4131 1716 4183 tria
1743 4171 1758 4192 ,

181 4207 265 4262 sed
299 4219 349 4264 et
390 4211 551 4268 multa
593 4225 717 4268 sunt
756 4214 807 4268 in
858 4215 956 4270 hac
986 4215 1090 4270 vita
1116 4259 1130 4282 ,
1178 4233 1293 4286 qua:
1326 4219 1516 4273 imberi
1541 4219 1761 4274 linribus

185 4301 475 4357 scandalum
521 4304 788 4371 all‘eruut,
835 4314 888 4360 et
933 4306 1030 4360 hos
1077 4323 1265 4364 omnes
1309 4325 1366 4363 se
1417 4311 1758 4365 liberaturam

183 4402 391 4459 tgrotos
409 4396 580 4448 oratio
603 4407 781 4449 nostra
808 4397 1110 4466 pollicetur,
1143 4398 1186 4452 si
1218 4399 1500 4464 voluerint,
1523 4411 1580 4455 ut
1600 4403 1759 4456 etiam

181 4491 292 4537 ante
316 4483 439 4548 disi,
472 4495 525 4539 et
552 4485 781 4551 discere,
810 4497 862 4540 et
892 4488 1178 4544 observare
1199 4504 1316 4558 φιν
1349 4490 1606 4544 dicemus.
1637 4491 1760 4546 Haec

180 4583 340 4629 autem
363 4591 391 4629 a
414 4592 496 4632 me
514 4578 798 4634 adhibetur
827 4580 1110 4648 medicina,
1143 4597 1246 4635 non
1274 4598 1336 4635 ex
1363 4587 1527 4638 sacris
1555 4595 1758 4640 tantum

179 4664 451 4735 Seripturis
475 4671 791 4739 composita,
818 4671 910 4725 sed
941 4672 1103 4726 etiam
1130 4687 1194 4726 ex
1222 4673 1286 4725 iis
1311 4689 1430 4742 qua:
1453 4675 1505 4728 in
1537 4675 1634 4730 hac
1654 4678 1759 4731 vita

181 4759 318 4820 ιιιιιιιι
350 4769 401 4813 et
421 4770 678 4830 perpetuo
697 4763 1010 4832 contingunt
1041 4781 1053 4816 :
1087 4765 1240 4818 sicut
1265 4765 1326 4818 iis
1348 4765 1507 4819 etiam
1536 4767 1585 4819 in
1609 4783 1758 4821 corn-

181 4863 322 4903 male
351 4852 646 4921 medeatur,
675 4859 762 4924 qui
787 4856 1087 4925 Scripturas
1113 4872 1216 4911 non
1249 4859 1450 4927 legunt,
1478 4859 1634 4914 modo
1661 4875 1756 4912 vo-

181 4940 396 4999 luerint:
426 4961 598 5016 neque
625 4948 766 5002 enim
791 4948 890 5002 hoc
922 4949 1210 5005 identidem
1242 4950 1516 5006 inculcare
1545 4950 1755 5008 desino.

182 5030 279 5089 Non
300 5038 432 5093 enim
455 5038 568 5094 ﬁeri
593 5048 790 5110 potest,
809 5054 856 5094 ιι·
881 5043 1195 5096 necessitate
1217 5058 1277 5096 ac
1294 5043 1363 5098 vi.
1389 5051 1443 5098 et
1461 5044 1622 5096 invito
1644 5059 1760 5098 mr—

183 5122 351 5184 tieatur
367 5147 611 5200 umquam
633 5131 746 5186 hrec
760 5135 1042 5201 medicina,
1061 5135 1138 5188 vel
1161 5135 1206 5187 ei
1225 5136 1310 5204 qui
1325 5136 1515 5189 divinis
1531 5137 1760 5189 oraculis

190 5231 278 5271 non
304 5225 529 5288 paruerit
556 5241 568 5275 :
598 5232 652 5278 et
678 5223 800 5278 inde
824 5233 1088 5289 sumetur,
1119 5234 1169 5278 et
1196 5224 1320 5278 inde
1353 5227 1577 5293 amplius
1602 5243 1758 5294 quant

193 5319 247 5360 ex
276 5311 370 5365 ulla
390 5323 674 5369 eventuum
701 5329 763 5368 ac
786 5331 962 5369 rerum
984 5316 1456 5370 demonstratione.
1486 5317 1757 5385 Siquidem

195 5399 423 5467 prolatam
443 5419 472 5457 a
504 5406 615 5460 lico
642 5406 962 5460 sententiam
988 5405 1090 5460 ﬁde
1109 5407 1401 5476 digniorem
1429 5423 1568 5471 esse,
1602 5424 1758 5476 quant

193 5506 292 5557 qute
313 5495 471 5548 oculis
499 5511 821 5564 usurpamus
847 5497 1170 5550 credendum
1198 5507 1279 5550 est
1332 5501 1500 5565 Quam
1533 5499 1600 5550 nli
1630 5515 1758 5551 eau-

191 5597 285 5638 53m
304 5597 355 5642 et
375 5587 454 5640 his
475 5591 690 5655 pravius
709 5589 1026 5656 suppliciqu
1052 5589 1310 5652 imminet,
1343 5592 1384 5642 si
1409 5592 1632 5642 CUI‘l‘t‘t'li
1657 5609 1759 5644 non

192 5680 398 5748 iuerint,
434 5681 574 5752 quod
605 5695 733 5736 cum
763 5679 1066 5748 Scripturas
1092 5680 1419 5748 audivet'iut,
1455 5683 1649 5734 nullam
1682 5695 1760 5734 ta-

189 5829 266 5950 αἱ
290 5841 521 5952 timum
553 5833 782 5888 ntatubns
827 5832 1139 5885 instrumenta
1184 5841 1460 5897 tradamus,
1508 5837 1686 5887 desunt
1711 5839 1759 5887 in

225 5907 318 5948 uua

225 5907 318 5948 £395

3369 427 3480 482 δεῖ

1879 550 2000 589 men
2033 535 2156 590 inde
2184 537 2344 590 talem
2373 537 2654 592 utilitatem
2684 537 3040 607 perceperint.
3075 537 3150 593 Ne
3193 539 3350 609 igitur
3379 540 3482 595 illis

1876 627 1976 682 hoc
1994 629 2223 692 eveniat,
2251 643 2348 696 age
2364 628 2473 697 jam
2495 627 2561 684 ad
2585 631 2972 683 correctionem
2997 645 3094 684 nos
3110 631 3479 701 accingamus,

1873 728 2032 788 atque
2061 719 2111 773 in
2148 720 2332 789 primis
2357 735 2570 774 causam
2600 721 2930 790 :rgritudinis
2958 721 3278 776 iudicemus.
3391 705 3400 710 ’

1943 809 2074 866 Car.
2099 810 2161 864 ll.
2186 810 2537 864 Periculosum
2565 827 2672 864 esse
2687 827 2746 864 ac
2768 813 3034 866 dementire
3061 817 3262 882 plenum
3283 813 3482 868 curiosa

1873 901 2126 972 inquirere
2144 914 2190 956 et
2205 905 2423 957 scrutari
2439 920 2678 957 arcanam
2693 903 2789 957 Dei
2805 905 3123 973 sapientiam.
3142 935 3209 943 —
3223 906 3481 974 Quantam

1874 993 2036 1064 igitur
2058 1003 2218 1050 tanta:
2241 995 2570 1064 :Pgritudinis
2593 1003 2674 1049 est
2702 996 2896 1048 causa?
2917 995 3195 1050 Curiosum
3223 999 3477 1052 nimirum

1873 1097 1925 1139 et
1951 1099 2406 1154 supervacaneum
2437 1085 2665 1139 istorum
2695 1085 2955 1149 studium,
2991 1087 3209 1156 etquod
3236 1089 3477 1144 omnium

1873 1194 1991 1247 qua:
2020 1177 2171 1243 ﬁunt,
2198 1177 2437 1247 singulas
2460 1177 2625 1231 velint
2649 1191 2838 1231 causas
2861 1192 3206 1247 cognoscere,
3237 1180 3379 1250 quod
3402 1181 3483 1236 in-

1873 1268 2418 1336 cornprehensibilem
2461 1278 2515 1322 et
2544 1266 2864 1322 iuell'abilem
2903 1268 2997 1323 Dei
3043 1270 3435 1337 providentiam
3463 1313 3480 1338 ,

1875 1358 2155 1423 inlinitam,
2187 1368 2241 1413 et
2270 1360 2690 1430 investigabilern
2718 1360 2966 1426 scrutari,
2997 1373 3050 1416 et
3075 1362 3125 1414 in
3157 1378 3274 1416 eam
3303 1362 3481 1433 impu-

1874 1451 2064 1507 denter
2088 1468 2150 1507 ac
2171 1454 2382 1507 curiose
2409 1461 2672 1508 conentur
2694 1453 2982 1522 inquirere.
3007 1453 3339 1524 Quamquam
3361 1458 3484 1526 quis

1876 1558 2126 1612 umquam
2169 1543 2466 1613 sapientior
2510 1544 2714 1598 exstitit
2757 1544 2964 1598 Paulo?
3009 1546 3102 1600 Die
3131 1546 3274 1600 enim
3309 1547 3478 1612 mibi,

1876 1647 2053 1687 nonne
2081 1648 2172 1686 vas
2201 1633 2474 1688 electionis
2495 1643 2610 1688 erat
2638 1633 2780 1688 iste?
2808 1648 2986 1689 nonne
3004 1650 3248 1705 magnam
3273 1647 3328 1691 et
3349 1637 3483 1692 inel-

1874 1725 2088 1780 l'abilem
2133 1727 2233 1780 sibi
2279 1727 2510 1796 Spiritus
2552 1728 2782 1797 gratiam
2833 1729 3257 1784 conciliaverat?
3301 1745 3483 1787 nonne

1875 1818 2144 1873 Christum
2179 1818 2235 1872 in
2271 1833 2331 1873 se
2359 1820 2662 1887 loquentem
2691 1819 2964 1875 habebat?
2991 1835 3170 1876 nonne
3196 1822 3482 1878 verborum

1876 1908 2050 1966 lactus
2067 1911 2336 1980 particeps
2363 1918 2418 1964 et
2436 1910 2530 1965 Dei
2556 1911 2723 1965 fuerat
2751 1925 3068 1966 arcanorum
3093 1912 3116 1965 ?
3145 1929 3324 1968 nonne
3361 1929 3484 1985 qua

1875 2003 2005 2057 nulli
2039 2001 2244 2057 homini
2266 2001 2409 2072 loqui
2432 2002 2644 2067 licebat,
2675 2001 2766 2058 ille
2787 2005 2932 2058 solus
2960 2003 3277 2059 audiverat?
3302 2021 3484 2064 nonne

1874 2097 1928 2151 in
1963 2086 2262 2165 paradisum
2286 2084 2470 2166 raptus
2489 2095 2706 2150 fuerat?
2734 2111 2910 2151 nonne
2930 2097 3171 2153 sublatus
3190 2099 3244 2153 in
3265 2100 3481 2154 tertium

1872 2189 2100 2244 caelum?
2147 2204 2325 2243 nonne
2357 2200 2552 2244 terram
2598 2199 2652 2244 et
2684 2203 2832 2244 mare
2863 2193 3251 2259 percurrerat?
3295 2208 3480 2251 nonne

1875 2281 2132 2336 barbaros
2155 2281 2517 2350 philosophari
2540 2281 2838 2336 docuerat?
2861 2298 3037 2337 nonne
3059 2284 3233 2339 varias
3253 2283 3485 2354 Spiritus

1873 2374 2216 2444 operationes
2262 2373 2591 2430 exhibebat?
2635 2388 2816 2430 nonne
2847 2377 3072 2445 populos
3118 2377 3355 2448 integros
3391 2395 3483 2434 ur-

1872 2467 2076 2537 besque
2119 2467 2542 2522 moderabatur?
2583 2481 2762 2522 nonne
2792 2477 2960 2523 totum
3001 2469 3186 2525 orbem
3218 2479 3480 2527 terrarum

1874 2560 2013 2615 Deus
2045 2561 2288 2614 manibus
2301 2560 2418 2630 ejus
2429 2560 2798 2614 commiserat?
2808 2559 3181 2617 Verumtamen
3198 2562 3287 2618 ille
3305 2572 3484 2620 tantus

1871 2669 1932 2708 ac
1964 2654 2106 2720 tilis,
2131 2653 2196 2708 ad
2231 2669 2266 2708 o
2297 2655 2511 2722 sapiens
2531 2668 2593 2708 ac
2615 2661 2823 2724 potens,
2851 2669 2914 2710 ac
2943 2655 3233 2724 spiritualis
3262 2657 3348 2712 ille
3378 2659 3480 2726 vir,

1869 2744 1962 2813 qui
1988 2753 2092 2797 tarn
2126 2747 2290 2798 multa
2331 2745 2672 2808 obtinuerat,
2701 2761 2825 2800 cum
2863 2745 2927 2800 ad
2953 2747 3349 2802 extendendam
3381 2749 3478 2805 Dei

1873 2826 2257 2907 providentiam
2295 2852 2354 2891 se
2390 2837 2683 2899 Convertit,
2729 2847 2783 2892 ct
2812 2851 2918 2892 non
2943 2838 3056 2907 jam
3103 2848 3265 2893 totam
3297 2843 3480 2909 provi-

1869 2930 2102 2986 dentiam
2130 2973 2143 2995 ,
2191 2929 2284 2984 sed
2318 2944 2474 2984 unam
2506 2929 2622 3000 ejus
2667 2929 2840 2984 solum
2880 2941 3086 3001 partem
3131 2935 3478 3005 considerat,

1869 3023 1990 3077 audi
2017 3038 2124 3094 quo
2153 3031 2309 3093 patto
2336 3023 2560 3077 miretur
2583 3065 2597 3089 ,
2630 3039 2737 3093 quo
2767 3034 2925 3095 pacto
2953 3027 3213 3098 vertigine
3242 3028 3474 3094 laboret.

1867 3133 1974 3188 quo
1997 3124 2152 3187 pacto
2176 3115 2458 3170 confestim
2481 3117 2706 3181 resiliat,
2734 3131 2900 3187 seque
2926 3118 3066 3172 illam
3091 3120 3309 3175 minime
3330 3136 3478 3176 com.

1869 3212 2200 3284 prehendere
2218 3227 2372 3283 posse
2391 3211 2636 3270 fatentur.
2655 3211 2880 3279 Quando
2907 3213 3064 3284 igitur
3084 3214 3484 3285 contemplaba-

1872 3319 1958 3361 tur
1980 3348 1996 3371 ,
2026 3322 2132 3360 non
2163 3305 2436 3376 quomodo
2464 3305 2670 3375 angelis
2707 3304 3011 3375 provideret
3047 3314 3100 3360 et
3143 3305 3483 3377 archangeiis

1872 3399 2030 3462 Deus,
2059 3407 2112 3453 et
2137 3395 2480 3462 Clierubinis,
2503 3406 2594 3450 aut
2617 3395 2950 3466 Seraphinis,
2977 3406 3068 3450 aut
3084 3398 3294 3452 exteris
3324 3406 3480 3468 pote-

1869 3508 1894 3546 s
1920 3491 2097 3547 atibus
2121 3531 2136 3555 ,
2168 3506 2289 3560 qua:
2333 3489 2434 3545 sub
2459 3500 2734 3560 aspectum
2781 3489 3001 3544 minime
3030 3489 3229 3544 cadunt
3254 3533 3269 3557 ,
3305 3506 3482 3563 neque

1867 3600 1972 3652 quo
2003 3593 2155 3652 pacto
2184 3582 2283 3637 soli
2310 3624 2324 3647 ,
2354 3581 2494 3636 luna:
2513 3622 2528 3649 ,
2557 3580 2692 3636 cazlo
2713 3623 2727 3649 ,
2762 3590 2919 3636 terrm
2939 3623 2954 3648 ,
2987 3580 3143 3646 mari,
3177 3597 3351 3652 neque
3373 3597 3486 3654 quo

1871 3685 2026 3744 pacto
2048 3674 2486 3746 humanogeneri
2510 3675 2782 3740 universo,
2810 3688 2983 3744 neque
3003 3688 3111 3744 quo
3131 3683 3284 3743 pacto
3307 3674 3483 3732 brutis

1868 3767 2260 3831 animantibus,
2293 3777 2346 3821 et
2377 3766 2574 3835 plantis
2593 3807 2608 3831 ,
2641 3776 2696 3820 et
2725 3765 3067 3829 seminibus,
3095 3774 3149 3820 et
3177 3765 3359 3821 herbis
3381 3807 3396 3834 ,
3424 3776 3482 3822 et

1869 3860 2007 3925 aeri,
2040 3869 2095 3914 et
2123 3858 2330 3922 ventis,
2363 3866 2418 3912 et
2443 3855 2778 3924 fontibus,et
2805 3856 3143 3920 ﬂuminibus,
3175 3872 3348 3928 neque
3371 3873 3482 3930 quo

1870 3961 2024 4021 pacto
2055 3951 2281 4004 naturali
2313 3965 2492 4004 rerum
2519 3949 2656 4003 ortui
2689 3956 2748 4004 et
2769 3949 3055 4005 accrelioni
3077 3990 3092 4015 ,
3121 3959 3174 4004 et
3212 3959 3483 4007 sustenta-

1869 4043 2022 4108 tioui,
2045 4057 2106 4095 ac
2130 4041 2348 4109 reliquis
2369 4039 2640 4110 ejusmodi
2661 4057 2673 4094 :
2693 4040 2786 4095 sed
2811 4055 2968 4096 unam
2990 4041 3108 4120 ejus
3127 4042 3482 4112 providentia:

1869 4145 2070 4204 partem
2103 4147 2384 4189 assumens
2404 4173 2420 4198 ,
2467 4133 2718 4186 nimirum
2748 4148 2873 4203 erga
2913 4133 3132 4189 Judmos
3162 4144 3217 4189 et
3249 4135 3482 4205 gentiles

1868 4233 1883 4296 (
1910 4225 2172 4294 siquidem
2200 4233 2364 4280 totam
2391 4225 2459 4280 de
2488 4225 2590 4280 illis
2617 4227 2919 4281 orationem
2950 4237 3327 4296 pertexuerat,
3356 4242 3482 4285 cum

1867 4317 2129 4381 doceret,
2171 4333 2276 4386 quo
2323 4326 2477 4386 pacto
2521 4317 2658 4371 alios
2700 4329 2916 4372 vocarat
2958 4333 3024 4373 ex
3053 4304 3301 4388 gentibus
3326 4360 3342 4386 ,
3375 4335 3486 4391 quo

1867 4420 2022 4480 pacto
2049 4426 2111 4463 ex
2139 4410 2339 4465 JUdLDiS
2370 4411 2637 4481 profectos
2662 4411 2942 4479 reiecerat,
2975 4421 3026 4466 et
3049 4428 3156 4482 quo
3188 4425 3342 4482 pacto
3376 4417 3481 4470 mi-

1869 4501 2161 4556 sericordia
2215 4512 2392 4556 motus
2441 4513 2794 4572 utrorumque
2837 4503 2994 4557 saluti
3043 4505 3483 4575 consuluerat),

1866 4594 1990 4649 audi
2020 4609 2140 4664 qua:
2179 4595 2345 4649 dicat.
2389 4592 2838 4650 Animadvertens
2880 4595 3021 4648 enim
3063 4594 3224 4664 qu‘am
3255 4596 3490 4651 immen-

1867 4701 1984 4739 sum
2029 4700 2088 4739 se
2118 4685 2337 4754 pelagus
2383 4685 2615 4753 aperiret
2665 4686 2824 4739 etiam
2855 4685 2904 4738 in
2939 4686 3038 4739 hac
3071 4686 3183 4754 ipsa
3211 4697 3394 4757 parte,
3431 4695 3489 4742 et

1870 4777 1921 4830 iu
1954 4776 2275 4846 profundum
2323 4777 2496 4847 ipsum
2531 4778 2647 4846 ejus
2690 4777 3035 4846 providentiae
3073 4780 3262 4832 volens
3301 4780 3491 4851 despi-

1868 4885 2012 4932 cere,
2043 4877 2309 4937 tamquam
2339 4860 2598 4938 vcrtigine
2619 4877 2896 4937 correptus
2917 4878 2967 4922 et
2993 4869 3242 4922 ineffabili
3265 4869 3499 4940 dispen-

1868 4981 1894 5016 s
1914 4963 2092 5018 itionis
2131 4963 2290 5032 hujus
2329 4965 2585 5034 mysterio
2615 4975 2916 5019 commotus
2941 5008 2955 5033 ,
3003 4967 3275 5021 admirans
3301 4976 3355 5021 et
3382 4968 3480 5026 ob-

1869 5066 2180 5123 stupescens
2212 5058 2554 5122 immensam,
2589 5056 2914 5112 ineli'abilem
2943 5069 2994 5112 et
3023 5059 3482 5126 incomprehensi-

1871 5148 2026 5200 hilem
2060 5147 2154 5200 Dei
2183 5148 2498 5216 sapientiam
2543 5164 2603 5200 ac
2643 5148 3069 5218 providentiam,
3115 5150 3337 5210 resiliit.
3385 5151 3482 5205 has

1867 5254 2029 5294 voces
2059 5237 2311 5291 emittens
2333 5276 2348 5301 ,
2383 5247 2437 5290 et
2479 5240 2640 5290 multa
2684 5251 2804 5290 cum
2836 5239 2998 5291 animi
3045 5243 3483 5294 consternatione

1870 5333 1919 5384 iu
1951 5332 2063 5385 ltzrc
2090 5331 2249 5383 Verba
2279 5330 2519 5398 prorupit
2545 5347 2556 5381 :
2588 5330 2632 5382 0
2658 5328 2874 5384 altitudo
2898 5331 3184 5385 divitiarum
3206 5343 3252 5385 et
3271 5335 3479 5402 sapien-

1869 5426 1952 5477 (ire
1990 5434 2034 5476 et
2069 5423 2292 5476 scientia:
2323 5421 2419 5474 Dei
2447 5422 2635 5492 (Rom.
2665 5421 2752 5476 ll.
2790 5404 2902 5491 ’55)
2929 5425 2941 5477 Ξ
2981 5424 3179 5479 Deinde
3209 5437 3263 5478 ut
3292 5437 3476 5480 osten—

1868 5517 2021 5570 deret
2068 5515 2400 5567 altitudinem
2444 5529 2501 5566 se
2533 5513 2746 5582 quidem
2793 5513 3010 5576 videre,
3058 5515 3150 5568 sed
3190 5527 3387 5584 quanta
3414 5519 3482 5571 sit

1870 5609 2077 5662 discere
2096 5607 2314 5661 tt'ittittte
2337 5620 2516 5676 posse,
2536 5605 2790 5674 subjecit:
2812 5605 2973 5669 Quarti
2997 5606 3342 5658 inscrutubilt’a
3365 5619 3480 5661 sum

1862 5700 2061 5771 judicia
2082 5700 2210 5766 ejus,
2235 5707 2279 5750 et
2306 5698 2676 5768 inuestigabiles
2708 5698 2801 5750 via:
2820 5698 2931 5767 ejus
2952 5698 2972 5750 .'
2993 5697 3104 5751 Non
3127 5699 3260 5751 dixit
3284 5701 3477 5752 incom-

1876 5792 2254 5860 prehensibilia
2285 5791 2461 5846 solum
2488 5834 2500 5855 ,
2534 5790 2626 5845 sed
2658 5799 2711 5845 ct
2736 5787 3097 5844 Inscrutabilia
3118 5791 3319 5857 judicia
3343 5808 3472 5857 qua.

1875 5885 1992 5942 Non
2022 5886 2161 5942 enim
2189 5887 2358 5942 solum
2386 5884 2843 5951 comprehendere
2868 5898 2970 5940 non
2999 5893 3170 5948 potest
3195 5883 3353 5944 ullus.
3387 5884 3480 5939 sed
