4142 6488
686 454 793 511 481⁸)

688 579 861 637 neque
902 556 1336 634 perscrutationis
1376 552 1691 623 principium
1736 548 1975 604 invenire
2008 564 2021 600 :
2155 557 2262 637 non

688 633 846 713 modo
866 633 931 707 ad
954 652 1109 705 tinent
1136 647 1411 717 pervenire
1436 658 1541 698 non
1557 642 1717 708 valet,
1742 639 1836 695 sed
1858 651 2030 708 neque
2059 633 2266 689 initium

684 747 1137 821 dispensationum
1164 740 1280 810 ejus
1306 737 1644 806 investigare.
1663 733 1793 790 Cum
1820 738 1995 821 autem
2021 726 2266 821 dixisset,

689 818 1205 906 Qttaminscrutabilia
1214 830 1413 901 judicia
1432 829 1559 897 ejus,
1583 835 1628 879 et
1648 819 2010 892 inuestigabiles
2025 818 2117 873 vite
2133 818 2265 889 ejus,

686 942 741 986 et
760 929 1052 985 admiratus
1071 937 1237 989 esset,
1268 932 1319 979 et
1339 917 1716 988 obstupuisset,
1741 911 2126 985 gloriﬁcatione
2150 923 2270 964 ser-

687 1037 899 1079 monem
948 1017 1276 1077 terminavit,
1320 1012 1432 1067 hmc
1473 1008 1759 1078 adjiciens,
1791 1019 1852 1058 ac
1885 1002 2110 1058 dicens:
2143 1000 2270 1068 Quis

685 1116 914 1187 cognovit
943 1126 1143 1166 sensum
1163 1106 1390 1170 Domini,
1412 1112 1499 1154 aut
1520 1100 1630 1171 quis
1651 1096 1971 1151 consiliarius
1998 1095 2109 1163 ejus
2133 1092 2271 1162 fuit?

684 1218 773 1263 aut
800 1209 909 1278 quis
934 1204 1073 1275 prior
1100 1201 1235 1255 dedit
1264 1199 1371 1264 illi,
1410 1206 1455 1249 ct
1480 1194 1780 1248 retribuetur
1814 1193 1857 1245 ei
1878 1192 1902 1244 .9
1931 1188 2183 1254 Quoniam
2207 1201 2272 1240 ea:

684 1303 798 1372 ipso
818 1342 834 1368 ,
866 1311 909 1353 et
935 1314 1021 1368 per
1040 1296 1226 1366 ipsum,
1257 1303 1301 1345 et
1323 1292 1374 1345 in
1393 1289 1502 1359 ipso
1527 1298 1640 1342 sunt
1661 1285 1831 1339 omnia
1863 1299 1882 1337 :
1910 1281 2007 1353 ipsi
2035 1280 2197 1352 gloria
2218 1278 2271 1332 in

686 1408 891 1448 siccum.
927 1390 1086 1443 Amen
1112 1384 1301 1457 (Rom.
1332 1383 1417 1436 11.
1447 1376 1612 1434 διν-56
1633 1378 1671 1447 ).
1700 1376 1899 1431 Horum
1944 1381 2120 1427 autem
2149 1384 2269 1423 ver-

684 1485 875 1540 borum
900 1480 987 1535 hic
1013 1491 1201 1533 sensus
1225 1483 1303 1529 est
1339 1490 1352 1529 :
1383 1473 1496 1543 ipse
1522 1469 1642 1524 fons
1670 1476 1753 1522 est
1773 1507 1786 1531 ,
1820 1466 1932 1535 ipse
1958 1471 2142 1517 auctor
2173 1459 2269 1513 bo-

686 1588 899 1639 norum,
928 1570 1077 1625 nullo
1102 1566 1301 1635 indiget
1330 1561 1608 1634 participe.
1641 1557 1783 1613 nullo
1808 1551 2130 1616 consiliario;
2164 1565 2271 1605 non

685 1665 754 1721 ab
801 1665 973 1718 altero
1028 1658 1321 1714 fceneratur
1361 1653 1718 1724 cognitionem
1752 1657 1842 1703 aut
1874 1642 2269 1715 intell'gentiam

687 1754 803 1825 ipse
827 1752 1022 1822 cpilex,
1053 1749 1167 1820 ipse
1194 1745 1371 1801 omnia
1400 1758 1521 1799 cum
1549 1757 1653 1796 non
1682 1746 1877 1801 essent,
1914 1735 2273 1825 produxit,ret

687 1823 802 1915 ipse
831 1840 1088 1913 producta
1116 1845 1401 1893 conservat
1428 1846 1482 1889 et
1514 1840 1691 1887 tuetur
1726 1840 1783 1884 ut
1814 1828 1913 1899 ipsi
1944 1826 2135 1897 placet.
2178 1823 2270 1879 Illa

686 1936 828 1992 enim
856 1933 1015 1990 verba
1042 1973 1058 1999 ,
1104 1928 1191 1985 Ea:
1231 1929 1343 1997 ipso
1387 1934 1434 1981 ct
1465 1942 1556 1996 per
1585 1924 1751 1993 ipsum
1775 1930 1820 1974 et
1844 1922 1896 1973 in
1922 1922 2033 1989 ipso
2062 1917 2232 1972 omnia
2255 1956 2269 1979 ,

686 2029 819 2084 nihil
847 2024 988 2081 aliud
1018 2023 1279 2085 indicant,
1329 2018 1430 2074 nisi
1457 2026 1731 2071 auctorem
1763 2028 1942 2069 rerum
1973 2018 2273 2066 crcatarum

686 2121 835 2176 illutn
862 2134 982 2175 esse
1001 2160 1014 2181 ,
1045 2125 1202 2186 atque
1228 2112 1295 2168 ab
1337 2111 1427 2166 illo
1464 2109 1685 2165 retineri
1712 2112 1906 2161 cuncta
1927 2145 1942 2171 ,
1972 2111 2028 2159 et
2054 2116 2275 2157 conser-

686 2215 821 2271 vari.
848 2212 1046 2268 Deinde
1071 2224 1276 2265 memor
1306 2204 1541 2260 muneris
1576 2215 1685 2271 quo
1714 2213 1812 2254 nos
1847 2196 2104 2260 donavit,
2145 2192 2271 2249 alibi

687 2306 763 2361 ait
788 2322 801 2359 :
831 2302 1033 2359 Gratias
1052 2299 1161 2355 Deo
1189 2312 1339 2366 super
1365 2290 1693 2348 inenarrabili
1717 2288 1852 2343 dono
1891 2286 2001 2353 eius
2027 2281 2120 2354 (Ξ.
2152 2282 2271 2338 Cor.

695 2402 750 2452 9.
783 2394 907 2465 15).
945 2392 1063 2448 Jam
1094 2404 1279 2460 pacem
1309 2400 1519 2455 quoque
1542 2423 1557 2444 ,
1590 2395 1747 2451 quam
1779 2376 1933 2433 nobis
1959 2374 2134 2440 dedit,
2169 2388 2274 2465 non

688 2485 851 2543 modo
870 2464 984 2540 non
1008 2496 1165 2553 posse
1192 2493 1288 2533 nos
1313 2476 1555 2533 oratione
1581 2469 1879 2540 complecti,
1912 2481 2085 2536 neque
2108 2464 2278 2534 expli-

688 2593 833 2645 care,
861 2574 955 2631 sed
982 2585 1037 2631 et
1063 2585 1279 2628 omnem
1308 2575 1539 2623 mentem
1566 2560 1825 2618 excedere
1854 2556 2093 2613 declarat
2111 2598 2125 2618 ,
2154 2570 2275 2611 cum

688 2672 763 2726 ait
787 2688 801 2725 :
824 2668 941 2723 l’aa:
964 2665 1093 2730 Dei,
1126 2677 1239 2732 qua:
1262 2665 1532 2728 exsuperat
1557 2669 1755 2709 omnem
1774 2666 1974 2706 sensum
1996 2690 2009 2713 ,
2035 2652 2281 2703 custodiet

689 2761 844 2816 corda
879 2767 1043 2813 vestra
1071 2752 1339 2826 (Philipp.
1370 2748 1423 2803 ι.
1449 2746 1483 2800 7
1512 2747 1552 2816 ).
1594 2744 1649 2799 Si
1690 2742 1849 2814 igitur
1885 2738 2108 2795 altitudo
2148 2733 2282 2791 divi-

691 2855 881 2909 tiarum
902 2857 958 2905 et
981 2844 1254 2916 sapientia:
1282 2851 1337 2897 et
1361 2838 1596 2895 scientiae
1618 2835 1783 2908 ipsius
1804 2834 2063 2888 immensa
2088 2839 2205 2891 est,
2236 2828 2281 2883 si

691 2937 1263 3011 ittserutabiliajudicia
1290 2933 1407 3004 ejus
1429 2972 1443 2999 ,
1477 2940 1533 2988 et
1553 2930 1655 2984 via:
1676 2927 1842 2997 ipsius
1864 2919 2275 2991 investigabiles,

691 3040 736 3096 si
756 3030 954 3094 donum
976 3032 1091 3103 eius
1108 3041 1190 3086 est
1208 3018 1580 3087 inenarrabile,
1599 3031 1648 3078 et
1666 3035 1766 3091 pax
1783 3018 1898 3090 ejus
1913 3028 2126 3071 omnem
2154 3027 2279 3068 sen-

691 3146 810 3189 sum
837 3132 1141 3197 exsuperat,
1172 3136 1277 3176 non
1302 3133 1477 3175 meum
1510 3124 1743 3192 tantum.
1773 3121 1827 3167 et
1853 3120 2001 3165 tuum
2022 3150 2038 3175 ,
2068 3108 2152 3162 vel
2181 3106 2283 3162 ali-

691 3220 842 3291 cujus
872 3216 1111 3280 alterius,
1140 3225 1313 3282 neque
1341 3206 1523 3272 Pauli,
1553 3204 1641 3259 vel
1669 3202 1812 3258 Petri
1840 3208 2041 3255 tantum
2062 3241 2077 3263 ,
2108 3199 2201 3253 sed
2232 3207 2286 3253 et

692 3320 865 3386 Ipsum
881 3305 1322 3379 archangelorum
1334 3309 1396 3356 et
1408 3310 1757 3370 supernorum
1774 3292 2283 3386 sensumvirtutum,

692 3384 797 3476 qua
826 3411 882 3459 tu
934 3398 1279 3458 excusatione
1325 3394 1516 3465 dignus
1540 3432 1555 3457 ,
1598 3406 1702 3461 qua
1734 3389 1886 3442 vcnia
1912 3384 2236 3457 judicaberis
2266 3426 2283 3451 ,

692 3512 893 3571 quaso,
922 3494 1011 3565 qui
1037 3502 1180 3547 tanta
1206 3486 1473 3544 dementia
1496 3496 1735 3555 praeceps
1764 3478 1953 3535 feraris
1980 3488 2034 3533 et
2056 3477 2281 3571 insania,

696 3567 755 3647 ut
772 3604 892 3661 qua:
910 3582 1291 3654 investigabilia
1313 3587 1458 3645 sunt,
1476 3575 1686 3632 curiose
1702 3572 1919 3628 studeas
1936 3567 2287 3661 comprehrn:

694 3658 824 3739 dere
843 3721 858 3745 ,
887 3678 1060 3748 deque
1085 3674 1230 3729 omni
1277 3670 1371 3726 Dei
1403 3665 1741 3738 providentia
1772 3664 2032 3717 rationem
2063 3658 2286 3727 exigas?

695 3774 827 3831 Nam
852 3772 896 3827 si
925 3772 971 3826 is
995 3767 1086 3839 qui
1114 3774 1261 3822 tanta
1288 3761 1506 3818 scientia
1533 3758 1763 3813 donatus
1788 3765 1870 3809 est
1891 3794 1904 3817 ,
1930 3753 2128 3822 quique
2174 3759 2282 3803 tam

696 3868 956 3922 immensa
995 3857 1132 3929 apud
1161 3857 1325 3911 Deum
1356 3847 1803 3911 ﬁduciavalebat,
1832 3852 1887 3899 et
1909 3842 2075 3913 gratia
2103 3849 2283 3909 totque

696 3952 1062 4028 spiritualibus
1086 3947 1244 4004 donis
1271 3946 1471 4000 ditatus
1500 3940 1705 4004 fuerat,
1734 3935 1910 4000 cedit,
1940 3940 1995 4028 et
2024 3946 2083 3986 se
2110 3931 2285 4028 scio-uo

696 4021 825 4104 tiam
854 4046 1122 4114 inquirere
1164 4051 1322 4108 posse
1354 4032 1585 4099 difﬁdit,
1626 4039 1682 4085 et
1710 4043 1815 4083 non
1852 4024 2013 4082 modo
2054 4021 2291 4093 reperire

700 4154 808 4196 non
824 4137 1019 4202 valere,
1034 4131 1126 4189 sed
1140 4145 1207 4186 ne
1222 4144 1251 4184 a
1269 4123 1527 4198 principio
1539 4120 1755 4193 quidem
1775 4116 2022 4181 scrutari,
2046 4114 2280 4183 quando-

698 4228 916 4305 quidem
943 4234 999 4283 et
1021 4225 1124 4280 hoc
1148 4232 1232 4278 est
1259 4216 1611 4289 impossibile,
1642 4225 1820 4268 nonne
1843 4208 2081 4266 omnium
2111 4205 2288 4305 infeli-

699 4301 947 4383 cissimus
972 4336 1053 4388 es,
1081 4328 1138 4375 et
1161 4313 1484 4387 gravissimo
1512 4312 1689 4365 lurore
1712 4311 2009 4374 correptus,
2040 4301 2129 4371 qui
2158 4315 2289 4356 con-

701 4417 916 4476 trariam
963 4412 1039 4468 illi
1088 4410 1224 4464 viam
1274 4402 1539 4460 insistas?
1582 4398 1766 4469 Neque
1812 4395 1956 4451 enim
1998 4393 2128 4448 dicit
2174 4390 2290 4446 haec

702 4516 906 4564 tantum
920 4546 935 4569 ,
959 4502 1052 4559 sed
1072 4510 1126 4557 ct
1146 4498 1211 4556 ad
1228 4493 1530 4553 Corinthios
1548 4490 1674 4547 olim
1690 4489 1757 4545 de
1785 4486 2004 4543 scientia
2027 4482 2284 4549 scribens,

702 4595 1093 4663 ostendensque
1143 4602 1249 4659 quo
1291 4593 1487 4657 pacto,
1536 4581 1662 4637 licet
1707 4578 1871 4634 multa
1909 4575 2288 4639 didicerimus,

708 4702 884 4745 tamen
915 4686 1102 4755 exigua
1142 4679 1298 4736 valde
1339 4692 1403 4732 ac
1428 4675 1648 4731 minima
1674 4679 1758 4727 est
1808 4667 2043 4724 scicntia:
2094 4675 2293 4720 nostra:

709 4775 1065 4839 tncttsnra,sie
1080 4773 1152 4826 ait
1170 4770 1251 4825 :Si
1266 4765 1702 4837 quisuexistimat
1715 4761 1841 4815 scire
1852 4757 2293 4829 aliquid,nondum

707 4871 934 4941 cognovit
958 4860 1379 4934 quemadmodum
1407 4862 1601 4925 oportet
1621 4868 1733 4907 eum
1754 4851 1884 4905 scire
1898 4848 1960 4941 7(1
1974 4888 1987 4901 .
2008 4848 2123 4901 Cor.
2141 4848 2193 4902 8.
2209 4846 2289 4915 2).

708 4940 841 5016 Tum
868 4954 1170 5027 signiﬁcans
1191 4950 1412 5005 multum
1435 4946 1588 5002 nobis
1615 4942 1851 4999 scientia:
1876 4940 2084 5003 deesse,
2108 4953 2294 4993 cumn-

710 5052 949 5109 latiorent
975 5059 1104 5102 vero
1131 5052 1185 5099 et
1208 5040 1521 5111 ampliorem
1566 5046 1769 5105 partem
1814 5034 1867 5087 in
1897 5030 2073 5086 futuro
2099 5029 2294 5084 smculo

711 5140 1000 5205 reservari,
1027 5146 1277 5192 cmtcrum
1303 5130 1647 5203 perexiguum
1675 5124 1799 5196 quid
1829 5123 1981 5179 nobis
2015 5136 2135 5177 esse
2160 5135 2293 5174 con—

711 5246 921 5287 cessum
948 5270 964 5295 ,
996 5226 1193 5296 adjecit
1222 5240 1238 5277 :
1272 5221 1354 5276 Ea:
1402 5231 1544 5289 parte
1568 5216 1911 5286 cognoscimus
1934 5255 1948 5278 ,
1991 5222 2037 5267 et
2063 5228 2124 5265 ea:
2154 5220 2297 5281 parte

714 5321 1089 5393 prapltetamus.
1119 5313 1247 5369 Cum
1283 5321 1451 5365 autem
1491 5308 1673 5362 verterit
1702 5306 1836 5378 quod
1863 5305 2136 5374 perfectum
2183 5312 2254 5355 est
2278 5340 2292 5365 ,

714 5425 831 5467 tunc
860 5407 1179 5465 evacuabitur
1204 5404 1338 5475 quod
1367 5418 1427 5457 ca:
1455 5410 1594 5470 parte
1616 5409 1685 5452 cst
1710 5399 1728 5470 (
1751 5399 1801 5452 1.
1828 5395 1947 5453 Cor.
1975 5397 2061 5452 15.
2086 5398 2138 5450 9.
2174 5395 2293 5461 10).

715 5505 895 5576 Neque
911 5502 995 5557 hic
1030 5499 1289 5563 Subsistit,
1320 5495 1413 5551 sed
1431 5509 1550 5548 cum
1572 5492 1729 5547 vellet
1745 5491 2023 5547 ostendere
2040 5500 2295 5560 quantum

718 5599 853 5654 inter
873 5595 1011 5649 hanc
1030 5591 1304 5648 scientiam
1326 5596 1381 5645 et
1404 5586 1548 5641 illam
1576 5583 1804 5648 intersit,
1832 5583 2159 5650 multumque
2182 5594 2300 5635 esse

718 5687 1011 5749 deiectum,
1047 5683 1148 5737 hoc
1175 5680 1401 5736 diversis
1444 5672 1931 5745 comparationibus
1960 5671 2299 5726 manifestum

721 5776 933 5833 reddit:
966 5772 1092 5829 Cum
1121 5788 1273 5826 essent
1324 5769 1565 5838 pmrnlus
1590 5808 1604 5831 ,
1640 5764 1873 5836 loquebar
1916 5774 1967 5815 ut
2014 5762 2251 5832 parvulus
2284 5776 2301 5813 :

704 5864 968 5936 sepiebant
1003 5874 1059 5918 ut
1085 5866 1353 5934 parvulus,
1390 5858 1663 5933 cogitabam
1710 5864 1767 5910 ut
1794 5853 2029 5925 parvulus
2102 5853 2302 5924 quando

1334 440 1392 495 S.
1433 435 1713 495 JUANNIS
1748 428 2228 491 CIIRYSOSTOMI
2271 426 2582 482 AliCllllil’.
2625 426 3155 482 CUNSTANTINOP.
3246 442 3253 449 °

3859 415 3978 469 ιδι

2374 550 2541 595 autem
2588 545 2755 611 factus
2799 558 2908 596 sunt
2949 542 3058 606 vir,
3111 559 3340 596 crurum:
3389 563 3506 612 quit
3531 562 3681 605 erant
3724 548 3981 619 parvuli.

2388 630 2618 686 Videmus
2647 634 2781 686 enim
2808 650 2943 688 nunc
2969 651 3057 705 per
3100 635 3355 702 speculum
3403 637 3453 689 in
3496 637 3765 707 aenigmate
3787 681 3802 703 ,
3838 649 3971 692 tunc

2373 735 2540 779 autent
2558 726 2774 797 faciead
2795 726 2977 796 facient
3006 727 3077 797 (l.
3100 725 3217 781 Cor.
3246 728 3328 783 l5.
3357 729 3442 783 ll.
3472 726 3757 798 12).Vides
3786 746 3972 801 quan-

2376 830 2486 875 tum
2513 820 2767 876 intersit?
2789 821 3050 889 Quantum
3074 822 3212 877 inter
3235 823 3510 892 parvulum
3535 838 3774 892 puerum,
3799 832 3860 879 et
3884 825 3969 879 vi-

2378 928 2495 968 rum
2529 914 2846 983 perlectum;
2871 927 3125 984 quantum
3157 914 3293 969 inter
3313 916 3607 985 speculum,
3628 925 3685 972 et
3707 918 3969 988 aenigma,

2376 1004 2458 1059 vel
2484 1002 2640 1058 aliam
2669 1004 2950 1060 obscuram
2979 1022 3158 1060 rerum
3191 1007 3471 1073 visionem,
3498 1018 3550 1062 et
3577 1009 3776 1064 claram
3806 1012 3975 1065 visio-

2376 1110 2498 1150 nent
2532 1112 2544 1149 :
2574 1095 2675 1149 hoc
2703 1096 2845 1150 enim
2871 1107 2972 1160 est,
3006 1095 3164 1151 Facie
3195 1098 3261 1149 ad
3280 1098 3479 1166 facient.
3510 1098 3619 1152 Cur
3646 1100 3803 1169 igitur
3831 1100 3975 1155 furis

2375 1196 2431 1242 et
2452 1184 2668 1252 insanis,
2692 1185 2816 1242 dum
2840 1201 2901 1241 ea
2918 1203 3034 1257 qua:
3062 1189 3321 1257 prohibita
3344 1197 3469 1243 sntit
3492 1189 3743 1244 audacter
3764 1189 3973 1245 frustra

2376 1288 2431 1334 et
2469 1279 2736 1333 incassum
2785 1280 3132 1351 aggrederis?
3157 1295 3251 1335 cur
3293 1296 3418 1335 vero
3467 1281 3629 1336 l‘anlo
3658 1297 3761 1337 non
3805 1298 3976 1353 pares

2375 1369 2571 1425 dicenti
2602 1387 2616 1425 :
2646 1368 2763 1424 lmo
2788 1386 2904 1425 vero
2947 1382 2998 1424 tu
3030 1373 3115 1440 qui
3157 1388 3208 1425 cs
3229 1412 3243 1435 ,
3269 1387 3299 1425 ο
3328 1373 3478 1425 homo
3500 1414 3516 1438 ,
3543 1374 3629 1441 qui
3656 1374 3977 1442 respondeas

2378 1460 2523 1515 Deo?
2566 1459 2840 1531 Numquid
2861 1461 2989 1516 dicet
3009 1463 3315 1535 ﬁgmentum
3370 1464 3417 1517 ci
3440 1504 3454 1529 ,
3498 1465 3584 1534 qui
3619 1480 3671 1519 se
3715 1465 3924 1534 ﬁluerit
3954 1507 3973 1532 ,

2380 1552 2516 1621 Quid
2541 1569 2620 1608 me
2654 1554 2817 1625 fecisti
2843 1554 2917 1608 sic
2948 1552 3123 1622 (Rom.
3153 1554 3207 1609 9.
3236 1554 3371 1625 20)?

2447 1643 2683 1700 Liberum
2712 1645 2996 1699 arbitrium.
3019 1676 3091 1686 —
3122 1645 3281 1700 Vides
3318 1657 3571 1717 quantam
3601 1648 3974 1703 obedientiam

2377 1736 2637 1805 requirat?
2661 1745 2919 1806 quantum
2947 1736 3243 1791 silentium?
3270 1735 3383 1792 Non
3407 1738 3550 1793 enim
3575 1739 3714 1810 quod
3740 1737 3978 1794 liberum

2378 1826 2525 1880 tollat
2557 1826 2833 1881 arbitrium
2857 1867 2873 1892 ,
2906 1827 3007 1882 hoc
3043 1827 3204 1890 dicit;
3232 1827 3371 1883 absit
3398 1845 3411 1883 :
3443 1828 3540 1885 sed
3584 1829 3687 1884 hoc
3730 1829 3975 1898 indicat,

2377 1934 2499 1973 eum
2531 1918 2620 1988 qui
2643 1918 2744 1973 ista
2772 1919 2994 1989 qumrit,
3021 1918 3091 1974 ita
3128 1928 3333 1974 mutum
3360 1934 3484 1976 esse
3523 1918 3725 1977 debere
3750 1962 3767 1989 ,
3801 1932 3860 1975 ut
3886 1931 3982 1977 est

2379 2010 2490 2081 ipsa
2519 2009 2615 2064 luti
2644 2018 2832 2065 natura
2850 2050 2868 2075 ,
2888 2024 3011 2079 qum.
3039 2009 3307 2069 artiﬁcem
3346 2012 3607 2082 sequitur,
3632 2026 3982 2083 quocumque

2376 2100 2556 2167 ducat,
2589 2114 2762 2170 neque
2808 2101 3060 2157 resistere
3080 2142 3095 2164 .
3118 2109 3212 2156 aut
3248 2100 3460 2157 curiose
3497 2101 3787 2171 inquirere.
3819 2102 3981 2170 Quo-

2379 2190 2520 2247 circa
2552 2199 2750 2246 nostra:
2798 2200 3002 2247 natura
3042 2206 3141 2247 nos
3182 2190 3473 2260 admonet,
3518 2200 3573 2248 et
3600 2192 3697 2248 luti
3734 2203 3791 2248 et
3826 2194 3983 2265 ﬁguli

2380 2284 2707 2338 mentionem
2730 2282 2875 2339 facit.
2906 2283 3139 2339 Tametsi
3172 2284 3313 2355 ﬁguli
3334 2293 3389 2341 et
3413 2285 3506 2340 luti
3534 2295 3616 2342 est
3644 2286 3835 2343 eadem
3857 2289 3984 2344 sub-

2380 2377 2603 2431 stantia.
2627 2374 2783 2442 Quod
2809 2378 2855 2431 si
2897 2376 2988 2433 ubi
3035 2377 3329 2433 substantia
3360 2387 3443 2434 est
3462 2378 3652 2435 eadem
3673 2420 3688 2445 ,
3719 2389 3864 2437 tanta
3893 2393 3988 2437 est

2380 2466 2679 2523 obedientia
2714 2485 2728 2521 :
2760 2466 2848 2522 ubi
2877 2466 3168 2524 discrimen
3192 2476 3276 2524 est
3297 2468 3617 2526 immensum
3644 2479 3699 2526 et
3723 2471 3985 2527 substan-

2384 2559 2469 2614 tim
2493 2568 2548 2614 et
2576 2559 2816 2615 scientia:
2845 2574 2909 2621 ac
2929 2560 3260 2632 reliquorum
3281 2562 3541 2628 omnium,
3571 2578 3730 2633 qnam
3759 2567 3981 2623 veniam

2382 2652 2666 2718 obtinebit,
2689 2652 2781 2724 qui
2801 2652 2935 2709 adeo
2963 2655 3280 2709 temerarius
3303 2665 3453 2710 estet
3480 2655 3783 2726 impudens,
3806 2668 3867 2712 ut
3894 2674 3987 2715 res

2386 2740 2482 2797 Dei
2511 2744 2771 2798 creatoris
2790 2744 2870 2798 sui
2904 2744 3115 2799 curiose
3144 2746 3450 2800 scrutetur?
3473 2746 3678 2817 Cogita,
3707 2764 3742 2803 o
3772 2748 3940 2803 homo
3962 2792 3979 2815 ,

2384 2836 2501 2906 quis
2529 2836 2605 2891 sis
2638 2854 2651 2890 :
2686 2834 2789 2891 hoc
2820 2836 2963 2891 enim
2989 2836 3290 2907 significant
3332 2852 3395 2893 ea
3423 2854 3543 2908 qua:
3570 2838 3729 2905 dicit,
3755 2838 3837 2894 Tu
3866 2842 3986 2912 quis

2383 2940 2436 2980 es
2456 2925 2478 2961 ’
2497 2924 2685 2981 Nonne
2715 2926 2882 2981 lutum
2908 2926 2931 2980 ?
2961 2940 3138 2981 nonne
3183 2927 3318 2981 cinis
3344 2937 3399 2983 et
3428 2929 3639 2997 pulvis?
3664 2944 3847 2986 nonne
3896 2931 3987 2986 fa-

2385 3015 2547 3071 villa?
2566 3030 2744 3072 nonne
2769 3014 2988 3072 fumus?
3012 3032 3191 3073 nonne
3216 3016 3455 3075 Renum?
3484 3036 3661 3076 ncnne
3690 3022 3790 3078 nos
3812 3022 3946 3080 ϊωιί
3960 3026 3988 3081 ?

2387 3106 2496 3162 llas
2523 3108 2664 3163 enim
2694 3122 2882 3164 omnes
2910 3107 3289 3165 similitudines
3315 3098 3624 3181 frequenter
3662 3116 3714 3169 in
3743 3115 3989 3171 medium

2388 3197 2658 3254 adducunt
2703 3198 3017 3270 propheta),
3050 3199 3177 3255 dum
3240 3209 3444 3255 natura:
3488 3211 3687 3257 nostra:
3740 3205 3990 3262 nituntur

2388 3290 2691 3361 exprimere
2712 3290 2990 3346 vuitatem.
3012 3291 3170 3361 Atqui
3204 3292 3247 3345 is
3269 3306 3429 3363 quem
3453 3293 3665 3349 curiose
3692 3298 3985 3365 scrutaris,

2388 3380 2707 3436 immortalis
2755 3389 2841 3436 est
2863 3422 2878 3448 ,
2902 3382 3248 3436 immutabilis
3269 3423 3286 3448 ,
3323 3397 3537 3454 semper
3558 3394 3678 3451 est,
3708 3397 3763 3441 et
3788 3388 3990 3443 eodem

2390 3471 2549 3527 modo
2577 3481 2676 3539 est,
2710 3472 2827 3527 sine
2849 3472 3132 3543 principio,
3161 3473 3277 3529 sine
3306 3471 3433 3539 line,
3464 3474 3645 3529 animo
3673 3475 3989 3546 incompre-

2390 3563 2683 3630 hensibilis,
2708 3571 2943 3619 mentem
2973 3572 3263 3633 exsuperat
3290 3606 3307 3630 ,
3333 3565 3712 3634 cogitationem
3733 3569 3949 3623 excedit
3969 3611 3987 3633 ,

2390 3654 2794 3726 inexplicabilis,
2815 3653 3121 3721 ineliabilis,
3148 3654 3703 3726 incomprehensibilis
3720 3673 3827 3713 non
3850 3661 3990 3716 ntihi

2392 3749 2594 3818 tibique
2621 3748 2818 3813 solum,
2850 3763 2955 3802 non
2975 3746 3251 3818 prophetis
3272 3756 3325 3803 et
3345 3749 3603 3819 apostolis
3623 3791 3639 3815 ,
3666 3751 3760 3805 sed
3789 3761 3845 3806 et
3872 3767 3989 3807 ca:-

2402 3838 2624 3893 lestibus
2656 3837 2959 3904 virtutibus,
2980 3854 3099 3908 qua:
3127 3852 3274 3908 pune
3296 3847 3440 3906 sunt,
3466 3838 3781 3911 invisibiles,
3810 3844 3994 3900 incor-

2394 3944 2571 4001 porea:
2590 3970 2605 3995 ,
2629 3944 2750 3998 quae
2782 3938 3038 3999 perpetuo
3064 3940 3348 3985 versantur
3370 3931 3424 3986 in
3448 3931 3617 3987 caelis.

2463 4022 2591 4083 Cu.
2623 4020 2709 4077 Ill.
2743 4020 2867 4076 Non
2911 4021 3053 4076 nobis
3080 4023 3276 4089 solum,
3305 4025 3395 4078 sed
3435 4036 3480 4080 et
3509 4025 3791 4080 calestibus
3818 4027 3988 4081 virtu-

2394 4115 2524 4168 tibus
2547 4112 3100 4183 incompreltensibilem
3120 4129 3227 4168 esse
3245 4114 3577 4169 divinitatem.
3605 4145 3678 4157 -
3696 4115 3829 4172 Cum
3852 4133 3992 4190 ergo

2394 4203 2719 4274 Seraphinos
2745 4203 2939 4259 videris
2976 4204 3117 4259 circa
3145 4206 3429 4262 sublimem
3476 4207 3625 4262 illum
3679 4208 3995 4280 elatumque

2395 4298 2644 4353 thronum
2664 4296 2904 4351 volantes
2937 4297 3141 4352 alarum
3187 4298 3411 4354 obtentu
3439 4314 3566 4355 suos
3592 4300 3780 4355 oculos
3816 4301 3994 4358 obve-

2393 4390 2526 4455 lare,
2552 4388 2821 4458 pedesque
2848 4402 2994 4453 suos,
3025 4397 3081 4442 et
3107 4398 3251 4458 terga
3277 4430 3290 4453 ,
3316 4400 3370 4443 et
3388 4389 3551 4445 facies
3578 4391 3850 4446 occultare
3874 4434 3892 4457 ,
3925 4408 3994 4449 ac

2393 4479 2681 4534 clamorem
2734 4478 2947 4546 plenunt
2988 4476 3358 4533 admirationis
3403 4478 3807 4547 eﬂ‘undcre,ne
3828 4491 3993 4552 putes

2393 4570 2507 4624 alas
2526 4577 2583 4622 et
2613 4567 2773 4637 pedes
2801 4568 2930 4637 ipsis
2953 4581 3073 4623 esse
3097 4611 3112 4635 ,
3145 4570 3344 4639 quippe
3369 4584 3490 4625 cum
3512 4571 3846 4642 incorporea:
3874 4573 3994 4628 sint.

2397 4660 2501 4715 illm
2529 4660 2771 4725 virtutes;
2797 4658 2892 4715 sed
2917 4674 2982 4715 ex
3018 4660 3103 4715 his
3134 4660 3319 4731 ﬁguris
3348 4661 3677 4717 inaccessum
3707 4671 3760 4717 et
3787 4664 3990 4719 incom-

2400 4750 2807 4821 prehensibilem
2833 4764 2953 4806 esse
2997 4751 3148 4805 illum
3187 4749 3423 4821 intcllige
3449 4750 3539 4821 qui
3571 4752 3624 4805 itt
3656 4752 3851 4807 throno
3898 4769 3992 4809 se-

2397 4840 2608 4913 dct(ls.
2631 4841 2685 4896 6.
2711 4841 2766 4896 2.
2793 4842 2873 4912 3).
2904 4839 3039 4896 Nam
3076 4851 3129 4896 et
3158 4841 3261 4896 illis
3300 4851 3384 4897 est
3427 4842 3999 4914 incomprehensibilis

2397 4944 2451 4989 et
2474 4934 2775 4988 inaccessus
2799 4972 2813 4995 ,
2848 4934 3057 4986 tametsi
3087 4933 3132 4986 si
3171 4932 3461 4987 inﬁrmitati
3498 4942 3698 4988 nostra:
3719 4943 3995 5005 attempe-

2401 5034 2481 5079 rct
2510 5041 2522 5077 :
2549 5038 2718 5093 neque
2739 5022 2882 5078 enim
2922 5021 2974 5075 id
3003 5021 3145 5092 quod
3170 5032 3320 5087 erat,
3354 5032 3463 5077 tum
3508 5024 3818 5093 apparebat.
3849 5024 3998 5080 Dens

2400 5116 2541 5170 enim
2588 5128 2693 5169 non
2738 5114 2925 5179 sedet,
2974 5129 3147 5183 neque
3192 5114 3389 5169 throno
3433 5116 3760 5181 continetur,
3820 5132 3998 5186 neque

2403 5206 2520 5260 loco
2547 5204 3020 5261 circumscribitur.
3053 5206 3204 5271 Quod
3226 5206 3269 5260 si
3296 5205 3596 5273 sedentem,
3628 5208 3761 5263 etin
3794 5208 3999 5263 throno

2401 5300 2715 5354 collocatum
2735 5339 2752 5366 ,
2778 5308 2938 5368 atque
2961 5300 3028 5353 ab
3055 5299 3179 5367 ipsis
3209 5299 3596 5354 circumdatum
3628 5302 3773 5371 (qua:
3804 5303 3992 5356 omnia

2403 5398 2526 5445 sunt
2568 5389 2636 5445 ad
2675 5399 2911 5445 nostram
2953 5389 3310 5444 infirmitatem
3362 5404 3421 5445 se
3468 5393 3907 5461 attemperantis,
3940 5403 3995 5448 ct

2406 5500 2508 5537 non
2540 5482 2795 5551 sedentis)
2824 5482 3015 5535 intueri
3041 5484 3255 5537 tninitne
3284 5494 3589 5552 potuerunt.
3622 5487 3715 5541 sed
3738 5488 3994 5542 exsilien-

2406 5590 2509 5632 tcnt
2558 5575 2681 5630 inde
2732 5576 2995 5645 fulgorem
3043 5591 3148 5643 non
3196 5576 3459 5643 ferentes,
3506 5579 3708 5633 alarum
3766 5579 3992 5634 obtentu

2406 5668 2589 5721 oculos
2615 5666 2931 5721 obvclaltant
2955 5705 2969 5730 ,
2998 5654 3305 5734 tantumque
3345 5668 3713 5735 gloriﬁcabant
3738 5710 3751 5735 ,
3784 5680 3990 5725 tantum

2410 5759 2631 5829 ltytttnos
2662 5757 2958 5823 canebant,
2988 5766 3040 5811 et
3070 5757 3235 5809 multo
3278 5772 3396 5809 t‘tllll
3430 5768 3659 5814 trcntorc
3708 5764 3990 5831 mysticum

2415 5852 2558 5905 illunt
2586 5848 3020 5905 sanctificationis
3041 5860 3251 5904 cautum
3282 5852 3569 5906 ell‘cteliant
3640 5869 3744 5907 non
3782 5864 3838 5909 tn
3871 5856 3993 5913 lnnc
