4142 6482
199 447 282 507 ωδ
1002 437 1093 495 Al)
1127 430 1264 494 EOS
1299 427 1414 504 QUI
1455 423 1957 488 SCANDALIZATI
1989 425 2187 484 SUNT.
2233 429 2363 488 LIB.
2418 428 2626 490 UNUS.

200 564 458 627 lacessens,
493 570 544 615 te
566 559 749 628 ipsum
779 556 832 612 in
861 564 1057 610 terram
1087 553 1252 609 abdes
1276 565 1340 606 ac
1377 546 1619 604 delodies
1642 585 1658 611 ,
1683 544 1774 615 qui

199 652 492 710 ineffabilem
541 661 599 706 et
640 647 1072 718 inexplicabilem
1119 651 1175 699 et
1213 641 1460 713 supernis
1496 635 1781 694 virtutibus

199 742 773 814 incomprehensibilem
797 739 1009 794 virtutis
1032 736 1225 792 divina:
1251 733 1644 806 providentiam
1671 745 1778 785 non

195 839 380 896 dubites
414 837 635 893 curiose
669 844 815 890 tanta
855 849 976 889 cum
1007 831 1308 886 temeritate
1350 826 1621 883 scrutari?
1649 826 1780 891 Qua:

194 932 313 988 enim
343 930 482 985 illius
508 938 662 993 sunt,
688 928 864 982 solum
894 925 1031 981 Filio
1054 933 1108 979 et
1133 922 1353 994 Spiritui
1381 930 1569 976 saneto
1592 927 1779 973 exacte

195 1032 296 1080 nota
321 1030 442 1078 sunt
472 1021 684 1089 omnia,
713 1019 844 1074 nulli
871 1034 1000 1074 vero
1027 1017 1178 1072 alteri
1209 1031 1224 1070 :
1257 1025 1308 1071 et
1340 1030 1403 1069 ex
1435 1013 1517 1067 his
1547 1012 1777 1066 alterum

192 1119 380 1189 quidem
437 1116 686 1172 Joannes
730 1112 1057 1184 evangeliSta
1086 1153 1101 1178 ,
1139 1110 1368 1166 alterum
1410 1123 1538 1161 vero
1581 1102 1776 1159 Paulus

192 1208 439 1279 apostolus
486 1207 806 1262 declaravit.
854 1204 1037 1276 itaque
1089 1201 1332 1258 Tonitrui
1386 1199 1566 1264 filius,
1602 1208 1653 1251 ct
1681 1197 1773 1266 qui

191 1299 379 1355 Christo
402 1298 700 1354 admodum
749 1311 904 1352 carus
931 1294 1030 1350 fuit
1050 1337 1066 1362 ,
1093 1295 1290 1363 quique
1323 1293 1424 1346 hac
1470 1302 1593 1344 nota
1624 1288 1773 1344 desi-

192 1391 450 1461 gnabatur;
483 1389 635 1460 quod
688 1397 806 1444 erat
833 1402 1058 1442 summa:
1089 1384 1300 1439 virtutis
1331 1383 1585 1436 indicium
1614 1397 1626 1445 ;
1672 1380 1764 1450 qui

197 1493 367 1538 tantam
398 1483 635 1538 habebat
660 1480 944 1545 ﬁduciam,
978 1488 1035 1532 ut
1061 1489 1114 1533 et
1135 1492 1294 1546 supra
1327 1484 1513 1544 pectus
1541 1473 1658 1541 ejus
1691 1489 1771 1525 re-

194 1575 476 1639 cumberet,
511 1574 593 1629 sic
643 1575 761 1627 ait:
797 1571 960 1625 Deum
1003 1585 1148 1624 nemo
1171 1568 1292 1622 vidit
1325 1582 1585 1634 umquam;
1610 1564 1771 1616 visio-

192 1684 294 1724 nem
319 1668 550 1743 appellat
578 1665 943 1737 cognitionem
969 1681 985 1731 ;
1021 1663 1321 1734 Unigenitus
1349 1660 1514 1715 Filius
1537 1702 1551 1724 ,
1583 1660 1667 1727 qui
1700 1667 1772 1711 est

191 1781 233 1817 ill
264 1765 370 1818 sinu
395 1761 569 1816 Patris
592 1803 608 1827 ,
635 1763 744 1831 ipse
773 1757 1031 1813 enarravit
1061 1755 1238 1829 (Joan.
1271 1757 1322 1810 1.
1364 1756 1429 1810 18
1465 1759 1500 1823 ).
1559 1753 1666 1806 lloc
1717 1761 1771 1806 et

192 1856 288 1924 ipse
307 1855 548 1909 Christus
573 1853 855 1907 insinuans
882 1848 1030 1913 olim,
1059 1849 1187 1902 dum
1237 1847 1489 1917 populum
1520 1844 1763 1912 alloque-

191 1956 316 2001 retur
335 1944 621 2000 Hebraeum
643 1986 658 2010 ,
687 1943 924 2007 dicebat,
955 1938 1119 1994 Nemo
1155 1941 1279 1994 vidit
1323 1938 1562 2003 Pal-rem,
1594 1937 1690 1991 nisi
1728 1937 1770 1990 is

191 2039 342 2109 quiest
363 2055 394 2091 a
419 2036 528 2091 Dec
560 2052 580 2090 :
606 2036 689 2089 hic
707 2036 828 2090 uidit
852 2033 1063 2088 Patrem
1090 2031 1271 2106 (Ioan.
1301 2031 1355 2086 6.
1386 2032 1501 2101 46).
1536 2030 1641 2085 Vas
1667 2046 1763 2084 au.

193 2142 282 2187 tem
309 2131 590 2195 electionis
614 2173 629 2197 ,
659 2144 782 2184 cum
821 2129 872 2184 in
899 2143 1205 2185 sermonem
1241 2125 1310 2181 de
1349 2127 1513 2196 ipsius
1557 2125 1770 2194 diSpsn-

190 2222 372 2278 satione
398 2222 684 2278 incidisset
705 2261 722 2286 ,
751 2235 980 2292 cumque
1007 2219 1168 2275 vellet
1206 2233 1400 2273 arcana
1428 2228 1617 2272 cuncta
1648 2233 1770 2286 qua:

191 2314 466 2382 didicerat,
508 2330 622 2386 quo
664 2323 822 2385 pacto
865 2313 1243 2383 cognovisset,
1283 2312 1554 2372 indicare,
1584 2310 1668 2363 his
1717 2320 1772 2364 et

191 2409 286 2477 ipse
307 2409 475 2464 verbis
504 2409 677 2463 utitur
707 2425 721 2462 :
747 2407 1026 2477 Loquimur
1050 2416 1220 2460 autem
1250 2406 1551 2475 sapientiam
1579 2404 1629 2457 in
1655 2421 1767 2474 my-

189 2503 336 2568 sterio,
358 2519 470 2572 qua
497 2501 794 2556 asbcondita
811 2511 902 2568 est,
918 2517 1066 2570 quam
1085 2500 1462 2570 prcedestinavit
1492 2498 1630 2552 Deus
1654 2509 1770 2552 ante

188 2597 354 2650 strcula
382 2598 433 2650 in
457 2597 682 2668 gloriam
705 2605 949 2660 nostram,
968 2611 1121 2666 quam
1140 2611 1281 2648 nemo
1311 2595 1599 2663 principum
1617 2594 1769 2663 hujus

187 2691 337 2743 sa'culi
361 2692 614 2760 cognovit.
652 2689 714 2745 Si
735 2691 866 2743 enim
888 2690 1255 2759 cognovissent,
1288 2705 1560 2759 numquam
1591 2689 1768 2742 Domi-

187 2799 290 2835 num
316 2781 489 2853 gloria:
519 2782 914 2851 cruciﬁxissent.
944 2779 1050 2836 Sed
1076 2781 1205 2834 sicut
1237 2780 1485 2849 scriptum
1505 2789 1577 2834 est
1599 2823 1613 2844 ,
1641 2781 1768 2847 Qua:

187 2877 338 2929 oculus
366 2893 465 2930 non
496 2877 646 2944 vidit,
679 2887 726 2929 et
751 2875 890 2929 auris
911 2890 1013 2927 non
1035 2873 1230 2926 audiuit
1252 2915 1265 2939 ,
1291 2883 1337 2926 et
1358 2873 1410 2926 in
1434 2889 1522 2926 cor
1551 2873 1767 2927 hominis

187 2985 272 3020 non
295 2969 656 3032 ascenderunt,
686 2984 796 3038 qua?
817 2966 1122 3038 preparavit
1169 2964 1308 3020 Deus
1341 2966 1403 3019 iis
1431 2965 1515 3035 qui
1543 2964 1765 3036 diligunt

187 3059 312 3112 illum
349 3060 422 3131 (1.
455 3059 580 3116 Cor.
618 3061 672 3114 2.
708 3060 851 3131 7-9).
903 3058 1187 3126 Quomodo
1236 3074 1369 3130 ergo
1412 3060 1764 3125 cognovimus

188 3165 269 3206 nos
293 3195 302 3216 ,
327 3169 357 3206 ο
380 3153 586 3208 Paule?
613 3153 732 3222 quis
759 3151 846 3206 illa
878 3151 1132 3206 revelavit
1151 3193 1165 3217 ,
1197 3161 1250 3206 et
1278 3151 1556 3205 manilesm
1590 3151 1764 3204 reddi-

187 3241 253 3296 dit
277 3244 354 3298 illa
385 3245 512 3298 nulli
548 3253 834 3314 conspecta
855 3285 870 3310 ,
903 3243 985 3298 vel
1013 3241 1194 3297 audita
1222 3284 1235 3305 ,
1266 3253 1319 3297 et
1338 3258 1457 3312 qum
1491 3242 1684 3298 nullius
1708 3241 1762 3298 in

187 3351 263 3391 cor
285 3339 678 3393 ascenderunt?
707 3339 821 3406 Dic,
854 3348 909 3394 et
951 3337 1128 3393 indica
1157 3337 1280 3408 quis
1311 3337 1399 3392 ille
1425 3338 1495 3392 sit
1522 3339 1614 3408 qui
1647 3346 1765 3392 tan-

188 3438 278 3484 tam
308 3433 453 3486 nobis
501 3430 786 3486 scientiam
824 3430 1081 3486 advexit?
1112 3429 1278 3484 Nobis
1319 3441 1489 3485 autent
1531 3432 1765 3486 reuelauit

189 3519 305 3576 Deus
346 3537 438 3592 per
475 3524 736 3594 Spiritum
767 3539 913 3578 suum
943 3523 1020 3594 (1.
1071 3523 1191 3578 Car.
1235 3522 1289 3577 9...
1325 3522 1436 3592 10).
1468 3523 1669 3578 Deinde
1697 3538 1765 3578 ne

187 3614 288 3681 quis
312 3631 428 3668 eum
462 3625 678 3685 putaret
705 3614 821 3671 hanc
848 3630 1009 3671 nosse
1037 3624 1243 3670 tantum
1268 3657 1281 3680 ,
1311 3631 1431 3686 qum
1465 3631 1560 3685 per
1587 3616 1761 3685 ipsum

187 3705 319 3759 nobis
348 3707 483 3761 Deus
514 3708 770 3762 revelavit
793 3749 806 3770 ,
841 3724 949 3764 non
987 3717 1168 3763 autem
1214 3724 1431 3764 omnem
1480 3709 1762 3764 scientiam

186 3796 402 3864 callere,
449 3798 681 3869 subjecit
725 3815 739 3855 :
794 3798 1026 3868 Spiritus
1071 3801 1207 3854 enim
1260 3802 1430 3854 omnia
1484 3813 1761 3867 scrutatur,

187 3889 313 3945 etiam
342 3893 602 3964 profunda
620 3891 737 3948 Dei.
771 3892 898 3962 Quis
929 3894 1063 3950 enim
1094 3895 1352 3950 hominum
1376 3897 1490 3960 scit,
1510 3913 1624 3966 qua:
1648 3906 1764 3950 sunt

187 3983 398 4051 hominis,
421 3987 524 4040 nisi
551 3986 762 4056 spiritus
778 3987 996 4041 hominis
1017 3989 1104 4058 qui
1125 3989 1177 4041 in
1198 3989 1308 4048 ipso
1337 3989 1453 4041 est?
1478 3990 1549 4041 ita
1579 4001 1624 4042 et
1654 4006 1767 4058 qua:

186 4074 267 4129 Dei
303 4089 435 4147 sunt,
486 4095 636 4135 nemo
665 4081 925 4152 cognovit,
956 4081 1056 4135 nisi
1103 4080 1332 4151 Spiritus
1375 4079 1474 4136 Dei
1507 4080 1668 4153 (Ilid.
1715 4098 1760 4134 υ.

186 4169 281 4237 ll).
318 4170 519 4225 Horum
572 4183 749 4226 autem
780 4173 1070 4227 verborum
1114 4171 1200 4226 hic
1235 4187 1425 4227 sensus
1457 4184 1538 4227 cst
1575 4192 1587 4228 :
1617 4174 1768 4229 Sicut

185 4257 326 4316 homo
357 4264 506 4317 norit
555 4279 616 4318 ea
656 4277 776 4335 quae
802 4266 970 4333 ipsius
997 4272 1152 4328 sunt,
1187 4280 1413 4334 QULDQUC
1442 4266 1676 4334 cogitat,
1711 4276 1766 4320 et

186 4349 325 4406 habet
346 4355 395 4408 in
423 4354 626 4420 animo,
649 4365 841 4410 cuncta
870 4356 968 4409 scit
994 4365 1202 4419 exacte,
1239 4357 1315 4410 sic
1341 4357 1502 4410 etiam
1535 4356 1767 4426 Spiritus

186 4456 377 4501 sanctus
399 4463 656 4501 arcanam
687 4448 778 4501 Dei
810 4447 1092 4501 scientiam
1127 4464 1340 4502 onmem
1369 4458 1558 4503 exacte
1591 4450 1762 4504 novit.

185 4536 302 4592 Cum
351 4543 507 4611 igitur
537 4541 703 4606 dixit,
730 4540 816 4594 Ita
842 4552 887 4595 et
922 4557 1036 4608 qua:
1065 4541 1157 4596 Dei
1193 4553 1310 4594 sunt
1337 4559 1482 4598 nemo
1507 4545 1762 4614 cognorit,

187 4631 269 4684 nisi
296 4634 520 4704 Spiritus
548 4634 665 4700 Dei,
697 4651 801 4688 non
833 4634 1077 4689 homines
1098 4635 1307 4698 solum,
1342 4635 1436 4690 sed
1465 4644 1519 4690 et
1548 4649 1764 4690 omnem

187 4727 430 4782 molestam
477 4737 776 4782 creaturam
827 4728 894 4782 ab
937 4727 1036 4781 hac
1064 4727 1296 4796 perlecta
1326 4730 1637 4798 cognitione
1677 4744 1768 4783 sc-

186 4817 342 4874 clusit.
371 4823 544 4887 Quam
568 4822 636 4875 ob
661 4835 878 4876 causam
907 4833 960 4874 et
983 4823 1198 4892 sapiens
1220 4823 1435 4891 quidam
1461 4837 1643 4876 sermo
1673 4822 1770 4876 ad-

189 4926 350 4971 monet
389 4933 402 4970 :
432 4916 735 4988 Diﬁiciliora
766 4926 813 4970 te
858 4933 920 4972 ne
965 4916 1222 4985 quasiet-is
1246 4959 1259 4981 ,
1293 4928 1340 4971 et
1372 4918 1589 4988 fortiora
1638 4927 1684 4970 te
1711 4933 1773 4970 ne

188 5017 417 5062 scrutatus
449 5009 646 5079 fueris;
684 5024 798 5080 qua
840 5017 1092 5079 prweepta
1120 5019 1235 5063 sunt
1272 5009 1359 5062 tibi
1384 5051 1398 5074 ,
1428 5011 1536 5063 ha'c
1559 5011 1724 5080 cogita
1751 5025 1770 5063 :

188 5096 388 5167 plurima
412 5101 549 5155 enim
593 5117 751 5169 supra
780 5117 983 5156 sensum
1029 5100 1248 5154 hominis
1291 5113 1491 5156 ostensa
1536 5114 1653 5156 sunt
1683 5101 1771 5156 tibi

189 5188 357 5257 (Eccli.
387 5196 440 5252 '5.
465 5193 555 5248 22.
587 5191 701 5265 25).
735 5193 887 5262 Quod
935 5202 1114 5250 autem
1146 5193 1308 5260 dicit,
1339 5203 1421 5249 est
1451 5195 1718 5264 ejusmodi
1756 5213 1768 5248 :

186 5281 253 5340 Ne
279 5286 387 5342 hac
413 5286 630 5358 quidem
662 5301 780 5357 quae
813 5284 980 5342 habes
1005 5327 1021 5353 ,
1053 5295 1138 5341 tua
1189 5286 1448 5343 industria
1477 5299 1665 5342 cuncta
1691 5289 1772 5342 di-

187 5375 342 5433 dicisti
364 5398 378 5434 :
403 5394 584 5450 neque
602 5389 808 5434 natura:
834 5389 937 5434 tua:
955 5380 1158 5435 viribus
1176 5380 1330 5435 nixus
1351 5381 1486 5435 hanc
1507 5381 1773 5451 cognitio-

189 5487 297 5529 nem
322 5474 543 5546 adipisci
572 5474 818 5546 potuisti,
839 5475 934 5531 sed
958 5475 1165 5534 caelitus
1188 5477 1406 5531 missam
1435 5483 1574 5532 hanc
1600 5477 1775 5532 scien-

189 5565 300 5620 tiam
337 5570 632 5642 acoepisti:
667 5567 836 5624 multo
876 5569 1075 5640 quippe
1125 5569 1329 5640 majora
1379 5579 1568 5636 erant,
1614 5585 1773 5641 quam

191 5667 239 5710 ut
279 5667 361 5714 tua
388 5670 614 5736 possent
645 5661 993 5733 intelligentia
1043 5663 1455 5732 comprehendi.
1487 5664 1597 5718 Cur
1636 5679 1769 5734 ergo

193 5749 284 5804 tuis
307 5752 503 5810 viribus
532 5753 690 5809 nixus
715 5753 927 5808 conaris
957 5753 1300 5824 profundiora
1333 5757 1561 5811 scrutari
1591 5797 1606 5821 ,
1645 5771 1769 5812 cum

191 5841 418 5916 pleraque
442 5863 509 5904 ex
542 5848 607 5902 iis
635 5862 754 5917 qua:
783 5845 944 5911 nosti,
979 5856 1125 5901 tunnt
1159 5861 1378 5904 sensum
1406 5857 1731 5921 exsuperent
1758 5891 1771 5912 ,

191 5943 236 5990 et
261 5936 456 5997 aliunde
487 5943 552 5994 ad
585 5954 638 5996 te
669 5940 905 5995 derivata
942 5940 1031 5994 illa
1073 5941 1390 6010 possideas?
1419 5942 1529 5998 lloc
1557 5955 1609 6001 ct
1658 5944 1769 6014 ipse

3390 434 3496 494 €36

1894 541 2090 598 Paulus
2106 553 2158 598 ut
2187 544 2522 612 declararet,
2551 547 2730 603 aiebat
2761 566 2772 601 :
2805 547 2945 614 Quid
2982 548 3118 603 enim
3145 548 3330 617 habes,
3356 561 3495 620 quos

1889 651 1992 690 non
2020 637 2300 706 accepisti?
2319 640 2363 692 si
2390 648 2558 693 autem
2581 639 2821 709 accepisti
2845 681 2860 705 ,
2891 640 3016 710 quid
3043 641 3284 712 gloriaris
3305 682 3318 704 ,
3343 647 3502 713 quasi

1888 743 1990 781 non
2018 727 2271 796 acceperis
2317 731 2390 798 (1.
2417 730 2536 784 Cor.
2567 731 2622 786 4.
2651 731 2736 800 7)?
2763 731 2993 786 Tantum
3046 733 3207 803 igitur
3236 747 3490 791 conatum

1887 819 2177 890 aliquando
2203 821 2417 875 tandem
2444 822 2635 878 omitte
2657 863 2670 888 ,
2701 831 2755 878 et
2779 823 3181 894 Sapientissimo
3203 826 3276 880 illi
3304 827 3492 882 consi-

1888 912 1960 967 lio
1985 927 2176 982 parere
2192 913 2432 982 dignare,
2465 914 2608 984 quod
2637 925 2821 970 monet
2843 959 2858 981 ,
2891 914 2976 970 Ne
3001 916 3212 983 dixeris,
3247 919 3388 986 Quid
3416 929 3492 975 est

1887 1003 2010 1058 hoc?
2034 1006 2102 1057 ad
2121 1005 2243 1075 quid
2274 1005 2397 1059 hoc?
2423 1007 2598 1058 omnia
2628 1009 2761 1061 enim
2789 1010 2856 1060 ad
2893 1025 3039 1061 usuin
3067 1010 3295 1080 ipsorum
3325 1023 3496 1066 creata

1885 1108 2000 1153 sunt
2033 1097 2218 1169 (Eccli.
2253 1099 2342 1153 59.
2371 1099 2485 1166 3i).

1955 1193 2088 1246 Car.
2119 1191 2202 1244 IV.
2242 1192 2470 1262 Moysen:
2511 1195 2812 1266 praphetam
2856 1196 3198 1266 periculosam
3227 1197 3500 1252 curiosita-

1884 1294 1980 1337 tem
2003 1287 2063 1339 in.
2083 1286 2293 1338 exordio
2323 1285 2439 1339 libri
2467 1303 2565 1341 uno
2589 1289 2733 1342 verbo
2759 1288 3042 1344 sustulisse.
3071 1320 3141 1330 —
3171 1289 3321 1345 Hanc
3351 1293 3495 1345 enim

1881 1377 1951 1432 ob
1973 1391 2212 1439 causam.
2246 1394 2366 1433 cum
2389 1390 2503 1433 orta
2536 1390 2682 1435 esset
2717 1386 2894 1435 omnis
2921 1394 3165 1436 creatura
3187 1424 3203 1450 ,
3228 1397 3495 1454 suumque

1880 1473 2179 1543 accepisset
2206 1483 2455 1529 ornatum
2476 1517 2490 1541 ,
2517 1485 2572 1529 et
2600 1474 2889 1529 admodum
2935 1478 3258 1530 concinnum
3281 1518 3295 1542 ,
3325 1478 3496 1531 mira-

1879 1565 2006 1627 bile.
2027 1581 2089 1620 ac
2106 1576 2326 1635 stupore
2344 1566 2563 1636 dignum
2586 1568 2600 1598 ¹
2621 1583 2758 1637 Opus
2781 1570 3135 1638 processisset
3154 1567 3207 1623 in
3228 1569 3491 1636 medium,

1877 1673 2107 1728 Cumque
2131 1659 2444 1727 insipientes
2467 1668 2519 1713 ct
2550 1659 2723 1713 insani
2755 1659 2998 1714 ttOttnulli
3029 1675 3117 1715 res
3161 1671 3371 1716 creatas
3399 1675 3494 1715 es-

1881 1759 2002 1805 sent
2047 1750 2427 1820 reprehensuri
2459 1769 2472 1805 :
2498 1750 2619 1806 vide
2651 1768 2757 1821 quo
2784 1762 2943 1821 pacto
2973 1752 3340 1822 importunum
3368 1751 3495 1809 illo-

1879 1858 1999 1896 rum
2041 1842 2299 1910 judicium
2325 1885 2339 1908 ,
2369 1857 2433 1897 ac
2478 1845 2734 1898 furiosam
2781 1842 3106 1898 sententiam
3159 1845 3326 1899 multo
3368 1853 3496 1901 ante

1879 1935 2180 2003 reprimens
2206 1933 2484 2004 lcgisiator
2514 1949 2621 1986 tino
2662 1935 2828 1989 verbo
2861 1935 3146 2003 impudens
3181 1935 3408 2005 quodvis
3429 1951 3495 1993 os

1881 2038 2069 2079 eorum
2098 2027 2419 2089 occluserit,
2459 2026 2777 2080 cumdixit:
2819 2027 2957 2082 Vidit
2984 2028 3126 2084 Deus
3169 2043 3350 2084 cuncta
3378 2046 3498 2100 qua!

1878 2122 2088 2189 fecerat,
2120 2129 2165 2171 et
2186 2135 2300 2173 ecce
2329 2119 2460 2171 horta
2485 2118 2632 2172 ualde
2656 2118 2808 2190 (Gen.
2843 2122 2891 2174 l.
2921 2120 3032 2194 5|).
3069 2121 3202 2177 Nam
3230 2124 3486 2193 quoniam

1877 2212 2017 2266 inter
2053 2227 2117 2266 ea
2144 2227 2264 2283 quae
2291 2210 2633 2280 videbantur,
2659 2222 2815 2267 erant
2859 2230 2966 2268 non
2998 2215 3086 2269 lux
3116 2223 3323 2271 tantum
3345 2258 3359 2281 ,
3384 2218 3480 2272 sed

1876 2314 1929 2356 et
1959 2304 2198 2358 tcnebra:
2231 2321 2243 2356 :
2271 2319 2380 2359 non
2423 2302 2604 2376 fruges
2662 2315 2868 2362 tantum
2890 2351 2902 2371 ,
2934 2308 3029 2383 scd
3065 2318 3117 2364 et
3145 2310 3355 2380 spissa:
3386 2327 3492 2367 non

1877 2397 2101 2452 arbores
2140 2406 2347 2452 tantum
2380 2398 2565 2454 salivae
2590 2441 2604 2466 ,
2635 2399 2728 2455 sed
2761 2411 2812 2455 et
2854 2401 3131 2458 silvestres
3165 2419 3181 2459 :
3211 2418 3322 2459 non
3349 2405 3493 2475 plani

1876 2491 2048 2546 solum
2077 2493 2276 2563 campi,
2310 2491 2406 2548 sed
2437 2492 2597 2548 etiam
2629 2503 2862 2560 montes,
2897 2505 2950 2550 et
2975 2511 3018 2550 ei
3038 2494 3081 2552 ll
3102 2513 3162 2561 :s,
3195 2506 3250 2552 et
3279 2498 3449 2554 valles
3478 2517 3491 2555 :
3523 2555 3536 2572 ,

1875 2600 1981 2638 non
2024 2585 2270 2640 homines
2311 2585 2488 2640 solum
2515 2627 2528 2650 ,
2553 2587 2647 2641 sed
2689 2594 2742 2641 et
2790 2587 3001 2657 reptilia
3028 2596 3295 2644 venenata
3329 2607 3342 2645 :
3374 2607 3483 2646 non

1875 2678 2051 2746 pisces
2081 2689 2284 2732 tantum
2309 2720 2326 2746 ,
2354 2677 2449 2734 sed
2479 2679 2640 2734 etiam
2673 2690 2804 2734 eote
2831 2697 2843 2733 :
2878 2696 2985 2735 non
3033 2683 3368 2752 frequentata
3397 2697 3486 2738 so-

1875 2768 1985 2824 lum
2032 2786 2285 2841 mquora,
2330 2770 2427 2828 sed
2472 2772 2634 2827 etiam
2680 2773 3491 2844 mareinnavigabile:nonsol

1875 2873 2082 2920 tantum
2114 2875 2168 2920 et
2200 2865 2347 2933 luna,
2379 2875 2434 2920 et
2458 2865 2656 2932 sidera,
2680 2864 2777 2921 sed
2798 2868 2957 2922 etiam
2995 2868 3238 2934 fulmina,
3265 2878 3320 2924 et
3348 2869 3489 2939 ignei

1875 2961 2118 3017 turbines
2147 2979 2160 3018 :
2195 2977 2299 3016 non
2329 2962 2474 3016 venti
2499 2961 2674 3017 solum
2703 2962 2960 3028 secundi,
2991 2981 3030 3018 δι
3051 2962 3086 3018 d
3114 2972 3168 3018 cl
3192 2963 3439 3034 procilla:
3470 2981 3491 3025 ς

1875 3071 1981 3110 non
2004 3056 2270 3111 columba:
2301 3066 2507 3111 tantum
2527 3099 2540 3119 .
2569 3066 2623 3112 et
2643 3071 2770 3113 aves
2796 3072 3030 3122 canorae,
3057 3057 3151 3112 sed
3197 3068 3252 3115 et
3299 3053 3446 3119 milvi
3467 3100 3486 3129 ,

1871 3156 1927 3204 et
1950 3148 2250 3217 accipitres,
2285 3158 2339 3203 et
2368 3149 2626 3217 vultures,
2651 3158 2706 3204 et
2733 3149 2836 3204 alia
2867 3151 3150 3205 carnivora
3179 3151 3432 3206 animalia
3468 3171 3480 3209 :

1875 3257 1980 3296 non
2013 3241 2243 3312 pecudes
2268 3252 2471 3296 tantum
2504 3253 2559 3296 et
2589 3244 2784 3308 bores,
2817 3242 2911 3297 sed
2935 3254 2987 3299 et
3039 3243 3146 3313 lupi
3171 3286 3185 3308 ,
3217 3254 3270 3299 et
3295 3246 3446 3314 pardi
3469 3288 3488 3312 ,

1873 3345 1927 3390 et
1955 3335 2140 3390 leones
2169 3353 2183 3393 ;
2214 3351 2320 3390 non
2369 3337 2516 3391 cervi
2542 3347 2746 3391 tantum
2774 3380 2788 3403 ,
2819 3347 2873 3392 et
2917 3338 3130 3407 lepores
3154 3378 3170 3404 ,
3201 3345 3257 3394 et
3281 3337 3489 3406 damas,

1872 3427 1966 3482 sed
2000 3435 2057 3480 et
2097 3427 2292 3497 scorpii
2322 3469 2335 3491 ,
2369 3437 2426 3482 ct
2457 3428 2655 3496 vipera:
2682 3470 2696 3493 ,
2723 3437 2778 3483 ct
2806 3429 3073 3484 dracones
3105 3445 3120 3484 :
3150 3439 3312 3500 atque
3351 3434 3492 3487 intcr

1875 3518 2072 3574 herbas
2102 3535 2314 3590 quoque
2346 3537 2451 3575 non
2479 3521 2724 3576 salubres
2754 3523 2913 3575 modo
2941 3523 3162 3592 plantae,
3193 3521 3290 3578 sed
3317 3531 3372 3578 ct
3398 3539 3493 3580 ve-

1873 3623 2121 3680 nenata‘,
2156 3628 2218 3670 ac
2245 3613 2483 3670 futurum
2528 3625 2646 3670 erat
2687 3624 2742 3670 ut
2770 3615 2884 3670 1]ωο
2922 3618 3108 3673 multis
3156 3617 3486 3674 offendicula

1872 3716 2094 3771 essent,
2137 3715 2191 3760 et
2245 3706 2370 3761 hinc
2423 3707 2659 3762 haereses
2715 3709 3341 3780 oiirenturzpostquam
3394 3725 3485 3766 res

1872 3811 2060 3855 omnes
2086 3807 2284 3852 creatae
2305 3809 2432 3853 sunt
2463 3809 2622 3865 nat-.e,
2649 3815 2914 3870 suumque
2939 3801 3161 3872 singula:
3189 3810 3314 3858 sunt
3332 3817 3489 3858 orna-

1875 3899 1986 3943 tum
2013 3889 2242 3959 adeptae,
2275 3899 2577 3945 creatorem
2601 3891 2840 3946 ostendit
2867 3893 2918 3945 in
2952 3893 3175 3964 singulis
3200 3935 3215 3961 ,
3258 3893 3310 3949 id
3339 3893 3486 3965 quod

1873 3992 2121 4038 exortum
2145 3993 2282 4050 erat,
2314 3983 2553 4048 laudare,
2589 3983 2695 4038 imo
2724 3999 2853 4039 vero
2886 4000 3316 4057 unamquamque
3333 3987 3488 4058 sigil-

1875 4075 2026 4130 latim
2053 4086 2106 4130 ct
2131 4090 2320 4132 omnes
2351 4077 2510 4130 simul
2539 4119 2554 4142 ,
2580 4086 2637 4130 ut
2675 4075 2893 4146 cognito
2925 4076 3068 4132 illius
3091 4077 3296 4146 judicio
3317 4120 3330 4145 ,
3357 4079 3484 4135 licet

1875 4168 2194 4222 temerarius
2239 4167 2504 4238 quispiam
2552 4169 2623 4222 sit
2665 4176 2720 4222 et
2747 4167 3070 4238 impudens,
3102 4168 3233 4222 nihil
3255 4170 3490 4239 amplius

1873 4274 2097 4324 eorum,
2131 4276 2251 4331 qua:
2293 4261 2392 4315 sub
2435 4261 2624 4316 oculos
2671 4261 2903 4327 cadunt,
2934 4260 3150 4316 curiose
3196 4263 3489 4318 sci-utetur.

1878 4352 2002 4408 ldco
2042 4353 2130 4407 ubi
2156 4352 2292 4408 dixit
2321 4352 2514 4407 lactant
2543 4367 2666 4409 esse
2698 4352 2871 4408 lucem
2895 4394 2911 4421 ,
2950 4351 3199 4424 adjunxit
3225 4370 3240 4410 :
3272 4353 3338 4407 Et
3368 4355 3494 4409 vidit

1876 4444 2019 4500 Deus
2050 4446 2232 4511 lucent,
2266 4446 2402 4515 quod
2428 4456 2551 4500 esset
2569 4447 2702 4500 bona
2738 4445 2891 4518 (Gen.
2923 4447 2970 4500 1.
3005 4448 3086 4517 4),
3109 4453 3166 4502 et
3191 4446 3265 4502 ita
3291 4446 3359 4504 de
3378 4449 3493 4504 sin-

1875 4538 2036 4609 gulis.
2066 4537 2270 4593 Deinde
2295 4555 2360 4592 ne
2384 4581 2396 4602 ,
2431 4539 2472 4592 si
2505 4549 2697 4594 cuncta
2740 4556 3099 4611 persequaur
3129 4543 3448 4598 nominatim
3471 4585 3491 4612 ,
3571 4555 3574 4558 ‘

1878 4634 2228 4705 prolixiorem
2259 4632 2449 4687 reddat
2496 4634 2793 4689 orationem
2817 4677 2831 4700 ,
2862 4635 3024 4691 simul
3057 4637 3370 4706 pronuntiat
3421 4636 3490 4694 de

1877 4728 2157 4794 omnibus,
2188 4738 2241 4784 ct
2267 4728 2341 4782 ait
2372 4743 2560 4783 rursus
2595 4744 2608 4782 :
2651 4727 2788 4782 Vidit
2822 4728 2957 4784 Deus
3000 4741 3180 4784 cuncta
3219 4745 3334 4800 qua:
3358 4734 3491 4802 fece-

1877 4835 1982 4892 rat,
2013 4833 2058 4878 et
2082 4840 2195 4878 ecce
2241 4824 2370 4877 bona
2415 4825 2562 4878 valde
2608 4822 2776 4893 (Gen.
2810 4824 2863 4880 1.
2905 4825 3021 4894 3i).
3066 4823 3183 4880 Non
3213 4825 3358 4896 quod
3399 4825 3489 4882 ubi

1878 4919 2015 4974 iacui
2061 4918 2307 4984 fuerant,
2332 4919 2648 4988 cognoverit
2679 4919 2817 4974 Deus
2848 4919 2987 4974 bona
3028 4935 3150 4975 esse
3185 4934 3306 4990 quas
3353 4919 3491 4975 facta

1880 5023 2036 5066 erant
2070 5031 2083 5067 ;
2112 5011 2272 5067 absit.
2302 5011 2358 5066 Si
2387 5012 2529 5066 enim
2557 5009 2752 5066 artifex
2781 5011 2945 5066 homo
2967 5053 2981 5077 ,
3015 5012 3178 5067 etiam
3199 5020 3489 5085 antequam

1883 5105 2013 5160 liant
2033 5119 2095 5159 ea
2123 5121 2245 5175 quze
2284 5113 2408 5159 sunt
2435 5105 2566 5158 artis
2588 5145 2602 5171 ,
2640 5105 2788 5158 novit
2813 5146 2825 5168 ,
2854 5103 3079 5160 edoctus
3107 5120 3169 5160 ea
3197 5099 3342 5160 bona
3371 5119 3493 5160 e546

1881 5213 2001 5268 qum
2041 5198 2108 5253 ab
2136 5199 2254 5267 ipso
2277 5195 2392 5252 fieri
2424 5196 2627 5252 debent
2657 5214 2670 5250 :
2701 5197 2872 5251 multo
2896 5200 3066 5268 magis
3095 5197 3380 5254 inetl‘abilis
3405 5199 3490 5254 illa

1882 5291 2180 5364 Sapientia,
2223 5309 2342 5363 qua:
2389 5292 2502 5347 sola
2553 5307 2648 5346 sua
2687 5293 2967 5347 voluntate
3020 5305 3256 5362 nutuque
3297 5305 3492 5350 cuncta

1883 5386 2134 5456 produxit
2162 5427 2176 5451 ,
2206 5387 2368 5441 etiam
2399 5397 2687 5456 antequam
2734 5371 2958 5449 tierent,
2989 5399 3051 5439 ea
3079 5385 3216 5440 bona
3244 5402 3364 5441 esse
3392 5403 3494 5441 no-

1885 5489 2057 5536 verat.
2105 5480 2292 5551 Nequc
2341 5481 2486 5535 enim
2529 5480 2616 5533 illa
2666 5480 3042 5550 produxisset,
3087 5480 3131 5534 si
3171 5479 3350 5549 ignota
3393 5479 3496 5550 ipsi

1886 5577 2133 5632 fuissent.
2153 5573 2263 5630 Cur
2288 5576 2446 5645 igitur
2475 5577 2546 5630 ita
2572 5576 2824 5647 loquutus
2848 5575 2968 5632 est?
2989 5577 3067 5631 οι)
3095 5592 3212 5630 eam
3242 5589 3490 5644 causam,

1886 5688 2044 5741 quam
2089 5671 2259 5741 attigi.
2291 5667 2423 5724 Cum
2459 5670 2621 5739 igitur
2659 5669 2982 5739 prophetam
3031 5669 3268 5724 audieris
3309 5669 3494 5724 dicen-

1888 5775 1994 5819 tem
2027 5764 2118 5817 tibi
2153 5763 2318 5818 Deum
2355 5763 2440 5815 illa
2475 5761 2672 5817 vidisse
2696 5805 2709 5826 ,
2740 5771 2902 5832 atque
2931 5760 3205 5830 laudasse,
3238 5762 3347 5816 noli
3384 5763 3494 5828 jam

1887 5857 2115 5926 amplius
2143 5856 2304 5910 nllnm
2333 5870 2558 5910 examen
2593 5854 2677 5910 vel
2701 5853 2958 5911 indicium
2981 5869 3229 5926 quaerere
3258 5851 3499 5927 pulchri-

1955 5954 1967 5982 ¹
2008 5951 2119 6011 Alii,
2156 5949 2346 6012 plenum
2372 5946 2616 5998 miraculi.
