4142 6498
694 436 790 492 ιὶΠ

696 552 895 607 tudinis
922 560 1158 605 mserum
1185 589 1198 609 ,
1220 560 1394 616 neque
1418 543 1565 601 dicas
1589 585 1603 611 ,
1633 540 1913 611 Quomodo
1941 540 2078 595 bona
2101 536 2124 591 τ
2157 534 2272 607 ipsa

696 648 836 702 enim
866 660 931 701 ex
956 642 1206 715 operibus
1230 639 1688 698 demonstratione
1720 636 1915 692 clarior
1949 642 2031 689 est
2055 640 2279 688 senten-

695 740 766 792 tia
788 778 801 800 .
828 752 946 808 qure
975 750 1039 791 ex
1066 732 1274 790 calculo
1290 743 1345 788 et
1366 731 1568 803 judicio
1595 729 1887 786 conditoris
1912 734 2146 783 emanat.
2178 725 2276 779 At-

693 843 797 899 que
836 828 1033 884 idcirco
1078 824 1385 881 mdioribus
1408 823 1587 880 verbis
1611 831 1694 878 est
1733 835 1881 877 usus.
1916 818 2047 874 Nam
2087 831 2278 888 quem-

692 920 979 977 admodum
1010 934 1055 975 s.
1080 919 1201 991 quis
1244 933 1490 974 coemere
1524 915 1915 971 medicamenta
1944 911 2103 976 velit,
2136 910 2275 964 alio-

692 1016 821 1084 quin
845 1012 1121 1084 imperitus
1148 1056 1163 1078 ,
1185 1028 1352 1083 eaque
1373 1010 1595 1081 jusserit
1623 1008 1831 1063 medico
1854 1006 2000 1076 prius
2024 1004 2231 1060 ostendi
2258 1045 2272 1068 ,

694 1106 892 1160 nullam
920 1105 1077 1159 aliam
1108 1103 1319 1157 virtutis
1349 1116 1533 1155 eorum
1562 1098 2072 1155 demonstrationem
2094 1096 2279 1166 requi-

693 1200 803 1261 rit,
835 1198 921 1252 ubi
946 1205 1095 1251 certo
1120 1194 1371 1250 didicerit
1396 1193 1483 1249 illa
1510 1192 1579 1247 ab
1606 1206 1673 1248 eo
1696 1190 1809 1246 visa
1840 1188 2004 1245 fuisse
2022 1229 2040 1254 ,
2069 1202 2132 1243 ac
2163 1188 2276 1241 lan-

690 1291 837 1357 data,
861 1290 952 1345 sed
980 1289 1196 1345 artificis
1218 1287 1426 1343 calculo
1441 1293 1726 1342 contentus
1750 1282 1881 1348 abit,
1910 1297 2031 1338 cum
2050 1280 2277 1336 audierit

692 1383 782 1437 illa
806 1382 1001 1439 vidisse
1047 1381 1342 1448 medicum,
1374 1388 1537 1452 atque
1576 1378 1823 1435 laudasse
1857 1396 1871 1432 :
1902 1376 1981 1432 sic
2023 1375 2272 1431 nimirum

692 1474 934 1547 Moyses,
966 1489 1086 1529 cum
1128 1488 1343 1528 onmem
1373 1472 1538 1528 vellet
1578 1470 1915 1527 occasionem
1949 1466 2276 1539 impudentis

691 1566 1015 1623 curiositatis
1028 1575 1306 1634 amputare
1323 1563 1446 1631 illis,
1477 1564 1563 1634 qui
1578 1561 1835 1619 creaturis
1851 1568 2029 1617 essent
2040 1558 2272 1623 fruituri,

691 1657 1024 1715 denuntiavit
1048 1658 1147 1719 eis.
1171 1672 1231 1712 ac
1264 1656 1417 1719 dixit,
1447 1656 1614 1711 Deum
1641 1654 1733 1710 illa
1749 1652 1975 1715 vidisse,
2005 1651 2269 1714 laudasse,

690 1765 754 1805 ac
782 1750 921 1805 bona
954 1763 1073 1805 esse
1092 1747 1390 1818 jndicasse,
1428 1761 1601 1817 neque
1640 1745 1953 1817 simpliciter
1977 1745 2114 1801 bona
2136 1786 2150 1810 ,

689 1840 825 1896 bona
858 1840 1032 1897 valde.
1078 1838 1195 1894 Noli
1224 1854 1352 1911 ergo
1398 1839 1609 1895 curiose
1656 1838 1960 1909 inquirere,
1986 1851 2159 1908 neque
2182 1851 2272 1892 ra-

688 1934 992 1990 tiocinando
1035 1943 1276 1988 scrutare
1305 1947 1423 2002 qua:
1450 1932 1585 1985 facta
1614 1940 1737 1985 sunt
1756 1971 1773 1997 ,
1806 1944 1932 1985 cum
1958 1928 2047 1984 tali
2078 1928 2147 1985 de
2174 1943 2272 1985 eo-

688 2041 806 2082 rum
846 2026 1151 2096 przcstantia
1214 2025 1522 2080 testimonio
1568 2024 1645 2080 sis
1688 2024 1998 2080 instructus.
2028 2022 2083 2080 Si
2126 2022 2272 2080 enim

688 2117 909 2172 minime
924 2125 1212 2173 contentus
1240 2116 1340 2173 hoc
1366 2117 1553 2185 verbo,
1577 2116 1644 2173 ad
1666 2116 2060 2186 inquisitionem
2091 2129 2272 2171 rerum

687 2218 988 2268 creamum
1029 2210 1280 2282 progredi
1325 2210 1481 2274 velis,
1513 2220 1671 2279 teque
1720 2210 1773 2265 in
1802 2208 2270 2265 ratiocinationem

686 2301 929 2371 euripum
974 2314 1037 2356 ac
1063 2300 1253 2356 fluctus
1272 2300 1444 2356 solum
1476 2300 1680 2372 injicias
1700 2342 1713 2366 ,
1738 2316 1807 2357 ex
1830 2302 2025 2372 quibus
2049 2302 2271 2356 multam

687 2394 887 2448 senties
913 2393 1194 2449 excitatam
1235 2393 1523 2463 procellam
1545 2434 1560 2458 ,
1590 2391 1720 2448 nihil
1749 2392 1963 2463 quidem
2004 2392 2270 2463 intelliges

686 2484 947 2553 amplius,
985 2486 1080 2539 sed
1126 2484 1178 2538 in
1219 2483 1548 2556 naufragium
1593 2495 1646 2540 te
1689 2486 1860 2555 ipsum
1900 2485 2270 2555 gravissimum

688 2575 1011 2644 prmcipitem
1058 2589 1206 2644 ages.
1251 2573 1431 2645 Neque
1471 2574 1614 2630 enim
1652 2576 1891 2631 rationes
1920 2590 2111 2631 omnes
2158 2576 2266 2631 sin-

685 2666 928 2735 gulorum
973 2681 1091 2734 quae
1121 2665 1255 2721 facta
1286 2676 1413 2722 sunt
1450 2667 1646 2737 poteris
1672 2669 1909 2738 reperire
1928 2710 1942 2733 ,
1973 2668 2069 2724 sed
2095 2679 2149 2725 et
2177 2683 2272 2724 eo-

687 2772 803 2811 rum
832 2772 949 2827 qua:
977 2757 1114 2813 bona
1144 2759 1236 2813 tibi
1266 2773 1406 2813 nunc
1423 2758 1689 2825 videntur,
1720 2761 1882 2815 multa
1905 2760 2267 2831 vituperabis,

688 2847 733 2903 si
780 2849 1017 2903 animum
1067 2849 1377 2905 adhibueris
1423 2849 1793 2920 depravatum.
1842 2852 1991 2909 Adeo
2042 2868 2272 2924 namque

689 2941 973 2997 imbecillis
1002 2952 1082 2997 est
1107 2942 1381 3000 hominum
1410 2944 1565 3009 ratio,
1591 2953 1648 2999 ut
1671 2959 2043 3015 saepenumero
2068 2949 2122 3003 in
2142 2963 2272 3003 con-

689 3034 908 3088 trarium
941 3043 1149 3104 agatur,
1194 3045 1251 3089 et
1304 3035 1357 3089 in
1392 3034 1593 3105 judicio
1644 3037 1714 3091 de
1759 3047 2000 3093 creatura
2050 3037 2271 3097 ferendo

688 3124 839 3179 multi
868 3124 1069 3180 directe
1098 3126 1324 3196 oppositi
1348 3127 1486 3181 inter
1512 3143 1571 3184 se
1598 3139 1850 3199 pugnent.
1880 3128 2011 3185 Nam
2041 3132 2270 3202 gentiles

687 3219 899 3289 quidem
932 3234 1052 3273 cum
1086 3221 1201 3289 plus
1230 3236 1387 3288 quam
1413 3236 1547 3289 Opus
1571 3223 1638 3277 sit
1666 3224 1835 3293 ipsam
1863 3224 2039 3281 mirati
2063 3236 2267 3291 essent,

689 3307 905 3370 modum
952 3320 1338 3375 excesserunt,
1382 3325 1607 3380 eamque
1653 3311 1813 3368 deum
1861 3328 1982 3371 esse
2028 3315 2271 3373 arbitrati

688 3410 852 3454 sunt:
882 3399 1156 3456 Manichtei
1186 3416 1315 3458 vero
1339 3444 1355 3467 ,
1378 3414 1432 3458 et
1460 3403 1549 3457 alii
1578 3419 1765 3461 rursus
1792 3404 2031 3464 haeretici
2057 3408 2271 3480 quidam

690 3493 776 3549 dei
827 3495 1046 3550 minime
1073 3495 1197 3551 boni
1234 3496 1311 3567 (a)
1353 3511 1488 3567 opus
1521 3512 1640 3553 eam
1682 3513 1803 3556 esse
1828 3501 2117 3558 dixerunt:
2148 3504 2271 3575 qui-

690 3585 811 3640 dam
839 3600 996 3639 unam
1026 3586 1139 3657 ejus
1164 3599 1370 3657 partem
1398 3588 1637 3643 avulsam
1665 3604 1695 3644 a
1726 3592 1937 3647 creteris
1960 3604 2273 3664 spontanea:

689 3678 898 3733 cuidam
931 3681 1167 3736 materia:
1187 3682 1573 3750 attribuerunt,
1603 3698 1828 3756 eamque
1856 3686 2125 3758 indignam
2151 3704 2274 3746 esse

692 3771 787 3827 Dei
814 3773 1033 3842 opilicio
1062 3772 1389 3843 judicarunt.
1426 3773 1537 3842 ita,
1561 3776 1699 3831 sicut
1738 3786 1863 3833 ante
1898 3778 2037 3846 dixi,
2082 3780 2128 3835 si
2153 3782 2275 3852 quis

690 3866 953 3919 rationem
982 3881 1045 3920 ac
1069 3876 1302 3921 mentem
1326 3866 1669 3936 depravatam
1700 3866 1984 3937 adhibeat,
2021 3872 2188 3928 multa
2210 3890 2276 3929 ex

694 3958 793 4023 iis,
820 3972 941 4027 qua:
984 3958 1123 4013 bona
1152 3973 1270 4013 esse
1299 3960 1547 4016 videntur
1566 4004 1580 4027 ,
1610 3962 1900 4017 accusabit.
1951 3963 2090 4030 Quid
2132 3968 2275 4020 enim

698 4050 790 4104 tibi
819 4052 932 4105 sole
964 4050 1237 4121 pulchrius
1259 4052 1502 4108 videtur?
1523 4057 1769 4109 Attamen
1784 4055 2119 4126 splendidum
2138 4057 2277 4114 istud

695 4152 750 4198 et
798 4141 1091 4213 jucundum
1138 4152 1339 4199 astrum
1388 4152 1443 4200 et
1496 4145 1681 4202 oculos
1728 4147 1874 4203 lzedit
1924 4147 2196 4217 infirmos,
2224 4159 2281 4207 et

694 4248 818 4289 cum
846 4234 1022 4289 radios
1060 4235 1391 4292 ardentibres
1419 4237 1651 4305 emittit,
1695 4247 1890 4295 terram
1939 4242 2073 4310 urit,
2104 4242 2279 4299 febres

696 4327 883 4397 gignit,
913 4326 1090 4398 fruges
1114 4342 1483 4399 saepenumero
1509 4329 1729 4387 arefacit
1754 4340 1808 4387 et
1832 4333 2050 4391 inutiles
2078 4316 2275 4403 reddit,

698 4420 921 4494 arbores
948 4419 1259 4477 infecundas
1284 4421 1449 4478 efficit
1468 4462 1485 4489 ,
1510 4437 1575 4479 ac
1594 4435 1797 4495 partem
1840 4426 1985 4481 orbis
2017 4436 2277 4484 terrarum

702 4522 899 4569 nostrte
930 4513 1162 4584 ineptam
1201 4515 1514 4572 habitationi
1561 4528 1617 4573 et
1645 4519 1888 4573 infestam
1918 4520 2111 4576 reddit.
2142 4522 2279 4591 Quid

699 4607 868 4677 ergo?
896 4623 1019 4661 num
1039 4649 1055 4675 ,
1084 4622 1285 4678 quzeso,
1316 4608 1482 4664 solem
1516 4608 1715 4665 idcirco
1747 4612 2142 4668 accusabimus?
2176 4615 2281 4668 Ah-

702 4698 810 4763 sit;
836 4698 943 4752 imo
972 4715 1096 4754 vero
1140 4700 1400 4755 rationem
1445 4701 1729 4770 quiescere
1760 4702 2048 4773 jubentes,
2076 4714 2280 4775 petram

702 4790 847 4847 illam
894 4790 1303 4860 occupabimus,
1329 4802 1382 4846 et
1409 4791 1607 4848 dictum
1649 4792 1819 4862 illud,
1870 4793 1939 4850 Et
1976 4796 2099 4852 uidit
2143 4796 2283 4853 Deus

700 4892 882 4936 cuncta
930 4898 1041 4953 qua:
1066 4881 1283 4950 fecerat,
1310 4890 1353 4934 et
1382 4898 1495 4937 ecce
1530 4882 1661 4937 bona
1701 4885 1847 4940 valde
1888 4884 2039 4957 (Gen.
2066 4889 2118 4944 Ι.
2147 4890 2237 4962 3i)
2265 4908 2279 4944 :

699 4972 960 5041 siquidem
993 4983 1046 5027 et
1073 4974 1159 5026 illa
1187 4973 1297 5041 ipsa
1315 4987 1434 5043 qu:e
1466 4987 1605 5028 nunc
1629 4986 1942 5032 enumerata
1965 4990 2091 5035 sunt
2114 4996 2143 5034 a
2172 4998 2279 5046 me,

704 5064 838 5117 bona
868 5062 1019 5119 valde
1048 5071 1171 5117 sunt
1198 5071 1253 5117 et
1289 5063 1590 5118 commoda.
1624 5064 1731 5121 Sed
1758 5075 1815 5120 ut
1862 5072 2106 5139 superius
2135 5071 2241 5126 disi
2267 5113 2281 5137 ,

702 5154 765 5207 ad
808 5169 993 5209 vocem
1036 5153 1180 5207 illam
1212 5153 1592 5209 recurrendum
1622 5165 1705 5211 est
1746 5170 1978 5228 semper,
2012 5176 2075 5217 ac
2098 5161 2283 5218 ἀίουησ

700 5246 827 5301 dum
860 5264 873 5298 :
906 5246 1042 5300 Ecce
1068 5244 1267 5309 omnia,
1294 5261 1411 5314 qua:
1434 5246 1559 5301 fecit
1591 5247 1729 5302 Deus
1749 5289 1764 5315 ,
1795 5248 1931 5305 bona
1961 5263 2084 5308 sunt
2108 5256 2282 5311 valde.

704 5340 810 5395 Sed
841 5354 1017 5393 nonne
1065 5338 1270 5394 deliciis
1297 5354 1489 5395 vacare
1511 5381 1527 5405 ,
1553 5341 1719 5409 jocari
1742 5384 1756 5408 ,
1786 5354 1840 5399 et
1864 5344 2121 5415 voluptati
2153 5364 2285 5418 0pc-

704 5450 817 5488 ram
838 5433 985 5495 dare,
1015 5433 1210 5485 bonum
1242 5442 1325 5485 est
1347 5432 1529 5487 ?Audi
1557 5432 1919 5503 Salomonem,
1948 5440 2035 5509 qui
2063 5441 2283 5498 delicia-

703 5538 819 5579 rum
852 5539 1009 5577 omne
1049 5538 1215 5592 genus
1244 5523 1497 5589 tentavit,
1525 5533 1580 5579 et
1626 5518 1737 5591 ait,
1768 5527 1953 5585 Melius
1994 5542 2065 5586 est
2108 5535 2182 5588 ire
2220 5538 2287 5590 ad

710 5618 913 5668 domum
936 5615 1096 5669 luctus
1115 5654 1130 5680 ,
1153 5630 1305 5684 quam
1331 5614 1402 5667 ire
1420 5615 1488 5666 ad
1518 5615 1722 5669 domum
1748 5620 1956 5676 ronvivii
1985 5622 2205 5693 (Ecclcs.
2232 5628 2284 5683 7.

704 5705 785 5780 8).
809 5710 876 5763 At
904 5708 1038 5761 mala
1067 5722 1152 5764 res
1179 5721 1281 5762 nox
1304 5708 1416 5761 est?
1435 5707 1667 5777 (oportet
1692 5711 1834 5767 enim
1861 5712 2284 5779 adversariorum

767 5857 842 5923 (a)
876 5859 1111 5911 Manlcbazl
1145 5858 1321 5910 malum
1343 5861 1488 5911 deum
1519 5861 1853 5919 admittebant.

1427 427 1484 485 S.
1524 423 1801 484 JOANNlS
1839 413 2309 479 CllllYSOSTUMl
2347 410 2662 469 ARCHIEP.
2704 406 3236 467 CONSTANTINOP.

3880 400 3986 455 188

2386 530 2460 585 uti
2490 528 2716 600 verbis.)
2747 529 2858 583 lmo
2885 528 2996 599 ipsa
3024 528 3267 583 laborum
3298 536 3379 582 est
3406 526 3664 581 relaxatio
3686 568 3700 592 ,
3732 525 3987 582 liberalia

2382 637 2413 679 a
2442 623 2585 679 curis
2604 665 2621 691 ,
2654 623 2962 678 morborum
2985 622 3232 677 solatium
3252 662 3268 684 ,
3295 635 3326 674 a
3348 628 3492 675 metu
3520 634 3582 674 ac
3611 620 3866 689 periculis
3892 635 3984 675 re.-

2380 716 2533 786 qnies
2571 730 2675 771 non
2729 715 3057 772 mediocris:
3085 714 3324 784 juvenile
3350 714 3526 769 reddit
3564 727 3785 784 corpus,
3817 728 3981 769 men-

2380 817 2488 864 tem
2516 808 2744 864 vividam
2770 850 2785 874 ,
2818 808 3054 871 membra
3086 808 3355 863 laboribus
3399 805 3612 877 fatigata
3657 815 3870 862 recreat
3896 822 3988 863 re-

2382 899 2616 971 licitque.
2648 901 2718 955 At
2746 901 2882 954 mala
2909 915 2998 955 res
3027 909 3111 954 est
3141 898 3393 954 morbus?
3420 897 3572 954 Unde
3617 898 3779 969 igitur
3806 897 3983 953 Laza-

2380 1006 2473 1045 rus
2506 1006 2758 1046 coronam
2787 991 3115 1061 reportavit?
3143 988 3249 1045 Sed
3300 989 3436 1044 mala
3470 988 3793 1058 paupertas?
3826 988 3986 1045 Unde

2377 1097 2509 1138 vero
2526 1081 2630 1137 Job
2649 1082 2872 1153 gloriam
2903 1091 2984 1138 est
3010 1082 3411 1152 consequutus?
3438 1087 3505 1135 At
3532 1081 3705 1136 noxire
3732 1081 3981 1137 amictio-

2380 1188 2475 1228 nes
2502 1172 2828 1245 frequentes,
2860 1181 2916 1228 et
2941 1172 3249 1229 continua?
3279 1170 3433 1228 Unde
3462 1184 3639 1228 autem
3670 1172 3871 1228 factum
3898 1182 3986 1227 est

2380 1274 2438 1321 ut
2463 1265 2691 1336 apostoli
2718 1264 2959 1321 celebres
2982 1272 3038 1320 et
3069 1265 3305 1319 illustres
3321 1262 3651 1318 evaderent?
3670 1280 3789 1333 qua:
3820 1279 3987 1333 porro

2378 1360 2461 1414 via
2508 1359 2656 1414 ducit
2701 1359 2768 1414 ad
2819 1358 3024 1414 vitam?
3053 1373 3229 1413 nonne
3256 1366 3402 1412 arcta
3454 1366 3509 1412 et
3555 1358 3819 1427 anguSta?
3862 1356 3986 1412 Noli

2377 1466 2506 1522 ergo
2543 1451 2743 1518 dicere,
2777 1450 2885 1506 Cur
2913 1449 3053 1505 hoc?
3094 1449 3160 1504 ad
3186 1448 3311 1519 quid
3357 1448 3499 1503 hoc?
3523 1448 3616 1503 sed
3646 1459 3752 1503 tam
3791 1448 3844 1503 in
3874 1448 3988 1504 dis-

2378 1545 2781 1616 pensationibus
2831 1559 2992 1615 quam
3043 1543 3098 1597 in
3140 1542 3404 1598 creaturis
3445 1542 3571 1607 Dei,
3606 1540 3751 1611 quod
3813 1540 3988 1595 silen~

2380 1638 2510 1692 tium
2556 1636 2759 1710 prtebet
2808 1636 2975 1692 lutum
3028 1634 3225 1707 ligula,
3257 1634 3399 1689 idem
3428 1644 3483 1689 et
3531 1634 3649 1703 ipse
3696 1630 3984 1688 Conditori

2378 1737 2470 1784 tuo
2500 1730 2710 1799 prrebe,
2739 1727 2812 1784 mi
2839 1728 3021 1786 homo.

2446 1821 2577 1876 Car.
2594 1820 2659 1875 γ.
2688 1820 3011 1877 Credendttm
3037 1836 3144 1875 esse
3173 1818 3488 1889 prouidentia
3520 1816 3613 1873 Dei
3636 1816 3747 1889 regi
3774 1818 3948 1872 omnia
3966 1832 3987 1872 :

2375 1912 2579 1985 ejusque
2609 1912 2682 1967 rei
2718 1911 2994 1967 maximam
3033 1911 3506 1966 demonstrationem
3526 1910 3588 1963 iis
3608 1909 3695 1981 qui
3725 1909 3981 1973 dubitant,

2375 2021 2408 2059 a
2437 2004 2583 2060 rebus
2615 2004 2794 2059 creatis
2812 2002 3145 2074 suppeditari.
3163 2032 3236 2044 —
3259 2000 3397 2071 Quid
3430 2001 3982 2073 ergoidicetaliquis;

2374 2111 2484 2153 non
2508 2096 2588 2153 vis
2630 2111 2719 2153 me
2759 2104 2912 2151 certo
2952 2094 3112 2163 scire,
3135 2109 3199 2150 ac
3239 2093 3464 2150 credere
3504 2092 3596 2149 Dei
3645 2091 3987 2165 providentia

2373 2203 2464 2266 res
2487 2204 2678 2245 omnes
2702 2188 2854 2260 regi?
2901 2186 3038 2245 Volo
3067 2186 3315 2259 equidem
3342 2193 3397 2240 et
3422 2194 3568 2255 opto,
3596 2198 3661 2239 ac
3684 2183 3985 2240 vehemen-

2375 2292 2457 2339 ter
2481 2282 2729 2340 desidero
2763 2300 2775 2335 :
2800 2297 2906 2338 non
2935 2289 3113 2337 tamen
3149 2279 3265 2352 ejus
3295 2277 3693 2350 providentiam
3722 2277 3978 2341 scrutari,

2374 2388 2546 2442 neque
2570 2375 2781 2429 curiose
2811 2373 2865 2428 in
2889 2388 3008 2429 eam
3037 2371 3330 2443 inquirere.
3361 2368 3417 2427 Si
3442 2370 3587 2426 enim
3609 2369 3722 2440 jam
3767 2369 3895 2435 scis,
3927 2376 3983 2423 et

2376 2466 2535 2523 fidem
2564 2466 2762 2522 habere
2787 2466 3041 2534 statuisti,
3060 2464 3170 2521 noli
3197 2478 3439 2536 quaerere
3468 2481 3482 2518 :
3510 2464 3592 2519 sin
3618 2470 3799 2519 autem
3827 2462 3984 2517 dubi-

2375 2567 2477 2624 tas,
2525 2569 2719 2613 terram
2763 2559 3053 2629 interroga,
3084 2556 3297 2624 malum,
3343 2554 3535 2621 solem,
3582 2554 3787 2622 lunam,
3834 2555 3983 2609 varia

2374 2650 2649 2707 brutarum
2678 2650 3026 2705 animantium
3052 2638 3249 2721 genera
3272 2648 3565 2718 interroga,
3585 2647 3815 2714 semina,
3839 2646 3985 2718 plan-

2377 2753 2478 2809 tas,
2512 2752 2687 2797 mutos
2729 2743 2921 2813 pisces,
2970 2756 3121 2808 saxa,
3160 2748 3392 2807 montes,
3435 2739 3627 2806 saltus,
3658 2739 3851 2802 colles,
3875 2754 3980 2791 uo-

2374 2846 2535 2899 ctem,
2568 2835 2731 2891 diem.
2762 2835 3035 2906 Siquidem
3073 2834 3188 2889 sole
3210 2848 3274 2889 ac
3299 2832 3462 2888 radiis
3490 2832 3607 2902 ejus
3648 2831 3851 2888 clarior
3892 2841 3981 2887 est

2374 2928 2469 2984 Dei
2499 2928 2921 2999 providentia,et
2948 2926 3139 2998 quovis
3168 2934 3428 2997 tempore,
3468 2924 3658 2996 quovis
3684 2923 3737 2979 in
3765 2924 3980 2989 loco,in

2370 3022 2678 3087 desertis,in
2695 3020 2999 3093 regionibus
3019 3019 3174 3075 cultis
3186 3027 3239 3074 et
3251 3016 3485 3083 incultis,
3500 3017 3553 3073 in
3572 3016 3802 3083 terra,in
3817 3019 3980 3084 mari,

2370 3125 2427 3171 et
2444 3129 2779 3186 quocumque
2807 3122 2859 3169 te
2878 3111 3190 3179 contuleris,
3213 3108 3492 3166 manifesta
3513 3116 3569 3165 et
3597 3107 3784 3164 idonea
3812 3147 3828 3173 ,
3857 3122 3985 3163 cum

2373 3216 2553 3262 vetera
2578 3216 2689 3260 tum
2717 3220 2852 3260 nova
2882 3201 3229 3274 providentiae
3258 3202 3411 3258 istius
3452 3210 3796 3256 monumenta
3841 3214 3984 3255 con-

2373 3299 2588 3371 spicies,
2612 3312 2875 3369 vocesque
2905 3296 3137 3367 undique
3167 3296 3358 3351 missas
3384 3297 3484 3350 hac
3504 3282 3688 3350 nostra
3725 3293 3986 3349 rationali

2374 3407 2507 3449 voce
2531 3392 2805 3461 clariores,
2840 3405 2871 3446 a
2899 3390 3090 3462 quibus
3119 3388 3187 3445 de
3216 3388 3317 3445 hac
3347 3389 3462 3459 ejus
3499 3403 3624 3444 cura
3650 3386 3975 3456 instruetur,

2376 3484 2465 3555 qui
2491 3498 2650 3539 aures
2678 3481 2906 3538 voluerit
2942 3480 3249 3537 admovere.
3293 3478 3499 3536 Idcirco
3536 3478 3797 3551 propheta
3841 3494 3985 3550 quo.

2376 3590 2479 3645 que
2526 3589 2714 3630 vocum
2758 3574 2978 3629 istarum
3024 3572 3386 3642 praestantiam
3434 3572 3618 3627 volens
3662 3570 3980 3635 ostendere,

2377 3669 2587 3725 dicebat
2618 3687 2632 3724 :
2662 3666 2785 3721 Non
2829 3675 2950 3721 sunt
2994 3666 3224 3737 loquela,
3256 3680 3416 3737 neque
3459 3680 3735 3731 sermones,
3762 3681 3987 3736 quorum

2379 3777 2478 3815 non
2499 3760 2774 3813 audiantur
2816 3774 2958 3813 noces
3000 3756 3365 3829 eorumU’saI.
3401 3757 3582 3828 18.1).
3613 3756 3745 3813 Nam
3797 3766 3983 3815 nostra

2381 3854 2595 3925 quidem
2623 3863 2748 3908 nota
2776 3862 2857 3908 est
2883 3852 2988 3909 illis
3035 3860 3261 3915 tantum,
3294 3852 3382 3921 qui
3426 3851 3666 3920 ejusdem
3703 3859 3831 3907 sunt
3871 3850 3985 3906 lino

2381 3961 2499 4016 gnte
2531 3964 2542 3999 :
2575 3960 2680 4000 non
2727 3946 2853 4000 item
2900 3944 3003 3999 illis
3049 3945 3139 4015 qui
3185 3943 3411 4000 diversa:
3446 3962 3459 3999 ε
3492 3952 3547 3998 at
3574 3943 3661 3999 illa
3705 3959 3813 3998 vox
3860 3959 3986 4014 qn:e

2385 4038 2613 4093 mittitur
2639 4052 2668 4091 a
2698 4036 2982 4102 creaturis,
3012 4035 3081 4091 ab
3102 4034 3372 4101 omnibus,
3408 4051 3529 4105 quze
3577 4043 3749 4090 totum
3794 4036 3986 4092 orbem

2387 4140 2649 4187 terrarum
2674 4129 2931 4194 incolunt,
2954 4128 3259 4185 nationibus
3288 4137 3462 4199 potest
3486 4127 3678 4182 audiri.

2454 4222 2582 4278 Car.
2615 4221 2703 4277 Vl.
2738 4221 2816 4276 De
2839 4222 3047 4276 caritate
3063 4220 3160 4276 Dei
3173 4236 3288 4293 quia
3316 4222 3577 4276 caritatem
3605 4237 3807 4276 omnem
3835 4222 3990 4296 longe

2382 4316 2606 4380 excedit;
2627 4316 2911 4383 exentplum
2948 4313 3160 4381 affertur
3181 4330 3245 4369 ea:
3274 4314 3484 4369 historia
3507 4312 3659 4369 Iona:
3683 4314 3981 4371 deductum.

2383 4409 2629 4477 -—Atque
2657 4406 2794 4475 apud
2815 4405 3013 4477 probos
3033 4405 3244 4477 quidem
3273 4421 3335 4462 ac
3357 4405 3649 4472 modestos,
3670 4416 3802 4464 ante
3818 4409 3987 4464 ullam

2384 4514 2449 4555 ex
2480 4497 2727 4569 operibus
2773 4496 3305 4561 demonstrationem,
3338 4498 3451 4568 ipsa
3489 4498 3603 4553 sola
3646 4497 3742 4558 Dei
3781 4498 3988 4555 sufficit

2386 4590 2693 4656 affirmatio,
2723 4604 2827 4644 non
2866 4588 2933 4644 ad
2980 4588 3366 4660 providentiam
3408 4598 3634 4654 tantum,
3679 4589 3775 4645 sed
3817 4600 3874 4646 et
3918 4592 3987 4646 ad

2387 4696 2625 4737 amorem
2653 4682 2811 4735 etiam
2834 4680 2972 4735 illius
3001 4695 3125 4750 erga
3154 4694 3254 4735 nos
3282 4679 3533 4736 eximium
3562 4680 3983 4739 ostendendum.

2388 4772 2504 4829 Non
2556 4772 2697 4827 enim
2744 4772 2931 4842 quovis
2967 4769 3127 4827 modo
3165 4770 3407 4840 providet
3449 4770 3622 4837 nobis,
3667 4771 3765 4827 sed
3813 4772 3885 4827 ita
3932 4785 3990 4829 ut

2388 4872 2532 4919 amet
2574 4862 2751 4930 simul,
2775 4873 2829 4918 et
2876 4860 3181 4918 vehementi
3226 4876 3326 4917 nos
3350 4870 3406 4918 et
3434 4861 3699 4918 immenso
3746 4862 3986 4934 quodam

2390 4970 2573 5011 amore
2621 4963 2990 5025 prosequatur,
3038 4953 3106 5009 ab
3148 4954 3292 5010 omni
3333 4953 3548 5026 quidem
3598 4955 3848 5026 passione
3885 4958 3987 5012 im-

2394 5047 2560 5112 muni,
2606 5046 2698 5102 sed
2743 5046 3119 5107 ardentissimo
3146 5055 3200 5100 et
3231 5045 3609 5115 intentissimo.
3637 5046 3875 5113 sincero,
3908 5050 3989 5105 in-

2391 5139 2708 5207 dissolubili,
2736 5147 2792 5196 et
2816 5140 2904 5210 qui
2948 5154 3238 5209 numquam
3288 5139 3455 5210 possit
3492 5139 3784 5211 exstingui.
3812 5142 3990 5213 Atque

2394 5230 2495 5285 hoc
2538 5230 2691 5286 nobis
2738 5244 2859 5286 cum
2916 5230 3075 5287 vellet
3122 5230 3393 5285 insinuare
3442 5230 3720 5302 Scriptura
3763 5232 3978 5297 divina,

2394 5323 2594 5395 profert
2619 5322 2831 5394 quidem
2860 5321 3235 5377 similitudines
3266 5320 3453 5376 ductas
3472 5337 3499 5376 a
3524 5321 3687 5377 rebus
3712 5322 3989 5390 humanis,

2395 5416 2594 5489 profert
2611 5425 2665 5472 et
2690 5416 2906 5482 amoris,
2938 5413 3303 5485 providentius,
3321 5429 3570 5484 cumque
3596 5416 3843 5485 exempla
3862 5424 3988 5486 per-

2396 5508 2576 5564 multa.
2605 5507 2719 5563 Non
2744 5518 2920 5562 tamen
2951 5506 3002 5560 in
3029 5505 3113 5560 his
3142 5514 3345 5560 tantum
3376 5505 3489 5560 vult
3531 5518 3629 5560 nos
3662 5506 3987 5573 subsistere,

2395 5601 2487 5658 sed
2528 5601 2687 5657 etiam
2715 5599 2955 5669 exempla
2983 5608 3163 5654 mente
3192 5598 3593 5655 transcendere.
3626 5598 3814 5672 Neque
3841 5602 3990 5657 enim

2396 5704 2663 5763 tamquam
2694 5689 3009 5747 sufficientia
3038 5688 3107 5745 ad
3132 5690 3247 5759 ejus
3270 5689 3703 5747 benevolentiam
3740 5692 3988 5747 indican-

2394 5783 2519 5839 dam
2562 5783 2657 5838 ista
2708 5780 2957 5852 protulit,
2997 5780 3090 5836 sed
3145 5789 3414 5849 tamquam
3456 5780 3792 5839 auditoribus
3840 5792 3987 5847 nota,

2398 5887 2619 5947 qumque
2644 5873 2813 5945 magis
2842 5887 2999 5945 quam
3030 5871 3133 5929 alia
3168 5872 3369 5944 qumvis
3397 5870 3497 5928 hoc
3542 5882 3764 5945 possent
3802 5885 3987 5930 οειω..
