4142 6520
674 472 764 528 091
1393 464 1448 519 S.
1503 463 1777 521 JOANNIS
1813 456 2281 519 CHRYSOSTOMI
2322 460 2633 519 ARCBIEP.
2674 462 3200 521 CONSTANTINOP.

667 587 819 651 dixit,
838 581 917 638 Tu
937 582 1134 645 quidem
1152 578 1411 651 pepercisti
1426 595 1575 651 super
1588 578 1863 641 cucurbita,
1878 585 1928 632 et
1945 575 2196 632 conticuit
2219 591 2233 632 :

669 676 765 731 sed
804 674 1045 745 adjunslt
1072 690 1085 725 :
1117 671 1222 726 Pro
1249 687 1350 742 qua
1385 687 1485 725 non
1529 666 1785 731 laboraui,
1831 682 1986 736 nequ
2018 663 2238 718 nutriisti

668 782 800 822 eam.
832 765 964 820 Nam
1003 763 1254 834 quoniam
1294 777 1386 817 eas
1426 761 1756 832 potissimum
1802 758 2013 828 plantas
2059 766 2239 810 amant

674 856 951 927 agricolae,
981 854 1035 908 in
1062 869 1194 924 quas
1222 853 1506 924 plurimum
1538 850 1733 906 laboris
1762 848 2150 917 impenderim,
2182 857 2239 900 ut

672 948 775 1001 hoc
801 959 1015 1017 quoque
1042 958 1102 1001 se
1128 958 1327 1013 genere
1356 941 1555 997 amoris
1581 939 1861 1009 complecti
1891 937 2134 992 homines
2162 938 2241 988 in-

671 1037 899 1103 dicaret,
931 1035 1034 1091 hoc
1075 1032 1315 1089 addidit:
1342 1030 1400 1087 Si
1438 1032 1581 1086 enim
1623 1039 1679 1083 tu
1722 1029 1953 1083 alienum
1993 1041 2130 1097 opus
2171 1024 2237 1077 ita

671 1126 936 1192 defendis,
971 1124 1157 1195 inquit,
1189 1123 1356 1178 multo
1380 1121 1545 1191 magis
1565 1135 1664 1191 ego
1687 1120 1981 1191 proprium,
2012 1126 2066 1172 et
2090 1118 2240 1185 cujus

670 1233 792 1272 sum
814 1214 1077 1271 conditor.
1110 1213 1311 1268 Deinde
1336 1212 1543 1283 mitigat
1567 1211 1961 1266 accusationem
1988 1208 2197 1263 illorum
2221 1247 2237 1269 ,

671 1324 792 1363 cum
831 1307 945 1361 ait:
988 1306 1091 1372 Qui
1130 1321 1233 1359 non
1279 1314 1524 1359 noverunt
1567 1303 1823 1357 dexteram
1860 1310 1949 1355 aut
1986 1301 2241 1355 sinistram

668 1416 836 1466 suam,
863 1405 922 1453 ut
945 1396 1283 1467 simplicitate
1326 1397 1504 1466 potius
1531 1409 1689 1465 quam
1729 1392 1929 1448 malitia
1952 1392 2082 1446 illos
2103 1390 2239 1444 deli-

668 1492 853 1562 quisse
878 1488 1135 1561 declaret,
1167 1487 1219 1542 id
1242 1486 1385 1559 quod
1414 1495 1471 1543 et
1494 1487 1817 1559 poenitentia:
1844 1484 1964 1539 linis
1986 1482 2237 1539 osteMit.

671 1581 960 1637 Enimvero
986 1594 1108 1634 cum
1133 1579 1268 1633 alios
1295 1592 1508 1648 quoque
1537 1575 1910 1647 reprehendit,
1943 1574 2033 1646 qui
2058 1588 2240 1643 geme-

673 1671 822 1736 bant,
844 1678 1029 1741 utpote
1055 1668 1294 1724 derelicti
1316 1710 1332 1735 ,
1365 1668 1449 1721 bis
1473 1681 1569 1723 eos
1604 1666 1781 1721 verbis
1810 1664 2000 1719 atl'atur
2026 1680 2043 1722 ;
2076 1660 2244 1717 luter-

669 1770 845 1833 rogate
867 1776 947 1815 me
969 1759 1032 1815 de
1051 1760 1173 1829 ﬁliis
1186 1741 1328 1825 meis,
1355 1769 1402 1813 et
1421 1758 1485 1813 de
1502 1756 1732 1827 operibus
1756 1770 1995 1809 manuum
2022 1769 2244 1808 mearent

672 1852 909 1907 nrandate
930 1852 1055 1906 mihi
1084 1847 1235 1923 (Isai.
1278 1850 1479 1920 45.“).
1511 1848 1671 1916 Quasi
1697 1846 1904 1901 diceret
1934 1863 1947 1899 :
1990 1844 2125 1912 Quis
2149 1859 2242 1913 pa.

663 1956 806 1999 trem
831 1941 1103 2007 admonet,
1136 1942 1484 2009 hortaturque
1525 1948 1586 1993 ut
1615 1937 1706 1992 filii
1735 1938 1817 1991 sui
1842 1950 2023 1990 curam
2052 1933 2245 2005 gerat?

672 2046 765 2090 aut
800 2032 1061 2089 artiﬁcem
1103 2042 1159 2089 et
1191 2033 1434 2103 opiﬁcem
1456 2071 1471 2098 ,
1520 2046 1588 2085 ne
1615 2044 1770 2084 suum
1813 2041 1951 2097 epus
1979 2027 2115 2082 sinat
2165 2026 2244 2079 in-

675 2124 872 2180 terire?
898 2124 1044 2179 Itane
1090 2138 1218 2178 vero
1260 2123 1399 2176 inter
1434 2121 1677 2176 homines
1718 2117 1916 2174 suflicit
1962 2118 2111 2171 vobis
2150 2130 2243 2171 ua.

675 2227 808 2274 tunc
846 2216 932 2270 vel
964 2214 1095 2270 artis
1116 2213 1385 2279 conditio,
1432 2220 1491 2267 ut
1528 2212 1597 2267 de
1635 2210 1992 2265 sollicitudine
2030 2209 2246 2263 minime

678 2310 949 2365 dubitetur
980 2326 996 2363 :
1024 2308 1152 2362 mihi
1184 2320 1311 2361 vero
1338 2305 1535 2376 putatis
1563 2304 1835 2358 hortatore
1860 2316 1995 2373 opus
2014 2315 2154 2365 esse,
2188 2308 2243 2353 ut

678 2402 874 2457 liberos
898 2413 1046 2454 meos
1080 2398 1165 2453 vel
1194 2412 1355 2467 opera
1382 2406 1534 2451 tuear
1571 2405 1623 2451 et
1656 2392 1971 2449 defendam?
1998 2390 2123 2447 Haec
2138 2406 2245 2445 au-

674 2502 781 2546 tem
804 2488 1049 2554 dicebat,
1080 2504 1182 2541 non
1224 2496 1277 2540 ut
1320 2487 1492 2556 ipsum
1527 2499 1633 2540 non
1678 2485 2034 2547 hortarentur,
2071 2483 2165 2537 sed
2190 2490 2248 2536 ut

673 2582 811 2637 scire
850 2588 1067 2651 possent
1112 2578 1278 2633 Deum
1312 2576 1472 2632 etiam
1517 2584 1641 2631 ante
1664 2574 2083 2630 cohortatiouem
2125 2586 2248 2626 sitas

675 2679 854 2742 partes
897 2683 1077 2741 agere,
1103 2667 1239 2723 velle
1269 2677 1445 2721 tamen
1472 2674 1531 2721 ut
1565 2666 1653 2720 alii
1690 2678 1750 2720 se
1784 2662 2162 2727 cohortentur,
2194 2672 2249 2717 et

675 2766 883 2833 rogent,
910 2756 1053 2830 quod
1082 2756 1217 2813 sciat
1245 2755 1315 2812 ad
1349 2755 1651 2811 hortatores
1679 2768 1921 2824 magnam
1949 2752 2069 2807 inde
2098 2752 2244 2806 utili-

675 2862 838 2908 tatem
865 2851 1156 2907 dimanare.
1181 2848 1345 2904 Vides
1369 2858 1425 2903 ut
1454 2846 1881 2902 manifestissime
1908 2859 1973 2900 ac
2001 2843 2113 2899 sole
2140 2844 2249 2899 cla-

674 2946 786 2999 rius
807 2956 902 3012 per
924 2940 1039 2997 hac
1066 2940 1309 3010 exempla
1335 2937 1617 2995 ineﬂabilis
1635 2936 1753 3007 ejus
1783 2934 2130 3006 providentiae
2149 2934 2248 2988 de-

674 3035 990 3091 monstratio
1034 3031 1337 3089 elncescat’
1390 3030 1665 3100 Perpende
1711 3037 1908 3084 autem.
1936 3027 2146 3083 Patrem
2196 3028 2246 3081 in

678 3127 911 3182 medium
957 3124 1193 3195 protulit,
1232 3131 1478 3187 matrem,
1521 3136 1795 3191 sponsum,
1851 3134 2135 3190 sponsam,
2165 3121 2249 3174 di-

674 3219 922 3275 stantiam
969 3217 1087 3272 cadi
1114 3226 1169 3271 et
1212 3224 1389 3281 terra,
1435 3213 1772 3269 intervallum
1807 3213 1946 3283 quod
1985 3222 2069 3269 est
2110 3213 2250 3267 inter

671 3321 846 3375 ortum
875 3320 930 3366 et
962 3324 1243 3376 occasum,
1274 3307 1585 3378 agricolam,
1615 3315 1669 3365 et
1715 3296 1921 3362 olerum
1951 3306 2211 3362 cultorem
2232 3348 2246 3367 ,

673 3406 1045 3464 architectum,
1079 3402 1396 3473 genitorem,
1422 3399 1795 3456 vehementem
1816 3408 2128 3462 amatorem,
2158 3400 2248 3468 qui

676 3494 935 3560 turbetur,
969 3495 1014 3550 si
1040 3494 1125 3549 vel
1150 3494 1310 3550 etiam
1336 3491 1500 3549 verbo
1529 3503 1681 3546 tenus
1707 3505 1852 3556 eum,
1880 3505 2038 3561 quem
2069 3501 2208 3544 amat
2230 3532 2243 3546 .

673 3587 954 3642 offenderit
982 3602 998 3646 ς
1025 3592 1081 3639 et
1116 3598 1312 3639 omnes
1331 3582 1450 3638 illos
1478 3590 1681 3636 tantum
1709 3594 1957 3650 superare
1990 3580 2081 3635 Dei
2111 3580 2252 3633 boui-

677 3686 839 3734 tatem
866 3677 1099 3732 ostendit
1140 3674 1221 3729 his
1245 3674 1491 3730 omnibus
1509 3713 1525 3740 ,
1554 3680 1807 3743 quantum
1848 3670 2097 3726 malitiam
2125 3686 2248 3740 pro-

676 3772 813 3826 bitas
845 3770 1025 3823 vincit.

750 3861 881 3915 Car.
921 3858 1033 3914 VII.
1076 3856 1447 3912 Demonstratio
1476 3857 1659 3911 divina
1682 3854 2005 3925 providentia
2023 3868 2085 3907 ea:
2107 3869 2249 3906 crea-

676 3951 819 4005 turis.
859 3977 929 3993 -ο
965 3947 1042 4003 Ac
1066 3948 1244 4018 probis
1268 3946 1480 4017 quidem
1502 3956 1556 4001 et
1578 3945 1831 4001 modestis
1853 3984 1869 4008 ,
1893 3955 1949 3999 ut
1978 3943 2088 3998 dixi
2110 3984 2123 4007 ,
2153 3946 2252 3998 ista

680 4041 948 4097 suilicinnt
978 4056 993 4092 :
1022 4038 1119 4093 sed
1160 4038 1409 4106 quoniam
1449 4036 1691 4091 nonnulli
1732 4042 1856 4089 sunt
1889 4034 2032 4097 lutei,
2063 4043 2252 4088 contu-

678 4146 877 4195 maces,
927 4127 1237 4191 refractarii,
1284 4126 1429 4181 carni
1478 4126 1691 4187 addicti,
1743 4140 1841 4193 age
1888 4125 1970 4180 vel
2019 4140 2081 4179 ex
2129 4125 2255 4193 ipsis

681 4220 930 4291 operibus
950 4258 964 4281 ,
992 4228 1245 4287 quantum
1277 4218 1327 4271 in
1358 4216 1510 4272 nobis
1536 4218 1696 4271 situm
1724 4216 1910 4277 fuerit,
1938 4217 2054 4284 ejus
2073 4216 2253 4285 provi-

685 4310 917 4365 dentiam
973 4307 1420 4361 demonstremus.
1461 4305 1591 4360 Nam
1633 4314 1795 4359 totam
1838 4304 2048 4373 quidem
2090 4305 2251 4369 illam,

681 4402 791 4456 imo
819 4415 901 4459 ne
928 4398 1199 4452 minimam
1226 4396 1437 4467 quidem
1464 4397 1581 4464 ejus
1610 4404 1812 4464 partem
1844 4395 2071 4464 aliquam
2100 4392 2255 4449 facile

684 4491 840 4545 fuerit
867 4488 1191 4559 expressisse
1236 4503 1248 4540 :
1278 4488 1414 4541 adeo
1443 4487 1701 4540 immensa
1727 4495 1808 4539 est
1835 4494 1887 4539 et
1934 4485 2134 4539 inﬁnita
2156 4526 2169 4548 ,
2202 4493 2255 4539 et

684 4593 794 4637 tum
820 4597 882 4636 es
908 4581 1098 4649 parvis,
1124 4589 1235 4633 tum
1264 4595 1328 4634 ex
1360 4580 1561 4649 magnis
1587 4579 1745 4631 rebus
1774 4580 1975 4639 elucet,
2006 4582 2114 4632 sive
2138 4596 2255 4647 qua!

684 4673 787 4730 sub
806 4671 988 4727 oculos
1014 4671 1243 4733 cadunt,
1272 4672 1385 4724 sive
1411 4683 1530 4739 quas
1558 4668 1773 4722 minime
1801 4678 2106 4722 cernuntur.
2152 4668 2253 4723 Ve-

685 4774 979 4819 rumtamen
1000 4777 1063 4815 ex
1094 4762 1156 4813 iis
1178 4776 1298 4829 qua:
1326 4760 1425 4814 sub
1451 4759 1631 4813 oculos
1650 4758 1864 4819 cadunt,
1894 4760 2254 4825 probationem

684 4856 1039 4911 instituamus.
1103 4850 1251 4906 lianc
1292 4850 1433 4903 enim
1486 4848 1782 4902 mirabilem
1833 4850 2256 4917 concinnamque

684 4951 984 5002 creaturam
1009 4950 1222 5011 propter
1240 4940 1398 4993 alium
1417 4938 1623 4993 nullum
1645 4938 1899 4999 condidit,
1925 4938 2025 4991 nisi
2047 4950 2257 5007 propter

690 5051 772 5103 te;
795 5052 856 5092 ac
886 5046 993 5089 tam
1022 5034 1292 5105 pulchram
1311 5042 1365 5088 et
1394 5046 1660 5102 magnam,
1694 5038 1799 5082 tam
1824 5034 2019 5083 variam
2044 5041 2098 5083 et
2139 5045 2258 5098 pre-

688 5131 895 5193 tiosam,
922 5137 987 5181 ac
1012 5139 1320 5195 perennem,
1358 5122 1539 5178 utilem
1569 5164 1584 5187 ,
1626 5130 1680 5174 et
1706 5120 1851 5174 omni
1883 5135 1944 5173 ex
1977 5132 2122 5189 parte
2156 5120 2259 5175 fru-

695 5229 950 5282 ctuosam,
974 5226 1028 5271 et
1057 5216 1123 5270 ad
1144 5216 1384 5284 corporis
1400 5213 1844 5269 sustentationem
1867 5221 1921 5265 et
1946 5212 2261 5266 corrobora-

688 5310 908 5371 tionem,
939 5314 994 5360 et
1022 5305 1089 5359 ad
1118 5305 1303 5357 animo:
1331 5303 1753 5368 instructionem,
1782 5311 1835 5355 et
1856 5313 2029 5368 aptam
2043 5301 2108 5355 ad
2122 5303 2257 5355 viam

687 5396 1026 5454 sternendam
1081 5395 1146 5447 ad
1197 5394 1547 5462 cognitionem
1606 5394 1717 5459 Dei,
1765 5402 1851 5445 tua
1905 5394 2059 5446 unius
2104 5408 2259 5446 causa

689 5492 905 5546 creavit.
946 5487 1126 5556 Neque
1156 5488 1293 5540 enim
1327 5486 1495 5554 angeli
1527 5486 1826 5555 indigebant
1856 5486 1973 5538 illa:
1999 5487 2262 5552 quomodo

694 5582 835 5636 enim
890 5580 1214 5646 indigerent,
1258 5578 1345 5645 qui
1385 5578 1682 5645 priusquam
1732 5579 1958 5629 oriretur
1998 5578 2259 5645 ipso,jam

695 5671 887 5729 erant?
920 5670 1043 5723 lllos
1068 5672 1206 5738 enim
1256 5672 1351 5721 ista
1394 5669 1561 5722 multo
1603 5670 1923 5735 antiquiores
1971 5684 2109 5733 esse,
2143 5672 2259 5721 andi

696 5779 797 5833 quo
826 5770 977 5830 pacto
1007 5761 1176 5814 verbis
1199 5761 1298 5812 illis
1324 5760 1571 5813 ostendat
1600 5760 1753 5819 Deus,
1775 5761 1965 5827 quibus
1990 5762 2053 5811 ita
2074 5760 2259 5814 Jobum

692 5852 972 5922 alloquitur
1026 5870 1041 5903 :
1102 5848 1314 5914 Quando
1367 5850 1501 5903 facta
1536 5860 1649 5902 sunt
1695 5850 1893 5917 sidera,
1940 5850 2264 5904 laudauerunt

3812 463 3924 522 ιω

2346 595 2425 632 me
2459 595 2627 634 omnes
2650 580 2814 651 angeli
2843 580 2957 644 mei,
2998 588 3045 633 et
3082 594 3199 632 voce
3240 594 3423 648 magna
3464 576 3745 632 cecinerunt
3796 579 3925 648 (Job

2339 668 2430 725 38.
2450 669 2516 740 Ἴ)
2550 689 2563 724 :
2593 670 2692 724 hoc
2718 680 2799 726 est
2818 670 3164 739 obstupefacti
3183 670 3538 733 multitudine,
3568 671 3923 739 pulchritudi—

2342 776 2430 825 ne,
2482 763 2605 823 situ,
2638 762 2885 827 utilitate,
2925 762 3199 825 varietate,
3235 760 3562 823 amoenitate,
3608 761 3921 830 splendore,

2341 848 2721 918 concinnitate,
2753 850 2962 905 ceteris
2987 850 3253 914 omnibus,
3284 863 3401 919 qute
3441 850 3596 919 longe
3624 850 3813 903 melius
3849 852 3923 902 illi

2341 958 2499 1012 quam
2527 956 2623 997 nos
2664 942 3009 1014 perspiciunt.
3053 941 3236 1010 Neque
3270 957 3397 995 vero
3425 940 3687 996 sideribus
3716 949 3925 994 tantum

2342 1035 2635 1098 exornavit,
2665 1036 2758 1089 sed
2779 1043 2832 1090 et
2855 1035 2967 1088 sole
2993 1043 3047 1088 et
3067 1034 3187 1088 luna
3213 1032 3503 1094 decoravit,
3529 1041 3753 1100 utroque
3784 1040 3925 1084 tem-

2344 1140 2471 1194 pore
2496 1125 2713 1178 multam
2758 1122 2851 1179 tibi
2898 1124 3245 1193 voluptatem,
3302 1123 3523 1177 multam
3572 1138 3638 1176 es
3693 1132 3926 1191 utroque

2342 1215 2682 1284 suppeditans
2711 1216 3012 1271 utilitatem.

2418 1304 2621 1362 Utilitas
2652 1307 2873 1361 siderum
2893 1322 3006 1376 qua
3027 1307 3091 1360 de
3125 1306 3247 1360 celo
3276 1322 3367 1360 nos
3393 1313 3589 1375 regunt.
3616 1303 3785 1358 Solem
3815 1306 3925 1356 uti-

2346 1394 2630 1465 litatemque
2664 1398 2772 1466 ejus
2818 1396 3171 1461 contuendat;
3206 1395 3386 1448 deinde
3434 1394 3747 1464 singularum
3796 1408 3926 1463 pcr-

2346 1486 2469 1539 tium
2538 1496 2736 1539 natura
2798 1485 3065 1540 utilitatem
3109 1486 3384 1556 generatim
3430 1485 3624 1539 laudat.
3662 1513 3736 1526 —
3782 1482 3926 1552 Quid

2344 1577 2477 1631 caelo
2502 1576 2791 1646 pulchrius,
2815 1576 2953 1647 quod
2972 1589 3113 1630 nunc
3131 1591 3161 1629 a
3180 1575 3294 1630 sole
3316 1574 3545 1645 lunaque
3564 1574 3925 1639 collustratur,

2346 1681 2489 1721 nunc
2531 1667 2693 1721 veluti
2733 1665 3046 1736 quibusdam
3074 1666 3350 1720 oculorum
3381 1665 3631 1735 jactibus,
3663 1665 3930 1721 immenso

2346 1758 2577 1813 siderum
2598 1758 2841 1814 examine
2869 1768 3065 1814 terram
3096 1758 3377 1821 illuminat,
3399 1767 3451 1813 et
3477 1758 3649 1813 nautis
3667 1771 3730 1814 ac
3757 1757 3929 1813 viator-

2348 1852 2493 1905 ribus
2536 1852 2737 1907 indices
2777 1851 2877 1907 vite
2913 1850 3175 1921 quosdam
3215 1850 3484 1920 ducesque
3521 1848 3931 1904 subministrat?

2346 1941 2443 2008 Qui
2466 1942 2608 2021 enim
2642 1944 2863 2013 pelagus
2883 1941 3074 2007 sulcat,
3095 1951 3151 1997 et
3172 1940 3238 1996 ad
3270 1941 3477 1996 clavum
3503 1940 3676 2006 sedet,
3703 1941 3933 1996 incursi-

2348 2035 2446 2091 bus
2466 2034 2715 2090 fluctuum
2732 2075 2749 2099 ,
2771 2044 2828 2089 et
2855 2035 3184 2090 turbaurum
3224 2033 3483 2089 undarum
3535 2032 3839 2096 insultibus,
3865 2047 3931 2087 ac

2346 2125 2580 2180 violento
2604 2134 2883 2179 ventorum
2910 2123 3134 2190 afﬂatui,
3168 2124 3442 2193 noctisque
3473 2122 3651 2178 illunis
3693 2122 3933 2178 tenebris

2346 2216 2580 2285 seipsum
2607 2216 2855 2285 exponit,
2884 2215 3019 2271 adeo
3045 2214 3189 2271 illius
3229 2214 3471 2285 regimini
3497 2213 3719 2269 conﬁdit
3741 2223 3797 2268 et
3826 2211 3932 2267 du-

2346 2306 2454 2360 ctui
2486 2324 2498 2359 :
2524 2314 2581 2360 et
2602 2306 2742 2376 quod
2770 2305 2821 2360 in
2846 2305 3056 2361 sublimi
3087 2304 3247 2359 situm
3271 2311 3354 2360 est
3371 2312 3596 2369 astrum,
3615 2303 3764 2358 illum
3782 2312 3935 2357 tanto

2347 2395 2591 2451 dissitum
2615 2396 2919 2460 intervallo,
2948 2395 3099 2465 quasi
3122 2394 3353 2451 vicinum
3385 2395 3452 2450 sit
3474 2402 3528 2449 et
3551 2394 3932 2464 propinquum,

2351 2488 2422 2543 ita
2448 2502 2633 2544 secure
2661 2486 2901 2554 deducit,
2931 2496 2985 2544 et
3010 2486 3078 2543 ad
3106 2495 3316 2557 portum
3343 2485 3598 2557 appellit,
3629 2500 3729 2541 nec
3753 2495 3937 2540 tamen

2349 2580 2513 2633 ullam
2542 2593 2728 2634 vocem
2783 2579 2962 2643 mittit,
3012 2579 3107 2634 sed
3156 2586 3442 2649 conspectu
3494 2593 3594 2633 suo
3635 2577 3775 2631 viam
3824 2576 3938 2632 illis

2350 2678 2631 2735 monstrat,
2657 2679 2712 2724 et
2732 2669 2835 2724 illis
2860 2669 3064 2735 tribuit,
3091 2677 3149 2723 ut
3177 2669 3341 2724 maria
3374 2678 3489 2723 tuto
3511 2668 3716 2738 possint
3737 2669 3935 2723 emeti-

2351 2760 2417 2821 ri,
2449 2760 2574 2813 dum
2602 2760 2705 2815 illis
2730 2768 2968 2828 tempora
3002 2758 3245 2828 designat
3268 2800 3281 2819 .
3311 2758 3389 2813 sic
3430 2766 3491 2813 ut
3542 2772 3681 2812 nunc.
3716 2755 3937 2826 quidem

2353 2850 2486 2902 intra
2521 2860 2727 2919 portum
2759 2849 3035 2905 retinenda
3063 2850 3133 2903 sit
3158 2849 3339 2913 navis,
3378 2863 3518 2902 nunc
3554 2856 3732 2903 autem
3761 2847 3815 2902 in
3840 2862 3938 2917 pe-

2352 2940 2498 3011 lagus
2518 2941 2850 2997 conﬁdenter
2869 2939 3164 3003 educenda,
3185 2950 3239 2993 et
3268 2956 3373 2993 non
3398 2938 3695 3007 improvide
3716 2946 3938 3008 propter

2354 3033 2700 3102 ignorantiam
2746 3031 2909 3089 futuri
2965 3035 3016 3088 in
3067 3032 3209 3089 diem
3262 3033 3558 3087 incidentes
3602 3030 3887 3086 hiemalem
3917 3070 3937 3096 ,

2353 3123 2677 3195 naufragium
2705 3126 2990 3195 patiantur.
3031 3124 3212 3195 Neque
3229 3138 3356 3179 vero
3382 3133 3583 3178 tantum
3608 3126 3937 3193 integrorum

2352 3229 2611 3271 annorum
2632 3231 2909 3271 mensuras
2937 3227 2992 3271 et
3014 3224 3357 3285 tempestates
3385 3214 3474 3269 illa
3495 3215 3807 3286 designant,
3839 3216 3939 3272 sed

2352 3315 2407 3360 et
2431 3308 2689 3377 cujusque
2715 3308 2888 3363 noctis
2918 3307 3101 3361 horam
3133 3316 3187 3361 et
3210 3305 3621 3362 conversionem
3655 3305 3942 3377 diligenter

2353 3407 2771 3468 repraesentant,
2803 3408 2858 3454 et
2885 3399 3153 3464 emciunt,
3185 3408 3239 3452 ut
3278 3413 3341 3453 ex
3372 3397 3488 3467 ipso
3510 3406 3724 3467 aspectu
3756 3396 3938 3452 disca-

2354 3504 2495 3548 mus.
2542 3489 2754 3559 quando
2800 3489 2973 3557 major
3006 3489 3121 3559 ejus
3162 3502 3285 3557 pars
3335 3489 3673 3557 praterierit,
3722 3488 3942 3557 quando

2353 3580 2527 3633 minor
2543 3578 2714 3634 adhuc
2746 3588 2932 3645 restet,
2958 3588 3014 3634 et
3041 3590 3224 3635 contra
3245 3579 3607 3646 rursus,quod
3632 3594 3738 3635 non
3760 3579 3939 3635 solum

2357 3671 2553 3736 nautis,
2578 3671 2673 3726 sed
2700 3672 2859 3727 etiam
2889 3671 3178 3727 viatoribus
3204 3671 3541 3725 commodum
3566 3681 3666 3734 eat,
3685 3685 3751 3725 ne
3779 3685 3941 3727 nocte

2358 3763 2673 3831 intempesta
2728 3765 2864 3817 viam
2921 3763 3319 3834 ingrediantur,
3375 3778 3548 3834 neque
3598 3765 3940 3820 convenienti

2357 3861 2594 3919 tempore
2620 3852 2763 3908 domi
2795 3853 3084 3910 resideant.
3144 3854 3257 3910 Hoc
3282 3870 3387 3909 una
3414 3870 3535 3910 cum
3577 3856 3745 3910 stellis
3772 3855 3941 3911 etiam

2355 3958 2417 3997 ex
2453 3943 2588 3995 luna!
2614 3945 2861 3998 cursibus
2891 3954 3071 3998 notum
3115 3945 3400 4015 diligenter
3438 3944 3773 3999 observatur.
3802 3943 3943 4000 Natu

2358 4034 2800 4102 quemadmodum
2830 4037 2911 4091 sol
2936 4037 3175 4102 diurnas,
3208 4040 3274 4092 ita
3314 4038 3436 4091 luna
3468 4047 3752 4093 nocturnas
3778 4038 3945 4094 horas

2356 4126 2555 4197 dirigit,
2574 4128 2809 4199 aliasque
2839 4130 3033 4184 multas
3054 4132 3310 4184 utilitates
3330 4132 3484 4198 parit,
3508 4140 3562 4184 et
3577 4142 3781 4199 gratam
3796 4132 3944 4185 aeris

2360 4222 2690 4287 temperiem,
2718 4230 2770 4273 et
2791 4223 2926 4275 roris
2949 4224 3371 4291 generationem,
3408 4233 3457 4274 nt
3490 4222 3699 4286 irrigata
3730 4222 3943 4275 semina

2357 4312 2657 4375 germinent
2676 4353 2689 4371 ,
2722 4327 2781 4364 ac
2810 4314 2969 4365 multa
2997 4329 3062 4366 ex
3094 4328 3151 4366 se
3179 4312 3457 4367 commoda
3484 4311 3547 4365 ad
3588 4313 3949 4365 corroboran-

2356 4399 2482 4452 dum
2508 4416 2672 4469 genus
2695 4402 2979 4455 humanum
3008 4403 3328 4471 suppeditat,
3348 4404 3579 4472 dumque
3602 4402 3773 4458 media
3798 4403 3947 4459 inter

2358 4493 2625 4543 stelaruln
2677 4494 2917 4554 chorum,
2960 4507 3019 4545 et
3062 4495 3189 4547 solis
3230 4494 3567 4562 splendorem
3609 4494 3940 4563 interiacet:

2361 4579 2710 4648 [mequidem
2752 4583 2940 4644 minor,
2998 4583 3099 4636 illis
3144 4597 3271 4637 vero
3320 4583 3655 4650 praestantior
3708 4598 3822 4647 est,
3877 4606 3947 4640 ac

2361 4670 2523 4722 multo
2552 4671 2740 4737 major.
2782 4670 2960 4740 Neque
2986 4687 3115 4725 vero
3144 4672 3429 4725 mediocris
3472 4674 3707 4727 nascitur
3742 4690 3807 4729 ex
3852 4678 3946 4729 illa

2362 4761 2615 4813 varietate
2632 4763 3023 4829 spectatoribus
3052 4762 3300 4831 voluptas
3327 4776 3380 4817 et
3409 4764 3605 4819 utilitas
3630 4807 3645 4830 ,
3673 4775 3729 4818 ut
3762 4782 3947 4837 neque

2361 4854 2588 4921 vulgaris
2614 4855 2963 4909 commoditas
2992 4872 3054 4910 ex
3084 4856 3414 4924 temporibus
3434 4898 3447 4920 ,
3478 4866 3533 4910 et
3559 4869 3785 4927 quatuor
3812 4862 3946 4914 anni

2364 4946 2795 5012 tempestatibus,
2833 4962 2925 5001 seu
2952 4962 3278 5012 mensuram,
3308 4963 3403 5001 seu
3436 4946 3850 5014 magnitudinem
3880 4967 3949 5007 at:

2364 5036 2671 5090 brevitatem
2694 5081 2708 5103 ,
2750 5039 2861 5092 sive
2891 5039 3149 5093 infinitam
3187 5039 3549 5094 diversitatem
3592 5042 3947 5099 consideres:

2362 5128 2514 5179 aliam
2539 5130 2691 5189 enim
2710 5130 2968 5183 minorem
2991 5170 3007 5194 ,
3037 5131 3191 5183 aliam
3219 5129 3475 5197 majorem
3514 5144 3577 5185 ac
3617 5132 3953 5199 splendidio-

2363 5232 2475 5271 rem
2505 5228 2742 5287 spectare
2770 5222 2917 5286 licet,
2947 5229 3002 5275 et
3036 5220 3291 5290 quasdam
3323 5237 3386 5275 ex
3419 5222 3523 5275 illis
3545 5222 3769 5277 diversis
3804 5234 3919 5280 tem

2366 5306 2578 5374 poribus
2621 5323 2897 5377 apparere.
2938 5310 3151 5365 Summa
3203 5310 3449 5363 nimirum
3488 5325 3553 5363 ac
3591 5310 3954 5368 solertissinm

2369 5398 2456 5450 Dei
2487 5400 2742 5464 sapientia
2774 5400 2992 5453 multam
3032 5399 3223 5469 ubique
3250 5401 3558 5453 varietatem
3589 5398 3787 5466 efficit,
3825 5418 3954 5456 cun.

2369 5500 2422 5541 ut
2471 5491 2717 5558 potentia:
2761 5506 2871 5544 suae
2912 5492 3285 5545 miraculorum
3342 5492 3625 5551 efl‘ectricis
3668 5496 3953 5562 specimen

2367 5580 2507 5641 edat,
2548 5592 2654 5634 tum
2684 5594 2737 5635 ut
2765 5598 2940 5636 rerum
2965 5601 3083 5651 quae
3112 5592 3407 5638 cernuntur
3432 5586 3622 5645 oculis,
3646 5591 3952 5641 commodi-

2372 5674 2461 5723 tati
2513 5674 2808 5740 provideat,
2863 5692 2922 5728 ac
2970 5677 3184 5729 multam
3233 5678 3653 5745 immensamque
3710 5680 3953 5746 praebeat

2372 5764 2747 5825 utilitatemet
2792 5780 2911 5817 cum
2960 5767 3041 5818 Itis
3090 5762 3545 5820 omnibus'etiam
3600 5770 3949 5839 voluptatem.

2371 5853 2502 5915 Quid
2536 5855 2672 5907 enim
2700 5854 2830 5908 cado
2858 5856 3141 5923 jucundius
3161 5898 3175 5919 ,
3206 5857 3344 5927 quod
3396 5872 3535 5911 nunc
3562 5867 3815 5927 tanquam
3845 5859 3949 5914 lin-
