4192 6508
296 430 391 485 ιθι

294 550 388 602 καὶ
423 546 665 599 ἐνταῦθα
708 546 1027 618 ὑπερδαίνει
1071 548 1170 617 τὴν
1217 549 1423 603 εἰκόνα.
1475 549 1553 605 Οὐ
1599 551 1707 623 γὰρ
1747 550 1890 621 εἷπε,

291 635 375 690 Σὺ
392 634 515 704 μὲν
542 635 768 704 ἐφείσω
800 634 952 704 ὑπὲρ
986 631 1098 704 τῆς
1126 638 1525 705 κολοκύντης,
1573 641 1666 693 καὶ
1703 643 1892 715 ἐσίγηο

292 740 414 785 σεν,
469 722 590 775 ἀλλ’
625 722 943 793 ῐπήγαγεν·
989 722 1109 793 Ἐφ’
1148 717 1188 795 ᾖ
1238 728 1351 779 οὐκ
1401 726 1890 799 ἐκακοπάθησας,

291 809 434 863 οὐδὲ
451 810 787 879 ἐξέθρεψας
810 810 1027 880 αὐτήν.
1057 812 1277 885 Ἐπειδὴ
1307 813 1417 885 γὰρ
1440 816 1624 869 ἐκεῖνα
1653 817 1892 887 μάλιστα

294 897 513 966 φιλοῦσι
545 899 655 951 τῶν
681 898 866 967 φυτῶν
888 901 936 953 οί
975 901 1226 971 γηπόνοι,
1258 904 1387 974 περὶ
1420 903 1456 957 ἀ
1485 907 1652 960 πολὺν
1682 909 1893 963 ἐπεδείο

290 984 451 1048 ξαντο
482 985 664 1046 πόνον,
703 984 876 1051 δεῖξαι
903 985 1074 1040 θέλων
1100 989 1182 1041 ὅτι
1232 991 1325 1043 καὶ
1370 991 1513 1046 κατὰ
1544 994 1704 1048 τοῦτο
1747 997 1892 1065 φιλεῖ

284 1071 347 1125 τὸ
380 1067 523 1135 εἶδος
554 1072 647 1125 τοῦ
688 1074 915 1147 φίλτρου
960 1077 1089 1140 τοὺς
1127 1076 1480 1147 ἀνθρώπους,
1519 1080 1676 1135 τοῦτο
1715 1100 1888 1153 προσ-

285 1160 517 1231 έθηκενο
553 1160 615 1214 Εί
644 1162 753 1233 γάρ
782 1164 848 1216 σὺ
878 1162 974 1216 τοῦ
1001 1165 1288 1237 ἀλλοτρίου
1318 1167 1483 1239 ἔργου
1512 1170 1686 1235 οὕτως
1708 1174 1888 1227 ἀντεί-

285 1265 403 1319 χου,
437 1250 597 1318 φησὶ,
651 1250 836 1321 πολλῷ
882 1250 1085 1320 μᾶλλον
1128 1254 1239 1323 ἐγὼ
1267 1256 1369 1309 τοῦ
1421 1259 1648 1324 οίκείου,
1684 1262 1778 1314 καὶ
1823 1255 1885 1316 οὗ

284 1340 523 1406 ποιητής
551 1338 689 1407 είμι.
722 1332 855 1392 Εἶτα
883 1339 977 1392 καὶ
1018 1340 1387 1412 ὑποτέμνεταί
1420 1362 1474 1398 τι
1500 1346 1603 1417 τῆς
1642 1365 1885 1421 κατηγο-

287 1424 409 1495 ρίας
446 1424 630 1477 αὐτῶν
662 1425 860 1493 λέγων,
886 1427 968 1480 ὃτι
1001 1430 1125 1482 Οὐκ
1156 1428 1436 1497 ἔγνωσαν
1462 1432 1673 1498 δεξιὰν
1692 1437 1730 1505 ἣ
1756 1439 1884 1507 ἀρι-

280 1511 537 1580 στεράν-⁸
563 1513 795 1584 ἀφελείᾳ
824 1514 1025 1585 μᾶλλον
1051 1514 1084 1585 ἦ
1116 1517 1286 1588 κακίᾳ
1305 1530 1331 1558 ι
1356 1521 1885 1595 πεπλημμεληκέναι

280 1600 482 1662 αὑτοὺς
513 1601 961 1671 ἀποφηνάμενος,
993 1603 1022 1656 δ
1052 1605 1146 1657 καὶ
1179 1603 1346 1670 ἔδειξε
1374 1607 1438 1661 τὸ
1466 1608 1568 1679 τῆς
1595 1614 1884 1680 μετανοίας

277 1685 453 1749 τέλος.
483 1687 595 1740 Καὶ
629 1687 839 1757 ἑτέροις
868 1690 925 1742 δὲ
975 1691 1248 1762 ἐπιτιμῶν
1277 1693 1568 1767 θρηνοῦσιν
1595 1700 1670 1765 ὡς
1716 1702 1885 1769 ἐγκα-

275 1772 638 1859 ταλειφθεῖσι,
662 1775 838 1830 ταῦτα
863 1776 1010 1846 λέγει
1036 1778 1104 1832 τὰ
1133 1781 1356 1851 ῥήματα
1374 1799 1386 1812 ·
1417 1784 1784 1853 Ἐρωτήσατέ
1805 1806 1884 1859 με

277 1861 413 1930 περὶ
444 1858 567 1915 τῶν
593 1862 743 1919 υἱῶν
761 1882 904 1934 μου,
938 1866 1038 1919 καί
1069 1870 1202 1936 περὶ
1236 1868 1356 1922 τῶν
1385 1870 1576 1941 ἔργων
1614 1874 1733 1928 τῶν
1758 1858 1880 1946 χει·-

273 1948 529 2019 ρῶνμου
565 1950 921 2008 ἐντείλασθέ
942 1972 1066 2023 μοι.
1099 1958 1163 2009 ’0
1187 1956 1243 2010 δὲ
1274 1956 1421 2027 λέγει
1451 1961 1693 2016 τοιοῦτόν
1724 1965 1841 2019 ἐστι
1860 1984 1875 1998 ο

278 2035 373 2100 Τίς
402 2038 624 2110 πατέρα
643 2043 1076 2114 ἀναμιμνήσκει,
1101 2046 1195 2098 καὶ
1217 2048 1547 2118 παρακαλεῖ,
1575 2050 1716 2105 ὥστε
1749 2072 1882 2125 προ-

273 2124 469 2195 νοῆσαι
500 2127 728 2194 παιδός;
764 2130 797 2199 ἢ
827 2133 1081 2202 τεχνίτην
1108 2134 1203 2186 καὶ
1236 2134 1592 2205 δημιουργὸν,
1626 2139 1766 2194 ὥστε
1796 2124 1879 2215 μὴ

272 2214 497 2283 ἀφεῖναι
526 2216 808 2271 διαπεσεῖν
833 2219 895 2272 τὸ
924 2221 1120 2292 ἔργον;
1155 2217 1287 2277 Εἶτα
1318 2227 1407 2279 ἐπ’
1439 2226 1749 2297 ἀνθρώπων
1779 2214 1879 2302 μὲν

271 2303 535 2373 ἀρκεῖσθε
574 2308 642 2377 τῇ
686 2306 849 2375 φύσει
880 2309 973 2361 καὶ
1022 2313 1089 2381 τῇ
1128 2311 1294 2385 τέχνῃ
1334 2315 1415 2378 εἰς
1460 2316 1737 2383 ἀπόδειξιν
1776 2320 1878 2391 τῆς

272 2393 628 2465 κηδεμονίας,
660 2396 763 2465 ἐμὲ
800 2395 857 2449 δὲ
888 2395 1065 2453 οἴεσθε
1107 2398 1332 2472 χρῄζειν
1365 2403 1459 2457 τοῦ
1490 2409 1877 2475 παρακαλοῢνο

270 2479 362 2543 τός
405 2498 497 2551 με,
534 2481 625 2535 ἴνα
654 2482 763 2535 τῶν
808 2484 1017 2538 τέκνων
1056 2486 1164 2539 τῶν
1213 2488 1364 2557 ἐμῶν
1406 2494 1500 2544 καὶ
1542 2495 1651 2546 τῶν
1698 2496 1877 2568 ἔργων

267 2567 691 2640 ἀντιλήψωμαις
726 2571 914 2626 Ταῦτα
939 2572 995 2625 δὲ
1020 2574 1228 2642 ἔλεγεν,
1253 2578 1351 2648 οὑχ
1386 2579 1473 2633 ἵνα
1507 2582 1580 2653 μὴ
1616 2567 1873 2655 παρακα-

269 2653 457 2723 λῶσιν,
492 2658 609 2711 ἀλλ’
635 2659 724 2712 ἵνα
755 2659 955 2714 εἰδέναι
980 2661 1177 2732 ἔχωσιν
1207 2665 1289 2717 ὅτι
1319 2668 1414 2720 καὶ
1441 2669 1547 2739 πρὸ
1571 2671 1668 2742 τῆς
1696 2653 1873 2745 παρα-

268 2742 520 2817 κλήσεως
568 2748 598 2800 6
645 2746 779 2812 Θεὸς
816 2748 885 2801 τὰ
938 2750 1134 2803 ἑαυτοῦ
1178 2757 1340 2819 ποιεῖ,
1392 2755 1639 2825 βούλεται
1689 2742 1873 2816 δὲκαὶ

266 2834 731 2903 παρακαλεῖσθαι,
756 2837 943 2908 ἐπειδὴ
991 2839 1137 2908 μέγα
1170 2836 1279 2894 οἶδε
1309 2846 1424 2906 τοῖς
1458 2847 1874 2915 παρακαλοῦσιν

264 2920 519 2975 ἐντεῦθεν
551 2923 799 2995 ὑπάρχον
835 2924 896 2977 τὸ
935 2926 1149 2999 κέρδος.
1198 2923 1355 2994 Εἶδες
1382 2931 1500 2995 πῶς
1537 2936 1873 3008 σαφέστερον

267 3006 358 3060 καὶ
390 3006 549 3079 ἡλίου
580 3010 938 3083 φαιδρότερον
977 3012 1067 3066 διὰ
1091 3014 1202 3068 τῶν
1223 3012 1642 3090 ὑποδειγμάτων
1666 3006 1872 3078 τούτων

260 3092 362 3162 τῆς
394 3094 612 3163 ἀφάτου
649 3098 908 3167 προνοίας
938 3099 1107 3152 αὑτοῦ
1140 3103 1172 3172 ἡ
1216 3101 1492 3169 ὑπόδειξις
1525 3106 1869 3179 διαλάμπει;

260 3181 463 3270 Σκόπει
513 3184 594 3237 δέ·
647 3186 987 3257 Παρήγαγεν
1034 3190 1115 3251 είς
1151 3188 1320 3260 μέσον
1349 3192 1442 3245 τὸν
1488 3198 1723 3268 πατέρα,
1772 3199 1871 3270 τὴν

263 3269 503 3341 μητέρα,
545 3271 639 3325 τὸν
672 3273 932 3343 νυμφίον,
962 3277 1061 3346 τὴν
1093 3276 1338 3349 νύμφην,
1380 3281 1439 3333 τὸ
1466 3281 1742 3356 διάστημα
1776 3269 1871 3340 τοῦ

260 3358 495 3431 ούρανοῦ
530 3361 627 3413 καὶ
676 3361 776 3433 τῆς
806 3363 931 3433 γῆς,
964 3363 1024 3417 τὸ
1056 3364 1223 3434 μέσον
1256 3367 1366 3421 τῶν
1410 3371 1691 3427 ἀνατολῶν
1732 3378 1870 3447 πρὸς

258 3443 618 3533 δυσμάς-τὸν
644 3450 950 3521 φυτουργὸν
978 3453 1074 3504 καὶ
1106 3453 1236 3523 περὶ
1263 3454 1477 3526 λάχανα
1513 3443 1868 3533 πονούμενον,

259 3531 352 3583 τὸν
376 3531 663 3603 οἰκοδόμον
682 3533 792 3587 τῶν
813 3535 1219 3606 γενησομένων,
1238 3541 1337 3610 τὸν
1358 3543 1587 3615 σφοδρὸν
1608 3531 1866 3619 ἐραστὴν,

262 3615 352 3708 τὸν
377 3619 812 3708 ταραττόμενον,
848 3624 896 3675 εί
944 3626 1038 3677 καὶ
1073 3626 1239 3697 μέχρι
1291 3631 1556 3701 ῥημάτων
1605 3615 1867 3708 λυπήσειε

262 3702 349 3758 τὸν
377 3706 661 3778 ἐρώμενον
681 3725 695 3738 ·
734 3710 828 3763 καὶ
850 3712 1106 3766 τοσοῦτον
1136 3715 1395 3770 ἁπάντων
1420 3702 1867 3791 ὑπερακοντίζειν

262 3792 347 3848 διὰ
376 3796 598 3851 πάντων
640 3796 848 3852 τούτων
878 3800 1048 3868 ἔδειξε
1084 3804 1184 3872 τὴν
1223 3805 1320 3858 τοῦ
1350 3808 1487 3862 Θεοῦ
1526 3813 1865 3886 άγαθότητα,

262 3884 383 3937 ὅσον
414 3886 683 3956 πονηρίαν
722 3890 1112 3961 χρηστότητος.

331 3971 486 4044 [4771
516 3974 657 4043 Κεφ.
687 3974 752 4039 ζ’.
788 3976 898 4029 Καὶ
930 3982 1042 4042 τοῖς
1084 3980 1182 4050 μὲν
1204 3976 1299 4034 οὖν
1332 3982 1695 4054 εὑγνὼμοσιν,
1727 3989 1865 4062 ὅπερ

262 4057 419 4129 Ιφην,
452 4062 615 4132 ἀρκεῖ
647 4064 740 4116 καὶ
768 4062 960 4118 ταῦτα·
993 4066 1108 4119 ἀλλ’
1126 4068 1313 4141 ἐπειδή
1333 4071 1479 4133 τινές
1499 4073 1605 4124 είσι
1626 4057 1862 4145 πήλινοί,

265 4149 766 4219 καὶδυσανάγωγοι,
782 4154 875 4205 καὶ
886 4153 1221 4226 δυσπειθεῖς,
1236 4159 1331 4212 καὶ
1349 4159 1709 4231 αὑτόσαρκες,
1732 4166 1863 4236 φέρε

259 4237 321 4309 δὴ
355 4241 448 4293 καὶ
479 4240 567 4293 διά
600 4241 713 4294 τῶν
752 4242 929 4313 ἔργων
961 4246 1141 4299 αὐτῶν
1164 4248 1539 4321 ἀποδείξωμεν
1560 4255 1729 4308 αὑτοῦ
1763 4256 1864 4327 τὴν

260 4327 536 4397 πρόνοιαν,
560 4330 682 4383 καθ’
709 4331 833 4383 ὅσον
858 4332 989 4402 ἡμῖν
1010 4329 1122 4389 οἶόν
1149 4352 1231 4391 τε.
1260 4338 1517 4392 ’Ἀπασαν
1537 4342 1646 4413 γάρ
1669 4345 1861 4416 αὐτὴν,

260 4414 461 4485 μᾶλλον
480 4414 540 4469 δὲ
566 4416 690 4469 οὑδὲ
713 4418 774 4471 τὸ
801 4418 1092 4475 πολλοστὸν
1113 4424 1286 4495 αὐτῆς
1307 4425 1475 4497 μέρος
1506 4414 1862 4504 παραστῆσαι

258 4504 475 4575 ῥᾴδιον·
523 4505 701 4569 οὕτως
733 4508 882 4561 ἐστὶν
929 4510 1159 4581 ἄπειρος
1197 4515 1294 4566 καὶ
1336 4517 1545 4585 ἄφατός
1570 4562 1585 4585 ,
1631 4523 1727 4575 καὶ
1771 4522 1860 4578 διά

253 4590 363 4645 τῶν
396 4592 610 4664 μικρῶν
640 4596 738 4648 καὶ¹
766 4594 855 4649 διὰ
890 4596 997 4649 τῶν
1031 4600 1284 4668 μεγάλων
1326 4603 1735 4678 διαλάμπουσα,
1764 4614 1859 4666 καὶ

253 4678 361 4767 τῶν
380 4682 681 4752 δρωμένων
732 4684 958 4738 καὶτῶν
985 4688 1084 4757 οὑχ
1106 4691 1420 4761 ὁρωμένων.
1443 4697 1589 4767 Πλὴν
1614 4698 1729 4751 ἀλλ’
1749 4701 1858 4754 ἀπὸ

250 4766 358 4821 τῶν
390 4770 690 4840 δρωμένων
720 4775 862 4835 τέως
895 4774 1255 4847 ποιησώμεθα
1282 4780 1384 4850 τὴν
1414 4766 1712 4851 ἀπόδειξιν.
1743 4789 1854 4860 Τὴν

251 4855 361 4929 γὰρ
388 4856 708 4927 Θαυμασίαν
755 4860 963 4931 ταύτην
1002 4864 1097 4917 καὶ
1150 4869 1530 4939 παναρμόνιον
1563 4874 1742 4928 κτίσιν
1785 4855 1853 4931 δι’

249 4943 441 5032 οὐδένα
470 4945 662 5032 ἕτερον
697 4947 976 5032 έποίησεν,
1013 4950 1046 5022 ἦ
1087 4952 1177 5006 διὰ
1209 4954 1296 5007 σέ·
1334 4959 1429 5011 καὶ
1461 4962 1636 5032 καλὴν
1684 4963 1847 5031 οὑτω,

251 5027 344 5119 καὶ
378 5029 626 5119 μεγάλην
668 5030 828 5119 οὕτω.
864 5035 957 5086 καὶ
1004 5036 1279 5106 ποικίλην,
1309 5042 1404 5094 καὶ
1435 5027 1725 5119 πολυτελῆ,
1759 5027 1852 5103 καί¹

247 5110 470 5183 διαρκῆ,
494 5114 587 5166 καὶ
615 5114 896 5185 χρησίμην
922 5119 1016 5171 καὶ
1041 5124 1378 5191 πανταχόθεν
1406 5110 1724 5198 κερδαλέαν,
1755 5134 1850 5187 καὶ

250 5199 387 5293 πρὸς
425 5198 1031 5293 σώματος-διατροφὴν
1082 5207 1178 5259 καὶ
1231 5212 1530 5279 σύστασιν,
1582 5220 1673 5271 καὶ
1714 5223 1848 5293 πρὸς

248 5284 425 5355 ψυχῆς
456 5286 797 5356 φιλοσοφίαν,
829 5292 921 5343 καὶ
956 5295 1092 5364 πρὸς
1125 5296 1458 5366 θεογνωσίας
1495 5305 1613 5358 ὁδὸν
1650 5284 1845 5379 ἐπιτηλ

422 5376 797 5471 κατεσκεύασε
836 5379 926 5434 διὰ
950 5382 1031 5435 σέ.
1067 5385 1201 5439 Οὐδὲ
1242 5389 1354 5462 γὰρ
1384 5393 1609 5463 ἄγγελοι
1639 5374 1845 5471 ταύτης

246 5458 457 5555 gum
471 5480 483 5493 -
507 5464 627 5555 πῶς
649 5463 758 5537 γάρ
780 5468 829 5519 οί
857 5472 949 5521 καὶ
977 5473 1106 5542 πρὶν
1130 5474 1160 5543 ἦ
1185 5458 1442 5543 γενέσθαι
1462 5458 1633 5555 αὑτὴν
1655 5458 1811 5552 ιντεᾷ
1825 5458 1841 5553 ξ

248 5547 366 5642 ’ρτι
397 5551 508 5622 γὰρ
538 5553 739 5608 ἐκεῖνοι
784 5556 965 5627 πολλῷ
999 5559 1205 5633 ταύτης
1250 5547 1639 5642 πρεσϐύτεροι,
1674 5547 1841 5630 ἄκουε

245 5635 297 5733 τί
319 5654 485 5709 φησιν
512 5641 541 5693 6
577 5640 709 5706 Θεὸς
737 5643 815 5713 τῷ
849 5643 971 5697 Ἰὼϐ
998 5646 1380 5722 διαλεγόμενος
1400 5671 1411 5682 ·
1446 5635 1583 5713 Ὅτε
1602 5635 1841 5733 ἐγένετο

172 5794 185 5807 Ἴ
246 5725 452 5797 ἄστρα,
479 5729 717 5797 ῇνεσάν
743 5749 821 5801 με
842 5732 1065 5803 πάντες
1093 5739 1339 5810 ἄγγελοί
1362 5763 1501 5815 μου,
1536 5725 1839 5826 καίτίνινηο

301 5921 325 5947 "
345 5920 448 5976 Αιιι
470 5924 696 5989 πονηρίᾳ.
848 5938 887 5979 ο

1124 429 1216 483 AD
1252 430 1385 486 EOS
1424 432 1542 499 QUI
1581 434 2085 495 SCANDALIZATI
2128 440 2333 496 SUNT.
2388 441 2519 497 LIB.
2566 441 2771 498 L‘NUS.

3489 445 3598 501 492

1995 575 2120 614 σαν
2137 562 2310 631 φωνῇ
2330 563 2568 633 μεγάλῃ
2586 581 2600 595 ο
2629 562 2772 617 τοῦτ’
2789 562 2959 625 ἔστιν,
2984 563 3353 633 ἑκπλαγέντες
3370 564 3430 617 τὸ
3463 564 3600 635 πλῆ-

1993 648 2105 713 θος,
2129 650 2190 703 τὸ
2216 650 2430 714 κάλλος,
2457 651 2555 721 τὴν
2586 649 2757 715 θέσιν,
2782 649 2881 722 τὴν
2914 651 3127 723 χρείαν,
3169 649 3268 723 τὴν
3297 651 3597 718 ποικιλίαν,

1988 737 2092 808 τὴν
2109 738 2463 809 φαιδρότητα,
2477 740 2577 811 τὴν
2591 739 2934 811 λαμπηδόνα,
2955 740 3054 811 τὴν
3070 741 3141 812 ἀρ
3149 739 3361 811 μονίαν,
3373 740 3444 795 τά
3459 740 3599 797 ἄλλα

1993 825 2194 890 πάντα,
2228 828 2373 899 ἅπερ
2412 827 2805 899 ἀκριϐέστερον
2836 828 2996 899 ἡμῶν
3039 827 3341 900 συνορῶσιν
3369 830 3591 885 ἐκεῖνοι.

1992 913 2106 966 Οὐκ
2135 913 2370 984 ἀστράσι
2405 914 2462 967 δὲ
2514 915 2852 969 ἐκαλλώπισε
2899 917 3083 988 μόνον,
3131 916 3270 971 ἀλλά
3316 917 3411 971 καὶ
3457 917 3596 989 ἡλίῳ

1992 1002 2086 1054 καὶ
2133 1000 2332 1075 σελήνῃ
2387 1003 2835 1075 κατεκόσμησεν,
2880 1005 2939 1058 ὲν
2991 1006 3240 1076 ἑκατέρῳ
3285 1005 3365 1077 τῷ
3416 1006 3586 1077 καιρῷ

1993 1086 2196 1159 πολλὴν
2225 1089 2325 1159 μέν
2358 1106 2441 1143 σοι
2474 1090 2575 1162 τὴν
2616 1090 2834 1161 ἡδονὴν,
2867 1090 3071 1163 πολλὴν
3111 1091 3169 1146 δὲ
3205 1092 3462 1164 παρέχων
3494 1086 3610 1165 τὴν

1994 1176 2184 1247 χρείαν
2214 1176 2276 1243 ἐξ
2298 1178 2650 1249 ἀμφοτέρων.

2060 1264 2130 1317 Τί
2160 1264 2273 1337 γὰρ
2301 1264 2630 1337 ὡραιότερον
2667 1266 2922 1339 οὐρανοῦ,
2960 1266 3056 1320 νῦν
3086 1269 3186 1339 μὲν
3213 1268 3306 1337 ὑφ’
3346 1268 3501 1340 ἡλίου
3532 1286 3591 1322 τε

1988 1351 2082 1407 καὶ
2104 1351 2333 1423 σελήνης
2364 1352 2889 1425 καταλαμπομένου,
2923 1353 3019 1407 νῦν
3042 1354 3119 1421 δὲ,
3158 1356 3414 1427 καθάπερ
3445 1357 3591 1409 τισίν

1984 1437 2282 1510 ὀφθαλμῶν
2333 1439 2537 1510 βολαῖς,
2589 1439 2669 1511 τῷ
2706 1440 2921 1512 ἀπείρῳ
2961 1441 3072 1495 τῶν
3115 1444 3337 1514 ἄστρων
3393 1443 3591 1516 πλήθει

1986 1527 2429 1595 καταυγάζοντος
2458 1528 2559 1599 τὴν
2591 1529 2717 1598 γῆν,
2751 1529 2845 1581 καὶ
2883 1529 3109 1594 ναύταις
3153 1532 3249 1585 καὶ
3285 1532 3589 1603 ὁδοιπόροις

1984 1614 2214 1685 ὁδηγούς
2245 1632 2400 1679 τινας
2431 1614 2666 1678 διδόντος
2700 1618 2796 1669 καὶ
2834 1617 3244 1687 χειραγωγούς;
3281 1619 3340 1672 ὐ
3371 1620 3479 1691 γάρ
3525 1620 3593 1673 τὸ

1984 1704 2222 1773 πέλαγος
2248 1703 2484 1773 τέμνων,
2513 1705 2607 1757 καὶ
2636 1706 2731 1758 ἐπὶ
2761 1705 2869 1758 τῶν
2894 1706 3100 1759 οίάκων
3131 1707 3463 1779 καθήμενος,
3492 1710 3588 1761 καὶ

1984 1794 2247 1863 κυμάτων
2278 1792 2556 1864 ὲμόολαῖς,
2600 1795 2693 1846 καὶ
2730 1796 2940 1848 ὑδάτων
2983 1794 3237 1850 ἀτάκτων
3278 1796 3448 1868 ῥύμῃ,
3491 1797 3587 1851 καί⁸
3674 1853 3683 1875 1

1988 1882 2312 1952 πνευμάτων
2338 1883 2530 1953 βιαίων
2561 1886 2705 1955 φορᾷ
2721 1883 2769 1947 ι’,
2794 1884 2887 1936 καὶ
2909 1884 3106 1947 νυκτὸς
3132 1886 3383 1957 ἀσελήνῳ
3410 1886 3587 1956 σκότῳ

1980 1969 2264 2023 ἐκδίδωσιν
2298 1970 2490 2023 ἑαυτὸν
2511 2011 2526 2037 ,
2554 1973 2620 2041 τῇ
2671 1972 2824 2040 παρά
2874 1972 3068 2025 τούτου
3102 1972 3298 2044 όδηγίᾳ
3326 1972 3547 2045 θαρρῶν

1984 2058 2077 2112 καὶ
2109 2060 2137 2112 6
2168 2060 2228 2112 ὲν
2267 2058 2393 2127 ὕψει
2425 2059 2678 2131 κείμενος
2712 2060 2890 2133 ἀστὴρ
2921 2062 3013 2114 τὸν
3044 2064 3110 2115 ὲκ
3150 2062 3411 2117 τοσούτου
3450 2064 3582 2117 καο-

1981 2146 2014 2216 ἡ
2024 2164 2184 2215 μενον
2211 2148 2605 2219 διαστήματος,
2635 2148 2827 2220 ὥσπερ
2857 2150 3024 2217 ὲγγὺς
3054 2150 3147 2204 καὶ
3183 2151 3413 2222 πλησίον
3441 2167 3581 2224 παρ-

1980 2234 2078 2296 ὼν,
2115 2236 2258 2289 οὕτω
2302 2237 2440 2307 μετά
2463 2237 2750 2310 ἀκριϐείας
2774 2242 3127 2311 χειραγωγεῖ,
3153 2238 3247 2295 κᾶῒ
3268 2240 3406 2312 πρὸς
3428 2242 3585 2313 λιμέ-

1978 2341 2076 2387 νας
2105 2323 2341 2395 ὁρμίζει,
2364 2327 2551 2398 φωνὴν
2583 2327 2682 2397 μὲν
2706 2329 2807 2381 οὑκ
2832 2330 3036 2399 ἀφιεὶς,
3055 2332 3119 2401 τῇ
3142 2329 3199 2382 δὲ
3224 2329 3345 2400 ὂψει
3367 2330 3585 2395 δεικνὺς

1978 2412 2160 2469 αὑτοῖς
2180 2414 2279 2476 τὰς
2299 2414 2470 2477 ὁδοὺς,
2490 2416 2586 2467 καὶ
2613 2415 2712 2486 τὴν
2734 2414 3009 2470 θάλασσαν
3032 2418 3251 2489 τέμνειν
3274 2418 3460 2481 αὑτοῖς
3484 2436 3581 2489 χα-

1980 2500 2266 2570 ριζόμενος
2298 2503 2417 2571 μετ’
2442 2502 2767 2570 ἀσφαλείας,
2800 2505 3030 2574 καιροὺς
3060 2506 3403 2573 ὑποδεικνὺς,
3435 2506 3581 2560 ὥστε

1976 2586 2071 2661 νῦν
2105 2588 2207 2661 μεν
2238 2588 2373 2642 εἵσω
2400 2589 2495 2643 τοῦ
2530 2589 2749 2661 λιμένος
2779 2592 3034 2660 κατέχειν
3070 2593 3129 2646 τὸ
3154 2594 3360 2659 πλοῖον,
3395 2592 3491 2647 νῦν
3522 2594 3579 2650 δι

1977 2656 2317 2729 θαρροῦντας
2356 2662 2437 2722 είς
2472 2661 2534 2713 τὸ
2569 2656 2806 2729 πέλαγος
2842 2656 3080 2730 ἐξάγειν,
3123 2665 3217 2717 καὶ⁵
3258 2656 3452 2736 μηδιά
3479 2665 3578 2736 τὴν

1974 2747 2069 2800 τοῦ
2105 2747 2394 2817 μέλλοντος
2426 2748 2653 2821 ἀδηλίαν
2682 2750 3013 2821 ἀπροόπτως
3046 2756 3128 2817 εἰς
3165 2754 3447 2825 χειμέριον
3475 2757 3577 2823 ἐμ-

1974 2836 2277 2899 πίπτοντας
2300 2837 2516 2908 ἡμέραν
2556 2838 2816 2907 ναυάγιον
2851 2840 3166 2911 ὑπομένειν.
3195 2842 3305 2896 Καὶ
3334 2843 3432 2913 οὑχ
3456 2843 3576 2896 ὀλο-

1975 2922 2193 2994 κλήρων
2220 2924 2277 2977 δὲ
2322 2924 2587 2979 ἐνιαυτῶν
2624 2926 2801 2996 μέτρα
2835 2926 2997 2997 μόνον
3029 2929 3125 2981 καὶ
3152 2930 3384 3001 καιροὺς
3411 2948 3578 3001 χαρα-

1973 3011 2328 3082 κτηρίζουσιν
2378 3007 2554 3080 οὗτοι,
2603 3013 2743 3067 ἀλλά
2789 3016 2884 3068 καὶ
2938 3016 3180 3087 ἑκάστης
3230 3018 3427 3082 νυκτὸς
3479 3019 3576 3071 καὶ

1972 3096 2121 3167 ὥραν
2151 3099 2244 3152 καὶ
2281 3099 2492 3171 τροπὴν
2523 3101 2664 3171 μετά
2702 3101 2907 3173 πολλῆς
2934 3104 3243 3175 παριστῶσι
3272 3106 3373 3175 τῆς
3415 3108 3578 3179 ἀκρι-

1971 3186 2145 3252 ϐείας,
2177 3189 2270 3241 καὶ
2314 3189 2562 3242 ποιοῦσιν
2590 3191 2791 3244 εἰδέναι
2834 3194 2961 3254 τοὺς
3006 3192 3271 3263 ὁρῶντας,
3307 3195 3438 3247 πότε
3476 3198 3575 3266 μὲν

1969 3276 2031 3329 τὸ
2062 3277 2225 3330 πλέον
2257 3278 2429 3349 αὑτῆς
2462 3278 2731 3350 παρῆλθε,
2775 3279 2903 3332 πότε
2929 3281 2986 3333 δὲ
3013 3281 3075 3333 τὸ
3111 3281 3335 3337 ἔλαττον
3381 3284 3575 3337 ὑπολέ-

1969 3364 2209 3428 λειπται,
2238 3366 2333 3419 καὶ
2373 3362 2440 3419 αὑ
2471 3366 2785 3419 τούναντίον
2830 3367 3015 3430 πάλιν,
3068 3370 3206 3441 ὅπερ
3234 3376 3295 3423 οὑ
3348 3372 3575 3437 ναύταις

1973 3452 2154 3523 μόνον,
2188 3451 2327 3505 ἀλλά
2358 3455 2454 3507 καὶ
2475 3453 2779 3525 ὁδοιπόροις
2814 3458 3107 3527 χρήσιμον,
3144 3457 3284 3513 ὥστε
3325 3460 3400 3531 μὴ
3432 3462 3573 3533 ἀωρὶ

1968 3540 2069 3610 τῆς
2092 3540 2289 3604 νυκτὸς
2334 3542 2434 3611 τῆς
2463 3542 2773 3613 ὁδοιπορίας
2804 3543 3096 3610 ἅπτεσθαι,
3131 3548 3270 3616 μήτε
3303 3550 3359 3601 ὲν
3396 3548 3573 3620 καιρῷ

1967 3628 2047 3699 τῷ
2108 3632 2442 3701 προσήκοντι
2493 3632 2635 3684 οῖκοι
2691 3632 2983 3703 καθῆσθαι.
3033 3634 3207 3688 Τοῦτο
3263 3638 3404 3708 μετά
3462 3640 3577 3693 τῶι

1967 3720 2215 3790 ἀστέρων
2248 3721 2342 3773 καὶ
2387 3721 2437 3773 οἱ
2480 3720 2753 3791 σεληναῖοι
2786 3722 2939 3795 [478]
2982 3724 3176 3797 δρόμοι
3226 3728 3365 3797 μετά
3411 3730 3571 3800 ἀκρι-

1969 3815 2122 3878 ϐείας
2149 3816 2286 3868 εἰσὶν
2328 3816 2851 3886 ὲμπεπιστευμένοι.
2888 3817 3158 3891 Καθάπερ
3180 3819 3289 3890 γὰρ
3336 3822 3366 3873 6
3419 3822 3572 3892 ἥλιος

1966 3904 2064 3967 τὰς
2096 3904 2248 3974 ῶρας
2294 3904 2391 3974 τῆς
2420 3904 2653 3975 ἡμέρας,
2703 3905 2847 3958 οὓτω
2897 3908 3051 3979 καὶὴ
3100 3908 3298 3980 σελήνη
3331 3910 3430 3974 τάς
3467 3911 3571 3982 τῆς

1966 3996 2164 4059 νυκτὸς
2188 3995 2484 4060 κανονίζει,
2511 3998 2606 4050 καί
2634 3996 2839 4069 πολλὴν
2870 3998 3065 4069 ἑτέραν
3096 4002 3288 4073 χρείαν
3312 4003 3568 4074 παρέχει,

1966 4089 2063 4141 καὶ
2105 4088 2269 4160 ἀέρος
2310 4087 2580 4160 εὔκρατον
2616 4090 2793 4161 χύσιν,
2826 4092 2922 4145 καὶ
2951 4092 3146 4165 δρόσου
3182 4095 3397 4163 γένεσιν
3430 4096 3568 4165 πρὸς

1962 4180 2063 4251 τὴν
2091 4180 2197 4233 τῶν
2238 4181 2572 4251 σπερμάτων
2603 4182 2866 4255 βλάστην,
2896 4184 2992 4238 καὶ
3021 4184 3223 4257 πολλὴν
3245 4185 3457 4250 οἴκοθεν
3484 4189 3566 4252 είς

1962 4274 2060 4345 τὴν
2090 4274 2351 4328 σύστασιν
2382 4274 2491 4329 τῶν
2522 4274 2827 4346 ἀνθρώπων
2875 4278 3230 4351 παρεχομένη
3276 4280 3374 4352 τὴν
3418 4282 3563 4351 ὠφέ-

1963 4367 2132 4433 λειαν,
2169 4368 2265 4421 καὶ
2299 4368 2442 4439 μέση
2492 4368 2588 4421 τοῦ
2642 4370 2805 4441 χοροῦ
2851 4370 2964 4425 τῶν
3017 4373 3270 4445 ἀστέρων
3314 4376 3411 4429 καὶ
3462 4378 3563 4448 τῆς

1962 4459 2195 4532 ἡλιακῆς
2249 4459 2514 4533 ισταμένη
2559 4460 2943 4533 λαμπηδόνος·
2989 4463 3084 4518 τοῦ
3124 4467 3223 4537 μὲν
3256 4468 3366 4538 γάρ
3413 4469 3563 4522 ἐστιν

1959 4552 2222 4617 ἐλάττων,
2252 4551 2363 4605 τῶν
2394 4552 2451 4604 δὲ
2496 4552 2738 4624 ἀμείνων
2767 4554 2863 4607 καὶ
2900 4555 3085 4627 πολλῷ
3122 4556 3349 4628 μείζων.
3373 4560 3448 4613 Οὑ
3480 4579 3564 4632 μι-

1959 4646 2070 4718 κρά
2089 4646 2147 4700 δὲ
2186 4646 2281 4700 καὶ
2316 4649 2381 4701 ὲκ
2414 4648 2515 4719 τῆς
2544 4649 2822 4712 ποικιλίας
2848 4648 3055 4722 ταύτης
3086 4651 3250 4724 ἡδονὴ
3284 4656 3399 4716 τοῖς
3430 4653 3560 4707 θεα-

1956 4739 2078 4800 ταῖς
2112 4737 2206 4801 καὶ
2232 4736 2413 4808 χρεία,
2447 4737 2637 4811 ὥσπερ
2669 4740 2790 4794 οὑδὲ
2817 4740 3059 4811 τυχοῦσα
3096 4745 3130 4814 ἡ
3163 4743 3352 4815 ὄνησις
3389 4747 3420 4817 ὴ
3452 4747 3562 4801 ἀπὸ

1954 4826 2063 4880 τῶν
2090 4828 2321 4897 καιρῶν,
2350 4829 2383 4899 ἡ
2415 4829 2523 4882 ἀπὸ
2549 4830 2659 4883 τῶν
2703 4830 2885 4902 ὡρῶν,
2923 4834 2956 4902 ἡ
2984 4831 3097 4885 ἀπὸ
3125 4833 3216 4887 τοῦ
3257 4837 3483 4908 μέτρου,
3524 4839 3559 4909 ἡ

1953 4917 2063 4972 ἀπὸ
2092 4918 2185 4973 τοῦ
2241 4920 2506 4992 μεγέθους
2540 4924 2766 4994 καὶτῆς
2816 4923 3186 4996 βραχύτητος.
3228 4931 3262 4999 ἡ
3302 4929 3412 4983 ἀπὸ
3454 4929 3559 5001 τῆς

1950 5009 2219 5081 διαφορᾶς
2250 5011 2350 5081 τῆς
2374 5012 2603 5089 ⁴ἀφάτου
2625 5032 2637 5044 ·
2672 5014 2764 5067 τὸν
2804 5016 2905 5085 μὲν
2938 5016 3046 5089 γάρ
3092 5018 3307 5071 ἐλάττω
3330 5062 3343 5086 ,
3379 5020 3469 5074 τὸν
3498 5022 3557 5075 δὲ

1955 5105 2127 5175 μείζω
2160 5107 2255 5160 καὶ
2287 5108 2643 5179 φαιδρότερον
2680 5109 2827 5163 ἔστιν
2864 5112 3015 5178 ίδεῖν,
3051 5114 3148 5165 καὶ
3185 5114 3327 5166 κατὰ
3368 5114 3555 5185 διαφό-

1954 5214 2082 5269 ρους
2108 5199 2335 5268 καιροὺς
2360 5200 2725 5271 φαινομένους
2748 5203 2930 5256 αὑτῶν
2957 5222 3133 5269 τινας.
3167 5206 3232 5258 Ἠ
3262 5206 3368 5277 γάρ
3397 5224 3555 5278 περι-

1948 5290 2107 5343 ουσία
2153 5291 2254 5361 τῆς
2283 5292 2597 5364 εὐμηχάνου
2630 5296 2827 5365 σοφίας
2876 5298 3079 5371 πολλὴν
3128 5301 3407 5370 πανταχοῦ
3452 5301 3551 5371 τὴν

1947 5381 2223 5435 ποικιλίαν
2272 5384 2603 5454 ἐργάζεται,
2652 5388 2788 5458 ὁμοῦ
2836 5389 2935 5459 μὲν
2984 5391 3082 5463 τῆς
3142 5394 3355 5455 οἰκείας
3421 5393 3550 5446 θαυ-

1946 5474 2288 5547 ματουργίας
2318 5475 2416 5548 τὴν
2454 5478 2730 5546 ἀπόδειξιν
2750 5483 3355 5556 ἐπιδεικνυμένηηόμοῦ
3378 5485 3435 5540 δὲ
3456 5488 3549 5541 καὶ

1942 5564 2042 5634 τῆς
2074 5564 2184 5617 τῶν
2213 5564 2467 5637 ὁρώντων
2494 5571 2797 5639 προνοοῦσα
2840 5575 3052 5644 χρείας,
3085 5578 3183 5629 καὶ⁵
3222 5577 3427 5648 πολλὴν
3452 5576 3547 5634 καὶ

1941 5655 2150 5725 ἄφατον
2188 5656 2285 5727 τὴν
2320 5657 2590 5727 ὠφέλειαν
2618 5665 2997 5736 παρεχομένη,
3030 5669 3123 5720 καὶ
3157 5668 3299 5739 μετά
3336 5669 3545 5723 τούτων

1943 5748 2199 5801 ἁπάντων
2232 5751 2325 5804 καὶ
2346 5749 2445 5822 τὴν
2480 5752 2695 5823 ἡδονήν.
2722 5757 2787 5811 Τί
2829 5756 2939 5831 γάρ
2978 5762 3341 5836 τερπνότερον
3378 5764 3546 5838 οὑρι-

2003 5951 2032 5990 b
2051 5951 2150 6002 Alii
2170 5953 2449 6016 πνευμάτων
2470 5955 2646 6021 ἀγρίων
2665 5966 2805 6025 φορᾷ.
