4192 6508
622 420 727 477 όθῗι

618 535 733 597 νοῦ,
760 532 853 587 νῦν
886 532 985 603 μὲν
1014 532 1089 596 ὼς
1125 530 1359 597 σινδόνος
1381 534 1629 605 καθαρᾶς
1662 535 1755 587 καὶ
1774 532 2027 601 διαυγοῦς
2056 531 2195 601 ὑπὲρ

618 622 862 691 κεφαλῆς
891 620 1351 693 ἡπλωμένου,νῦν
1376 621 1434 675 δὲ
1461 624 1538 686 ὼς
1571 621 1836 691 λειμῶνος
1864 619 2196 683 πολυανθοῦς

618 707 1053 780 ποικιλλομένου,
1099 710 1195 763 καὶ
1233 709 1325 763 τὸν
1368 708 1533 763 αὑτοῦ
1578 710 1857 778 φαίνοντας
1891 708 2194 776 στέφανονς

618 797 753 851 (ιὺδὲ
778 798 888 869 γὰρ
911 797 1086 862 οὕτως
1121 799 1220 870 ἡδὺ
1248 797 1492 869 λειμῶνα
1524 798 1649 852 ἰδεῖν
1668 799 1725 851 ἐν
1759 797 1963 869 ἡμέρα,
1992 797 2068 861 ὡς
2096 796 2194 868 ἡδὺ

618 886 711 938 καί⁵
736 884 967 955 τερπνὸν
988 886 1215 956 οὐρανὸν
1238 886 1366 939 ίδεῖν
1385 886 1444 938 ἐν
1468 885 1622 939 νυκτὶ
1646 902 1736 955 μιν⁵
1763 900 1860 948 ,οις
1881 883 2064 937 ἄνθεσι
2080 886 2197 947 τοῖς

614 973 726 1027 τῶν
776 974 1023 1047 ἀστέρων
1072 974 1407 1045 πανταχόθεν
1454 973 1896 1044 κατεστεμμένον
1920 1012 1936 1037 ,
1977 972 2194 1027 ἄνθεσιν

616 1060 871 1115 οὐδέποτε
898 1062 1333 1134 μαραινομένοις,
1354 1060 1469 1113 ἀλλ’
1491 1059 1792 1131 ἀκραιφνὲς
1812 1060 1897 1112 ἀεὶ
1918 1060 1979 1113 1b
1998 1059 2195 1114 οίκεῖον

616 1148 813 1213 κάλλος
846 1147 1325 1220 ἐπιδεικνυμένοις.
1357 1148 1422 1201 Τί
1467 1148 1523 1201 δὲ
1556 1146 1719 1201 αὐτοῦ
1758 1146 2036 1220 ἡδύτερον,
2064 1147 2194 1201 ὅταν

614 1236 714 1308 τῆς
744 1235 937 1300 νυκτὸς
969 1234 1330 1306 ἀπελθούσης,
1360 1234 1456 1288 καὶ
1483 1234 1707 1305 μηδέπω
1737 1235 1834 1306 τῆς
1855 1235 2072 1298 ἀκτῖνος
2102 1233 2194 1287 ἀν-

618 1322 894 1394 ισχούσης,
926 1322 1178 1394 καθάπερ
1205 1322 1470 1393 κροκωτῷ
1502 1340 1605 1376 τινι
1635 1322 1824 1393 άπλῳ
1863 1326 1975 1385 τοῖς
2006 1336 2192 1392 προοι-

618 1410 762 1481 μίοις
795 1411 899 1481 τῆς
939 1410 1205 1479 ἀνατολῆς
1233 1408 1327 1463 τοῦ
1361 1408 1512 1479 ἡλίου
1544 1410 1953 1481 φοινισσόμενος
1984 1408 2193 1462 καλλω-

614 1496 871 1570 πίζηταις
901 1499 954 1552 τί
984 1499 1041 1551 δὲ
1080 1496 1232 1569 ἡλίου
1277 1488 1473 1567 γένοιτ’
1521 1496 1587 1550 ἂν
1632 1497 1964 1570 ὡραιότερον
2010 1494 2194 1566 θέαμα

615 1586 923 1657 ἀνίσχοντος
953 1587 1058 1641 ὑπὸ
1085 1587 1182 1658 τὴν
1210 1587 1304 1651 ἕω,
1339 1588 1433 1641 καὶ
1466 1588 1638 1659 μικρᾷ
1676 1584 1869 1657 καιροῦ
1904 1584 2043 1656 ῥοπῇ
2086 1584 2191 1637 πᾶ-

615 1690 717 1728 σαν
749 1676 847 1746 μὲν
884 1676 1009 1745 γῆν,
1042 1677 1219 1737 πᾶσαν
1246 1676 1304 1730 δὲ
1351 1675 1650 1740 θάλασσαν,
1692 1676 1800 1730 πᾶν
1835 1675 1893 1729 δὲ
1934 1673 2061 1745 δρος
2098 1674 2191 1726 καὶ

614 1761 792 1826 νάπας
815 1764 909 1817 καὶ
935 1762 1175 1834 βουνοὺς,
1199 1765 1379 1818 πάντα
1409 1764 1466 1818 δὲ
1496 1763 1725 1836 οὐρανὸν
1759 1766 1881 1827 ταῖς
1904 1764 2012 1817 τῶν
2034 1764 2191 1819 ἀκτίι

613 1867 720 1903 νων
753 1853 1198 1923 καταλάμποντος
1230 1854 1435 1924 βολαῖς,
1470 1853 1563 1907 καὶ
1592 1852 1696 1924 τῆς
1728 1852 1923 1917 νυκτὸς
1949 1853 2011 1906 1b
2035 1869 2194 1922 περι-

613 1936 827 1993 ϐόλαιον
866 1939 1341 2010 ἀπαμφιεννύντος
1385 1939 1493 1993 τῶν
1520 1939 1844 2011 ὁρωμένων,
1879 1940 1976 1993 καὶ
2008 1940 2192 2011 γυμνά

613 2025 793 2080 πάντα
831 2026 939 2098 πρὸ
969 2016 1077 2080 τῶν
1109 2026 1403 2099 ὀφθαλμῶν
1433 2025 1738 2089 δεικνύντος
1765 2028 1932 2097 ἡμῖν;
1971 2027 2095 2091 Πῶς
2123 2027 2189 2082 ἀν

611 2127 695 2177 τις
716 2112 883 2168 αὐτοῦ
908 2112 1210 2183 ἐκπλαγείη
1238 2114 1367 2177 τοὺς.
1386 2113 1637 2185 δρόμους,
1658 2114 1758 2185 τὴν
1785 2112 2059 2179 εὐταξίαν,
2088 2115 2189 2187 τὴν

614 2202 674 2255 ἐν
701 2200 992 2264 τοσαύταις
1016 2201 1152 2255 ἐτῶν
1176 2201 1444 2273 περιόδοις
1466 2201 1885 2273 ἀπαράλλακτον
1906 2202 1999 2256 καὶ
2021 2203 2189 2273 ἀνεμ-

615 2288 863 2342 πόδιστον
910 2288 1221 2353 διακονίαν,
1258 2288 1321 2341 τὸ
1366 2288 1562 2353 κάλλος
1606 2288 1773 2342 αὑτοῦ
1823 2288 1884 2342 1b
1925 2283 2189 2359 διηνεκῶς

614 2376 890 2447 ἀκμάζον,
918 2376 1019 2447 τὴν
1050 2376 1371 2447 λαμπηδόνα
1390 2416 1404 2440 ,
1438 2376 1536 2449 τὴν
1568 2376 1929 2449 φαιδρότητα,
1957 2376 2055 2449 τὴν
2089 2395 2190 2432 κατ

616 2462 911 2537 θαρότητα,
933 2464 1032 2536 τὴν
1056 2462 1330 2527 τοσούτοις
1354 2463 1649 2535 ὁμιλοῦσαν
1678 2463 1915 2535 σώμασι,
1949 2464 2043 2519 καὶ
2078 2481 2186 2536 μη-

613 2551 788 2622 δαμοῦ
813 2552 1216 2624 μολυνομένην;
1244 2552 1389 2624 Πρὸς
1415 2551 1474 2605 δὲ
1499 2551 1730 2617 τούτοις,
1752 2552 2061 2623 τὴνχρείαν
2090 2552 2188 2624 τὴν

614 2640 843 2711 ἄφατον,
879 2639 977 2713 τὴν
1002 2641 1060 2695 ἐν
1080 2640 1382 2712 σπέρμασι,
1413 2640 1511 2711 την
1546 2640 1605 2693 ἐν
1635 2643 1844 2709 φυτοῖς,
1866 2642 1959 2699 κει)⁹
1990 2642 2048 2695 ἐν
2080 2640 2189 2695 σώ-

618 2746 787 2797 μασιν.
804 2719 1128 2797 ἀνθρώπων,
1151 2726 1516 2801 τετραπόδων,
1546 2727 1764 2806 ἰχθύων.
1782 2728 1980 2806 ἀέρων,
2001 2727 2187 2792 λίθων,

618 2815 877 2883 βοτανῶν,
916 2814 1015 2892 τὴν
1054 2816 1112 2873 ἐν
1137 2818 1235 2886 γῇ,
1269 2815 1369 2887 την
1416 2815 1474 2869 ἐν
1498 2814 1764 2888 θαλάσσῃ,
1804 2815 1902 2888 τὴν
1949 2817 2007 2869 ἐν
2041 2815 2186 2889 ἀέρι,

616 2905 715 2976 τὴν
762 2903 821 2957 ἐν
866 2903 1031 2960 πᾶσιν
1074 2902 1259 2966 ἁπλῶς
1304 2903 1415 2966 τοῖς
1462 2902 1793 2974 όρωμένοις;
1842 2902 2028 2957 Πάντα
2079 2904 2191 2977 γὰρ

617 2990 781 3045 αὐτοῦ
813 2990 983 3049 δεῖται
1020 2991 1115 3045 καὶ
1162 2990 1433 3052 ἀπολαύει,
1476 2992 1576 3062 τῆς
1606 2991 1815 3063 χρείας,
1859 2993 1951 3045 καὶ
1982 2992 2191 3063 ἀμείνω

620 3079 825 3146 γίνεται
854 3076 1057 3149 ταύτης
1088 3079 1405 3150 μετέχοντα.
1428 3079 1494 3134 οὐ
1510 3079 1741 3150 σώματα
1772 3078 1827 3133 δέ
1861 3078 2051 3152 μόνον,
2072 3081 2192 3141 οὐδὲ

618 3165 780 3235 φυτά,
809 3166 945 3222 ἀλλά
992 3166 1085 3225 καὶ
1118 3165 1308 3229 ὕδατα,
1351 3170 1445 3220 καὶ
1477 3167 1685 3237 λίμναι,
1732 3168 1826 3221 καὶ
1870 3158 2065 3239 πηγαὶ,
2097 3171 2193 3223 καὶ

627 3254 882 3325 ποταμοὶ,
908 3254 1002 3309 καὶ
1035 3254 1174 3326 αὑτὴ
1204 3253 1297 3311 τοῦ
1331 3254 1492 3325 ἀέρος
1534 3256 1567 3325 ἡ
1612 3253 1775 3324 φύσις
1818 3254 2193 3328 λεπτυνομένη

624 3341 712 3395 καὶ
755 3340 1127 3413 καθαιρομένη
1164 3340 1257 3395 καὶ
1293 3339 1625 3411 διειδεστέρα
1668 3340 1950 3409 γινομένη.
1996 3341 2093 3394 Διά
2126 3340 2191 3412 δὴ

621 3424 775 3486 τοῦτο
805 3426 896 3483 καὶ
926 3426 955 3479 δ
984 3424 1271 3495 ψαλμῳδρς
1306 3424 1363 3477 1b
1385 3422 1579 3485 κάλλος
1608 3422 1773 3475 αὑτοῦ
1801 3420 2193 3493 παραδηλῶσαι

624 3508 985 3579 βουλόμενος,
1020 3507 1080 3561 1b
1117 3506 1380 3578 διηνεκῶς
1417 3505 1673 3580 φαιδρὸν,
1708 3504 1807 3575 τὴν
1840 3505 2195 3574 ἀκμάζουσαν

622 3591 790 3665 ῶραν,
824 3591 887 3645 1b
923 3591 1191 3662 μηδέποτε
1224 3589 1511 3645 διαπῖπτον
1552 3588 1732 3651 ἀνθος,
1779 3588 1932 3663 [479Ῑ
1971 3592 2073 3661 τὴν
2099 3591 2193 3643 εὐ-

623 3676 892 3747 πρέπειαν
915 3716 931 3741 ,
967 3675 1066 3744 τὴν
1114 3672 1441 3745 εὐμορφίαν,
1473 3672 1572 3742 τὴν
1606 3671 2048 3739 ἀπαραπόδιστον
2081 3673 2197 3726 δια-

625 3759 829 3823 κονίαν,
855 3757 999 3812 οὓτω
1030 3774 1145 3820 πως
1192 3755 1407 3823 ἔλεγεν·
1452 3754 1556 3808 Ἐν
1600 3752 1681 3819 τῷ
1725 3754 1879 3822 ἡλίῳ
1918 3754 2086 3810 ἔθετο
2130 3754 2197 3809 τὸ

624 3842 913 3911 σκήνωμα
948 3840 1153 3901 αὐτοῦ,
1189 3837 1335 3892 τοῦτ’
1361 3838 1529 3901 ἔστιν,
1564 3838 1624 3889 ὲν
1656 3838 1842 3901 αὐτοῖς
1879 3840 1993 3902 τοῖς
2033 3837 2198 3911 οὐρα-η

624 3929 763 3990 νοῖς·
790 3926 970 3987 τοῦτο,
1003 3924 1267 3994 σκήνωμα
1307 3920 1443 3982 Θεοῦ
1488 3921 1685 3989 λέγων,
1726 3922 2053 3975 αίνίττεται.
2091 3923 2199 3977 Καὶ

626 4010 809 4075 αὐτὸς
834 4009 917 4075 ὡς
936 4007 1195 4076 νυμφίος
1230 4005 1708 4074 ἐκπορευόμενος
1730 4005 1806 4059 ὲκ
1824 4005 2063 4060 παστοῦ
2092 4007 2201 4060 αὐ-

627 4093 753 4148 τοῦ.
789 4090 924 4147 Εἶτα
944 4090 1040 4146 καὶ
1069 4090 1129 4143 1b
1162 4088 1381 4142 εὐκολον
1406 4089 1505 4159 τῆς
1533 4088 1808 4153 διακονίας
1835 4088 2001 4149 αὐτοῦ
2026 4088 2202 4160 δηλῶν

628 4178 928 4246 ἐπήγαγεν,
982 4171 1427 4242 Ἀγαλλιὰσεται
1466 4172 1547 4237 ῶς
1580 4172 1750 4241 γίγας
1782 4171 2030 4241 δραμεῖν
2057 4171 2203 4229 ὀδόν

627 4260 833 4317 αὐτοῦ.
868 4254 1001 4315 Εἶτα
1038 4256 1100 4310 1b
1126 4256 1346 4327 διαρκὲς
1374 4256 1469 4309 καὶ
1505 4255 1764 4326 ἀποχρῶν
1802 4258 1868 4327 τῇ
1909 4256 2205 4333 οἰκουμένῃ

628 4348 798 4416 πάσῃ,
847 4343 963 4398 Ἀπ’
1004 4341 1191 4409 ἄκρου
1230 4340 1338 4395 τοῦ
1370 4340 1629 4408 οὐρανοῦ
1670 4340 1707 4408 ἡ
1738 4339 1951 4406 ἔξοδος
1992 4342 2200 4407 αὐτοῦ,

629 4430 726 4483 καί
755 4426 821 4482 τὸ
847 4424 1193 4495 κατάντημα
1216 4422 1401 4480 αὐτοῦ
1429 4423 1540 4489 ἕως
1572 4424 1760 4491 ἄκρου
1786 4423 1892 4478 τοῦ
1918 4424 2201 4492 οὐρανοῦ.

630 4508 765 4565 Εἶτα
794 4509 854 4563 1b
874 4509 1007 4562 πᾶσι
1031 4513 1299 4579 χρήσιμον
1318 4507 1413 4560 καὶ
1437 4506 1733 4576 ὠφέλιμον,
1756 4505 1867 4561 Καὶ
1894 4509 2004 4561 οὐκ
2032 4506 2205 4563 ἔστιν

631 4596 700 4660 ὃς
729 4591 1214 4660 ἀποκρυ6ήσεται
1260 4588 1370 4658 τῆς
1408 4589 1630 4658 θέρμης
1676 4590 1884 4644 αὐτοῦ.
1935 4589 2203 4655 Ἔξεστιν,

631 4682 681 4733 εί
708 4677 782 4748 μὴ
802 4676 1112 4745 ἀπέκαμες,
1157 4672 1345 4744 μαθεῖν
1370 4673 1531 4728 αὐτοῦ
1554 4674 1651 4743 τὴν
1682 4672 1939 4745 πρόνοιαν
1965 4673 2059 4727 καὶ
2088 4675 2206 4727 ἐτέν

634 4764 809 4835 ρωθεν
832 4777 845 4790 ·
894 4761 1002 4813 ἀπὸ
1048 4758 1155 4812 τῶν
1186 4758 1384 4826 νεφῶν,
1429 4757 1535 4811 ἀπὸ
1568 4756 1675 4810 τῶν
1714 4757 1910 4827 ὡρῶν,
1950 4757 2057 4811 ἀπὸ
2097 4757 2209 4811 τῶν

630 4844 869 4910 τροπῶν,
892 4842 1001 4896 ἀπὸ
1029 4841 1135 4895 τῶν
1159 4841 1395 4911 ἀνέμων,
1425 4840 1533 4893 ἀπὸ
1559 4840 1659 4908 τῆς
1688 4839 1961 4910 θαλάσσης
1983 4839 2209 4894 καὶτῶν

634 4936 691 4985 ἐν
713 4930 851 5001 αὐτῇ
874 4926 1135 4981 ποικίλων
1158 4925 1350 4993 γενῶν,
1369 4925 1476 4978 ἀπὸ
1496 4924 1593 4994 τῆς
1613 4925 1715 4995 γῆς
1747 4924 1839 4977 καὶ
1862 4924 1971 4977 τῶν
1992 4927 2050 4978 ἐν
2072 4925 2208 4995 αὐτῇ

631 5013 999 5085 τετραπόδων,
1041 5009 1309 5081 ἑρπετῶν,
1346 5008 1565 5078 πτηνῶν
1597 5008 1711 5060 τῶν.
1738 5009 2075 5081 ἀεροπόρων,
2100 5010 2211 5068 τῶν

632 5097 923 5169 χερσαίων,
946 5093 1053 5147 ἀπὸ
1077 5094 1186 5148 τῶν
1215 5093 1491 5165 ἀμφιϐίων
1520 5092 1629 5147 τῶν
1652 5095 1709 5147 ἐν
1732 5092 1949 5164 λίμναις
1980 5094 2075 5148 καὶ
2102 5111 2211 5165 πη-

634 5183 760 5248 γαῖς
792 5179 885 5233 καὶ
925 5181 1217 5247 ποταμοῖς,
1257 5178 1364 5231 ἀπὸ
1404 5178 1504 5248 τῆς
1554 5178 1918 5248 οἰκουμένης,
1959 5179 2070 5232 ἀπὸ
2114 5180 2212 5250 τῆς

633 5263 916 5333 ἀοικήτου,
958 5260 1068 5314 ἀπὸ
1112 5261 1225 5313 τῶν
1251 5260 1535 5330 φυομένων
1565 5261 1917 5331 σπερμάτων,
1957 5260 2211 5332 δένδρων,

638 5344 901 5416 βοτανῶν,
938 5342 1121 5414 φυτῶν
1149 5344 1205 5396 ὲν
1251 5346 1373 5406 ταῖς
1410 5344 1656 5414 ἐρήμοις.
1696 5345 1754 5395 ἐν
1784 5347 1906 5407 ταῖς
1942 5344 2043 5397 οὐκ
2085 5346 2215 5416 ἐρή-

639 5446 781 5499 μοις,
804 5428 913 5483 ἀπδ
934 5427 1045 5482 τῶν
1074 5426 1479 5497 βλαστανόντων
1505 5428 1561 5478 ἐν
1591 5428 1813 5492 πεδίοις,
1841 5428 1898 5481 ἐν
1921 5428 2212 5497 φάραγξιν,

637 5514 695 5565 έν
728 5513 928 5582 ὄρεσιν,
955 5512 1015 5565 ἐν
1041 5512 1262 5576 νάπαις,
1289 5510 1397 5563 ἀπὸ
1418 5508 1527 5562 τῶν
1552 5511 1875 5581 αὐτομάτως
1905 5512 2213 5581 φυομένων,

638 5596 748 5649 ἀπὸ
787 5593 895 5647 τῶν
927 5594 1065 5665 μετά
1104 5594 1267 5647 πόνου
1298 5593 1393 5647 καὶ
1435 5593 1725 5663 γεωργίας,
1772 5595 1880 5648 ἀπὸ
1926 5596 2035 5649 τῶν
2064 5595 2218 5660 ζώων

642 5680 749 5732 τῶν
776 5681 1019 5751 ἡμέρων,
1050 5681 1157 5733 τῶν
1178 5679 1489 5751 ἀνημέρων,
1515 5677 1623 5731 τῶν
1651 5678 1877 5749 ἀγρίων,
1908 5678 2018 5732 τῶν
2042 5695 2221 5752 χειρο-

644 5764 810 5833 ἡθων,
845 5763 951 5818 τῶν
984 5764 1217 5835 μικρῶν,
1259 5763 1366 5816 τῶν
1407 5761 1680 5834 μεγάλων.
1716 5763 1827 5815 ἀπὸ
1863 5763 1971 5815 τῶν
2005 5763 2063 5815 ἐν
2116 5780 2223 5833 χει-

644 5844 807 5917 μῶνι,
847 5846 953 5902 τῶν
1000 5848 1055 5904 ἐν
1093 5847 1259 5919 θέρει,
1300 5845 1402 5902 τῶν
1448 5847 1505 5901 ἐν
1548 5844 1848 5918 μετοπώρῳ
1880 5846 2219 5918 φαινομένων

1353 420 1409 475 S.
1445 416 1731 476 JOANNIS
1766 412 2249 474 CIIRYSOSTOMI
2274 372 2609 467 λιιςιιιεν.
2661 402 3211 464 (ΖΟΝΞΤΑΝΤΙΝΟΡ.

3680 390 3701 403 ’
3785 400 3886 451 ενι

2303 526 2531 599 ὀρνίθων
2557 524 2651 578 καὶ⁵
2677 524 3047 595 τετραπόδων,
3075 521 3166 575 καὶ
3196 516 3417 588 ἰχθύων,
3442 515 3538 569 καὶ
3568 512 3771 599 φυτῶν,
3795 512 3888 599 καὶ

2304 594 2577 680 βοτανῶν,
2609 606 2720 662 ἀπὸ
2740 594 2849 659 τῶν
2892 609 2950 659 ἐν
2981 605 3140 658 νυκτὶ
3171 599 3473 672 γινομένων
3493 637 3508 661 ,
3545 596 3654 651 ἀπὸ
3683 594 3890 680 τῶνμέν

2301 676 2507 763 ἡμέρα,
2529 690 2638 743 ἀπὸ
2659 691 2767 742 τῶν
2786 689 2981 750 ὑετῶν,
3000 686 3108 740 ἀπὸ
3130 685 3222 739 τοῦ
3250 683 3447 755 μέτρου
3468 680 3576 733 τῶν
3600 676 3885 737 ἐνιαυτῶν,

2301 761 2410 827 ἀπὸ
2435 761 2689 836 θανάτου,
2719 771 2829 824 ἀπὸ
2875 770 3023 840 ζωῆς
3042 809 3056 833 ,
3088 768 3195 821 ἀπὸ
3222 765 3317 819 τοῦ
3362 764 3524 818 πόνου
3563 761 3658 815 τοῦ
3690 777 3892 828 συγκε-

2301 854 2658 928 κληρωμένου
2702 855 2858 924 ἡμῖν,
2905 852 3015 907 ἀπὸ
3043 849 3301 921 ἀθυμίας,
3335 848 3444 902 ἀπὸ
3477 846 3750 909 ἀνέσεως,
3779 844 3889 897 ἀπὸ

2304 940 2466 995 σίτων
2499 939 2595 993 καὶ
2622 936 2805 992 ποτῶν
2834 935 2944 990 τῶν
2968 934 3269 1004 δεδομένων
3298 933 3453 1002 ἡμῖν,
3483 930 3593 985 ἀπὸ
3622 929 3730 983 τῶν
3761 930 3888 979 ἐπι.

2300 1021 2681 1093 τηδευμάτων,
2728 1019 2838 1074 ἀπὸ
2874 1016 3113 1089 τεχνῶν,
3156 1014 3266 1069 ἀπὸ
3294 1013 3502 1080 ξύλων,
3550 1012 3659 1067 ἀπὸ
3699 1010 3885 1068 λίθων,

2299 1105 2409 1159 ἀπὸ
2436 1104 2545 1159 τῶν
2576 1101 2721 1175 δρῶν
2757 1102 2867 1156 τῶν
2914 1098 3275 1173 μεταλλικῶν,
3303 1096 3413 1151 ἀπὸ
3441 1097 3542 1167 τῆς
3579 1093 3887 1175 πλεομένης

2300 1187 2591 1259 θαλάττης,
2614 1173 2732 1240 ἀπὸ
2763 1185 2863 1257 τῆς
2908 1182 3193 1244 ἀπλώτου,
3232 1178 3342 1236 ἀπὸ
3370 1178 3480 1233 τῶν
3509 1178 3724 1250 νήσων,
3776 1173 3890 1259 ἀπδ

2296 1270 2406 1326 τῶν
2433 1256 2644 1344 ὅρμων,
2674 1269 2783 1323 ἀπὸ
2805 1256 2916 1323 τῶν
2938 1264 3143 1331 ἀκτῶν,
3181 1263 3291 1317 ἀπὸ
3314 1262 3417 1332 τῆς
3446 1260 3770 1344 ἐπιφανείας

2300 1338 2594 1423 πελάγους,
2632 1352 2744 1406 ἀπὸ
2781 1350 2875 1405 τοῦ
2911 1348 3110 1420 βάθους
3132 1346 3242 1399 τῶν
3267 1344 3495 1409 ὑδάτων,
3520 1343 3630 1399 ἀπὸ
3660 1343 3761 1413 τῆς
3791 1338 3888 1411 φύ-

2300 1455 2439 1503 σεως
2460 1437 2571 1492 τῶν
2604 1435 2905 1507 στοιχείων,
2932 1434 3027 1503 ἀφ’
3060 1425 3137 1484 ῶν
3168 1428 3427 1501 ὁκκόσμος
3455 1429 3588 1500 ἡμῖν
3626 1426 3889 1495 συνέστη-

2298 1537 2417 1585 κεν,
2449 1520 2560 1583 ἀπὸ
2592 1519 2694 1589 τῆς
2720 1515 3020 1583 διατάξεως
3044 1514 3154 1567 τῶν
3183 1511 3413 1584 καιρῶν,
3438 1510 3547 1566 ἀπὸ
3571 1510 3672 1582 τῆς
3692 1509 3887 1578 διαφο-

2301 1606 2402 1677 ρᾶς
2449 1602 2543 1659 τοῦ
2596 1588 2798 1676 μέτρου
2842 1601 2941 1672 τῆς
2977 1599 3194 1671 ἡμέρας
3238 1598 3332 1651 καὶ
3358 1596 3460 1668 τῆς
3507 1593 3739 1659 νυκτός,
3776 1588 3888 1645 ἀπὸ

2296 1676 2453 1740 νόσου
2483 1686 2579 1741 καὶ⁷
2608 1685 2851 1756 ὑγιείας,
2884 1683 2995 1738 ἀπὸ
3030 1682 3143 1736 τῶν
3200 1680 3378 1753 μελῶν
3421 1679 3531 1733 τῶν
3562 1676 3883 1749 ἡμετέρων,

2298 1769 2405 1824 ἀπὸ
2427 1768 2528 1840 τῆς
2558 1767 2911 1837 κατασκευῆς
2945 1766 3041 1837 τῆς
3074 1763 3273 1837 ψυχῆς,
3294 1762 3403 1818 ἀπὸ
3427 1762 3537 1816 τῶν
3561 1758 3764 1833 τεχνῶν
3788 1758 3884 1813 καὶ

2295 1855 2396 1925 τῆς
2455 1852 2648 1923 σοφίας
2683 1852 2785 1923 τῆς
2828 1852 2888 1905 ἐν
2936 1849 3129 1913 αὐταῖς
3170 1846 3611 1920 παρασχεθείσης
3660 1842 3739 1915 τῷ
3772 1842 3887 1896 τῶν

2296 1935 2600 2009 ἀνθρώπων
2632 1934 2813 2003 γένει,
2848 1931 2957 1987 ἀπὸ
2988 1932 3089 2001 τῆς
3128 1932 3319 2004 χρείας
3354 1930 3465 1985 τῶν
3503 1926 3884 2000 ὑπηρετουμέ-

2294 2037 2399 2072 νων
2428 2019 2561 2089 ἡμῖν
2598 2017 2815 2086 ἀλόγων
2845 2017 2941 2070 καὶ
2972 2015 3156 2086 φυτῶν
3182 2016 3277 2070 καὶ
3309 2014 3513 2086 ἐτέρων
3541 2011 3882 2081 κτισμάτων,

2296 2101 2403 2155 ἀπὸ
2426 2101 2534 2155 τῶν
2559 2101 2903 2172 μικροτάτων
2933 2098 3027 2154 καὶ
3052 2099 3452 2153 εὐτελεστάτων
3479 2095 3654 2163 ζώων.
3676 2096 3742 2148 Τί
3773 2093 3886 2164 γὰρ

2298 2184 2554 2256 μελίττης
2594 2183 2932 2256 βραχύτερον
2964 2182 3060 2237 καὶ
3092 2183 3533 2255 εἰδεχθέστερον;
3564 2180 3619 2233 τί
3648 2178 3706 2234 δέ
3742 2194 3884 2258 μυρετ

2290 2258 2490 2340 ’μὴκων
2522 2268 2617 2321 καὶ
2654 2266 2921 2335 τεττίγων
2969 2266 3386 2338 εὐτελέστερονς
3426 2264 3568 2319 Ἀλλ’
3602 2262 3752 2334 ὅμως
3790 2262 3885 2315 καὶ

2293 2347 2465 2399 ταῦτα
2509 2344 2773 2416 λαμπρὰν
2817 2345 3014 2415 ἀφίησι
3058 2345 3241 2416 φωνὴν
3286 2344 3429 2415 ὑπὲρ
3484 2346 3584 2415 τῆς
3622 2341 3715 2395 τοῦ
3745 2340 3881 2393 Θεοῦ

2295 2428 2550 2501 προνοίας
2580 2429 2676 2482 καὶ
2709 2427 2994 2497 δυνάμεως
3033 2430 3128 2482 καὶ
3164 2428 3373 2496 σοφίας.
3408 2426 3505 2480 Διά
3538 2424 3697 2479 τοῦτο
3733 2422 3827 2477 καὶ
3855 2425 3884 2475 ὁ

2294 2512 2605 2583 προφήτης,
2638 2512 2667 2563 ὁ
2709 2510 2965 2564 τοσούτου
2993 2510 3311 2583 Πνεύματος
3357 2510 3680 2580 ἠξιωμένος,
3711 2504 3883 2559 ἐπιὼν

2292 2595 2393 2667 τῆς
2430 2594 2660 2657 κτίσεως
2691 2593 2753 2647 1b
2807 2594 3000 2665 σῶμα,
3035 2594 3130 2648 καὶ
3181 2594 3338 2664 ὀλίγα
3388 2595 3527 2649 ἄττα
3570 2589 3879 2658 διεξελθὼν,

2294 2677 2557 2749 ἀνεδόησε
2588 2678 2705 2748 μετ’
2726 2676 3042 2748 ἐκπλήξεως
3068 2677 3270 2748 πολλῆς
3291 2678 3389 2749 τὴν
3412 2674 3723 2747 θαυμασίαν
3743 2674 3883 2728 ἐκεί-

2294 2781 2392 2833 νην
2422 2764 2634 2834 φωνήν·
2680 2761 2777 2828 Ὠς
2804 2763 3182 2833 ἐμεγηλύνθη
3214 2762 3289 2817 τὰ
3330 2761 3476 2833 ἔργα
3498 2774 3638 2825 σου,
3671 2756 3881 2829 Κύριε-Ι

2295 2845 2492 2905 πάντα
2513 2846 2584 2899 ἐν
2607 2846 2797 2915 σοφίᾳ
2821 2845 3139 2913 ἐποίησας.

2366 2929 2475 2981 Καὶ
2495 2927 2667 2984 ταῦτα
2700 2928 2899 2994 πάντα,
2929 2927 3203 2999 ἄνθρωπε,
3225 2925 3315 2983 διά
3343 2925 3423 2981 σέ.
3455 2924 3607 2999 [480]
3634 2923 3746 2979 Καὶ
3770 2923 3884 2995 γάρ

2296 3012 2389 3067 καὶ
2435 3012 2626 3082 ἄνεμοι
2675 3009 2764 3065 διὰ
2805 3010 2865 3065 σέ
2915 3010 2934 3081 (
2954 3012 3047 3064 ἐπὶ
3092 3010 3203 3087 γάρ
3233 3011 3335 3082 τὴν
3383 3008 3561 3081 ἀρχὴν
3594 3007 3687 3062 τὸν
3722 3006 3885 3075 λόγον

2298 3095 2639 3165 ἐπανάξομεν
2697 3095 2934 3164 πάλιν),
2985 3096 3075 3151 ἴνα
3114 3095 3183 3149 τά
3245 3093 3475 3166 σώματα
3536 3090 3886 3163 πεπονηκότα

2299 3180 2607 3251 ῥιπίζωσιν,
2632 3179 2719 3232 ἵνα
2748 3178 2840 3232 τὺν
2872 3178 2983 3232 ἀπὸ
3020 3178 3115 3232 τοῦ
3157 3177 3420 3249 βορϐόρου
3460 3175 3755 3247 μολυσμὸν,
3790 3174 3889 3228 κσὶ

2299 3263 2396 3334 τὴν
2446 3261 2737 3334 γινομένην
2768 3261 3051 3334 βαρύτητα
3095 3260 3204 3315 ἀπὸ
3246 3260 3342 3314 τοῦ
3384 3259 3595 3315 καπνοῦ
3630 3258 3735 3324 καὶ.⁸
3773 3255 3889 3311 τῶν

2299 3345 2546 3417 καμίνων
2588 3345 2683 3399 καὶ
2724 3344 2927 3417 ἐτέρων
2973 3343 3393 3415 ἀναθυμιάσεων
3434 3340 3886 3412 διακαθαίρωσιν,

2302 3430 2388 3483 ἵνα
2409 3427 2505 3500 τὴν
2524 3429 2589 3481 ἐκ
2614 3427 2713 3496 τῆς
2739 3427 2959 3490 ἀκτῖνος
2984 3426 3295 3499 θερμότητα
3320 3424 3774 3499 παραμυθῶνται,
3798 3423 3889 3477 ἵνα

2303 3512 2502 3581 κοῦφον
2528 3512 2722 3564 ποιῶσι
2745 3510 2805 3562 1b
2830 3514 3040 3579 πνῖγος,
3072 3510 3158 3563 ῐνα
3179 3511 3246 3563 τά
3274 3510 3563 3581 σπέρματα
3589 3506 3888 3579 τρέφωσιν.

2303 3597 2391 3648 ἵνα
2419 3596 2489 3648 τά
2517 3594 2661 3664 φυτά
2693 3592 2931 3658 αὐξωσιν
2954 3633 2968 3656 ,
3006 3594 3093 3647 ἴνα
3132 3611 3213 3646 σοι
3248 3595 3342 3646 καὶ
3384 3596 3442 3647 ἐν
3475 3592 3719 3661 θαλάσσῃ
3764 3608 3891 3647 συν-

2303 3678 2647 3749 οδοιπορῶσι,
2669 3678 2762 3731 καί
2793 3678 2849 3729 ὲν
2874 3678 2945 3747 γῇ
2973 3677 3072 3747 τῆς
3099 3677 3372 3748 γεωργίας
3397 3674 3665 3747 ὑπηρέται
3690 3675 3890 3743 γένων-

2303 3780 2424 3825 ται,
2464 3764 2581 3815 ἐκεῖ
2624 3760 2723 3832 μὲν
2757 3759 2945 3830 βέλους
2993 3759 3249 3831 ὀξύτερον
3292 3761 3362 3813 τά
3388 3760 3549 3814 πλοῖα
3589 3758 3887 3829 παραπέμ-

2306 3858 2533 3904 ποντες,
2577 3839 2722 3892 οὕτω
2755 3839 2843 3892 τὸν
2887 3838 3055 3892 πλοῦν
3099 3839 3300 3909 κοῦφον
3338 3840 3432 3893 καὶ
3471 3838 3687 3909 εὐμαρῆ
3718 3852 3890 3891 κατα⁹

2309 3925 2687 3989 σκευάζοντες,
2717 3921 2953 3977 ἐνταῦθα
2985 3923 3041 3977 δὲ
3080 3924 3216 3993 μετά
3250 3923 3344 3976 σοῦ
3373 3923 3475 3986 τάς
3506 3922 3718 3985 άλωνας
3757 3922 3892 3975 ἀνα·
3922 3990 3925 3995 _

2306 4007 2686 4079 καθαίροντες,
2723 4007 2817 4059 καὶ
2844 4005 2911 4059 τά
2953 4007 3131 4078 ἀχυρα
3161 4006 3255 4060 τοῦ
3286 4007 3501 4078 καρποῦ
3540 4005 3891 4077 διαχωρίζΟν-

2306 4110 2417 4157 τες,
2448 4093 2559 4145 καῖ’
2580 4091 2677 4162 τὴν
2708 4092 2773 4146 ἐκ
2816 4091 2917 4163 τῆς
2959 4093 3223 4162 ἐργασίας
3257 4092 3632 4162 ταλαιπωρίαν
3668 4093 3891 4144 ἐπικου-

2310 4175 2580 4245 φίζοντες,
2602 4176 2690 4233 ἴνα
2720 4193 2800 4231 σοι
2826 4176 2916 4230 τὸν
2945 4176 3085 4246 ἀέρα
3107 4176 3309 4244 κοῦφον
3338 4176 3432 4229 καὶ
3459 4175 3705 4246 προσηνῆ
3725 4190 3894 4227 κατα-

2312 4260 2674 4326 σκευάσωσιν,
2716 4260 2804 4313 ἴνα
2837 4277 2897 4319 σε
2941 4260 3036 4313 καὶ
3066 4259 3332 4331 ἑτέρωθεν
3361 4260 3633 4331 τέρπωσι.
3664 4258 3759 4313 νῦν
3792 4258 3892 4327 μὲν

2310 4348 2485 4417 γλυκύ
2519 4347 2613 4408 καὶ
2640 4347 2912 4418 προσηνὲς
2946 4346 3277 4419 συρίζοντες,
3301 4346 3395 4400 νῦν
3414 4347 3469 4399 δέ
3492 4346 3673 4417 ἠρέμα
3704 4346 3891 4415 φυτοῖς

2314 4430 2740 4501 προσϐάλλοντες
2775 4430 2871 4483 καὶ
2905 4429 3115 4483 πέταλα
3140 4431 3372 4506 δένδρων
3404 4429 3654 4493 σείοντες,
3689 4430 3775 4482 ῖνα
3810 4444 3896 4482 σοι

2308 4516 2399 4569 τὸν
2435 4515 2601 4569 ὖπνον
2632 4514 2726 4568 καὶ¹
2751 4514 2942 4586 θέρους
2977 4516 3071 4569 καὶ
3109 4514 3268 4584 ἔαρος
3297 4514 3416 4585 ῶρᾳ
3448 4513 3582 4585 ἡδίω
3613 4513 3705 4565 καὶ
3740 4511 3893 4583 μέλι-

2294 4612 2399 4663 ’τος
2429 4597 2762 4669 γλυκύτερον
2800 4598 3167 4670 ἐργάσωνται,
3202 4597 3291 4659 ἵν’,
3331 4599 3469 4669 ὅπερ
3510 4597 3603 4649 ἐπὶ
3638 4595 3747 4648 τῶν
3770 4594 3895 4649 δέν-

2308 4681 2450 4752 δρων
2480 4680 2715 4745 ποιοῦσι,
2752 4682 2910 4734 τοῦτο
2942 4682 3036 4734 καὶ
3084 4680 3176 4734 ἐπὶ
3226 4680 3337 4734 τῶν
3373 4679 3673 4733 θαλαττίων
3708 4676 3896 4731 νώτων

2309 4765 2699 4837 ἐργαζόμενοι,
2742 4765 2834 4818 ἐπί
2866 4782 2925 4818 τε
2981 4766 3091 4819 τῶν
3149 4764 3429 4835 ποταμίων
3473 4763 3762 4833 ναμάτων,
3804 4762 3899 4815 καὶ

2309 4852 2409 4921 τὴν
2443 4849 2766 4917 ἐπιφάνειαν
2797 4847 2977 4901 αὐτῶν
3005 4847 3447 4918 μετεωρίζοντες,
3475 4847 3674 4917 πολλὴν
3704 4862 3788 4897 σοι
3811 4846 3902 4897 ἐι.-

2276 4932 2277 4935 ’
2313 4932 2503 4986 τεῦθεν
2525 4932 2811 5004 παρέχωσι
2837 4933 2937 5001 τὴν
2977 4932 3086 4984 ἀπὸ
3118 4933 3213 5001 τῆς
3259 4932 3388 4994 θέας
3418 4932 3632 5001 τέρψιν.
3665 4932 3758 4982 καὶ
3791 4928 3901 4998 πρὸ

2312 5012 2411 5080 τῆς
2441 5011 2686 5081 τέρψεως
2722 5010 2779 5063 δὲ
2814 5010 3017 5079 ταύτης
3046 5011 3139 5063 καὶ
3174 5010 3442 5078 ὠφέλειαν
3476 5009 3757 5081 μεγίστην.
3788 5007 3901 5060 Καὶ

2312 5096 2420 5166 γὰρ
2449 5096 2681 5158 καὶτοῖς
2717 5093 2903 5149 ὕδασιν
2941 5090 3087 5149 οὑτοι
3134 5094 3227 5147 καὶ
3261 5094 3436 5159 ἄλλως
3471 5094 3761 5165 χρήσιμοι,
3796 5092 3902 5147 οὐκ

2312 5178 2563 5246 ἀφιέντες
2604 5176 2867 5247 διηνεκῶς
2915 5178 3125 5230 ἑστῶτα
3154 5177 3221 5229 τά
3246 5176 3415 5231 ὑδατα
3444 5175 3861 5247 κατασήπεσθαι
3884 5215 3901 5238 ,

2312 5260 2450 5315 ἀλλά
2473 5260 2550 5332 τῷ
2578 5258 2817 5330 συνεχῶς
2846 5260 2984 5312 αὐτά
3014 5262 3183 5313 κινεῖν
3205 5262 3300 5312 καὶ
3331 5261 3705 5331 ἀναρριπίζειν
3730 5261 3905 5330 νεαρὰ,

2316 5344 2412 5396 καὶ
2448 5345 2767 5414 ἀκμάζοντα
2814 5342 3215 5409 καθιστῶντες,
3253 5345 3347 5395 καὶ
3377 5344 3511 5415 πρὸς
3544 5344 3746 5413 τροφὴν
3793 5344 3904 5396 τῶν

2316 5429 2373 5480 ὲν
2405 5428 2589 5489 αὐτοῖς
2621 5425 2935 5495 νηχομένων
2966 5425 3120 5490 ζώων
3166 5428 3590 5497 ἐπιτηδειότερα.
3629 5429 3689 5481 Εἰ
3718 5427 3772 5480 δὲ
3808 5430 3905 5481 καὶ

2318 5509 2487 5579 αὐτὴν
2522 5508 2841 5579 βουληθείης
2899 5509 3362 5581 περιεργάζεσθαι
3398 5511 3497 5579 τὴν
3548 5511 3738 5567 νύκτα.
3780 5509 3908 5579 δψει

2320 5594 2413 5645 καὶ
2445 5591 2693 5645 ἐντεῦθεν
2723 5590 2925 5661 πολλὴν
2958 5592 3053 5645 τοῦ
3087 5592 3319 5663 Ποιητοῦ
3347 5592 3444 5663 τὴν
3481 5593 3757 5664 πρόνοιαν.
3793 5593 3909 5645 Καὶ

2321 5677 2429 5748 γάρ
2467 5673 2738 5729 ἀναπαύει
2775 5691 2856 5726 σοι
2879 5676 2940 5728 1b
2981 5674 3140 5745 σῶμα
3175 5675 3507 5745 πεπονηκὸς,
3536 5676 3632 5729 καὶ
3661 5676 3729 5730 τά
3766 5675 3908 5746 μέλη

2325 5779 2408 5813 σοι
2450 5758 2877 5828 κατατεινόμενα
2921 5762 3032 5821 τοῖς
3066 5759 3452 5829 μεθημερινοῖς
3499 5760 3683 5823 πόνοις
3719 5760 3909 5833 ἀνίησι

2328 5844 2418 5898 καὶ
2450 5841 2605 5915 χηλᾷ,
2632 5840 2917 5897 ἀλλοιοῦοα
2948 5844 3039 5897 καὶ
3062 5842 3194 5915 πρὸς
3226 5843 3411 5916 ἀκμὴν
3438 5843 3525 5897 διὰ
3554 5844 3651 5913 τῆς
3675 5846 3910 5917 ἡσυχίας
