4142 6482
211 395 303 455 693

211 524 339 565 tcum
374 509 652 581 quoddam
699 510 957 567 mundum
1000 525 1064 566 ac
1111 512 1432 583 pellucidum
1459 527 1622 583 super
1649 522 1811 583 caput

212 614 298 654 nos
311 608 450 657 trum
478 616 789 672 expansum
817 612 917 671 est,
942 618 1084 660 nunc
1111 613 1381 676 tamquam
1408 605 1631 663 ﬂoribus
1650 605 1816 663 refer-

221 698 325 748 tum
354 707 415 749 ac
442 694 784 766 variegatam
806 696 1046 752 cernitur
1077 706 1287 768 pratum
1318 739 1335 765 ,
1368 712 1629 769 suamque
1662 713 1815 754 coro-

222 800 338 841 nam
366 796 608 843 ostentat
626 788 653 841 ?
677 787 863 863 Neque
891 790 1032 845 enim
1061 805 1215 861 aeque
1234 791 1529 861 jucundum
1543 802 1626 847 est
1652 791 1812 847 inter,

221 875 306 933 diu
332 887 545 949 pratum
567 895 817 945 cernere,
846 895 911 937 ac
930 881 1222 953 jucundum
1249 892 1333 939 est
1358 892 1415 939 et
1437 898 1603 940 suave
1622 883 1813 939 ciuium

227 968 284 1027 de
308 978 467 1027 nocte
488 982 761 1043 spectare,
796 973 1093 1030 innumeris
1120 975 1393 1032 stellarum
1417 976 1637 1033 ﬂoribus
1662 977 1816 1033 undi-

224 1074 320 1132 que
342 1072 685 1127 coronatum,
726 1064 947 1121 ﬂoribus
977 1068 1066 1137 qni
1098 1082 1390 1137 numquam
1434 1077 1809 1135 marcescunt,

222 1149 310 1207 nd
341 1149 570 1207 illaesam
601 1168 754 1209 suam
798 1154 1244 1225 pulchritudinem
1279 1172 1495 1227 semper
1518 1168 1810 1214 ostentant.

221 1242 350 1309 Quid
385 1242 479 1301 illo
516 1260 705 1301 rursus
743 1246 1065 1317 jucundius,
1101 1264 1223 1307 cum
1273 1258 1433 1308 nocte
1474 1250 1589 1321 jam
1638 1251 1811 1321 pulsa,

222 1336 449 1391 necdum
498 1345 678 1399 tamen
714 1339 924 1395 oriente
957 1340 1095 1408 sole,
1120 1341 1287 1397 veluti
1330 1355 1526 1398 croceo
1580 1341 1812 1413 quodam

222 1428 384 1495 Ιιοιιιο,
402 1442 617 1484 aurorae
641 1429 948 1501 primordiis
970 1442 1319 1503 purpuratum
1340 1434 1601 1489 ornatur?
1626 1434 1810 1501 Quod-

222 1531 340 1581 nam
366 1533 534 1589 porro
568 1521 931 1590 spectaculum
960 1523 1235 1594 pulchrius
1283 1525 1492 1581 oriente
1527 1526 1630 1583 sub
1654 1542 1813 1582 auro-

220 1624 332 1673 ram
363 1612 506 1678 sole,
533 1626 655 1667 eum
698 1629 861 1684 parvo
887 1617 1147 1687 temporis
1186 1628 1461 1676 momento
1492 1628 1688 1677 terram
1731 1630 1813 1675 to-

223 1711 349 1767 tum,
380 1710 559 1764 totum
586 1720 757 1773 mare,
798 1716 1014 1763 montes
1045 1722 1255 1773 omnes,
1284 1710 1469 1776 saltus,
1513 1720 1567 1767 et
1616 1711 1807 1780 colles,

220 1794 409 1853 caelum
436 1797 749 1853 universum
776 1798 1048 1857 radiorum
1066 1802 1434 1871 sparsionibus
1460 1802 1693 1859 illustrat
1711 1845 1726 1866 .
1757 1813 1813 1860 ct

220 1895 380 1941 esuto
435 1900 774 1960 excussaque
818 1904 849 1944 a
900 1891 1080 1955 rebus,
1130 1907 1262 1963 quas
1316 1894 1486 1951 oculis
1516 1896 1808 1964 cernimus,

220 1982 414 2038 amictu
434 1984 627 2049 noctis,
647 1984 797 2040 nobis
815 1996 937 2044 ante
957 1990 1095 2044 OCUlt
1115 2004 1143 2047 s
1162 1991 1340 2047 omnia
1363 1994 1501 2050 nuda
1520 1994 1812 2066 proponit?

220 2072 347 2139 Quis
376 2074 512 2128 satis
535 2075 763 2130 iniretur
786 2091 973 2135 cursus
997 2079 1114 2150 ejus
1139 2093 1344 2140 rectum
1372 2085 1639 2154 ordinem,
1671 2088 1812 2143 inter

221 2173 294 2221 tot
318 2180 587 2222 annorum
615 2169 872 2226 circuitus
911 2170 1243 2232 immutabile
1272 2193 1335 2233 ac
1356 2194 1616 2250 nusquam
1646 2180 1810 2235 inter-

220 2269 432 2329 ruptum
462 2261 841 2331 ministerium,
868 2279 1083 2336 semper
1107 2269 1391 2327 ﬂorentem
1422 2274 1538 2343 ejus
1571 2274 1807 2345 pulchri-

221 2350 855 2423 tudinem,splendorem,
883 2356 1162 2427 fulgorem,
1196 2364 1501 2431 puritatem.
1526 2381 1662 2436 quae,
1688 2367 1811 2423 licet

218 2454 332 2494 cum
350 2448 432 2497 tot
447 2444 764 2513 corporibus
782 2447 1352 2522 misceatur,nusqu.im
1373 2465 1548 2512 tamen
1568 2459 1808 2528 inquina.

172 2544 179 2555 ·
222 2531 327 2589 tur?
344 2533 441 2589 llis
466 2533 607 2593 adde
643 2536 920 2599 utilitatem
960 2539 1273 2599 immensam
1323 2545 1376 2601 in
1422 2549 1732 2615 seminibus,
1754 2551 1806 2606 in

220 2624 491 2691 plantis,in
505 2626 779 2683 hominum
792 2634 999 2701 corpori
1007 2633 1264 2705 bns,quad
1272 2653 1330 2691 ru
1339 2637 1802 2710 pedum,pisciuni,

219 2715 371 2782 aeris,
401 2717 663 2787 lapidum,
692 2720 973 2778 herbarum
999 2724 1050 2778 in
1074 2727 1305 2795 terra,ip
1326 2732 1478 2797 mari,
1507 2732 1563 2787 in
1584 2750 1728 2801 aere,
1754 2738 1807 2792 in

216 2806 468 2862 omnibus
492 2807 732 2876 demum,
762 2826 882 2882 qua:
919 2815 1091 2878 oculis
1132 2832 1469 2889 usurpamus.
1502 2823 1559 2879 Si
1589 2824 1805 2895 quidem

216 2897 392 2958 omnia
428 2899 549 2969 ejus
572 2915 676 2970 ope
702 2902 957 2974 indigent,
996 2915 1052 2962 et
1087 2908 1133 2962 si
1183 2925 1244 2964 ca
1288 2910 1553 2978 fruantur,
1582 2917 1805 2973 meliora

217 2989 511 3045 redduntur
536 3008 550 3045 :
578 3006 753 3063 neque
794 2995 966 3053 solum
990 3012 1237 3068 corpora,
1270 3018 1443 3071 neque
1470 3005 1683 3074 plantae,
1711 3009 1806 3065 sed

215 3088 368 3137 etiam
392 3098 581 3154 aqum,
606 3085 775 3153 lacus,
809 3086 1004 3156 fomes,
1037 3089 1277 3155 ﬂumina.
1310 3106 1363 3149 et
1401 3097 1544 3151 acris
1574 3100 1683 3169 ipsa
1712 3116 1805 3157 na-

214 3192 341 3243 tura,
396 3190 524 3253 quae
570 3177 836 3243 subtilior,
887 3182 1086 3251 purior,
1141 3199 1205 3240 ac
1253 3186 1566 3255 [elluciilior
1602 3192 1803 3255 evadit.

216 3270 353 3329 lianc
374 3275 633 3330 nimirum
661 3270 733 3331 ob
756 3286 973 3332 causam
1004 3282 1061 3329 et
1081 3284 1275 3331 auctor
1298 3277 1654 3349 Psalmorum,
1681 3298 1803 3339 cum

211 3362 320 3431 ejus
366 3365 819 3435 pulchritudinem
880 3366 1041 3429 vellet
1106 3370 1451 3446 exprimam,
1514 3390 1803 3449 perennem

212 3454 550 3526 splendorem
578 3496 595 3522 ,
636 3457 862 3516 formam
901 3462 1181 3525 ﬂorentem
1218 3483 1282 3528 ac
1313 3471 1573 3539 vividam,
1613 3472 1803 3528 ﬂorem

214 3560 496 3617 numquam
514 3550 1142 3625 excidentem,ornatum,
1158 3559 1427 3630 decorem,
1447 3566 1799 3623 ministerium

214 3652 470 3710 nusquam
503 3646 882 3716 interruptum,
924 3649 997 3705 ita
1020 3649 1232 3708 dicebat
1260 3672 1273 3707 :
1303 3652 1370 3709 In
1402 3658 1507 3711 sole
1528 3661 1694 3728 posuit
1720 3670 1801 3714 ta-

214 3728 537 3819 bernaculum
565 3750 714 3789 mutu
738 3736 910 3796 (Psal.
953 3740 1041 3796 18.
1070 3742 1150 3814 6),
1193 3743 1292 3799 hoc
1321 3754 1424 3811 est,
1458 3748 1510 3803 in
1540 3750 1669 3819 ipsis
1696 3767 1801 3806 ea:-

214 3818 311 3912 lis:
338 3821 443 3879 hoc
466 3823 790 3893 subindieat,
822 3828 951 3885 dum
995 3831 1395 3892 tabernaculum
1425 3839 1517 3894 Dei
1544 3818 1794 3912 appellat.

214 3911 277 3964 Et
317 3914 427 3983 ipse
454 3926 716 3986 tamquam
753 3936 971 3990 sponsus
1010 3926 1285 3995 procedens
1329 3929 1395 3983 de
1432 3930 1655 3989 thalamo
1684 3952 1795 3990 suo.

210 4000 339 4058 Tum
365 4015 426 4061 ut
455 4005 771 4065 facilitatem
809 4013 1091 4069 ministerii
1136 4017 1274 4086 ejus,
1303 4028 1359 4074 et
1384 4022 1673 4091 agilitatem
1702 4041 1799 4083 ex-

212 4095 482 4163 primum.
512 4098 719 4157 addidit
750 4120 763 4157 :
808 4101 1096 4161 Exsultabit
1135 4119 1188 4162 ut
1225 4111 1368 4181 gigas
1401 4114 1470 4167 ad
1496 4113 1797 4173 currendum

210 4186 333 4240 riam
351 4204 523 4243 suam.
546 4188 772 4261 Deinde,
792 4197 1060 4265 quomodo
1086 4200 1217 4258 satis
1238 4203 1307 4257 sit
1324 4214 1377 4259 et
1401 4206 1631 4266 sufficiat
1650 4211 1796 4268 solus

212 4278 453 4339 universo
474 4291 741 4339 terrarum
765 4286 881 4342 orbi
912 4306 925 4343 :
955 4290 999 4347 Δ
1027 4308 1224 4349 summa
1259 4296 1384 4351 caelo
1409 4302 1627 4369 egressio
1661 4304 1792 4373 ejus,

209 4378 254 4426 et
295 4386 537 4428 occursus
566 4379 681 4444 ejus
717 4393 878 4448 usque
918 4381 988 4435 ad
1028 4400 1277 4439 summum
1304 4390 1417 4457 ccli
1441 4390 1600 4461 (Ibid.
1634 4411 1683 4449 υ.
1712 4398 1794 4466 7).

210 4461 390 4519 Postea
436 4482 602 4536 quam
642 4469 714 4524 sit
753 4474 998 4529 omnibus
1038 4476 1182 4533 utilis
1211 4489 1264 4535 et
1302 4484 1653 4542 commodus:
1684 4461 1795 4545 Noe

207 4564 274 4609 est
294 4558 380 4627 qui
402 4572 458 4613 se
482 4558 806 4615 abscondat'a
826 4565 994 4619 calore
1016 4568 1142 4636 ejus.
1166 4568 1311 4626 Licet
1331 4572 1546 4631 aliunde
1560 4561 1790 4649 quoque,

208 4646 302 4702 nisi
340 4648 479 4706 forte
502 4650 616 4720 jam
647 4651 887 4710 defessus
914 4671 993 4721 es,
1027 4660 1411 4727 providentiam
1451 4646 1791 4735 ejusintelli.

204 4750 323 4806 gere
348 4757 363 4793 :
386 4756 453 4797 ex
494 4742 748 4812 nubibus,
774 4759 838 4802 ex
867 4758 1092 4817 quatuor
1118 4753 1243 4806 anni
1275 4760 1698 4827 tempestatibus,
1725 4778 1792 4817 ex
1860 4748 1873 4759 ’

205 4828 461 4899 solstitiis,
488 4848 557 4889 es
586 4836 780 4902 ventis,
825 4853 890 4893 ex
933 4840 1089 4909 mari,
1135 4858 1199 4898 ac
1238 4844 1463 4905 diversis
1505 4854 1791 4920 generibus

206 4918 444 4991 piscium,
490 4940 563 4981 es
600 4934 761 4993 terra,
796 4936 868 4985 \et
897 4923 1362 5003 quadrupedibus,
1405 4954 1468 4995 ac
1512 4918 1793 5012 reptilibus

203 5012 562 5071 animantibus
587 5032 705 5087 qua:
732 5018 784 5072 in
812 5019 923 5089 ipsa
951 5034 1245 5091 versantur,
1274 5043 1339 5083 ex
1367 5032 1669 5090 volucribus
1698 5039 1787 5107 qui

205 5100 251 5156 in
275 5118 401 5161 aere
425 5107 676 5173 volitant,
704 5124 769 5164 es
794 5116 1154 5184 terrestribus,
1184 5118 1248 5174 iis
1263 5136 1382 5190 qua:
1403 5127 1687 5197 ancipitem
1714 5100 1790 5187 vi-

205 5202 311 5287 tam,
328 5196 534 5254 habent
562 5200 616 5254 in
646 5199 884 5269 lacubus,
914 5207 965 5260 in
1003 5207 1235 5268 fontibus
1272 5225 1327 5269 et
1366 5196 1692 5287 ﬂuminibus,
1721 5240 1790 5281 ex

205 5281 470 5345 habitabili
504 5298 673 5357 terra,
700 5307 767 5347 ex
788 5294 1113 5355 iuhahitabili
1140 5312 1195 5356 et
1234 5305 1454 5372 inculta,
1478 5325 1542 5365 ex
1573 5281 1788 5370 semini-

208 5374 296 5477 bus
321 5395 440 5448 qum
468 5394 762 5438 nascuntur
784 5401 847 5441 ex
870 5404 955 5457 ea,
982 5407 1046 5446 es
1074 5394 1370 5465 arboribus,
1404 5400 1604 5469 herbis,
1634 5406 1787 5477 plan-

204 5464 282 5532 tis,
308 5473 435 5540 quai
461 5473 516 5528 in
554 5473 786 5532 desertis
819 5490 875 5534 et
917 5497 1023 5537 non
1050 5484 1277 5542 desertis
1321 5489 1453 5547 locis
1502 5464 1783 5564 pullulant,

201 5569 314 5657 qua:
339 5561 393 5616 in
418 5564 633 5634 campis
671 5569 987 5636 germinant,
1032 5573 1091 5629 in»
1128 5579 1371 5643 vallibus,
1412 5584 1463 5639 in
1496 5561 1783 5657 montibus,

208 5644 254 5727 in
278 5651 526 5722 collibus,
556 5670 631 5710 ex
673 5656 741 5711 iis
765 5674 881 5728 qua:
908 5676 1100 5733 sponte
1142 5683 1453 5739 nascuntur,
1485 5691 1554 5730 ex
1585 5678 1648 5735 iis
1666 5644 1785 5750 quae

222 5750 317 5835 :um
340 5744 685 5813 agricultura:
714 5747 911 5815 labore,
941 5770 1005 5809 ex
1044 5756 1311 5815 cicuribus
1338 5744 1699 5835 animalibus;
1719 5789 1782 5827 ex

210 5824 344 5897 feris,
375 5840 429 5890 ιι
456 5851 521 5890 es
570 5836 940 5912 sylvestribus,
972 5852 1279 5919 mansuetis,
1324 5856 1518 5923 parvis,
1552 5862 1773 5931 magnis,

1036 398 1127 454 AD
1165 398 1293 456 EOS
1328 399 1444 468 QUI
1482 394 1977 455 SCANDALIZATI
2014 396 2211 455 SUNT.
2257 398 2385 454 LIB.
2430 398 2629 457 UNUS.

3432 400 3534 459 496

1927 525 1991 566 es
2022 510 2087 567 iis
2112 511 2303 569 avibus
2327 529 2447 583 qua:
2479 514 2703 569 hiberno
2730 521 2991 583 tempore,
3018 527 3138 583 qua:
3168 512 3378 581 aestivo,
3407 528 3531 583 qua:

1918 603 2209 658 autumnali
2239 615 2518 675 apparent,
2548 615 2602 661 et
2647 604 3121 676 quadrupedibus,
3169 614 3226 660 et
3271 604 3526 674 piscibus,

1918 703 1973 751 et
1998 695 2193 766 plantis
2212 708 2267 753 et
2293 698 2497 765 herbis,
2528 713 2592 755 ex
2638 700 2701 756 iis
2724 714 2847 770 qua:
2875 698 2927 753 in
2959 707 3117 753 nocte
3145 696 3299 763 ﬂuat,
3327 714 3448 769 quae
3476 698 3529 753 in

1919 786 2024 853 die,
2058 803 2126 844 ex
2166 789 2380 859 pluviis,
2408 800 2462 845 et
2502 805 2773 845 annorum
2817 806 3092 857 mensura,
3122 805 3209 874 ex-
3237 802 3429 857 morte,
3462 804 3533 846 ex

1918 883 2049 947 vita,
2075 897 2143 939 ex
2170 882 2353 940 labore
2382 884 2468 939 cui
2507 900 2694 941 sumus
2722 882 2939 950 addicti,
2970 899 3039 940 es
3070 883 3307 949 tristitia,
3339 898 3405 938 ex
3435 899 3531 937 vo-

1920 974 2145 1045 luptate,
2168 992 2235 1032 ex
2258 976 2393 1041 cibis
2415 986 2472 1034 et
2490 979 2705 1049 potibus
2732 979 2823 1049 qui
2866 979 3020 1035 nobis
3040 977 3150 1033 dati
3178 988 3324 1043 sunt,
3354 994 3420 1034 ex
3448 978 3532 1033 in-

1919 1068 2144 1137 stitutis,
2176 1083 2243 1125 ex
2270 1069 2496 1138 artibus,
2524 1086 2593 1127 es
2622 1070 2800 1143 lignis,
2828 1087 2895 1128 ex
2917 1070 3203 1141 lapidibus,
3232 1084 3301 1127 ex
3327 1070 3527 1127 monti-

1918 1158 2019 1214 bus
2061 1160 2381 1226 metallicis,
2426 1178 2494 1217 ex
2533 1167 2669 1219 mari
2708 1163 2852 1235 quod
2892 1163 3131 1234 navigari
3168 1163 3324 1229 solet,
3353 1177 3419 1219 ex
3461 1177 3531 1218 eo

1918 1252 2060 1322 quod
2104 1268 2211 1309 non
2242 1262 2326 1310 est
2366 1255 2687 1326 navigabile,
2719 1273 2787 1312 ex
2818 1257 3028 1324 insulis,
3058 1272 3125 1312 ex
3150 1256 3435 1327 portubus,
3460 1272 3527 1311 ex

1919 1346 2185 1415 litoribus,
2216 1363 2281 1402 ex
2307 1349 2591 1418 superficie
2618 1350 2813 1420 pelagi,
2842 1365 2909 1405 es
2944 1366 3205 1421 aquarum
3233 1347 3526 1419 profundo,

1918 1453 1988 1492 ex
2012 1438 2405 1497 elementorum
2452 1449 2664 1508 natura,
2706 1456 2774 1496 ex
2821 1439 3018 1511 quibus
3057 1440 3216 1497 nobis
3264 1437 3531 1496 conﬂatus

1918 1539 2001 1583 est
2030 1529 2281 1597 mundus,
2321 1545 2391 1587 ex
2432 1541 2733 1601 temporum
2774 1531 3149 1603 dispositione,
3189 1546 3256 1588 ex
3298 1530 3529 1585 diversis

1915 1619 2024 1675 diei
2067 1622 2347 1694 noctisque
2398 1623 2688 1691 mensuris,
2731 1638 2804 1679 es
2848 1624 3043 1680 morbo
3070 1631 3127 1680 et
3175 1623 3423 1687 sanitate,
3460 1637 3527 1677 ex

1916 1712 2175 1771 membris
2202 1713 2423 1781 nostris,
2450 1729 2517 1770 ex
2546 1715 2934 1771 constitutione
2963 1716 3180 1781 animae,
3204 1730 3270 1771 ex
3300 1714 3523 1780 artibus,

1917 1818 1980 1857 ex
2006 1804 2268 1873 sapientia
2296 1820 2453 1876 quam
2489 1806 2627 1861 Deus
2672 1807 2725 1860 in
2768 1806 2877 1861 illis
2915 1807 3099 1877 generi
3141 1805 3377 1860 humano
3414 1804 3525 1859 lar-

1916 1898 2057 1966 gitus
2085 1907 2189 1965 est,
2220 1913 2287 1953 ex
2330 1898 2555 1955 utilitate
2603 1899 2904 1965 brutorum,
2946 1898 3273 1970 plantarum,
3304 1906 3526 1954 cauera-

1918 2006 2143 2062 rumque
2169 2000 2538 2049 creaturarum
2567 2008 2689 2064 qure
2720 1992 2879 2048 nobis
2920 1992 3239 2055 inserviunt,
3272 2008 3337 2046 ex
3366 1990 3523 2045 mini-

1918 2086 2020 2140 mis
2043 2094 2098 2141 et
2120 2085 2398 2142 vilissimis
2440 2085 2782 2141 animalibus.
2822 2084 2961 2153 Quid
2988 2085 3132 2142 enim
3163 2084 3405 2149 brevius,
3434 2092 3529 2138 aut

1915 2178 2213 2235 deformius
2232 2180 2373 2249 ape?
2402 2179 2528 2251 quid
2562 2194 2725 2250 porro
2754 2178 2993 2233 formicis
3016 2186 3073 2234 et
3096 2176 3297 2234 cicadis
3325 2178 3525 2233 vilius?

1921 2272 2301 2329 Verumtamen
2323 2272 2670 2345 hmcquoque
2690 2272 2890 2329 elatam
2912 2287 3097 2328 vocem
3118 2270 3392 2336 emittunt,
3420 2286 3526 2341 qua

1917 2364 2011 2420 Dei
2038 2365 2451 2436 providentiam,
2474 2365 2747 2431 virtutem,
2773 2364 3204 2435 sapientiamque
3227 2372 3522 2441 testentur.

1914 2458 2083 2525 Quam
2114 2458 2185 2513 ob
2209 2472 2427 2514 causam
2471 2458 2634 2515 etiam
2674 2456 2960 2529 propheta,
3004 2456 3097 2527 qui
3140 2464 3289 2517 tanto
3322 2454 3527 2526 Spiritu

1914 2551 2141 2607 do‘natus
2170 2559 2288 2607 erat
2315 2592 2331 2616 ,
2374 2558 2633 2607 creatura:
2662 2564 2861 2622 corpus
2901 2563 3224 2621 percurrens
3251 2589 3267 2615 ,
3305 2554 3361 2603 et
3398 2563 3525 2603 cum

1915 2657 2081 2711 pauca
2110 2641 2355 2713 quaedam
2398 2642 2684 2713 attigisset,
2710 2657 2907 2714 magno
2929 2657 3050 2697 cum
3094 2650 3313 2712 stupore
3343 2640 3524 2696 excla-

1915 2732 2097 2800 mavit,
2122 2744 2177 2791 et
2200 2733 2501 2789 mirabilem
2528 2734 2675 2789 illam
2696 2748 2883 2791 vocem
2911 2733 3089 2789 misit:
3117 2732 3285 2799 Quam
3310 2731 3513 2801 magni-

1913 2828 2067 2895 ﬁcata
2086 2835 2204 2880 sunt
2227 2841 2383 2897 Opera
2425 2834 2538 2894 tua,
2578 2824 2846 2882 Domine!
2872 2825 3046 2881 omnia
3088 2824 3143 2879 in
3172 2823 3423 2895 sapientia
3446 2825 3523 2894 {e-

1914 2920 2026 2975 cisti
2078 2919 2255 2991 (Psal.
2286 2919 2410 2985 tos,
2439 2919 2559 2988 st).

1983 3010 2264 3083 Speciatim
2284 3013 2348 3067 de
2376 3022 2636 3067 ventorum
2665 3022 2712 3068 et
2737 3012 2897 3069 noctis
2922 3011 3141 3067 utilitate
3166 3012 3409 3083 loquitur.
3446 3040 3516 3053 --
3594 3058 3611 3074 ,

1913 3104 2089 3174 Atque
2118 3104 2232 3159 haec
2270 3105 2449 3159 omnia
2476 3114 2695 3175 propter
2722 3116 2795 3171 te,
2832 3121 2868 3162 ο
2906 3105 3091 3161 homo.
3136 3104 3270 3161 Nam
3296 3114 3351 3159 et
3374 3106 3517 3161 venti

1912 3206 2131 3266 praptcr
2157 3205 2208 3251 te
2246 3197 2455 3267 (rursus
2495 3198 2639 3253 enim
2685 3198 2751 3253 ad
2797 3197 3119 3269 principium
3157 3213 3315 3253 suum
3344 3199 3517 3253 oratio

1910 3286 2269 3359 revolvetur),
2312 3299 2371 3344 ut
2406 3288 2616 3346 defessa
2661 3305 2891 3361 corfora
2921 3290 3048 3347 ﬂatu
3092 3290 3430 3357 diventilent,
3462 3298 3515 3344 nt

1910 3392 2212 3440 Contractus
2246 3400 2311 3440 ex
2357 3386 2468 3441 luto
2507 3385 2727 3452 sordes,
2777 3395 2833 3443 et
2874 3387 3177 3442 molestiam
3220 3394 3394 3441 ortam
3447 3400 3514 3440 ex

1911 3474 2038 3528 fumi
2066 3485 2121 3530 et
2150 3477 2480 3531 caminorum
2516 3477 2851 3547 aliarumque
2878 3494 3059 3533 rerum
3084 3477 3513 3533 eshalationibus

1906 3567 2239 3640 abstergant.
2286 3578 2343 3625 nt
2392 3568 2627 3627 calorem
2680 3570 2810 3626 solis
2855 3572 3119 3642 mitigent,
3157 3581 3212 3626 ut
3252 3571 3512 3627 leviorem

1908 3676 2097 3721 aestum
2150 3660 2395 3725 reddant,
2438 3671 2497 3718 ut
2539 3662 2743 3717 semina
2788 3664 3047 3727 nutriant,
3081 3673 3140 3717 ut
3178 3663 3387 3733 plantas
3411 3678 3509 3717 au-

1906 3766 2083 3828 geant,
2116 3767 2171 3813 ut
2198 3768 2251 3814 te
2280 3754 2333 3813 in
2363 3754 2495 3811 mari
2515 3754 2860 3819 comitentur,
2888 3764 2944 3810 et
2970 3755 3024 3809 in
3047 3763 3189 3811 terra
3214 3755 3344 3810 fiant
3367 3754 3511 3825 agri-

1905 3849 2126 3905 culturae
2168 3850 2491 3919 administri,
2546 3846 2673 3903 dum
2724 3844 2833 3901 illic
2870 3846 3085 3916 quidem
3121 3862 3284 3902 naves
3320 3846 3510 3917 sagitta

1905 3940 2143 3998 velocius
2184 3942 2483 4013 impellunt,
2514 3944 2651 4001 adeo
2688 3937 2897 4002 facilem
2918 3955 3262 4018 pronamque
3291 3940 3510 4013 ιιδνίετιε

1911 4031 2110 4087 tionem
2138 4034 2391 4100 reddunt,
2421 4035 2508 4091 hic
2534 4052 2663 4092 vero
2702 4047 2879 4095 tecum
2919 4028 3075 4104 areas
3110 4044 3426 4108 expurgant,
3455 4044 3511 4091 et

1906 4125 2087 4194 paleas
2112 4140 2143 4181 a
2165 4126 2336 4182 fructu
2359 4139 2629 4199 separant,
2656 4145 2720 4186 ac
2741 4131 3016 4188 molestias
3050 4146 3271 4201 operum
3303 4130 3503 4199 levant,

1904 4224 1963 4271 ut
1988 4214 2161 4273 levem
2200 4219 2292 4274 tibi
2327 4220 2610 4292 leuemque
2634 4236 2814 4278 aerem
2844 4223 3092 4291 reddant,
3122 4232 3179 4278 ut
3205 4233 3259 4281 et
3288 4222 3506 4281 aliunde

1902 4314 1957 4362 te
1991 4306 2283 4377 oblectent,
2324 4310 2451 4364 dum
2497 4328 2641 4369 nunc
2678 4312 2897 4384 quidem
2942 4316 3176 4371 suaviter
3210 4329 3272 4370 ac
3309 4314 3508 4370 leniter

1902 4396 2136 4465 sibilent,
2168 4417 2310 4457 nunc
2351 4412 2529 4458 autem
2561 4409 2760 4460 sensim
2789 4406 2841 4459 in
2883 4405 3093 4476 plantas
3119 4420 3179 4461 se
3209 4406 3501 4469 insinuant,

1901 4498 1955 4545 et
1982 4491 2232 4549 arborum
2259 4492 2476 4549 frondes
2494 4496 2717 4566 agitant,
2745 4505 2803 4552 ut
2828 4512 3073 4551 somnum
3104 4497 3201 4553 tibi
3218 4496 3318 4553 sub
3346 4506 3503 4555 aesta-

1904 4581 1971 4635 tis
2000 4596 2062 4637 ac
2090 4583 2232 4639 veris
2258 4592 2467 4654 tempus
2489 4586 2883 4656 jucundiorcm,
2914 4588 3317 4659 dulcioremque
3344 4589 3504 4643 melle

1902 4674 2150 4740 reddant,
2182 4684 2241 4730 ut
2266 4678 2408 4746 quod
2452 4678 2504 4732 in
2548 4679 2827 4735 arboribus
2869 4680 3088 4749 faciunt,
3128 4680 3234 4741 hoc
3262 4681 3316 4738 in
3343 4679 3506 4736 dorso

1902 4767 2064 4821 maris
2087 4766 2345 4839 efﬁciant,
2391 4778 2446 4825 et
2485 4770 2537 4824 in
2580 4769 2860 4827 ﬂuminum
2902 4774 3073 4843 aquis,
3112 4772 3239 4827 dum
3290 4773 3503 4828 illarum

1899 4855 2235 4930 superﬁciem
2266 4861 2319 4916 in
2358 4862 2587 4919 sublime
2616 4863 2830 4931 tollunt,
2868 4875 2924 4921 et
2965 4867 3188 4927 multam
3217 4866 3341 4923 inde
3366 4882 3507 4938 prce-

1900 4952 2028 5007 hent
2053 4952 2145 5008 illo
2188 4954 2496 5024 spectaculo
2533 4954 2881 5023 voluptatem,
2927 4968 2982 5014 et
3012 4968 3137 5014 ante
3172 4958 3503 5029 voluptatem

1901 5042 2044 5097 illam
2076 5044 2363 5098 maximam
2402 5046 2563 5100 etiam
2606 5045 2909 5105 utilitatem.
2953 5048 3086 5102 Nam
3125 5058 3179 5105 et
3213 5051 3368 5119 aquis
3402 5050 3502 5121 ipsi

1898 5133 2096 5204 alioqui
2136 5144 2263 5189 sunt
2295 5135 2489 5202 utiles,
2541 5136 2669 5195 dum
2719 5150 2979 5207 perpetuo
3032 5149 3342 5210 stagnantes
3385 5141 3508 5197 illas

1897 5226 2165 5295 corrumpi
2198 5241 2305 5281 non
2335 5228 2546 5293 sinunt,
2594 5230 2688 5285 sed
2719 5229 2844 5284 dum
2886 5231 3001 5286 illas
3043 5230 3353 5302 frequenter
3382 5246 3502 5288 mo-

1898 5328 2041 5382 vent,
2074 5332 2138 5371 ac
2168 5318 2448 5386 ventilant,
2475 5329 2720 5375 recentes
2747 5336 2809 5375 ac
2836 5322 3040 5377 vividas
3070 5323 3323 5390 reddunt,
3351 5333 3405 5380 et
3432 5326 3501 5386 ad

1897 5408 2089 5465 alenda
2114 5410 2365 5465 animalia
2404 5427 2523 5482 qua:
2549 5412 2602 5467 in
2638 5414 2715 5468 eis
2748 5424 2952 5481 natant,
2993 5417 3247 5486 aptiores.
3272 5417 3424 5486 Quod
3454 5420 3500 5476 si

1896 5511 2107 5555 noctem
2154 5502 2321 5571 ipsam
2364 5502 2599 5559 volueris
2648 5505 2973 5574 observare,
3019 5524 3125 5563 non
3171 5510 3499 5565 mediocrem

1894 5590 2163 5646 Creatoris
2195 5592 2580 5662 providentiam
2610 5595 2734 5651 inde
2757 5611 3071 5662 cognosces.
3103 5598 3377 5669 Siquidem
3399 5599 3498 5654 de-

1896 5681 2168 5751 fatigatum
2207 5699 2402 5753 corpus
2449 5694 2597 5740 tuum
2645 5697 2875 5754 recreat,
2924 5698 2978 5745 et
3022 5690 3261 5745 membra
3289 5690 3495 5746 diurnis

1895 5773 2169 5832 laboribus
2205 5775 2433 5834 distenta
2475 5780 2697 5834 remittit
2732 5788 2786 5835 et
2813 5782 3037 5848 relaxat,
3066 5781 3376 5853 alternaque
3409 5785 3493 5839 vi-

1857 5906 1867 5920 .
1898 5866 2210 5925 cissitudine
2238 5869 2455 5939 refecta,
2495 5886 2591 5942 per
2619 5873 2852 5945 quietem
2890 5890 3075 5934 rursus
3103 5875 3170 5933 ad
3206 5876 3489 5949 pristinum
