4142 6528
651 450 756 507 495

648 567 883 637 vigorem
909 565 1140 630 reducit;
1164 581 1335 638 neque
1350 581 1476 622 vero
1501 566 1552 622 id
1579 577 1800 634 tantum,
1831 567 1922 621 sed
1947 577 1997 620 et
2024 567 2228 621 diurnis

651 668 703 714 te
734 659 991 714 molestiis
1044 658 1212 726 levat,
1263 669 1318 714 et
1367 661 1749 729 intempestivis
1796 660 1983 714 liberat
2032 661 2222 722 euris;

650 766 792 819 sirpe
818 751 975 805 etiam
999 751 1273 822 aegrotanti
1301 751 1498 806 febrem
1526 752 1832 821 exstinguit,
1861 752 1985 804 dum
2010 761 2224 805 contra-

647 842 785 896 rium
816 843 988 897 somni
1013 843 1306 898 remedium
1348 843 1582 908 adhibet,
1623 853 1673 898 et
1705 844 2024 898 medicorum
2057 852 2224 897 artem

647 942 960 989 aestuantem
988 950 1051 990 ac
1073 934 1412 991 fluctuantem
1439 935 1504 989 ad
1527 935 1864 1005 tranquillum
1895 946 2102 1005 portum
2130 936 2226 990 de-

647 1023 812 1090 ducit.
840 1035 895 1081 et
913 1042 944 1082 a
965 1028 1145 1082 multis
1172 1028 1438 1084 laboribus
1459 1027 1632 1084 reddit
1652 1027 1961 1084 immunem.
1985 1029 2062 1085 Ac
2083 1037 2226 1084 tanta

649 1130 780 1172 sane
806 1117 944 1174 illius
971 1129 1054 1174 est
1082 1119 1296 1186 utilitas,
1343 1129 1487 1176 tanta
1514 1120 1881 1188 commoditas,
1915 1129 1972 1176 ut
2017 1129 2072 1176 et
2111 1121 2226 1177 dies

649 1222 794 1278 saepe
821 1209 959 1265 male
1001 1220 1179 1279 pereat
1223 1212 1307 1276 iis,
1336 1213 1530 1282 quibus
1577 1221 1820 1282 negatum
1867 1211 2028 1267 fuerit
2057 1213 2107 1266 in
2140 1214 2224 1269 illa

649 1300 1080 1370 interquiescere.
1113 1302 1166 1358 Si
1189 1302 1330 1358 enim
1353 1303 1471 1374 quis
1491 1313 1749 1373 supponat
1777 1305 2006 1374 quietem
2033 1306 2224 1373 noctis,

648 1393 1037 1460 remissionem,
1064 1410 1128 1451 ac
1169 1398 1555 1452 relaxationem
1586 1399 1728 1465 tolli,
1779 1401 1930 1469 cujus
1966 1400 2226 1456 beneﬁcio

647 1493 838 1539 cuncta
869 1495 1193 1549 recreantur,
1219 1497 1273 1542 et
1298 1489 1471 1543 anima
1497 1487 1723 1553 defessa,
1747 1499 1800 1545 et
1819 1506 2014 1559 corpus
2039 1490 2226 1546 defatio

650 1584 852 1644 gatum,
889 1577 1111 1632 excitata
1139 1588 1192 1634 et
1219 1580 1378 1634 alacri
1419 1591 1597 1636 mente
1622 1579 1842 1636 diurnos
1884 1582 2091 1639 labores
2132 1599 2224 1653 ag-

649 1665 905 1737 greditur,
925 1669 1109 1726 inutile
1128 1671 1390 1726 redditum
1414 1671 1515 1728 hoc
1532 1673 1726 1728 animai
1745 1675 2051 1730 intuebitur.
2075 1675 2226 1743 Quod

654 1759 696 1813 sl
727 1761 846 1831 quis
871 1762 1151 1832 vigilando,
1179 1772 1230 1820 et
1257 1765 1546 1834 Operando,
1576 1766 1661 1822 vel
1698 1767 1855 1822 etiam
1883 1768 2102 1822 otiando
2127 1785 2224 1822 no-

651 1862 766 1907 ctes
787 1853 970 1908 diebus
993 1855 1173 1921 addat,
1205 1865 1258 1912 et
1284 1857 1382 1912 hoc
1415 1857 1612 1912 diutius
1635 1872 1776 1930 agat,
1811 1859 2090 1916 confestim
2114 1877 2228 1916 mo-

652 1942 838 2007 rietur,
866 1952 954 1997 aut
991 1944 1035 1998 si
1075 1945 1125 1998 id
1154 1961 1260 2001 non
1299 1947 1525 2011 accidat.
1559 1948 1711 2017 plane
1754 1949 1912 2020 longo
1952 1962 2228 2020 correptus

652 2032 838 2087 morbo
858 2033 988 2092 nihil
1014 2050 1078 2090 ex
1115 2036 1319 2091 diurnis
1359 2039 1469 2093 suis
1495 2040 1760 2095 laboribus
1789 2043 2029 2097 utilitatis
2056 2045 2228 2114 percia

654 2123 782 2190 piet,
810 2139 930 2178 cum
957 2125 1094 2180 vires
1145 2127 1259 2196 ejus
1298 2130 1506 2199 penitus
1550 2133 1740 2186 attrita:
1784 2132 1997 2199 fuerint,
2040 2144 2094 2189 et
2133 2150 2227 2189 ex-

657 2211 880 2271 ha'tstre.

721 2303 801 2362 De
814 2309 1023 2378 piscium
1046 2320 1093 2364 et
1108 2315 1330 2382 ferarum
1354 2313 1502 2367 trariis
1529 2316 1791 2385 generibus
1812 2317 2160 2388 agit—Quod
2183 2319 2227 2374 si

654 2397 913 2468 placuerit
928 2401 1229 2458 innumeras
1247 2405 1466 2472 piscium
1491 2415 1691 2461 turmas
1710 2409 1949 2464 oratione
1969 2410 2227 2480 explicata

655 2504 987 2560 percurrere,
1015 2494 1101 2562 qui
1131 2494 1326 2564 degunt
1355 2497 1405 2551 in
1449 2499 1668 2568 stagnis,
1698 2501 1748 2553 in
1777 2498 2029 2564 fontibus,
2057 2503 2146 2573 qui
2176 2504 2228 2557 in

655 2584 785 2638 mari
813 2584 1115 2655 navigabili,
1145 2589 1232 2657 qui
1266 2590 1316 2644 in
1347 2605 1414 2645 eo
1437 2593 1576 2662 quod
1605 2593 1825 2648 navibus
1848 2609 1954 2649 non
1984 2596 2229 2667 frequen-

653 2679 816 2737 tatur,
845 2673 928 2728 vel
958 2675 1001 2729 si
1030 2676 1300 2733 volucrum
1347 2679 1602 2735 immensa
1636 2691 1936 2752 spectemus
1963 2686 2227 2750 examina,

651 2779 769 2832 qua:
791 2764 842 2816 in
867 2778 1010 2831 aere,
1032 2782 1149 2837 qua:
1171 2769 1220 2821 in
1249 2777 1408 2835 terra,
1432 2787 1550 2841 quae
1580 2773 1631 2826 in
1661 2774 1811 2842 aquis
1836 2775 2017 2842 simul,
2042 2787 2094 2831 et
2117 2786 2228 2833 ter-

653 2868 708 2908 ra
741 2855 883 2928 (nam
910 2858 1148 2926 quaedam
1186 2876 1251 2915 ex
1295 2862 1398 2916 illis
1443 2863 1724 2934 ancipitem
1767 2865 1926 2920 vitam
1968 2865 2226 2938 habent),

651 2960 772 3014 quze
799 2947 1070 3004 silvestres
1096 2960 1237 3013 sunt,
1265 2952 1383 3006 alia:
1422 2954 1794 3022 mansucliunt,
1825 2957 1943 3013 alia:
1975 2971 2231 3029 perpetuo

653 3039 922 3094 silvestres
952 3054 1284 3110 permanent,
1311 3044 1430 3100 alia
1451 3046 1563 3100 esui
1592 3057 1750 3115 aptte,
1788 3049 1904 3104 alia:
1932 3065 2037 3105 non
2068 3061 2226 3121 aptze,

651 3139 707 3186 et
747 3131 1071 3202 singularum
1118 3144 1420 3190 scrutemur
1463 3137 1924 3206 pulchritudinem,
1973 3140 2104 3208 alas,
2134 3158 2228 3196 vo-

653 3237 768 3279 cem
805 3239 1086 3286 canorant:
1135 3227 1225 3281 sed
1255 3237 1306 3280 et
1353 3229 1396 3280 si
1445 3244 1626 3282 earum
1658 3239 1860 3285 tantum
1904 3231 2230 3289 diﬂ'erentias

652 3314 1011 3383 exquiramus,
1042 3316 1154 3372 sive
1185 3318 1237 3371 iu
1265 3326 1447 3382 cantu,
1487 3320 1599 3373 sive
1646 3320 1696 3373 in
1731 3321 1893 3386 victu,
1926 3331 1982 3376 et
2019 3321 2227 3378 habita-

653 3404 872 3470 tionem,
903 3421 1100 3473 mores,
1140 3422 1283 3469 usus.
1317 3418 1370 3462 et
1400 3409 1712 3475 ministeria,
1741 3412 1933 3479 quibus
1960 3413 2114 3468 nobis
2145 3415 2226 3468 in-

653 3495 915 3561 serviunt,
964 3498 1140 3550 omnia
1184 3511 1584 3568 persequantur,
1629 3509 1684 3554 et
1725 3504 2133 3572 magnitudines,
2175 3514 2227 3558 et

651 3586 1012 3656 exiguitatem,
1039 3596 1094 3643 et
1118 3599 1314 3658 partus,
1347 3599 1401 3644 et
1429 3590 1816 3659 educationem,
1849 3604 1903 3648 et
1927 3595 2141 3649 multam
2173 3598 2223 3650 in

652 3672 735 3730 bis
762 3677 1180 3747 imtnensamque
1210 3681 1536 3747 varietatem,
1566 3691 1619 3737 et
1662 3682 1762 3738 hoc
1795 3685 1963 3754 ipsum
1987 3687 2143 3740 etiam
2174 3689 2222 3740 iu

653 3766 883 3835 piscibus
933 3782 1150 3838 agamus
1174 3809 1189 3834 ,
1235 3778 1391 3840 atque
1425 3771 1546 3827 inde
1585 3774 1876 3829 orationem
1913 3776 1977 3830 ad
2011 3777 2220 3841 herbas,

650 3871 767 3926 qua
795 3857 989 3928 ubique
1019 3868 1277 3914 terrarum
1313 3875 1622 3926 nascuntur,
1653 3865 2009 3920 traducamus.
2042 3878 2095 3921 et
2125 3868 2222 3920 hn—

645 3959 766 4002 rum
813 3949 1067 4019 cujusque
1113 3947 1338 4006 fructum
1383 3963 1702 4021 spectemus,
1751 3965 1804 4010 et
1833 3955 2132 4020 utilitatem,
2173 3970 2225 4012 et

650 4053 863 4095 suavem
891 4040 1130 4106 odorem,
1155 4052 1208 4097 et
1236 4045 1487 4110 speciem,
1514 4054 1567 4098 et
1595 4047 1775 4112 situm,
1804 4057 1857 4102 et
1885 4047 2026 4111 folia,
2057 4059 2106 4103 et
2135 4066 2223 4105 co-

650 4128 839 4195 lorem,
868 4139 922 4185 et
950 4131 1189 4201 ﬁguram,
1218 4141 1272 4187 et
1298 4135 1731 4204 magnitudinem,
1775 4147 1828 4192 et
1857 4140 2216 4208 exiguitatem,

648 4228 703 4275 et
747 4221 1196 4286 commoditatem,
1237 4233 1292 4278 et
1325 4225 1576 4295 operandi
1609 4228 1793 4281 modos
1817 4269 1830 4291 ,
1862 4238 1914 4282 et
1941 4232 2215 4294 corticum,

649 4319 976 4373 truncorum.
1004 4329 1378 4386 ramorumque
1405 4317 1728 4384 discrimina,
1760 4329 1813 4372 et
1849 4331 2019 4390 prata,
2050 4333 2103 4377 et
2140 4325 2218 4376 vi-

646 4401 859 4466 ridaria,
889 4402 1080 4460 deinde
1113 4404 1179 4460 ad
1219 4406 1424 4462 diversa
1473 4419 1803 4464 transeamus
1842 4424 2098 4476 aromata,
2126 4431 2216 4465 va-

645 4491 829 4561 riaque
868 4493 1076 4548 illorum
1119 4495 1231 4550 loca
1268 4507 1693 4566 perscrutemur,
1733 4509 1786 4554 et
1825 4501 2014 4570 quibus
2049 4506 2219 4558 modis

645 4581 1066 4650 adiuveniantur,
1097 4596 1151 4641 et
1175 4598 1445 4653 curentur,
1477 4597 1530 4642 et
1567 4590 1826 4654 colantur,
1856 4601 1907 4645 et
1936 4608 2093 4662 quam
2126 4611 2222 4646 nn-

643 4671 727 4731 ltis
746 4677 861 4731 usui
887 4677 993 4731 sint
1015 4676 1082 4732 ad
1107 4677 1454 4744 medendum;
1480 4692 1671 4747 praeter
1695 4681 1806 4736 hare
1824 4694 1996 4737 autem
2016 4701 2213 4753 rursus,

641 4765 688 4819 si
718 4764 783 4818 ad
838 4775 1044 4821 montes
1093 4782 1307 4837 quoque
1357 4769 1590 4825 metallis
1620 4770 1947 4828 abundantes
1995 4775 2213 4844 gradum

644 4854 918 4920 iaciamus,
949 4858 1035 4928 qui
1072 4867 1127 4912 et
1166 4859 1262 4928 ipsi
1307 4875 1529 4914 numero
1559 4873 1679 4915 sunt
1707 4878 1808 4917 non
1858 4866 2130 4930 mediocri,
2163 4867 2231 4922 et'

639 4947 741 5002 alia
769 4948 933 5002 multo
961 4949 1108 5019 plura
1136 4950 1273 5005 inter
1299 4961 1568 5006 creaturas
1612 4956 2024 5024 pervestigemus
2054 4977 2066 5010 :
2098 4975 2215 5028 qua:

639 5041 851 5111 tandem
892 5042 1093 5106 oratio,
1132 5043 1338 5110 quodve
1382 5046 1606 5111 spatium
1659 5048 1912 5108 temporis
1958 5049 2110 5102 nobis
2151 5053 2212 5103 ad

639 5146 823 5185 eorum
877 5134 1231 5202 cognitionem
1275 5135 1664 5204 adipiscendam
1709 5137 1982 5192 sufficiet?
2047 5144 2214 5211 Atque

637 5221 754 5276 haec
781 5226 955 5278 omnia
981 5233 1196 5294 prepter
1218 5236 1268 5279 te
1291 5241 1451 5280 unum
1479 5226 1688 5281 condita
1717 5239 1858 5290 sunt,
1905 5232 1974 5282 mi
2019 5231 2209 5296 homo;

635 5321 690 5370 et
715 5321 857 5368 artes
899 5323 1114 5384 propter
1144 5325 1214 5379 te,
1244 5327 1296 5395 et
1325 5317 1580 5382 inStitota,
1606 5328 1658 5371 et
1692 5320 1956 5381 civitates,
1988 5332 2037 5375 et
2072 5323 2208 5392 pagi,

633 5417 688 5460 et
717 5421 936 5462 somnus
961 5417 1178 5477 propter
1205 5417 1276 5470 te,
1317 5419 1369 5462 et
1395 5424 1535 5463 mors
1563 5421 1776 5479 propter
1803 5424 1873 5476 te,
1897 5424 1949 5468 et
1973 5418 2074 5466 vita
2100 5433 2213 5486 pro-

633 5506 751 5565 pter
782 5505 852 5560 te,
885 5507 938 5551 et
978 5498 1225 5560 accretio,
1271 5508 1769 5570 naturaeque0per.t
1805 5514 1908 5556 tam
1949 5507 2129 5568 multa,
2158 5518 2211 5560 et

635 5587 756 5641 talis
786 5587 871 5639 hic
915 5589 1141 5642 mundus
1183 5599 1395 5658 propter
1429 5598 1479 5644 te
1529 5606 1683 5655 nunc,
1715 5602 1766 5647 et
1809 5610 1991 5648 rursus
2022 5599 2210 5650 melior

636 5690 850 5748 propter
879 5687 949 5734 te.
985 5680 1113 5734 Nam
1146 5683 1419 5735 meliorem
1453 5682 1598 5735 illum
1646 5684 1894 5746 futurum.
1939 5689 2091 5755 idque
2121 5701 2205 5742 tua

634 5784 810 5830 causa.
838 5778 985 5838 potes
1007 5785 1068 5823 ex
1095 5770 1241 5825 Pauli
1264 5773 1438 5826 verbis
1461 5789 1780 5842 Cognoscere
1812 5794 1823 5827 :
1852 5776 1915 5830 Et
1943 5779 2052 5846 ipsa
2071 5795 2206 5830 rrec:-

635 5869 747 5911 tura
777 5861 1062 5917 (Metitur
1097 5879 1126 5915 ο
1151 5862 1380 5918 servitute
1416 5865 1749 5936 corruptionis
1777 5868 1944 5936 (Rom.
1983 5873 2032 5926 8.
2061 5871 2149 5940 2i)
2185 5887 2196 5922 :

1387 451 1447 510 8.
1487 451 1767 511 JOANNIS
1804 452 2280 510 CHRYSOSTOMI
2322 453 2640 509 ARClllEl‘.
2681 452 3214 512 CONSTANTINOP.

3815 455 3917 512 ιθο

2337 565 2438 620 hoc
2465 575 2565 629 est,
2597 582 2664 622 ne
2689 567 2914 637 amplius
2955 565 3281 636 eorruptioni
3312 565 3382 620 sit
3409 565 3657 621 obnoxia.
3692 564 3829 620 Tum
3860 575 3918 621 ut

2335 659 2587 714 indicaret
2613 673 2730 714 eam
2763 667 2906 712 tanto
2935 658 3136 713 honore
3181 666 3268 712 tua
3303 671 3461 712 causa
3494 658 3804 712 decoratum
3851 655 3916 712 iri

2332 751 2593 820 subjecit:
2631 749 2698 803 In
2736 750 3008 804 libertatem
3057 751 3233 822 gloria
3280 750 3502 816 ﬁliorum
3533 748 3646 804 Dei.
3677 747 3830 817 Quod
3870 749 3914 802 si

2333 841 2485 897 valde
2525 841 2728 912 prolixa
2761 856 2868 895 non
2904 842 3056 896 ﬂeret
3083 849 3137 895 et
3165 839 3379 895 modum
3405 839 3701 894 excederet
3743 838 3916 893 oratio

2334 942 2534 999 nostra,
2562 933 2723 986 multa
2752 931 2818 987 de
2841 941 3011 987 morte
3050 930 3476 1001 philosopharer,
3505 940 3559 985 et
3589 930 3642 984 in
3671 930 3772 984 hoe
3797 943 3916 983 ma-

2333 1024 2474 1077 xime
2524 1023 2616 1077 Dei
2659 1023 2970 1092 sapientiam
3033 1031 3088 1077 et
3150 1021 3532 1090 providentiam
3580 1021 3871 1074 indicarem
3901 1060 3915 1082 ,

2333 1113 2600 1182 multaque
2627 1111 2693 1167 de
2735 1113 3094 1182 corruptione,
3139 1111 3206 1166 de
3239 1111 3407 1176 sanie,
3437 1112 3505 1166 de
3541 1111 3833 1174 vermibus,
3865 1118 3920 1165 ct

2333 1206 2509 1259 cinere
2532 1204 2782 1266 dicerem.
2815 1220 2931 1276 quae
2960 1203 3291 1274 potissimum
3333 1215 3628 1274 queruntur
3653 1213 3706 1260 et
3730 1203 3919 1274 deplo-

2334 1307 2452 1352 rant
2479 1298 2648 1364 multi,
2679 1296 2818 1367 quod
2847 1299 2896 1352 in
2931 1300 3223 1368 pulverem,
3253 1298 3306 1351 in
3331 1312 3540 1352 vermes
3576 1308 3753 1352 nostra
3791 1311 3913 1351 cor-

2333 1404 2461 1459 pora
2495 1389 2805 1445 resolvenda
2845 1389 2985 1456 sint,
3031 1398 3185 1460 atque
3228 1388 3351 1444 inde
3400 1389 3565 1459 ipsius
3601 1389 3918 1443 immensam

2335 1481 2716 1550 providentiam
2745 1496 2808 1537 ac
2846 1481 3254 1536 sollicitudinem
3285 1480 3663 1536 iudicaremus.
3703 1479 3787 1534 Ab
3821 1493 3916 1534 ea-

2331 1575 2454 1630 dem
2482 1576 2622 1630 enim
2653 1576 3000 1646 providentia,
3040 1577 3107 1630 ab
3135 1575 3320 1631 eadem
3363 1577 3597 1630 bonitate
3623 1618 3638 1639 ,
3668 1591 3768 1645 qua
3819 1589 3920 1629 nos

2333 1665 2586 1726 condidit.
2616 1681 2733 1720 cum
2762 1664 2995 1720 nondum
3013 1681 3272 1728 essemus,
3296 1665 3397 1720 hoc
3417 1668 3574 1742 etiam
3611 1675 3915 1734 promanat,

2332 1757 2471 1827 quod
2518 1761 2649 1812 mori
2689 1773 2784 1812 nos
2829 1758 3086 1827 jusserit,
3129 1767 3184 1812 et
3235 1757 3394 1811 talem
3443 1741 3600 1810 linem
3650 1755 3912 1809 nancisci.

2332 1851 2582 1918 Quamvis
2609 1851 2748 1904 enim
2794 1865 2881 1904 rcs
2910 1850 3014 1904 sint
3051 1858 3234 1902 natura
3265 1850 3511 1913 diversre,
3545 1857 3722 1900 tamen
3760 1847 3920 1901 unius

2333 1943 2581 1997 bonitatis
2604 1943 2810 2012 opiﬁcia
2833 1953 2955 1997 sunt
2981 1961 2992 1994 :
3019 1941 3444 2012 quandoquidem
3473 1955 3502 1996 e
3522 1941 3626 1994 vita
3649 1940 3922 1994 decedens

2335 2037 2492 2090 homo
2521 2037 2665 2090 nullo
2693 2037 2814 2090 inde
2856 2037 3050 2089 damno
3099 2035 3325 2088 ailiritnr
3351 2075 3364 2095 ,
3409 2033 3669 2103 siquidem
3708 2044 3764 2088 et
3791 2031 3920 2086 dum

2333 2131 2435 2183 vita
2465 2130 2731 2198 suppetit,
2776 2127 2940 2180 multa
2976 2127 3096 2181 inde
3131 2126 3272 2179 lucra
3306 2123 3521 2193 colligit,
3556 2133 3610 2176 et
3637 2136 3702 2176 ex
3743 2122 3923 2176 alieno

2332 2234 2556 2288 corpore
2602 2219 2871 2288 prOpriatn
2909 2218 3128 2285 percipit
3163 2217 3462 2269 utilitatem.
3502 2213 3636 2267 Cum
3667 2213 3808 2265 enim
3838 2213 3921 2266 vi-

2332 2313 2471 2368 derit
2512 2329 2654 2377 eum,
2695 2313 2784 2382 qui
2825 2327 2928 2365 non
2972 2311 3039 2364 ita
3080 2310 3286 2381 pridem
3316 2324 3436 2363 cum
3468 2307 3584 2376 ipso
3613 2304 3917 2371 incedebat,

2334 2408 2386 2462 in
2418 2422 2644 2472 vermes,
2678 2414 2732 2461 et
2764 2407 2986 2469 saniem,
3018 2413 3072 2459 et
3106 2404 3360 2465 cinerem,
3400 2409 3453 2454 et
3488 2399 3758 2469 pulverem
3795 2412 3922 2452 esse

2333 2499 2646 2564 resolutum,
2678 2498 2800 2552 licet
2831 2497 2996 2566 ipsius
3021 2494 3216 2550 diaboli
3243 2493 3542 2562 arrogantia
3574 2491 3920 2552 intumescat,

2336 2601 2477 2645 metu
2503 2589 2854 2656 contrahitur,
2883 2586 3208 2656 reprimitur,
3238 2584 3478 2639 modeste
3511 2598 3570 2638 se
3610 2581 3765 2650 gerit,
3801 2581 3921 2650 piti-

2335 2683 2600 2750 losophari
2621 2681 2861 2742 docetur,
2894 2679 3151 2734 bonorum
3175 2685 3446 2746 parentem
3473 2673 3825 2728 humilitatem
3861 2673 3916 2726 in

2334 2789 2483 2827 suam
2513 2781 2743 2828 mentem
2780 2770 3082 2824 introducit.
3119 2767 3190 2821 ita
3225 2767 3281 2820 iit
3307 2775 3366 2819 ut
3395 2780 3566 2835 neque
3605 2763 3693 2833 qui
3731 2778 3762 2817 e
3803 2763 3919 2816 vita

2333 2865 2596 2930 discessit,
2631 2864 2893 2918 laedatur:
2937 2860 3272 2931 recuperabit
3297 2859 3439 2914 enim
3480 2857 3580 2911 hoc
3613 2870 3806 2925 corpus
3836 2856 3920 2908 in-

2333 2965 2638 3024 corruptum
2665 2967 2717 3009 et
2749 2953 3076 3016 immortale;
3110 2963 3163 3006 et
3186 2952 3276 3021 qui
3303 2950 3476 3004 adhuc
3506 2949 3558 3004 in
3598 2948 3770 3003 stadio
3790 2964 3919 3002 ver-

2331 3057 2497 3113 satur,
2528 3063 2592 3101 ex
2619 3061 2704 3112 eo,
2737 3044 2878 3116 quod
2910 3044 3037 3099 nihil
3069 3044 3204 3098 alter
3227 3051 3311 3096 est
3340 3041 3520 3107 laesus,
3565 3039 3794 3094 maxima
3835 3038 3920 3093 lu-

2333 3159 2422 3198 cra
2450 3143 2716 3210 decerpet.
2753 3139 2865 3193 Non
2894 3137 3036 3192 enim
3068 3135 3300 3205 vulgaris
3342 3132 3618 3188 modestia:
3660 3130 3919 3200 magistra

2336 3235 2568 3287 invitam
2616 3241 2846 3285 nostram
2896 3243 3038 3283 mors
3089 3227 3228 3281 illata
3276 3233 3361 3280 est
3385 3239 3504 3294 qua:
3551 3231 3784 3277 mentem
3836 3221 3920 3274 ina

2333 3334 2521 3387 struat,
2551 3331 2603 3377 et
2631 3323 2821 3374 anima:
2861 3319 3132 3386 passiones
3159 3318 3410 3376 refrenet,
3445 3313 3632 3367 fluctus
3656 3312 3828 3373 sedet,
3863 3321 3921 3368 et

2334 3417 2761 3486 tranquillitatem
2794 3413 3027 3467 reducat.
3047 3411 3180 3464 Cum
3205 3409 3346 3463 enim
3371 3417 3478 3462 tum
3497 3422 3563 3460 ex
3594 3406 3655 3460 iis
3685 3421 3804 3473 qua:
3835 3404 3921 3458 di-

2331 3519 2413 3562 cta
2440 3517 2580 3568 sunt.
2613 3515 2720 3559 tum
2751 3520 2813 3558 cx
2851 3504 2974 3556 aliis
3007 3500 3242 3569 pluribus
3285 3497 3383 3553 hac
3420 3497 3536 3551 luce
3570 3496 3770 3550 clarius
3797 3497 3918 3549 elu-

2332 3611 2448 3654 ceat
2479 3597 2802 3667 providentia
2827 3593 2935 3658 Dei,
2971 3592 3080 3646 noli
3106 3604 3496 3660 supervacanea
3523 3589 3734 3641 curiose
3759 3601 3916 3642 scruo

2334 3692 2450 3749 tari.
2485 3705 2656 3756 neque
2681 3701 2868 3742 causas
2889 3684 3123 3737 omnium
3159 3697 3337 3736 rerum
3365 3681 3671 3749 exquirens,
3701 3693 3764 3732 ea
3792 3694 3914 3748 qua!

2329 3778 2782 3849 comprehendere
2799 3777 3003 3846 nequis,
3029 3788 3364 3843 persequere.
3386 3771 3514 3824 Nam
3538 3780 3592 3825 et
3616 3771 3714 3824 hoc
3737 3769 3910 3839 ipsum

2333 3885 2388 3927 ut
2416 3887 2656 3926 essemus
2684 3886 2748 3925 ex
2776 3867 3049 3922 sua.nobis
3075 3865 3309 3920 bonitate
3333 3865 3614 3926 concessit,
3639 3877 3743 3915 non
3766 3861 3910 3931 quod

2331 3975 2512 4020 nostro
2539 3962 2828 4017 ministerio
2857 3959 3150 4032 indigeret.
3169 3955 3350 4024 itaque
3380 3954 3674 4010 laudandus
3694 3969 3724 4007 a
3757 3953 3912 4008 nobis

2327 4068 2428 4121 est,
2459 4066 2512 4110 et
2538 4054 2858 4112 adorandus.
2891 4067 2994 4105 non
3024 4048 3181 4104 modo
3208 4046 3348 4118 quod
3385 4046 3702 4109 condiderit,
3735 4061 3911 4115 neque

2327 4147 2466 4219 quod
2514 4147 2744 4200 animam
2783 4144 3171 4211 incorporeum,
3217 4149 3273 4194 et
3301 4140 3507 4193 ratione
3535 4136 3809 4207 praeditam
3841 4139 3912 4191 sit

2327 4239 2564 4306 largitus,
2594 4250 2762 4303 neque
2783 4233 2920 4302 qttod
2947 4233 3064 4286 aliis
3087 4230 3335 4285 omnibus
3357 4229 3754 4300 prazstantiores
3779 4230 3907 4281 red-

2325 4328 2538 4389 diderit,
2569 4340 2742 4395 neque
2766 4324 2905 4393 quod
2933 4325 2981 4376 in
3013 4322 3212 4386 omnia,
3242 4335 3361 4390 quae
3383 4331 3692 4383 cernuntur,
3728 4319 3906 4373 domi-

2324 4432 2503 4472 natum
2530 4417 2800 4478 detulerit,
2845 4423 2898 4468 et
2937 4423 3248 4482 potestatein
3292 4412 3608 4481 pet-miserit,
3643 4411 3735 4481 sed
3763 4411 3908 4480 quod

2325 4510 2374 4563 id
2399 4508 2585 4577 egerit,
2614 4522 2731 4561 cum
2763 4505 2905 4559 nullo
2927 4505 3084 4558 modo
3111 4503 3261 4559 nobis
3292 4512 3488 4570 egeret.
3522 4501 3630 4555 lloc
3655 4504 3798 4556 enim
3825 4509 3910 4557 est

2326 4601 2375 4652 in
2405 4600 2519 4667 ejus
2542 4598 2773 4652 bonitate
2799 4596 3057 4660 mirabile,
3086 4594 3225 4663 quod
3247 4610 3366 4648 cum
3395 4605 3576 4646 nostro
3607 4593 3909 4646 ministerio

2323 4691 2450 4744 nihil
2485 4706 2618 4760 Opus
2640 4689 2710 4742 illi
2737 4699 2897 4752 esset,
2928 4703 3024 4742 nos
3047 4686 3369 4756 produxerit.
3403 4686 3554 4739 Prius
3580 4685 3721 4740 enim
3743 4701 3904 4753 quam

2325 4798 2420 4836 nos
2450 4783 2500 4837 itt
2540 4781 2707 4835 lucem
2737 4780 3037 4842 ederemur,
3066 4788 3119 4831 et
3149 4776 3345 4846 angeli,
3376 4783 3432 4830 et
3471 4791 3718 4845 supernru
3740 4776 3907 4829 virtu-

2323 4883 2421 4937 tes,
2467 4881 2583 4926 erat
2617 4886 2708 4923 sua
2756 4869 2921 4938 gloria
2977 4867 3229 4937 prmditns
3255 4882 3317 4920 ac
3363 4865 3610 4920 felicitate
3639 4908 3655 4933 ,
3699 4869 3793 4921 sed
3833 4866 3906 4920 ob

2319 4963 2484 5016 solam
2507 4976 2656 5014 suam
2690 4959 3064 5027 benignitatem
3095 4973 3194 5012 nos
3211 4959 3522 5026 procreavit,
3555 4964 3610 5010 et
3637 4955 3751 5010 haec
3779 4971 3902 5010 out-

2321 5053 2402 5104 nia
2424 5061 2597 5105 nostra
2613 5066 2791 5113 causa,
2816 5058 2972 5118 atque
2985 5048 3119 5103 adeo
3138 5050 3302 5100 multo
3321 5048 3432 5099 istis
3451 5047 3598 5116 plura
3613 5045 3872 5101 condidit.

2387 5143 2513 5197 CAP.
2561 5141 2691 5195 Vill.
2725 5140 2901 5194 Multa:
2922 5140 3246 5209 providemus
3266 5138 3744 5191 demonstrationem
3768 5154 3899 5202 esse,

2316 5237 2450 5304 quod
2479 5236 2559 5288 lex
2578 5233 2826 5287 naturalis
2848 5244 2894 5286 et
2933 5233 3122 5300 scripta
3145 5233 3208 5284 sit
3230 5231 3370 5295 data,
3395 5229 3630 5299 quodque
3648 5231 3784 5284 viros
3804 5231 3896 5284 cni-

2318 5327 2439 5377 mios
2465 5341 2550 5394 per
2596 5341 2714 5377 suas
2752 5323 3221 5392 transmigratioucs
3269 5321 3380 5388 fieri
3412 5322 3678 5391 magistros
3711 5323 3904 5377 curarit

2316 5434 2484 5469 earum
2518 5418 2738 5485 gentium
2765 5432 2796 5466 a
2823 5415 3000 5483 quibus
3032 5414 3453 5480 suscipiebantur,
3480 5421 3527 5465 et
3557 5411 3696 5480 quod
3720 5413 3906 5467 deinde

2315 5517 2464 5575 caput
2487 5507 2728 5559 bonorum
2771 5505 2980 5575 largitus
3002 5505 3065 5556 sit
3085 5502 3340 5574 Unigeniti
3359 5505 3438 5557 sui
3464 5502 3758 5556 aduentum.
3796 5503 3904 5557 Viri

2314 5597 2433 5660 iusti
2459 5597 2766 5664 peregrinari
2789 5597 2968 5648 coacti.
2995 5625 3061 5634 —
3091 5594 3378 5664 Propterea
3427 5610 3638 5664 quoque
3670 5595 3842 5662 legem
3872 5612 3902 5650 a

2313 5703 2370 5742 se
2399 5689 2647 5756 scriptam
2676 5687 2832 5740 nobis
2856 5686 3022 5751 dedit,
3049 5696 3102 5740 ct
3135 5687 3419 5755 prophetas
3444 5686 3608 5748 misit,
3638 5699 3703 5740 ac
3733 5687 3901 5740 mint-

2313 5779 2430 5832 cuia
2453 5779 2632 5838 edidit,
2661 5789 2714 5833 et
2740 5788 2862 5832 ante
2889 5777 3000 5832 hmc
3030 5778 3228 5838 omnia,
3253 5777 3410 5833 simul
3434 5787 3594 5847 atque
3626 5779 3901 5832 hominem

2317 5873 2485 5935 tinxit,
2511 5874 2816 5944 magistrum
2845 5887 2872 5926 ει
2898 5881 3084 5925 natura
3125 5871 3333 5925 insitam
3370 5871 3539 5942 legem
3604 5870 3820 5934 indidit,
3845 5881 3904 5924 et
