4142 6486
154 449 233 502 i0?
977 433 1067 488 AD
1107 430 1238 486 EOS
1277 427 1392 498 QUI
1431 416 1928 482 SCANDALIZATI
1960 416 2158 474 SUNT.
2204 416 2330 473 LIB.
2377 417 2576 473 UNUS.

156 573 387 630 tamquam
417 553 543 610 navi
564 553 1000 625 gubernatorem,
1031 556 1084 603 ct
1108 561 1246 616 equo
1275 543 1530 614 aurigam,
1552 536 1702 630 cogi:

154 627 406 706 lotionibus
433 645 635 700 nostris
669 657 793 698 eum
821 639 1076 710 prml'ccit.
1103 637 1179 692 lta
1214 636 1462 690 nimirum
1490 639 1544 686 et
1569 627 1702 684 Abel

157 745 297 811 ipsum
336 739 498 795 novit.
527 751 652 791 cum
701 749 806 788 non
845 741 1024 786 essent
1050 731 1236 792 literas,
1272 742 1378 781 non
1409 723 1701 795 proplietaz,

152 847 235 886 non
281 828 539 900 apostoli,
593 840 768 896 neque
831 823 1027 892 scripta
1087 821 1171 876 lex
1224 819 1557 880 institueret,
1609 811 1704 868 sed

151 920 264 990 quod
313 937 340 972 a
391 930 578 974 natura
631 918 845 971 insitam
894 915 1064 984 legem
1111 912 1350 967 haberet.
1398 908 1472 962 lta
1525 904 1702 961 Cain:

152 1031 248 1068 nam
276 1024 324 1068 et
352 1014 436 1067 ille
464 1012 644 1075 novit;
668 1019 723 1065 et
760 1019 981 1077 uterque
1017 1005 1232 1074 quidem
1270 1004 1444 1073 ipsum
1480 997 1703 1062 sciebat,

150 1119 188 1160 et
234 1105 552 1159 dominatum
603 1109 911 1171 agnoverat,
940 1097 1034 1152 sed
1076 1111 1181 1150 non
1213 1091 1458 1148 eamdem
1482 1099 1708 1158 uterque

150 1199 260 1250 viam
299 1199 567 1266 ingressus
615 1203 720 1253 est,
748 1206 934 1245 verum
980 1189 1114 1242 alter
1151 1184 1368 1257 quidem
1412 1181 1549 1246 vitii,
1572 1179 1708 1234 alter

151 1297 295 1341 autem
321 1286 549 1340 virtutis.
577 1284 954 1338 Verumtamen
988 1294 1052 1334 ne
1073 1280 1151 1333 sic
1174 1275 1387 1347 quidem
1409 1274 1580 1342 ipsum
1609 1270 1704 1326 de-

152 1379 305 1437 seruit,
328 1377 416 1430 sed
466 1386 522 1428 et
565 1376 774 1444 lapsum
799 1388 862 1426 ac
888 1370 1284 1440 supplantatum
1312 1365 1504 1430 erexit,
1529 1372 1584 1418 et
1610 1375 1706 1416 sua

151 1483 253 1523 cura
277 1468 516 1538 dignatus
544 1476 631 1521 est
658 1480 672 1518 :
707 1479 770 1519 ac
800 1464 1028 1533 primum
1060 1458 1274 1530 quidem
1315 1457 1557 1512 hortatus
1603 1463 1705 1519 est,

151 1572 192 1615 et
211 1561 467 1615 consilium
491 1558 664 1622 dedit,
691 1563 870 1626 postea
894 1570 1020 1608 vero
1047 1559 1191 1607 metu
1219 1563 1281 1605 ac
1309 1557 1542 1605 tremore
1559 1560 1708 1600 com-

153 1651 354 1717 monuit,
401 1651 658 1714 erudivit,
698 1648 928 1703 edocuit.
959 1645 1220 1714 Quoniam
1273 1649 1451 1697 autem
1501 1647 1704 1694 tantum

153 1761 315 1800 manus
341 1745 589 1799 homines
613 1743 764 1796 multi
798 1739 1164 1810 prodiderunt,
1196 1736 1334 1790 hanc
1364 1733 1578 1803 inquam
1614 1745 1706 1784 na.

152 1835 306 1891 tumlis
329 1834 592 1890 doctrinae
619 1833 918 1896 utilitatem,
951 1845 1021 1884 ne
1049 1827 1127 1882 sic
1154 1825 1368 1897 quidem
1399 1837 1492 1878 eos
1521 1821 1709 1876 dereli-

152 1927 262 1994 quit,
289 1941 454 1995 neque
480 1932 735 1980 extremo
762 1921 926 1977 exitio
947 1919 1228 1990 expositos
1247 1930 1369 1972 esse
1395 1914 1580 1978 voluit,
1613 1913 1706 1968 sed

151 2027 421 2070 constanter
445 2031 544 2071 eos
571 2014 733 2069 rebus
762 2013 909 2082 ipsis,
945 2011 1219 2066 beneficiis
1238 2050 1254 2075 ,
1282 2007 1558 2078 suppliciis
1584 2021 1707 2060 eru-

150 2107 244 2160 dire
281 2115 432 2176 atque
479 2106 776 2159 admonere
832 2117 938 2157 non
991 2104 1254 2162 cessavit,
1300 2114 1362 2154 ac
1402 2114 1495 2169 per
1536 2099 1705 2168 ipsam

152 2203 418 2250 creaturam
447 2211 572 2266 qum
611 2193 834 2265 singulis
880 2192 1070 2248 diebus
1098 2200 1374 2260 operatur,
1402 2199 1457 2243 et
1479 2203 1706 2243 consito.

155 2298 244 2341 tum
281 2288 632 2342 ministerium
675 2300 828 2340 suum
880 2285 1083 2358 implet,
1111 2297 1210 2354 per
1245 2298 1308 2338 ea
1354 2298 1473 2351 qute
1516 2290 1709 2351 prmter

151 2379 418 2446 opinionem
463 2388 521 2432 et
574 2376 1012 2432 consuetudinem
1065 2377 1216 2440 liunt,
1260 2389 1356 2443 per
1391 2388 1483 2428 eos
1511 2373 1704 2441 jnsto<,

151 2469 220 2534 qui
261 2468 323 2523 ab
363 2471 513 2524 initio
563 2470 827 2522 vixerunt.
873 2467 1144 2536 Siquidem
1191 2467 1334 2521 viros
1367 2465 1622 2528 eximios,
1655 2475 1708 2518 rt

154 2559 447 2630 philosophia
472 2575 684 2614 summa
713 2558 964 2630 prteditos
984 2558 1154 2613 eloco
1184 2558 1235 2612 in
1265 2558 1437 2612 locum
1467 2565 1704 2611 transtu-

154 2651 355 2706 lit.Nam
407 2663 460 2708 et
495 2651 768 2706 Abraham
801 2665 941 2706 nunc
981 2650 1192 2721 quidem
1239 2651 1288 2704 in
1336 2649 1701 2711 Palaestinam,

153 2759 267 2797 nunc
284 2755 448 2798 autent
480 2745 533 2798 in
567 2743 858 2814 Egyptum
889 2745 1150 2814 proficisci
1173 2744 1351 2813 jussit,
1374 2753 1428 2798 et
1457 2742 1621 2797 Jacoh
1654 2742 1703 2794 in

152 2835 358 2900 Sjriam;
389 2836 624 2908 Moysem
660 2850 842 2889 rursus
862 2837 912 2890 in
945 2834 1255 2905 Egyptum,
1291 2844 1400 2890 tres
1431 2850 1622 2903 pueros
1656 2836 1706 2888 in

156 2923 436 2992 Babylonem
456 2968 469 2983 .
497 2935 553 2980 et
586 2925 860 2980 Dauielem
881 2966 894 2987 ,
925 2936 977 2980 et
1025 2925 1361 2980 Ezechielem
1379 2965 1392 2987 ,
1418 2926 1703 3000 decentiam

153 3026 296 3070 autem
333 3018 379 3069 in
408 3017 722 3088 IEgyptum.
745 3017 944 3072 Deinde
980 3031 1109 3072 vero
1149 3019 1319 3087 legem
1350 3019 1510 3074 etiam
1529 3020 1701 3083 dedit,

152 3118 199 3156 ae
215 3105 482 3175 prophetas
514 3107 685 3175 misit,
712 3118 764 3162 et
790 3107 995 3175 afï¬‚ixit,
1018 3117 1072 3162 et
1090 3109 1427 3174 condonavit,
1450 3119 1503 3163 et
1532 3111 1702 3177 capti-

153 3197 272 3252 titati
301 3198 530 3266 tradidit,
565 3211 618 3254 et
645 3199 888 3255 libertate
916 3199 1153 3267 donavit,
1189 3216 1360 3269 neque
1387 3215 1415 3254 a
1441 3203 1703 3272 principio

151 3284 202 3339 ad
244 3289 390 3344 tinem
432 3306 605 3362 usque
651 3306 748 3360 pro
774 3305 974 3362 genere
1019 3291 1250 3346 humano
1293 3299 1487 3347 cuncta
1532 3292 1706 3349 facere

152 3378 390 3451 molirique
416 3383 674 3437 cessavit.
721 3381 903 3453 Neque
942 3383 1083 3438 enim
1132 3383 1246 3438 sola
1292 3383 1560 3450 doctrina,
1587 3400 1706 3454 qua:

152 3471 322 3526 elicitur
371 3490 436 3530 ex
487 3473 769 3538 creaturis,
798 3483 854 3529 et
909 3475 974 3529 ad
1025 3473 1119 3530 Dei
1147 3475 1504 3544 cognitionem
1531 3475 1704 3528 dedu-

152 3565 222 3624 cit,
241 3575 508 3622 contentus
556 3567 676 3634 fuit,
702 3567 793 3622 sed
824 3567 1074 3636 quoniam
1114 3565 1366 3637 permulti
1407 3581 1515 3635 pra:
1545 3567 1706 3622 nimia

152 3667 223 3704 sua
250 3655 576 3724 improbitate
607 3659 736 3712 nihil
781 3674 851 3713 ex
894 3673 956 3712 ea
1005 3656 1211 3714 fuerant
1236 3659 1586 3727 adjuti,.alias
1612 3659 1710 3714 do-

151 3744 273 3796 cendi
319 3748 426 3802 vias
475 3747 815 3817 rationesque
862 3749 1102 3814 tentavit,
1131 3763 1194 3803 ac
1225 3750 1439 3804 tandem
1481 3749 1531 3803 id
1559 3749 1702 3820 quod

151 3846 277 3903 Cnpttl
313 3849 393 3894 est
433 3841 700 3896 bonorum
744 3842 978 3895 oumium
1027 3841 1245 3911 largitus
1293 3852 1409 3908 est,
1442 3857 1707 3912 suumque

152 3924 308 3982 Fdiunt
347 3931 487 3986 misit
529 3932 785 3987 dilectum
807 3972 821 3998 ,
859 3932 1184 4003 unigenitum
1210 3974 1226 4000 ,
1262 3942 1316 3988 et
1343 3935 1432 4004 qui
1465 3935 1704 4003 ejusdem

149 4028 211 4069 est
241 4030 385 4089 atque
419 4023 534 4092 ipse
575 4034 800 4088 naturm,
830 4023 884 4077 lit
913 4022 1054 4093 quod
1083 4038 1182 4094 ego
1207 4039 1347 4090 sum,
1380 4035 1434 4080 et
1461 4027 1512 4080 in
1545 4029 1704 4081 terris

149 4106 384 4165 ambul-ms
410 4127 532 4166 cum
570 4113 875 4168 hominibus
903 4114 1340 4180 eonversabatur,
1381 4125 1435 4171 et
1471 4116 1701 4172 mandu-

150 4199 294 4263 t'abat,
320 4213 370 4256 et
398 4204 635 4270 bibebat,
666 4213 720 4258 et
743 4205 1001 4259 circuibat
1032 4215 1251 4272 terram,
1285 4207 1577 4272 instruens,
1607 4209 1705 4261 do-

150 4303 270 4356 cens,
299 4293 612 4359 admonens,
645 4295 808 4350 edens
840 4297 1115 4363 miracula,
1141 4297 1268 4352 dum
1301 4298 1474 4354 futura
1506 4301 1698 4368 przrali-

149 4390 286 4443 ceret,
312 4383 432 4438 dttm
459 4385 859 4451 cohortaretur,
893 4387 1021 4441 dum
1051 4388 1332 4443 consilium
1363 4389 1539 4453 daret,
1572 4392 1697 4445 dum

150 4479 397 4539 pateretur,
425 4475 551 4529 dum
584 4476 891 4541 sustineret,
913 4478 1037 4531 dettl
1067 4479 1421 4547 promitteret,
1443 4480 1568 4534 dum
1590 4482 1694 4536 lar-

148 4560 332 4625 giretur.
359 4567 616 4632 Quredam
643 4568 784 4622 enim
808 4569 919 4638 jam
949 4569 1072 4625 inde
1104 4571 1172 4626 ab
1204 4569 1304 4626 hoc
1333 4573 1528 4628 szeculo
1559 4590 1698 4642 prae-

150 4646 294 4717 bebat,
318 4657 557 4722 quaadam
591 4659 642 4712 in
681 4657 912 4714 futurum
945 4661 1273 4728 reservabat,
1301 4679 1420 4732 qua:
1448 4679 1506 4718 se
1535 4666 1695 4720 datu-

150 4753 241 4794 rum
277 4748 621 4812 ostendebat,
656 4763 776 4803 cum
821 4766 884 4805 ex
933 4752 1222 4818 miraculis,
1263 4768 1383 4823 qua:
1429 4756 1600 4811 adlme
1647 4758 1697 4813 in

149 4831 276 4885 terris
294 4849 566 4905 superstes
592 4841 803 4904 edebat,
829 4852 939 4895 tmn
959 4859 1022 4897 ex
1047 4859 1232 4900 earum
1250 4848 1487 4902 omnium
1516 4866 1695 4906 rerum

146 4934 304 4981 eventu
349 4943 733 5001 consequente,
774 4949 906 5002 quas
939 4945 1062 4990 ante
1104 4938 1441 5006 prmdixerat.
1471 4940 1595 5006 Quis
1623 4944 1700 4995 lo.

146 5025 292 5094 Î¿Î¹Î¹Ï‚Î¹Î¹Î¹Ï„
325 5022 572 5087 potentias
609 5020 836 5089 Domini,
876 5026 1077 5078 auditus
1116 5029 1261 5094 faciet
1311 5045 1485 5084 omnes
1522 5031 1698 5085 laudes

147 5089 410 5175 Ïƒá½·Î±á¿—Ï…Î¸Î¹Î±Î¹.
455 5113 580 5196 Ï‰Î´.
608 5113 665 5182 2)
689 5114 714 5167 á¼²
740 5113 868 5182 Quis
900 5133 1003 5170 non
1029 5089 1402 5189 Obstupescat?
1429 5125 1550 5192 quis
1591 5143 1694 5179 non

145 5199 812 5259 cOtttt'emiscatimmensam
844 5206 959 5275 ejus
986 5222 1164 5262 curam
1187 5211 1558 5276 considerans,
1587 5233 1690 5285 quo

149 5292 274 5345 Picto
303 5302 396 5357 pro
439 5295 610 5347 servis
641 5293 859 5365 ingratis
887 5298 1214 5368 unigenitum
1245 5301 1435 5357 Filium
1459 5321 1612 5360 sumn
1642 5309 1689 5362 in

146 5384 336 5471 mortem
377 5382 676 5448 tradiderit,
706 5396 934 5441 mortem
967 5388 1335 5446 detestandam
1369 5405 1423 5448 et
1469 5398 1688 5466 ignouii-

146 5470 316 5521 Iuosam
341 5485 549 5538 eorum,
581 5477 670 5545 qui
719 5479 926 5534 scelera
972 5481 1173 5536 nefaria
1211 5495 1504 5553 patrarunt,
1545 5506 1688 5544 tuor-

147 5557 500 5658 tcm.reorumi
522 5566 796 5636 Siquidem
840 5572 889 5624 in
937 5573 1148 5628 sublimi
1194 5577 1418 5634 suffixus
1457 5586 1689 5651 patibulo

144 5654 285 5736 "lict:
310 5654 589 5722 pendebat,
622 5661 1032 5730 conspttebatur,
1066 5665 1233 5736 alapis
1290 5671 1595 5729 caedebatur
1634 5687 1687 5731 et

145 5733 363 5836 flllapllis.
387 5754 442 5801 et
465 5747 898 5806 subsannabatur
922 5771 934 5814 ;
964 5770 1024 5809 ac
1055 5733 1295 5815 beneï¬cii
1327 5761 1443 5819 loco
1469 5770 1688 5836 sepelie-

144 5819 284 5896 Mur,
326 5840 374 5887 et
425 5849 830 5910 monumentum
877 5843 1255 5917 obsignabatur
1299 5869 1312 5909 :
1354 5819 1683 5929 atquâ€”ellâ€”ttt'vc

3310 412 3412 469 498

1818 536 1995 587 omnia
2038 543 2123 588 tua
2167 548 2326 589 causa
2384 548 2667 603 perpessus
2715 541 2828 597 est,
2859 541 2911 586 et
2946 529 3015 585 ob
3059 545 3178 585 eam
3205 543 3410 587 curam.

1813 642 1972 697 quam
1997 628 2217 697 gerebat
2259 627 2356 692 ttti,
2390 635 2447 680 ut
2493 625 2735 697 tyrannis
2777 623 2982 694 peccati
3028 621 3323 686 tolleretur,
3357 632 3412 674 Î¹Î¹Î¹

1815 735 1906 772 arx
1935 718 2135 773 diaboli
2161 727 2513 777 everteretur.
2551 728 2606 771 ut
2633 715 2783 771 nervi
2814 715 3003 769 mortis
3024 712 3408 768 exscinderen-

1816 822 1920 874 tnr,
1954 821 2013 864 ut
2037 811 2154 865 caali
2175 812 2352 879 januze
2383 811 2536 864 nobis
2566 808 2993 872 recluderentur,
3023 815 3078 858 ut
3109 802 3412 858 maledictio

1814 905 2112 970 deleretur,
2145 913 2200 957 ut
2233 905 2378 973 prior
2396 903 2772 957 condemnatio
2794 899 3210 961 rescinderetur,
3236 905 3292 950 ut
3319 910 3407 964 pa-

1818 995 2054 1049 tientiant
2081 995 2336 1056 discercs,
2371 1005 2427 1049 Î¹Î¹Î¹
2472 995 2809 1048 tolerantiam
2846 991 3140 1055 docereris,
3176 1003 3242 1043 ne
3283 985 3408 1054 quid

1818 1100 1885 1140 ex
1923 1084 2079 1154 hujus
2109 1086 2232 1139 vita:
2271 1086 2434 1140 rebus
2469 1085 2713 1140 molestia
2745 1095 2798 1139 te
2820 1083 3081 1148 alliceret,
3111 1094 3217 1134 non
3245 1091 3398 1137 mors,

1815 1192 1921 1232 non
1963 1177 2251 1247 ignominia
2277 1218 2290 1241 ,
2321 1192 2424 1232 non
2470 1178 2730 1243 convicia,
2754 1191 2864 1230 non
2905 1190 3119 1240 sanum,
3154 1187 3259 1227 non
3290 1185 3413 1224 vero

1815 1271 1963 1335 hera,
1993 1285 2098 1324 non
2133 1271 2468 1325 inimicorum
2499 1271 2730 1337 insidize,
2763 1285 2870 1324 non
2908 1267 3270 1333 CODlUlllClliD,
3305 1280 3411 1319 non

1817 1363 2084 1424 incursus,
2112 1378 2217 1416 non
2243 1363 2548 1427 calumnize,
2582 1379 2689 1417 non
2722 1377 2900 1432 prava:
2927 1361 3281 1430 suspiciones,
3306 1374 3412 1412 non

1815 1446 1959 1510 aliud
1989 1455 2278 1525 quidquam
2306 1455 2588 1523 ejusmodi.
2613 1455 2716 1509 Per
2736 1456 2850 1508 hare
2871 1453 3013 1510 enim
3037 1452 3215 1506 omnia
3241 1459 3413 1504 trans-

1816 1548 1909 1601 ivit
1937 1548 2046 1612 ille,
2078 1556 2359 1616 tecumque
2411 1547 2462 1601 in
2508 1548 2941 1601 communionem
2993 1545 3216 1599 istorum
3247 1542 3408 1600 vertit,

1814 1648 1866 1693 et
1903 1637 1954 1691 iu
1987 1637 2067 1690 his
2095 1638 2342 1692 omnibus
2373 1639 2646 1706 egregiam
2682 1636 2958 1693 victoriam
2990 1635 3300 1703 reportavit,
3331 1643 3411 1686 te-

1813 1745 1918 1800 que
1947 1730 2125 1784 docuit
2151 1739 2205 1784 et
2235 1730 2504 1793 instruxit,
2539 1737 2597 1783 Î¹Î¹Î¹
2621 1729 2751 1782 nihil
2781 1726 3040 1798 ejusmodi
3074 1723 3410 1781 reformides.

1816 1825 1976 1880 ALne
2017 1821 2104 1875 his
2148 1822 2364 1891 quidem
2419 1830 2706 1875 Contentus
2751 1820 2869 1886 fuit,
2904 1818 2997 1873 sed
3022 1820 3071 1871 in
3102 1817 3260 1871 melos
3291 1831 3412 1869 eum

1815 1913 2168 1977 ascendisset,
2200 1912 2522 1968 ineffabilem
2550 1912 2781 1981 Spiritus
2811 1912 3031 1983 largitus
3057 1920 3136 1966 est
3166 1911 3413 1980 gratiam,

1816 2017 1871 2059 et
1896 2006 2168 2074 apostolos
2207 2005 2371 2066 misit,
2399 2019 2633 2073 quorum
2661 2005 2728 2058 ad
2762 2002 2864 2058 hoc
2895 2003 3192 2058 miniateriu
3235 2013 3411 2056 utere-

1817 2107 1919 2150 tur.
1947 2096 2190 2164 Cinnqne
2235 2095 2355 2150 illos
2404 2105 2652 2150 cerneret
2680 2096 2801 2148 vita:
2827 2108 3104 2164 pnecones
3133 2094 3411 2146 innumera

1818 2189 1954 2242 mala
2002 2189 2232 2259 perpeti,
2261 2189 2553 2253 verberari,
2594 2188 2936 2244 contumeliis
2979 2186 3140 2250 affici,
3171 2184 3223 2240 iu
3271 2199 3450 2256 mare.

1813 2281 2052 2351 demergi
2074 2323 2088 2343 ,
2123 2281 2262 2335 tunc
2291 2296 2354 2335 ac
2386 2281 2471 2334 siti
2502 2279 2774 2350 torqueri,
2807 2278 3047 2349 quotidie
3083 2276 3334 2338 cruciari,
3362 2275 3412 2328 in

1818 2383 2074 2444 perpetuo
2105 2375 2292 2428 mortis
2325 2373 2564 2442 perieulo
2591 2373 2819 2442 singulis
2846 2372 3038 2426 diebus
3064 2370 3287 2432 verSari,
3318 2368 3416 2421 hoc

1816 2478 1902 2521 tua
1947 2483 2104 2520 causa
2148 2466 2507 2537 permittebat,
2541 2475 2594 2520 et
2634 2465 2704 2520 ob
2740 2465 2814 2519 Î¹Î¹Î¹á½·
2849 2479 3056 2519 curam.
3091 2463 3315 2530 Plâ€˜Opltâ€˜r
3341 2469 3412 2518 te.

1815 2561 1884 2613 nti
1917 2562 2095 2622 homo,
2119 2571 2171 2614 et
2199 2575 2425 2629 regnum
2453 2560 2708 2614 caelorum
2747 2556 3086 2630 praeparavit,
3119 2563 3335 2624 propter
3364 2565 3414 2607 te

1816 2653 1950 2706 bona
2002 2652 2310 2719 ineffabilia,
2336 2661 2535 2707 sortem
2579 2652 2723 2706 illam
2769 2661 2822 2705 et
2849 2649 3322 2726 conversatiOnent
3354 2646 3408 2699 in

1813 2743 1978 2806 emlis,
2008 2744 2184 2797 varias
2227 2743 2538 2797 mansiones
2581 2753 2741 2811 atque
2778 2739 3087 2796 dillâ€˜erentes
3130 2735 3408 2792 beatitudi-

1815 2849 1970 2893 nem,
1997 2847 2156 2902 quam
2206 2832 2353 2886 nulla
2407 2842 2582 2899 potest
2621 2833 2795 2886 oratio
2833 2831 3129 2900 explicare.
3161 2830 3296 2884 Cum
3337 2836 3414 2880 tot

1814 2940 1939 2992 ergo
1966 2925 2059 2978 tibi
2085 2935 2368 2994 suppetant
2403 2926 2517 2993 ejus
2549 2925 2740 2979 indicia
2789 2924 3158 2994 providentim,
3189 2938 3309 2976 cum
3361 2924 3412 2976 in

1813 3016 1982 3082 Novo,
2009 3027 2119 3071 tum
2163 3018 2212 3071 in
2241 3015 2423 3071 Veteri
2468 3017 2840 3081 Testamento,
2872 3031 2992 3071 cum
3043 3016 3095 3069 in
3135 3014 3235 3069 hac
3284 3022 3412 3076 vita;

1815 3121 1925 3166 tum
1964 3112 2015 3164 in
2063 3109 2258 3173 futura,
2293 3120 2400 3163 tam
2429 3110 2598 3164 futura
2626 3125 2784 3180 quam
2813 3125 2933 3179 quze
2955 3109 3064 3178 jam
3095 3115 3411 3169 evenerunt,

1811 3218 1932 3275 qua:
1958 3203 2184 3272 singulis
2208 3202 2397 3256 diebus
2432 3201 2581 3267 litutt,
2608 3217 2727 3272 quae
2763 3217 2792 3254 a
2823 3201 3104 3270 principio,
3132 3215 3249 3270 qum
3278 3205 3410 3252 tem-

1814 3309 1944 3366 pore
1973 3295 2279 3365 interjecto,
2308 3310 2426 3364 que
2455 3294 2506 3348 in
2538 3296 2662 3360 line,
2693 3311 2811 3363 qua:
2837 3303 3092 3363 perpetuo
3114 3293 3405 3353 durabunt,

1813 3401 1934 3456 quae
1959 3386 2028 3440 ad
2054 3400 2271 3457 corpus,
2303 3402 2422 3455 qua:
2449 3386 2513 3441 ad
2538 3387 2770 3439 animam
2793 3386 3078 3453 pertinent,
3109 3396 3163 3440 et
3192 3400 3314 3439 cum
3335 3385 3410 3437 vi-

1812 3476 1942 3532 deas
1986 3477 2220 3546 undique
2278 3478 2798 3532 demonstrationunt
2854 3477 3100 3532 examina
3160 3475 3405 3546 prodire,

1812 3585 1932 3641 quae
1977 3572 2367 3641 providentiam
2408 3571 2522 3641 ejus
2567 3571 2893 3641 praedicant,
2940 3570 3115 3626 adhuc
3153 3568 3366 3623 dubitas
3388 3573 3410 3620 â€˜I

1817 3661 1925 3717 lino
1953 3679 2059 3717 non
2087 3663 2319 3727 dubitas,
2344 3664 2436 3716 sed
2465 3662 2641 3717 credis
2662 3677 2783 3716 eum
2820 3661 3206 3731 providentiam
3237 3670 3290 3714 et
3316 3675 3409 3713 cu-

1815 3771 1929 3809 ram
1954 3771 2162 3825 gerere,
2198 3757 2395 3825 tibique
2420 3756 2520 3809 hoc
2551 3757 2722 3824 ipsum
2753 3755 3084 3824 persuasisti.
3117 3751 3256 3808 Nihil
3281 3768 3411 3822 ergo

1812 3847 2041 3918 amplius
2087 3851 2297 3902 curiose
2346 3849 2602 3918 inquiras,
2649 3863 2771 3901 eum
2823 3847 2926 3902 hoc
2971 3848 3139 3916 probe
3184 3846 3325 3918 scias
3358 3856 3408 3900 te

1817 3941 2101 3995 Dominum
2148 3951 2360 3994 nactum
2407 3957 2546 4004 esse,
2580 3941 2668 4010 qui
2720 3950 2770 3994 te
2817 3940 2983 3993 multo
3026 3939 3212 4009 diligat
3240 3939 3404 3993 vehe-

1813 4035 2042 4088 mentius
2063 4051 2219 4103 quam
2252 4043 2453 4103 patres,
2484 4034 2571 4104 qui
2614 4034 2782 4104 magis
2809 4049 2968 4103 quam
3000 4044 3197 4087 matres
3232 4033 3302 4087 sit
3339 4031 3406 4086 de

1814 4141 1866 4180 te
1909 4126 2187 4190 sollicitus,
2220 4126 2308 4195 qui
2348 4125 2627 4179 ardentius
2680 4140 2840 4194 quam
2886 4139 3118 4193 sponsus
3161 4132 3304 4178 amet
3353 4132 3405 4175 et

1809 4231 2027 4284 sponsa,
2050 4227 2104 4270 et
2134 4225 2274 4270 litant
2304 4217 2528 4271 salutem
2560 4232 2684 4270 suas
2726 4216 2948 4270 delicias
2969 4217 3279 4278 arbitretur,
3314 4215 3402 4284 qui

1809 4310 1879 4364 ob
1906 4308 2049 4362 illam
2082 4311 2247 4378 magis
2276 4308 2503 4374 Lutetur,
2532 4324 2689 4376 quam
2714 4318 2765 4361 tu
2796 4324 2918 4362 cum
2949 4323 2978 4360 a
3010 4307 3259 4376 periculis
3286 4307 3400 4362 fue-

1811 4402 1884 4455 ris
1913 4414 1966 4456 et
1994 4419 2024 4454 a
2056 4412 2228 4455 morte
2261 4400 2514 4456 liberatus
2539 4402 2556 4472 (
2580 4400 2629 4454 id
2657 4401 2796 4469 quod
2824 4416 2889 4454 ex
2919 4399 3054 4455 Jona
3080 4400 3399 4470 patefactum

1808 4495 1932 4562 est),
1962 4504 2018 4548 ct
2053 4509 2214 4547 omne
2252 4508 2418 4560 genus
2449 4493 2687 4545 caritatis
2711 4490 2980 4555 exhibeat,
3007 4491 3148 4561 quod
3177 4505 3300 4560 erga
3335 4491 3399 4544 li-

1810 4583 1967 4638 beros
2010 4599 2118 4652 pra:
2162 4599 2219 4637 se
2263 4586 2363 4637 fert
2411 4595 2580 4653 pater,
2612 4593 2704 4636 aut
2730 4594 2901 4637 mater
2927 4597 3053 4653 erga
3080 4598 3231 4636 suam
3275 4597 3401 4651 pro-

1810 4673 1936 4739 lem,
1979 4684 2071 4729 aut
2121 4690 2248 4743 erga
2298 4678 2506 4743 plantas
2549 4675 2806 4744 agricola,
2840 4674 2981 4729 circa
3028 4691 3178 4730 suam
3226 4684 3399 4729 artem

1805 4767 2153 4832 architectus,
2185 4782 2310 4836 erga
2341 4783 2593 4836 sponsam
2621 4783 2771 4821 suam
2799 4782 3059 4838 sponsus,
3089 4784 3214 4838 erga
3241 4769 3399 4838 virgi-

1805 4873 1928 4912 nem
1951 4857 2298 4921 adolcseeus;
2337 4869 2496 4924 atque
2523 4874 2550 4911 a
2585 4867 2632 4912 te
2662 4861 2844 4926 procul
2873 4860 3060 4912 abesse
3088 4860 3222 4911 mala
3253 4849 3396 4912 desi-

1804 4948 1975 5013 derat,
2002 4960 2260 5018 quantum
2311 4951 2379 5003 ab
2417 4949 2709 5019 Oct-idente
2744 4949 2907 5004 distat
2956 4950 3167 5012 Oriens,
3197 4962 3397 5019 quanto

1799 5043 1961 5097 altius
1987 5051 2072 5098 est
2099 5052 2236 5097 terra
2265 5043 2456 5098 caelum
2491 5042 2636 5113 (nam
2667 5017 2722 5098 eâ€™t
2776 5043 2879 5098 hoc
2921 5057 2952 5096 a
2998 5043 3154 5099 nobis
3177 5044 3397 5098 demon-

1800 5147 2024 5192 Stratum
2052 5139 2179 5209 est),
2229 5141 2336 5192 imo
2381 5154 2509 5192 vero
2558 5154 2664 5192 non
2724 5147 2928 5191 tantum
2986 5139 3181 5202 Solum,
3214 5141 3306 5194 sed
3345 5150 3397 5192 et

1801 5234 1968 5284 multo
1995 5234 2242 5300 amplius,
2276 5241 2333 5284 ut
2366 5247 2394 5284 a
2433 5233 2584 5285 nobis
2619 5231 2897 5299 probatum
2929 5239 3035 5296 est,
3062 5247 3182 5284 cum
3213 5233 3277 5286 de
3310 5233 3393 5284 bis

1799 5338 2099 5376 Sermonem
2135 5325 2556 5387 iustitueremus,
2591 5334 2643 5376 et
2681 5323 3039 5389 hortarentur,
3073 5335 3128 5378 Î¹Î¹Î¹
3161 5326 3210 5378 in
3241 5342 3387 5378 cem-

1802 5416 2164 5480 paratiouilms
2208 5431 2313 5468 non
2361 5415 2748 5479 subsisteretis,
2799 5414 2892 5468 sed
2939 5430 3031 5468 eas
3073 5416 3394 5483 cogitatione

1803 5506 2268 5559 transcemleretis.
2321 5505 2502 5573 Neque
2543 5506 2685 5558 enim
2734 5505 2864 5556 satis
2916 5505 3167 5573 explicati
3221 5514 3392 5573 pnlcSl

1800 5595 2130 5660 providentia
2161 5595 2361 5654 divina,
2386 5611 2560 5662 neque
2592 5594 2755 5660 ipsius
2781 5608 2908 5647 cura
2942 5603 3118 5649 tuente
3145 5611 3388 5662 compre-

1798 5686 1953 5738 hendi
1975 5701 1987 5738 :
2011 5687 2289 5742 iuellâ€˜abilis
2335 5698 2418 5742 est
2463 5689 2670 5741 bonitas
2696 5688 2833 5755 ejus,
2864 5696 2916 5742 et
2948 5685 3391 5756 ininvestigabilis

1794 5777 1908 5844 ejus
1935 5778 2241 5831 clementia.

1873 5866 1992 5923 Non
2031 5869 2278 5925 curiosius
2331 5870 2604 5924 scrutanda
2662 5878 2774 5926 sunt
2814 5887 2966 5942 (ÏˆÎµÎ¹-Î±
3006 5868 3120 5927 Dei.
3159 5870 3392 5928 dctiwtct
