4142 6508
752 465 852 521 ιω

748 577 1050 631 medicorum
1100 592 1198 628 non
1237 573 1602 627 (maritimum.
1633 599 1706 611 —-
1733 568 1856 622 ιιωρ
1882 566 2041 636 igitur
2081 563 2171 616 tibi
2201 577 2320 615 eum

746 668 1017 737 explorata
1042 667 1145 721 sint
1174 669 1374 726 omnia,
1404 678 1523 717 cum
1554 677 1621 714 ex
1653 659 1755 713 illis
1792 672 1908 726 qnce
1937 652 2314 725 pronuntiavit,

746 765 852 810 tum
884 773 949 813 ex
990 756 1095 811 illis
1135 772 1254 825 qum
1299 755 1485 825 gessit,
1514 766 1735 819 quaeque
1776 757 2023 816 gesturus
2071 753 2174 807 est,
2210 739 2319 794 noli

744 848 951 902 curiOse
974 846 1291 916 disquirere.
1322 858 1491 913 neque
1516 842 1759 903 scrutari,
1790 851 1961 907 neque
1986 836 2183 895 dicere,
2210 832 2317 886 Cur

744 940 881 995 huc?
906 940 973 994 ad
1012 940 1138 1009 quid
1178 937 1315 993 hoc?
1338 940 1525 991 Annon
1554 934 1695 987 enim
1739 930 1922 985 furiosi
1968 928 2197 983 hominis
2234 934 2319 980 est

744 1032 861 1096 hoc,
888 1041 945 1086 et
986 1046 1246 1091 summam
1295 1029 1615 1082 dementiam
1666 1035 1719 1080 et
1766 1023 2023 1078 insaniam
2065 1021 2231 1090 sapit,
2266 1018 2317 1071 in

744 1122 1004 1177 medicum
1036 1120 1250 1191 quidem
1296 1120 1507 1173 curiose
1547 1132 1651 1171 non
1695 1117 1960 1183 inquirere
1987 1112 2111 1165 dum
2148 1118 2315 1176 secat,

742 1213 866 1266 dmn
891 1214 1014 1279 urit,
1043 1213 1167 1266 dum
1198 1212 1388 1266 acerba
1439 1210 1823 1263 medicamenta
1856 1204 2103 1273 applicat,
2130 1215 2319 1271 quam-

744 1306 821 1357 vis
848 1320 1030 1359 servus
1056 1306 1153 1375 sit,
1190 1304 1284 1357 sed
1326 1318 1447 1357 cum
1478 1302 1693 1357 silentio
1719 1300 1895 1369 jacere
1915 1296 2187 1350 dominum
2217 1293 2315 1347 ista

745 1398 1054 1463 patientem,
1083 1396 1237 1463 eique
1272 1406 1486 1463 propter
1518 1394 1652 1447 hanc
1683 1392 1943 1445 ustionem
1971 1388 2193 1458 gratiam
2224 1386 2314 1437 Ita-

743 1493 888 1553 bere,
911 1505 971 1543 ac
1010 1500 1227 1559 propter
1271 1489 1565 1543 sectionem
1605 1499 1667 1540 ac
1706 1482 2121 1543 medicamenta;
2160 1478 2317 1546 idque

739 1596 858 1635 cum
892 1582 1151 1635 incertum
1193 1580 1265 1633 sit
1308 1578 1577 1639 futurum;
1611 1590 1753 1643 sa'pe
1786 1588 2013 1641 namque
2042 1571 2236 1624 multos
2264 1568 2313 1621 id

738 1672 942 1743 agendo
980 1671 1389 1732 interfecerunt;
1435 1670 1589 1737 eique
1633 1664 1841 1736 penitus
1888 1663 2184 1730 subjectum
2224 1676 2319 1729 pa-

741 1781 879 1828 rere,
902 1764 1025 1817 dum
1058 1764 1107 1817 id
1139 1763 1267 1833 agit,
1299 1761 1544 1829 idemque
1566 1774 1692 1830 erga
1723 1769 1935 1812 nautam
1980 1764 2033 1810 et
2078 1755 2316 1809 architro

738 1867 903 1919 ctum,
928 1855 1011 1908 vel
1043 1869 1165 1924 erga
1188 1864 1414 1909 caeteros
1443 1852 1530 1920 qui
1558 1850 1803 1905 diversas
1834 1857 1976 1903 artes
2004 1846 2317 1917 proﬁtentur

742 1955 991 2016 prtestare
1016 1962 1029 1998 :
1054 1946 1353 2007 ridiculum,
1390 1945 1626 2013 inquam,
1656 1941 1864 1996 censeri
1916 1940 2187 1995 hominem
2217 1939 2315 1992 im-

740 2036 962 2106 peritum
1002 2045 1056 2089 et
1095 2036 1429 2105 inexpertum
1481 2046 1668 2088 causas
1709 2033 1969 2096 omnium,
2002 2045 2120 2101 qum
2161 2031 2311 2094 litmt,

737 2128 805 2182 ab
828 2127 1031 2182 artifice
1058 2127 1347 2196 requirere,
1372 2124 1686 2195 sapientiam
1709 2134 1886 2178 autem
1919 2122 2059 2176 illam
2089 2121 2312 2175 immeo.

738 2234 851 2274 sam
872 2262 885 2285 ,
928 2219 1242 2273 inelfabilem
1264 2260 1279 2281 ,
1312 2216 1732 2287 inexplicabilem
1756 2258 1770 2279 ,
1804 2213 2313 2284 incomprehensibi-

738 2312 838 2366 lem
878 2313 1087 2365 curiose
1116 2311 1339 2363 scrutari
1360 2348 1376 2374 ,
1404 2321 1457 2364 et
1486 2323 1581 2362 cur
1612 2308 1711 2362 hoc
1738 2307 1817 2360 vel
1849 2306 1975 2359 illud
2009 2306 2098 2357 fiat
2124 2304 2312 2374 exqui-

737 2418 875 2466 rere,
903 2403 1059 2471 idque
1082 2418 1200 2455 cum
1234 2404 1397 2470 probe
1426 2401 1729 2453 noverimus
1752 2400 1803 2452 in
1836 2398 1972 2453 hanc
2000 2399 2310 2464 sapientiam

736 2505 974 2546 ermrem
1025 2506 1128 2543 non
1164 2488 1385 2555 cadere,
1424 2504 1667 2559 magnam
1704 2487 1819 2558 ejus
1849 2503 1969 2543 esse
2000 2487 2310 2547 bonitatem,

737 2582 1144 2638 inenarrabilem
1186 2582 1301 2650 ejus
1327 2596 1446 2635 esse
1475 2580 1880 2649 providentiam,
1904 2577 1969 2632 ad
2002 2578 2158 2631 linem
2190 2596 2312 2646 pro-

735 2688 949 2742 sperqu
980 2674 1155 2727 omnia
1176 2673 1471 2741 pervenire,
1498 2688 1617 2741 ιιυ;υ
1644 2672 1710 2725 ab
1737 2670 1827 2724 illo
1847 2681 2023 2724 nostra
2042 2685 2195 2723 C.‘|Il~:|
2218 2685 2314 2739 ge-

736 2776 922 2818 runtur
952 2781 963 2814 :
994 2764 1237 2818 modone
1260 2772 1458 2817 nostra:
1485 2778 1693 2831 quoque
1724 2776 1901 2830 partes
1926 2760 2122 2825 desint;
2146 2762 2314 2815 nemi-

734 2872 857 2912 nem
895 2856 1040 2910 illum
1084 2856 1258 2924 perire
1285 2855 1439 2920 velle,
1463 2870 1649 2908 otttnes
1688 2855 1863 2907 salvos
1896 2851 2073 2907 facere
2101 2864 2154 2908 et
2180 2854 2314 2908 velle

733 2957 790 3003 et
820 2948 1007 3017 posse?
1040 2950 1227 3001 Annoo
1262 2947 1419 3015 igitur
1448 2956 1528 3000 est
1568 2954 1823 2999 extrema:
1869 2942 2149 2999 dementia:
2181 2944 2311 2999 faci-

735 3053 837 3093 nus
863 3053 1005 3103 eum,
1030 3039 1118 3107 qui
1146 3037 1322 3091 salvos
1349 3038 1523 3091 facere
1548 3034 1766 3090 cunctos
1811 3044 1865 3089 et
1893 3036 2015 3091 velit
2044 3045 2098 3090 et
2125 3036 2311 3106 possit,

733 3130 942 3185 curiose
969 3131 1191 3183 scrutari
1214 3128 1323 3199 jam
1349 3144 1377 3182 a
1418 3128 1696 3199 principio,
1725 3138 1779 3183 et
1805 3143 1835 3182 e
1872 3128 2115 3198 vestigio,
2142 3143 2314 3199 neque

732 3217 890 3274 linem
918 3234 1102 3273 eorum
1130 3236 1245 3287 qua!
1265 3228 1524 3289 geruntur
1543 3217 1890 3285 exspectare?

800 3308 926 3365 Cu.
956 3309 1044 3363 IX.
1079 3308 1201 3363 Non
1238 3325 1347 3363 esse
1391 3309 1587 3363 curiose
1626 3309 2014 3379 inquirendum,
2054 3319 2099 3363 et
2146 3327 2312 3365 rerum

734 3404 883 3471 ﬁnem
923 3402 1314 3470 exspectandum
1351 3418 1478 3455 esse.
1504 3430 1577 3441 —
1608 3400 1883 3469 Prtecipue
1913 3416 2037 3455 vero
2064 3416 2187 3457 cum
2220 3418 2310 3457 ne-

732 3510 835 3564 que
859 3510 889 3548 a
918 3496 1197 3564 principio,
1223 3510 1398 3565 neque
1425 3494 1677 3564 deinceps
1702 3494 1912 3549 curiose
1937 3494 2006 3547 sit
2038 3495 2310 3565 inquiren-

731 3588 889 3653 dum;
916 3590 1055 3658 quod
1085 3588 1130 3643 si
1159 3586 1294 3642 adeo
1322 3588 1567 3641 curiosus
1586 3600 1649 3640 ac
1674 3585 1899 3655 diligens
1925 3596 2186 3642 scrutator
2213 3589 2306 3653 sis,

735 3681 893 3735 finem
916 3690 1185 3751 exspecta,
1217 3691 1268 3734 et
1303 3694 1459 3747 quem
1492 3678 1702 3733 tandem
1735 3678 1936 3757 exitum
1957 3678 2055 3732 ista
2083 3681 2311 3734 sortian-

735 3782 825 3827 tur
844 3773 1143 3836 eonsidera,
1172 3787 1343 3841 neque
1375 3771 1602 3825 turberis
1647 3779 1737 3825 aut
1773 3772 2026 3825 terrearis
2052 3787 2081 3825 a
2112 3774 2308 3841 princi-

733 3866 841 3934 pio.
867 3863 1301 3932 Quandoquidem
1338 3865 1452 3917 auri
1499 3878 1708 3934 quoque
1758 3864 1991 3918 fusorcm
2034 3865 2311 3934 imperitus

730 3955 921 4023 aliquis
962 3956 1005 4010 si
1054 3954 1227 4007 videat
1274 3934 1423 4008 initio
1473 3969 1661 4008 aurum
1714 3955 2023 4024 liquantem,
2053 3963 2108 4009 et
2142 3954 2307 4009 cineri

734 4047 1002 4116 paleisque
1028 4044 1435 4108 admiscentem,
1470 4044 1570 4098 nisi
1604 4046 1761 4098 tinem
1794 4054 2094 4113 exspectet,
2122 4058 2309 4098 aurum

736 4140 955 4210 periisse
978 4138 1352 4193 arbitrabitur:
1374 4138 1451 4192 sic
1476 4148 1528 4191 et
1570 4138 1629 4205 in
1645 4137 1775 4190 mari
1801 4146 1955 4191 natus
1971 4146 2025 4192 et
2054 4136 2311 4192 educatus

733 4231 1026 4302 quispiam,
1060 4232 1105 4286 si
1149 4231 1427 4283 confestim
1476 4229 1541 4283 ad
1588 4228 1977 4283 mediterranea
2021 4228 2307 4283 habitanda

736 4322 1041 4388 translatus,
1069 4336 1189 4376 cum
1220 4321 1347 4375 nihil
1393 4321 1549 4389 plane
1589 4320 1659 4374 de
1685 4335 1933 4390 agrorum
1964 4320 2307 4384 colendorum

735 4416 942 4470 ratione
980 4413 1327 4479 iuaudivcrit,
1368 4413 1699 4469 reconditum
1748 4414 1979 4468 triticum
2014 4412 2223 4479 viderit,
2257 4424 2311 4468 ct

662 4538 665 4545 -
729 4509 904 4576 januis
937 4508 1278 4577 vectibusque
1320 4506 1632 4561 conclusum
1675 4508 1895 4568 servari,
1924 4517 2082 4577 atque
2112 4507 2178 4561 ab
2208 4508 2309 4561 hu-

737 4601 969 4655 tniditate
1012 4598 1255 4665 defendi,
1296 4600 1581 4669 statimque
1623 4599 1690 4653 ab
1715 4600 1943 4668 agricola
1970 4599 2164 4655 deinde
2189 4602 2307 4655 cla—

735 4704 844 4747 tutn
890 4694 1087 4761 spargi,
1116 4692 1326 4760 projiei,
1353 4702 1408 4745 et
1446 4691 1499 4745 in
1532 4706 1662 4760 agro
1702 4692 2146 4759 praetereuntibus
2176 4707 2309 4747 cun—

732 4786 832 4839 ctis
858 4785 1071 4852 exponi,
1101 4792 1153 4836 et
1180 4799 1285 4837 non
1315 4783 1474 4836 modo
1502 4783 1570 4837 ab
1599 4784 1911 4839 liumiditate
1938 4801 2042 4838 non
2071 4784 2306 4847 defendi,

733 4875 827 4933 sed
860 4876 970 4931 luto
1000 4875 1229 4945 limoque
1278 4873 1651 4929 macerandum
1691 4878 1904 4944 exponi,
1939 4892 2110 4946 neque
2134 4888 2313 4932 custo-

731 4968 853 5025 dem
878 4966 1095 5037 apponi,
1122 4981 1299 5020 nonne
1330 4965 1551 5034 periisse
1588 4964 1818 5020 triticum
1864 4967 2227 5034 arbitrabitur,
2257 4979 2311 5023 et

733 5059 1020 5130 agricolam
1050 5057 1165 5113 haec
1189 5069 1432 5127 agentem
1463 5057 1775 5113 damnabit?
1810 5060 1875 5111 At
1906 5059 2017 5113 lucc
2052 5061 2309 5115 condent-

736 5150 879 5204 natio
905 5164 1009 5203 non
1039 5149 1115 5203 rei
1142 5159 1364 5212 naturae,
1399 5148 1491 5203 sed
1532 5148 1645 5217 ejus
1683 5148 1961 5217 imperitia:
1986 5151 2311 5222 inscitizequc

737 5241 1013 5297 tribuenda
1039 5249 1139 5305 est,
1172 5241 1261 5310 qui
1289 5250 1431 5294 recte
1461 5256 1565 5295 non
1591 5241 1870 5309 judicavit,
1904 5253 1959 5298 et
1985 5259 2014 5297 a
2048 5245 2309 5314 principio

732 5337 913 5391 statim
934 5335 1251 5388 sententiam
1280 5334 1413 5386 tulit.
1442 5333 1651 5388 Etenim
1678 5336 1720 5388 si
1744 5346 1981 5390 arstatem
2001 5348 2309 5406 exspectas-

731 5436 843 5493 set,
874 5441 938 5480 ac
976 5434 1212 5495 segetem
1258 5434 1565 5479 vernantcm
1610 5426 1850 5490 vidisset,
1899 5429 2083 5505 falcem
2119 5445 2311 5485 exacu-

734 5527 863 5583 tam,
891 5526 946 5572 et
971 5517 1200 5570 triticum
1217 5515 1358 5585 quod
1381 5531 1620 5583 sparsum
1649 5519 1836 5584 fuerat,
1864 5530 1917 5574 et
1942 5522 2058 5576 sine
2088 5522 2311 5577 custode

734 5608 997 5671 relictum,
1027 5605 1377 5675 putrefactum
1404 5615 1457 5660 et
1483 5618 1795 5674 corruptum
1842 5623 1904 5663 ac
1944 5610 2055 5665 luto
2094 5612 2309 5680 exposi-

736 5708 870 5762 tum,
911 5712 1034 5752 mox
1076 5696 1405 5768 germinasse
1445 5712 1509 5752 ac
1558 5698 1957 5767 multiplicatum
2003 5705 2312 5771 apparuisse

739 5788 1048 5857 pulchrmn,
1081 5795 1137 5843 et
1174 5795 1438 5842 vetustate
1483 5788 1718 5854 deposita
1770 5792 1934 5843 multo
1985 5810 2103 5847 cum
2132 5796 2312 5863 vigore

735 5890 856 5936 sese
882 5877 1133 5934 erexisse.
1168 5878 1318 5948 quasi
1348 5877 1664 5933 Satellitibus
1690 5876 1940 5947 stipatum
1968 5889 2023 5934 et.
2048 5883 2306 5942 Vestibus.

1490 460 1546 513 S.
1585 456 1861 513 JOANNIS
1899 448 2368 510 CIIRYSOSTOHI
2410 450 2725 505 ANIIIIEP.
2768 451 3296 508 CONSTANTINOP.

3911 453 4013 511 500

2432 564 2669 618 eulnmm
2712 568 2762 619 in
2810 568 2974 619 altum
3017 566 3295 628 extulisse.
3328 574 3683 634 spectatorem
3710 545 4012 625 obiectasse

2428 653 2580 707 simul
2607 668 2661 708 et
2689 657 2903 719 aluisse,
2939 657 3191 727 lucroque
3221 657 3419 713 ditasse
3448 674 3555 711 non
3584 658 3867 722 mediocri,
3902 669 4009 713 tum

2428 762 2555 801 vero
2606 749 2834 816 amplius
2887 749 3108 804 miratus
3154 759 3333 813 esset,
3389 749 3531 819 quod
3593 766 3692 821 per
3748 750 4011 820 ejusmodi

2427 836 2616 890 damna
2647 839 2847 892 fructus
2868 840 2931 893 ad
2966 848 3165 894 tantam
3205 840 3526 906 ubertatem,
3557 854 3606 895 et
3652 842 4009 909 pulchritudi-

2427 941 2548 980 nem
2606 940 2826 983 evectns
2866 939 3029 983 esset.
3077 930 3154 985 Tu
3197 945 3428 1001 quoque.
3473 928 3543 985 mi
3601 932 3784 998 homo,
3817 933 3927 985 noli
3962 934 4012 984 in

2424 1032 2763 1073 commonent
2804 1022 3041 1075 omnium
3087 1021 3369 1076 Dominum
3404 1035 3641 1077 nostrum
3670 1025 3886 1077 curiose
3930 1025 4011 1078 in-

2424 1111 2638 1179 quirere
2670 1128 2683 1164 :
2714 1112 2855 1181 quod
2897 1115 2941 1167 si
2986 1122 3091 1168 tam
3132 1115 3500 1171 coutentiosus
3525 1116 3601 1169 sis
3636 1124 3689 1170 et
3724 1115 3928 1179 audax,
3956 1127 4011 1168 nt

2426 1200 2560 1256 hanc
2610 1203 2843 1259 insanire
2881 1205 3011 1258 velis
3055 1205 3341 1272 ins:iniam,
3380 1209 3568 1260 saltem
3599 1206 3757 1261 linem
3788 1224 4008 1273 eorum,

2422 1308 2539 1361 qua:
2565 1305 2841 1362 geruntur,
2864 1303 3133 1364 exspecta.
3174 1295 3303 1349 Nam
3342 1307 3397 1351 et
3439 1297 3672 1367 agricola
3700 1308 3867 1352 totam
3897 1298 4011 1351 hie-

2427 1401 2566 1441 metu
2589 1396 2896 1456 exspectat,
2928 1404 3100 1459 neque
3139 1389 3203 1443 ad
3239 1406 3323 1453 ea,
3353 1407 3470 1459 qua:
3503 1391 3732 1444 triticum
3765 1400 4010 1459 tempore

2428 1480 2638 1547 frigoris
2685 1480 2901 1548 patitur.
2928 1482 3166 1549 respicit,
3190 1482 3284 1536 sed
3313 1482 3377 1533 ad
3425 1496 3486 1536 ea
3525 1482 3719 1552 quibus
3750 1483 4009 1536 fruiturus

2422 1582 2497 1623 est
2534 1589 2545 1622 :
2581 1570 2747 1625 multo
2774 1587 2902 1626 sane
2929 1571 3087 1627 fuerit
3112 1574 3336 1641 aequius,
3373 1584 3429 1627 ut
3457 1572 3570 1642 ejus
3605 1588 3787 1636 causa,
3812 1575 3904 1641 qui
3930 1586 4009 1628 to-

2424 1661 2525 1713 tius
2551 1661 2697 1716 orbis
2720 1671 2979 1717 terrarum
3006 1674 3089 1718 est
3116 1664 3349 1733 agricola
3382 1675 3435 1719 et
3463 1667 3763 1718 animarum
3797 1676 4009 1719 nostr...

2422 1768 2560 1818 rum,
2591 1756 2747 1807 linem
2779 1766 3090 1824 exspectes:
3120 1770 3221 1825 ego
3250 1771 3354 1809 non
3379 1756 3536 1810 fluent
3568 1756 3685 1810 dico
3719 1768 3922 1811 tantum
3957 1758 4008 1811 in

2423 1845 2672 1914 pra-senti
2702 1847 2806 1899 vita
2838 1846 3007 1916 (saepe
3032 1862 3262 1917 namque
3305 1847 3431 1902 illud
3457 1849 3617 1903 etiam
3644 1848 3729 1902 hic
3748 1848 4007 1917 eveniet).

2422 1936 2512 1988 sed
2529 1938 2687 1991 etiam
2708 1938 2757 1991 in
2780 1938 3058 1993 ftttura.Ad
3073 1955 3233 1993 unum
3247 1939 3388 1993 enim
3409 1940 3568 1993 tinem
3587 1949 3792 2009 Spectat
3811 1939 4011 1995 utrius.

2420 2043 2523 2096 que
2546 2028 2663 2083 vine
2678 2029 2829 2083 istius
2845 2029 3195 2100 dispensatio,
3214 2031 3440 2085 salutem
3457 2046 3647 2100 nempe
3666 2043 3929 2098 nostram,
3957 2042 4012 2087 et

2422 2118 2650 2173 imminis
2681 2120 2849 2174 nostri
2884 2120 3267 2176 celebritatem.
3313 2120 3460 2177 Licet
3489 2124 3635 2177 enim
3668 2132 3913 2193 tempore
3941 2120 4010 2176 sit

2420 2211 2611 2275 divisa,
2638 2222 2817 2267 tamen
2844 2226 3008 2283 scopo
3030 2214 3312 2284 conjuncta
3333 2224 3446 2279 est;
3474 2225 3528 2269 et
3554 2214 4008 2283 quemadmodum

2422 2320 2561 2358 nunc
2612 2316 2696 2360 est
2745 2305 2935 2368 hiems,
2968 2322 3109 2361 nunc
3160 2319 3342 2371 testas,
3373 2318 3429 2362 at
3478 2318 3703 2377 utraque
3749 2311 4010 2376 temporis

2418 2396 2703 2450 conversio
2746 2396 2811 2451 ad
2863 2413 3024 2452 unutn
3053 2408 3259 2468 spectat
3289 2398 3471 2463 tinem,
3494 2399 3703 2469 frugum
3736 2400 4009 2453 maturitao

2420 2496 2525 2539 tem
2558 2504 2571 2540 :
2598 2488 2676 2541 sic
2700 2486 2948 2541 nimirum
2985 2498 3039 2544 et
3075 2490 3127 2542 in
3153 2488 3313 2543 rebus
3341 2491 3541 2543 nostris
3572 2488 3684 2543 fiet.
3717 2490 3849 2543 Cum
3874 2504 4009 2560 ergo

2418 2577 2712 2648 dispersam
2746 2578 3037 2636 Ecclesium
3071 2579 3293 2647 videris,
3318 2581 3475 2635 malis
3498 2582 3756 2636 extremis
3780 2596 4009 2651 Oppres-

2418 2684 2555 2736 sam,
2583 2676 2821 2737 vexatos,
2846 2686 3016 2727 032803
3044 2672 3359 2727 verberibus
3380 2687 3495 2733 eos.
3527 2673 3617 2743 qui
3648 2673 3698 2726 in
3734 2674 3845 2742 ipsa
3877 2682 4010 2727 sunt

2421 2761 2774 2828 illustriores,
2819 2763 3102 2831 praesulem
3145 2764 3264 2831 ejus
3309 2762 3620 2833 longissime
3665 2762 4003 2832 relegatum,

2419 2857 2525 2909 Itnli
2570 2856 2683 2912 luce
2726 2855 2900 2911 solum
2930 2864 3206 2925 spectare,
3246 2854 3341 2911 sed
3366 2856 3526 2909 etiam
3553 2871 3616 2909 ea
3643 2871 3761 2925 qua:
3803 2870 3870 2911 ex
3924 2856 4009 2909 his

2418 2960 2540 3003 sont
2585 2958 2858 3010 eventura.
2903 2948 3306 3013 retributiones,
3348 2950 3825 3007 remunerationes.
3866 2963 4006 3017 pm-

2418 3042 2542 3105 mia,
2567 3042 2745 3097 bravia
2778 3060 2791 3097 :
2824 3042 2923 3109 Qui
2951 3043 3083 3096 enim
3114 3044 3494 3111 perseveraverit
3534 3059 3689 3112 usque
3722 3043 3773 3095 iu
3810 3042 3970 3110 [iuuit
3990 3084 4005 3106 ,

2418 3135 2499 3187 In'c
2526 3136 2695 3188 saluus
2718 3136 2810 3188 erit
2839 3134 3056 3204 (Matth.
3091 3134 3177 3190 10.
3201 3134 3322 3201 2%).
3349 3136 3536 3203 inquit.
3566 3134 3701 3189 Nam
3738 3134 3789 3188 in
3818 3132 4006 3190 Veteri

2416 3228 2629 3296 quidem
2651 3226 3014 3291 Testamento,
3045 3226 3165 3297 quia
3192 3227 3425 3280 nondum
3468 3226 3770 3281 inuottterat
3800 3224 3872 3281 de
3915 3241 4007 3281 rc-

2416 3317 2744 3371 surreetione
2773 3316 3036 3379 doctrina,
3057 3326 3280 3384 utraque
3323 3316 3374 3369 in
3414 3315 3511 3370 hac
3539 3316 3642 3370 vita
3678 3315 3877 3371 ﬁebant
3910 3333 3924 3368 :
3954 3324 4010 3371 at

2416 3410 2468 3463 in
2496 3408 2641 3463 Novo
2670 3424 2773 3463 non
2802 3424 3013 3478 semper
3045 3410 3101 3463 lit
3130 3426 3142 3461 :
3173 3408 3264 3463 sed
3294 3410 3556 3465 interdum
3580 3425 3665 3465 res
3680 3409 3923 3465 adversa:
3953 3409 4006 3463 itt

2418 3503 2518 3555 hoc
2544 3501 2743 3556 saeculo
2766 3500 2918 3555 nobis
2958 3501 3223 3567 accidunt,
3254 3516 3340 3556 res
3360 3511 3539 3556 autem
3585 3517 3861 3572 prosperae
3902 3517 4005 3556 no-

2415 3604 2581 3647 strum
2604 3606 2673 3647 ex
2699 3591 2795 3646 hac
2822 3591 2923 3645 vita
2951 3591 3244 3646 discessum
3265 3601 3595 3661 exspectant.
3621 3591 4008 3646 Verumtamen

2414 3684 2656 3753 quamvis
2686 3685 2737 3737 in
2759 3682 2857 3737 hac
2886 3683 2988 3735 vita
3035 3697 3120 3737 res
3146 3698 3416 3752 prosperas
3447 3683 3552 3737 illis
3578 3684 3927 3748 evenissent,
3954 3684 4007 3735 in

2417 3779 2518 3831 hoc
2542 3776 2701 3830 etiam
2749 3774 3102 3830 admiratione
3142 3776 3375 3830 maxime
3412 3774 3558 3845 digni
3613 3774 3860 3840 fuissent,
3915 3775 4007 3845 qui

2415 3868 2519 3923 illis
2544 3867 2694 3939 potiti
2726 3882 2829 3921 non
2850 3875 3051 3933 essent,
3078 3866 3218 3936 quod
3242 3881 3363 3921 cum
3386 3881 3559 3937 neque
3587 3878 3707 3921 nota
3738 3868 3847 3923 illis
3869 3866 4008 3922 fuis-

2416 3968 2498 4015 set
2521 3959 2761 4014 doctrina
2787 3958 2853 4013 de
2880 3960 3291 4023 resurrectione,
3340 3968 3395 4014 et
3435 3960 3880 4029 promissionibus
3913 3960 4007 4015 Dei

2416 4050 2679 4105 contraria
2700 4059 2984 4105 cernerent
3011 4050 3062 4103 in
3095 4049 3253 4106 rebus
3275 4051 3511 4117 evenire,
3540 4066 3646 4105 non
3674 4050 4011 4105 scandalizat-

2416 4150 2633 4207 rentur,
2699 4156 2802 4194 non
2867 4148 3215 4203 terrerentur,
3281 4155 3455 4210 neque
3518 4142 4004 4211 perturbarentur,

2416 4230 2639 4301 ejusque
2666 4229 3192 4299 incomprehensibili
3212 4231 3561 4300 providentia:
3574 4233 4003 4301 acquiescerent,

2416 4339 2588 4395 neque
2624 4334 2841 4395 propter
2883 4338 2946 4379 ea
2997 4338 3116 4393 qua:
3156 4325 3431 4380 contrario
3479 4324 3638 4379 modo
3671 4324 4006 4387 acciderent,

2414 4417 2720 4473 scandalqu
2764 4424 3091 4486 paterentur,
3144 4415 3238 4471 sed
3284 4417 3573 4486 potentiam
3616 4430 3679 4471 ac
3729 4416 4007 4472 solertiam

2414 4508 2693 4578 sapientia
2718 4508 2883 4577 ipsius
2914 4514 3247 4579 perspectam
3279 4505 3570 4572 habentes,
3613 4507 3773 4562 linem
3805 4522 4009 4577 exspe-

2414 4609 2641 4666 ctarent,
2671 4600 2778 4653 into
2800 4614 2925 4654 vero
2946 4608 3070 4654 ante
3088 4600 3245 4653 linem
3275 4599 3538 4670 quidquid
3570 4599 3832 4655 adversus
3857 4601 4009 4670 ipsos

2416 4701 2855 4762 perpetraretur,
2897 4706 3016 4747 cum
3067 4691 3357 4761 gratiarum
3411 4693 3620 4746 actione
3669 4692 4004 4755 tolerarent,

2417 4783 2689 4853 Deumque
2713 4783 2802 4852 qui
2835 4783 2934 4836 ista
2968 4782 3077 4836 fieri
3101 4782 3331 4846 sinebat,
3361 4782 3663 4852 glorificare
3690 4798 3796 4837 non
3822 4798 4008 4838 cess;i-

2416 4887 2554 4929 rent.
2605 4873 2839 4929 Obscura
2887 4873 3114 4928 fortasse
3169 4872 3320 4927 vobis
3364 4872 3573 4927 videtur
3617 4872 3734 4929 lucc
3780 4874 4005 4929 oratio:

2414 4966 2659 5037 quocirca
2688 4966 2963 5020 clariOretn
2993 4980 3109 5019 eam
3142 4964 3365 5021 reddere
3389 4966 3647 5024 conabor.

2484 5058 2613 5113 Car.
2659 5057 2727 5112 Χ.
2774 5058 3015 5125 Antiquos
3057 5060 3207 5110 etiam
3250 5058 3401 5127 finem
3456 5074 3622 5111 rerum
3664 5070 4006 5128 exspectasse.

2415 5152 2668 5205 Abraham
2696 5152 2857 5219 ﬁlium
2882 5150 3167 5218 sacriﬁcare
3178 5150 3375 5218 jussus.
3397 5179 3463 5190 —
3489 5149 3623 5205 Cum
3646 5165 3809 5205 senex
3835 5150 4010 5205 fat-tus

2413 5254 2557 5297 esset
2589 5243 2713 5296 olim
2747 5241 3010 5295 Abraham
3034 5283 3049 5308 ,
3082 5250 3135 5295 et
3175 5241 3240 5295 ad
3276 5242 3473 5297 liberos
3512 5241 3875 5310 procreandos
3922 5245 4004 5297 in-

2414 5344 2587 5402 eptus,
2611 5341 2665 5387 et
2681 5341 2953 5387 emortuus
2966 5316 3140 5386 anatis
3156 5347 3439 5403 progressu
3460 5333 3753 5396 evasisset;
3778 5342 3838 5387 tit
3860 5336 4006 5389 enim

2417 5435 2565 5495 pater
2592 5425 2705 5479 fieri
2738 5433 2933 5494 posset,
2969 5424 3134 5478 nihilo
3160 5424 3362 5480 meliori
3396 5426 3449 5479 in
3478 5433 3616 5480 statu
3646 5435 3764 5479 erat
3795 5426 4005 5489 vivens.

2415 5534 2572 5588 quam
2602 5519 2699 5587 ipsi
2731 5515 2961 5571 defuncti
2987 5534 2999 5581 ;
3032 5532 3153 5572 cum
3181 5532 3307 5588 ergo
3345 5532 3507 5572 senex
3549 5517 3725 5587 justus
3756 5527 3919 5581 esset,
3953 5530 4010 5572 et

2416 5609 2698 5664 admodum
2725 5624 2885 5663 senex
2910 5650 2924 5673 ,
2954 5617 3007 5663 et
3045 5610 3299 5664 naturalis
3332 5607 3669 5677 procreanda:
3694 5607 3905 5665 sobolis
3932 5610 4009 5665 fa-

2417 5701 2628 5754 ciiltatis
2667 5700 2799 5754 ﬁnes
2839 5701 2997 5770 longo
3036 5700 3315 5756 intervallo
3344 5700 3695 5765 excessisset,
3723 5701 4008 5772 conjogem

2417 5806 2591 5847 autem
2643 5792 2863 5848 haberet
2904 5794 3090 5849 Saram
3138 5802 3283 5862 petra
3324 5792 3676 5855 steriliorem,
3712 5803 3920 5861 patrem
3949 5812 4011 5851 se

2421 5879 2748 5939 redditurum
2773 5884 2917 5940 illum
2941 5893 3019 5941 tot
3041 5893 3292 5956 nepotum
3316 5884 3453 5941 Deus
3475 5882 3780 5956 pollicetur,
3802 5896 3860 5941 ut
3879 5887 4010 5944 ntul-
