4192 6498
172 441 267 498 ιοο
994 431 1086 486 AD
1126 429 1254 482 EOS
1288 426 1405 495 QUI
1450 416 1962 480 SCANDALIZATI
2007 417 2216 477 SUNT.
2264 418 2394 474 LIB.
2436 417 2651 475 UNUS.

165 556 260 611 καὶ
282 554 349 606 δι’
374 545 451 606 ὦν
475 553 731 625 ἐποίησε,
763 551 857 606 καὶ
880 550 947 602 δι’
977 567 1051 602 ων
1073 548 1311 617 ποιήσει,
1347 543 1513 614 μηδὲν
1536 556 1757 612 περιερο

174 645 355 713 τάξον,
376 642 512 713 μηδὲ
536 642 1014 714 πολυπραγμόνει,
1050 639 1186 709 μηδὲ
1208 636 1352 704 λέγε,
1369 634 1468 686 Διά
1494 635 1547 685 τί
1567 629 1757 691 τοῦ-ξος

173 737 245 797 είς
262 733 317 787 τί
343 732 539 797 τοῦτος
565 731 695 794 Πῶς
720 732 829 799 γὰρ
853 730 913 783 οὑ
952 728 1202 800 μανικὸν,
1236 728 1330 778 καὶ
1355 724 1590 793 ἐσχάτης
1624 721 1757 773 ἀπο.

174 826 316 886 νοίας
368 825 465 876 καὶ
502 821 895 894 παραπληξίας
930 820 1259 890 ἀνάμεστον,
1310 817 1492 884 ἰατρὸν
1525 812 1621 882 μὲν
1657 827 1761 881 μη-

174 916 355 969 δέποτε
407 914 896 985 πολυπραγμονεῖν
931 913 1222 984 τέμνοντα,
1278 906 1537 969 καίοντα,
1587 902 1762 973 πικρά

176 1006 481 1059 ἐπιτιθέντα
521 1006 814 1076 φάρμακα,
853 1004 958 1058 κᾶν
1004 1002 1220 1071 οἰκέτης
1262 994 1320 1074 ᾖ,
1372 996 1510 1051 ἀλλά
1544 993 1763 1048 κεῖσθαι

178 1100 295 1169 σιγῇ
317 1097 414 1149 τὸν
443 1097 711 1165 δεσπότην
731 1094 905 1149 ταῦτα
927 1093 1227 1162 πάσχοντα,
1254 1090 1346 1143 καὶ
1375 1088 1536 1158 χάριν
1561 1085 1762 1139 εἰδέναι

177 1194 261 1244 καὶ
285 1191 388 1261 τῆς
422 1188 678 1252 καύσεως
702 1186 875 1257 αὑτῷ,
907 1186 1122 1255 καὶτῆς
1150 1183 1326 1254 τομῆς
1342 1182 1437 1234 καὶ
1470 1177 1580 1231 τῶν
1620 1193 1763 1247 φαρ-

179 1284 380 1356 μάκων,
429 1280 733 1335 καὶταῦτα
775 1280 862 1332 ἐπ’
916 1276 1098 1349 ἀδήλῳ
1129 1273 1208 1346 τῷ
1259 1272 1508 1344 μέλλοντι
1554 1268 1765 1341 (πολλοὶ⁵

176 1378 274 1447 γάρ
318 1374 556 1438 πολλοὺς
593 1376 691 1429 καὶ
716 1374 1048 1428 ἀπέκτειναν
1067 1368 1243 1423 ταῦτα
1263 1366 1641 1437 ποιήσαντες),
1668 1361 1766 1415 καλ⁸

176 1468 523 1539 παραχωρεῖν
543 1464 693 1535 αὑτῷ
742 1464 883 1535 μετά
917 1462 1119 1530 πολλῆς
1147 1460 1247 1530 τῆς
1279 1456 1563 1526 ὑποταγῆς
1591 1452 1764 1507 ταῦτα

174 1557 433 1611 ποιοῦντιο
480 1560 576 1612 καὶ
619 1558 715 1611 ἐπὶ
764 1556 964 1610 ναύτου
997 1554 1053 1607 δὲ
1094 1553 1153 1605 τὸ
1184 1547 1316 1605 αὑτὸ
1366 1547 1527 1601 τοῦτο
1564 1546 1764 1609 ποιεῖν,

175 1651 261 1706 καὶ
293 1651 612 1721 οἰκοδόμον,
648 1646 744 1703 καὶ
782 1648 876 1702 ἐπὶ
925 1645 1036 1700 τῶν
1077 1642 1145 1697 τά
1178 1641 1314 1696 ἀλλα
1352 1636 1767 1708 ἐπιτηδεύματα

178 1742 492 1813 μετιόντωνδ
524 1741 670 1808 λέγω
695 1740 754 1794 δὲ
784 1737 1194 1806 καταγέλαστον
1237 1729 1376 1786 εἷναι
1404 1729 1669 1801 νομίζειν,
1703 1728 1768 1781 τὺ

174 1834 257 1886 τὸν
291 1831 516 1903 ἰδιώτην
535 1832 633 1885 καὶ
664 1832 894 1902 ἄπειρον
922 1830 1176 1883 ἀπαιτεῖν
1205 1823 1305 1887 τάς
1333 1822 1515 1884 αἰτίας
1548 1819 1656 1873 τῶν
1684 1835 1767 1887 γι-

174 1923 408 1994 νομένων
437 1924 699 1977 ἀπάντων
724 1921 815 1974 τὸν
839 1919 1112 1991 τεχνίτην,
1131 1917 1228 1989 τὴν
1249 1917 1306 1969 δὲ
1337 1916 1543 1983 ἄφατον
1576 1912 1767 1981 σοφίαν

176 2013 403 2083 ἐκείνην,
422 2013 527 2083 τὴν
542 2012 843 2083 ἄφραστον,
861 2011 960 2081 τὴν
986 2010 1243 2081 ἄρρητον,
1260 2009 1359 2075 τὴν
1383 2003 1767 2073 ἀκατάληπτον

177 2101 652 2174 περιεργάζεσθαι,
685 2102 780 2156 καὶ
824 2101 1007 2173 ζητεῖν
1036 2100 1125 2153 διά
1161 2100 1213 2152 τί
1249 2099 1311 2152 τὸ
1343 2095 1524 2151 καὶτὸ
1551 2096 1767 2164 γέγονε,

177 2194 460 2250 καὶταῦτα
485 2195 696 2260 είδότας
720 2193 930 2264 σαφῶς,
961 2189 1114 2264 [485]
1133 2191 1216 2244 ὅτι
1245 2189 1586 2252 ἀδιάπτωτος
1609 2191 1643 2257 η
1674 2202 1765 2239 σο-

177 2288 265 2357 φία
287 2288 457 2359 αὕτη,
492 2289 577 2341 ὄτι
607 2286 779 2359 πολλὴ
809 2284 1087 2355 ἀγαθότης
1127 2281 1319 2346 αὑτοῦ,
1346 2282 1428 2335 ὅτι
1455 2280 1693 2351 ἀῤῥητος
1733 2279 1767 2349 ὴ

177 2382 418 2453 πρόνοια,
450 2380 536 2433 ὅτι
561 2380 744 2434 πάντα
771 2379 907 2451 πρὸς
930 2377 993 2430 τὸ
1023 2375 1176 2439 τέλος
1195 2374 1412 2445 ἀπαντᾷ
1438 2370 1674 2444 χρηστὸν
1699 2369 1769 2423 τά

178 2473 301 2543 παρ’
327 2470 501 2526 αὑτοῦ
533 2472 798 2542 γινόμενα
834 2470 917 2533 είς
950 2469 1118 2540 ἡμᾶς’
1146 2468 1310 2538 μόνον
1342 2466 1392 2518 εἰ
1425 2464 1502 2536 μὴ
1531 2462 1599 2516 τά
1633 2461 1769 2533 ἡμέ-

176 2581 300 2634 τερα
343 2564 721 2619 διακόπτοιτο’
758 2563 841 2617 ὃτι
888 2561 1081 2615 οὐδένα
1129 2557 1429 2614 ἀπολέσθαι
1494 2556 1766 2627 βούλεται,

178 2658 321 2713 ἀλλά·
360 2659 563 2714 σῶσαι.
606 2655 733 2719 Πῶς
774 2655 875 2725 οὑχ
930 2652 1378 2725 ὑπερϐαλλούσης
1408 2650 1626 2739 μμνίας,
1675 2650 1769 2705 τὸν

180 2752 376 2813 πάντας
406 2748 698 2803 σῶσαικαὶ
731 2745 1054 2817 βουλόμενον
1084 2744 1177 2796 καὶ
1195 2742 1512 2813 δυνάμενον.
1542 2757 1763 2812 περιερο

179 2841 434 2909 γάζεσθαι
466 2842 533 2893 ικ
566 2836 874 2910 προοιμίων
912 2836 1011 2889 καὶ
1048 2832 1274 2897 εὐθέως,
1305 2832 1400 2886 καὶ
1431 2831 1566 2903 μηδι
1588 2831 1652 2885 τὸ
1675 2831 1768 2885 τέ-

178 2934 260 2995 λος
279 2932 582 3002 ἀναμένειν
619 2928 732 2982 τῶν
760 2926 1097 2997 γινομένων;

239 3047 380 3115 Κεφ.
410 3043 482 3098 θ’.
506 3041 761 3097 Μάλιστα
786 3043 884 3113 μὲν
913 3042 1024 3112 γάρ
1048 3038 1174 3093 οὕτε
1199 3039 1264 3092 ἐκ
1294 3037 1616 3110 προοιμίων,
1643 3034 1768 3089 οὔτε

181 3136 307 3207 μετὰ
327 3135 511 3191 ταῦτα
538 3133 1027 3203 πολυπραγμονεῖν
1044 3129 1142 3184 δεῖ·
1166 3131 1216 3183 εί
1235 3128 1291 3181 δὲ
1309 3127 1454 3181 οὑτω
1474 3126 1771 3198 περίεργος

180 3210 340 3285 ιίίκαῖ
383 3228 827 3300 πολυπράγμων,
867 3224 1108 3295 ἀνάμενε
1140 3222 1203 3275 τὸ
1229 3222 1407 3287 τέλος,
1446 3222 1541 3273 καὶ
1574 3221 1771 3273 σκόπει

178 3324 272 3378 ποί
291 3321 471 3377 ταῦτα
488 3319 726 3389 ἀπαντᾷ,
746 3319 843 3371 καὶ
867 3318 943 3390 μὴ
967 3313 1225 3388 θορυϐδῦ,
1256 3312 1393 3385 μηδὲ
1414 3312 1688 3383 ταράττου
1706 3316 1771 3366 ἐκ

181 3413 496 3487 προοιμίων.
535 3409 692 3464 Ἐπεὶ
724 3410 821 3463 καὶ
845 3408 937 3461 τὸν
965 3406 1262 3496 χρυσοχόον
1282 3405 1509 3475 ἀπειρός
1530 3421 1612 3467 τις
1628 3404 1772 3476 ὁρῶν

181 3508 232 3559 ἓν
259 3506 401 3577 ἀρχῇ
443 3504 692 3575 τήκοντα
722 3501 815 3554 τὸν
858 3500 1080 3571 χρυσον,
1109 3494 1204 3552 καὶ
1254 3500 1320 3569 τῇ
1358 3498 1537 3568 τέφρᾳ
1572 3494 1774 3567 ἀναμι-

180 3598 368 3665 γνύντα
400 3596 504 3651 καὶ
528 3597 644 3658 τοῖς
668 3593 916 3665 ἀχύροις,
939 3593 987 3645 εί
1023 3591 1099 3663 μὴ
1125 3590 1188 3644 τὸ
1225 3590 1380 3654 τέλος
1405 3590 1771 3660 ἀναμείνειεν,

181 3696 439 3763 ἡγήσεται
475 3687 818 3743 ἀπολωλέναι
850 3686 913 3739 τὸ
938 3684 1180 3757 χρυσίονο
1204 3682 1347 3737 οὑτω
1372 3685 1467 3737 καὶ
1493 3685 1549 3736 ἐν
1582 3682 1774 3737 θαλάτ-

182 3798 241 3853 τῃ
260 3797 342 3845 τις
364 3780 585 3849 τεχθεὶς
610 3779 704 3831 καὶ
756 3775 1007 3849 τραφεὶς,
1046 3771 1167 3828 εῐτα
1204 3772 1402 3845 ἀθρόον
1430 3775 1509 3836 είς
1537 3774 1637 3843 τὴν
1677 3791 1774 3843 με·

184 3871 382 3937 σόγειον
416 3866 793 3936 μετοικισθεὶς
822 3866 918 3918 καὶ
950 3863 1071 3919 καθ’
1099 3864 1222 3917 ὅλου
1250 3863 1349 3934 τῆς
1387 3862 1516 3934 περὶ
1542 3864 1641 3933 τὴν
1668 3865 1774 3933 γῆν

184 3960 493 4032 ὶκιμελείας
517 3958 753 4028 ἀνήκοος
797 3956 896 4020 ὢν,
926 3956 993 4010 ἂν
1024 3956 1110 4028 ίδῃ
1132 3956 1225 4009 τὸν
1255 3958 1401 4008 σῖτον
1426 3954 1519 4008 τὸν
1556 3955 1774 4008 ἀποκείο

187 4070 337 4123 μενον
368 4053 468 4106 καὶ
490 4050 899 4121 φυλαττόμενον
928 4050 1033 4103 ὑπὸ
1057 4048 1251 4120 θύραις
1283 4048 1379 4102 καὶ
1408 4047 1647 4119 μοχλοῖς,
1679 4048 1774 4100 καὶ

183 4145 371 4208 νοτίδος
410 4143 861 4215 ἀπηλλαγμένον,
892 4141 1090 4213 ἀθρόον
1125 4141 1231 4195 ὑπὸ
1271 4140 1366 4193 τοῦ
1408 4140 1650 4211 γηπόνου
1676 4144 1772 4193 ἐκ-

187 4235 495 4307 φερόμενον,
530 4231 985 4304 σκορπιζόμενον,
1018 4234 1404 4305 ῥιπτούμενον,
1444 4234 1538 4285 καὶ
1562 4233 1654 4284 ἐπὶ
1675 4233 1773 4304 τῆς

185 4327 411 4399 ἀρούρας
430 4324 691 4397 κείμενον
712 4327 826 4388 τοῖς
857 4325 1149 4395 παριοῦσιν
1179 4326 1372 4383 ἅπασι,
1406 4324 1499 4377 καὶ
1520 4325 1580 4376 οὑ
1614 4325 1775 4394 μόνον

185 4419 272 4471 οὐκ
304 4418 733 4490 ἀπηλλαγμένον
756 4417 975 4481 νοτίδος,
1002 4418 1137 4472 ἀλλά
1177 4419 1271 4471 καὶ
1300 4417 1459 4487 πηλῷ
1514 4418 1609 4470 καὶ
1652 4417 1772 4470 τέλ-

188 4530 311 4582 μασι
343 4510 803 4583 παραδιδόμενον,
832 4512 925 4565 καὶ
962 4509 1179 4579 φύλακα
1201 4509 1392 4563 οὐδένα
1427 4509 1642 4580 ἔχοντα,
1673 4513 1773 4563 οὐκ

187 4603 244 4657 ἀν
275 4603 581 4658 ἀπολέσθαι
626 4602 719 4656 τὸν
765 4607 911 4655 σῖτον
948 4603 1215 4673 νομίσειε,
1263 4604 1359 4656 καὶ
1390 4588 1639 4673 κατέγνω
1678 4605 1772 4658 τού

184 4694 344 4748 ταῦτα
381 4691 672 4758 ποιοῦντος
694 4695 968 4762 γηπόνοο;
1011 4693 1151 4745 Ἀλλ’
1175 4694 1237 4745 οὑ
1267 4696 1363 4764 τῆς
1392 4695 1485 4746 τοῦ
1512 4698 1775 4766 πράγμα-

184 4800 265 4849 τος
294 4785 517 4854 φύσεως
569 4787 604 4856 η
639 4785 1006 4853 κατάγνωσις,
1040 4785 1175 4838 ἀλλά
1218 4786 1320 4855 τῆς
1354 4786 1447 4839 τοῦ
1485 4788 1558 4857 μὴ
1594 4789 1774 4852 καλῶς

186 4879 462 4945 κρίναντος
502 4876 764 4949 ἀπειρίας
791 4895 851 4930 τε
892 4880 987 4931 καὶ
1017 4879 1225 4941 ἀνοίας,
1254 4882 1316 4929 ἐκ
1349 4884 1653 4949 προοιμίων
1681 4882 1773 4933 εὑ-

186 4966 312 5030 θέως
340 4967 441 5037 τὴν
472 4968 661 5038 ψῆφον
688 4969 968 5037 φέροντος.
1000 4972 1155 5023 Ἐπεὶ
1186 4972 1233 5023 εί
1272 4969 1333 5022 τὸ
1361 4970 1517 5040 θέρος
1547 4972 1773 5042 ἀνέμει-

185 5075 254 5122 νε,
278 5063 366 5114 καὶ
392 5058 505 5115 εἶδε
542 5062 609 5115 τά
626 5064 751 5134 ληῐα
785 5067 1062 5135 κομῶντα,
1098 5068 1193 5120 καὶ
1218 5069 1316 5138 τὴν
1342 5067 1617 5139 δρεπάνην
1640 5072 1775 5139 ἡκο-

186 5154 435 5222 νημένην,
477 5156 576 5208 καὶ
606 5155 697 5209 τὸν
727 5158 1127 5227 σκορπισθέντα
1176 5160 1269 5212 καὶ
1313 5160 1626 5227 ἀφύλακτον
1654 5162 1775 5231 μεί-

185 5259 335 5299 ναντα
360 5250 536 5311 σῖτον,
552 5250 645 5301 καὶ
662 5245 1391 5323 σαπέντωκαῖδιαφθαρέντα
1417 5254 1604 5324 καὶτῷ
1622 5254 1777 5327 πηλῷ

188 5339 587 5405 παραδοθέντα,
630 5339 821 5394 τοῦτον
859 5344 1206 5415 ἐγειρόμενον
1247 5346 1341 5397 καὶ
1372 5345 1775 5401 πολυπλασίονα

186 5428 485 5498 γινόμενον,
503 5430 837 5502 ὡραιότερόν
858 5451 917 5486 τε
942 5436 1283 5504 φαινόμενον,
1310 5439 1403 5489 καὶ
1423 5438 1521 5506 τὴν
1552 5440 1778 5493 παλαιό-

186 5531 313 5587 τητα
343 5520 716 5591 ἀποθέμενον,
759 5524 854 5576 καὶ
891 5524 1029 5595 μετά
1058 5525 1260 5595 πολλῆς
1291 5526 1622 5597 ὀρθούμενον
1678 5530 1777 5598 τῆς

191 5611 572 5683 σφοδρότητος,
612 5615 707 5667 καὶ
746 5614 1079 5685 δορυφόρους
1109 5614 1219 5669 οἷον
1253 5618 1445 5687 ἔχοντα
1480 5622 1574 5673 καὶ
1631 5623 1778 5674 ἐνδύ-

194 5720 345 5771 ματα,
384 5708 485 5761 καὶ
531 5707 786 5780 καλάμην
819 5712 952 5781 πρὸς
990 5712 1122 5780 ὕψος
1168 5713 1468 5783 ἐγείροντα,
1507 5717 1599 5768 καὶ
1654 5717 1778 5787 τέρ-

191 5811 344 5850 ποντα
378 5799 471 5851 τδν
500 5799 708 5873 θεατὴν
737 5804 827 5855 καὶ
855 5804 1149 5871 τρέφοντα,
1177 5804 1271 5856 καὶ
1299 5806 1432 5857 πολὺ
1464 5806 1777 5876 παρέχοντα

192 5886 243 5939 τὸ
270 5892 483 5960 κέρδος,
510 5894 632 5946 τότε
658 5894 725 5948 ἂν
752 5894 1022 5967 ἐξεπλάγη
1063 5897 1346 5967 μειζόνως,
1389 5900 1469 5952 ὅτι
1497 5898 1586 5953 διὰ
1613 5903 1779 5955 τοιού·

3360 413 3467 472 500

1868 553 1975 589 των
2013 537 2103 590 ἐπὶ
2151 536 2409 608 τοιαύτην
2442 534 2584 607 ηχθη
2627 532 2886 603 εὐθηνίαν
2922 531 3017 584 καὶ
3064 529 3401 601 φαιδρότητα
3436 531 3470 583 ὁ

1868 640 2099 710 καρπός.
2145 640 2255 692 Καὶ
2306 640 2371 693 σὺ
2415 638 2617 699 τοίνυν,
2660 636 2936 708 ἄνθρωπε.
2980 632 3218 704 μάλιστα
3252 632 3351 703 μὲν
3389 633 3467 700 μὴ

1868 760 1933 795 πε
1945 742 2235 814 ριεργάζου
2267 741 2359 795 τὸν
2392 740 2572 793 κοινὸν
2600 739 2857 793 ἀπάντων
2886 736 3043 808 ἡμῶν
3071 734 3354 805 Δεσπότην
3372 751 3384 765 ·
3418 735 3470 786 ει

1865 846 1922 900 δὲ
1957 847 2099 900 οὕτω
2116 846 2419 915 φιλόνεικος
2438 842 2488 896 εί
2517 844 2613 896 καὶ
2634 842 2931 912 τολμηρὸς,
2954 840 3031 904 ὡς
3064 832 3353 913 μαίνεσθαι
3367 834 3471 906 τὴν

1872 946 2072 1016 μανίαν
2115 944 2340 1016 ταύτην,
2372 942 2477 998 κᾶν
2499 944 2559 996 τὸ
2592 941 2747 1005 τέλος
2775 941 3071 1011 ἁνάμέινον
3100 936 3210 990 τῶν
3242 934 3472 1007 γινομέ-

1869 1065 1993 1101 νων.
2027 1048 2090 1101 Εί
2122 1047 2230 1119 γὰρ
2256 1048 2285 1100 ό
2318 1046 2558 1117 γηπόνος
2582 1044 2879 1115 ὀλόκληρον
2914 1039 3179 1111 ἀναμένει
3200 1037 3470 1110 χειμῶνα,

1868 1146 1929 1200 οὑ
1962 1147 2099 1217 πρὸς
2126 1146 2298 1201 ταῦτα
2328 1147 2472 1217 ἅπερ
2500 1147 2529 1198 ό
2558 1147 2705 1208 σῖτος
2732 1142 2932 1213 πάσχει
2965 1140 3181 1212 βλέπων
3208 1136 3352 1192 κατὰ
3372 1135 3475 1207 τὴν

1869 1249 2019 1321 ὥραν
2065 1248 2160 1302 τοῦ
2201 1245 2441 1318 κρυμοῦ,
2482 1243 2621 1298 ἀλλά
2665 1243 2804 1315 πρὸς
2836 1243 3022 1321 ἐκεῖνα
3062 1233 3139 1293 ὧν
3172 1236 3475 1292 ἀπολαύειν

1874 1318 2091 1421 μέλλει·
2120 1347 2305 1418 ’πολλῷ
2337 1347 2539 1418 μᾶλλον
2572 1346 2667 1399 καὶ
2699 1344 2865 1407 αὐτὸς
2906 1318 2999 1396 ἐπὶ
3040 1339 3135 1396 τοῦ
3164 1339 3264 1412 την
3288 1341 3474 1413 οίκουεο

1875 1452 2043 1523 μένην
2068 1448 2446 1520 γεωργοῦντος
2474 1449 2656 1501 πᾶσαν
2695 1445 2790 1499 καὶ
2816 1443 2917 1507 τὰς
2943 1423 3123 1514 ιβυχάς
3150 1441 3249 1505 τὰς
3272 1440 3475 1513 ἡμετὲο

1875 1569 1994 1622 ρας,
2039 1550 2250 1613 δίκαιός
2293 1547 2361 1602 ἀν
2410 1550 2529 1619 είης
2582 1545 2881 1617 ἀναμένειν
2916 1545 2977 1599 τὸ
3025 1542 3215 1607 τέλος·
3260 1537 3375 1611 ἐγὼ
3416 1540 3476 1595 δὲ

1870 1650 2024 1713 τέλος
2053 1652 2115 1704 οὑ
2150 1649 2212 1703 τὸ
2244 1650 2303 1702 ἐν
2331 1647 2409 1719 τῷ
2437 1647 2667 1720 παρόντι
2697 1646 2798 1717 βίῳ
2829 1645 2990 1717 μόνον
3012 1644 3160 1713 λέγω
3190 1640 3476 1714 (πολλάκις

1872 1749 1984 1820 γάρ
2020 1747 2181 1802 τοῦτο
2209 1748 2304 1801 καὶ
2346 1746 2583 1800 ἐνταῦθα
2633 1745 2833 1815 ἔσται),
2870 1743 3008 1798 ἀλλά
3058 1742 3153 1797 καὶ
3200 1742 3262 1795 τὸ
3309 1742 3367 1795 ἐν
3396 1738 3476 1807 τῷ

1875 1848 2144 1920 μέλλοντι.
2188 1846 2335 1920 Πρὸς
2384 1845 2444 1899 tv
2488 1845 2599 1917 γάρ
2643 1844 2831 1915 βλέπει
2866 1843 3021 1907 τέλος
3055 1841 3335 1913 ἑκατέρων
3366 1838 3478 1893 τῶν

1875 1946 2006 2017 βίων
2038 1946 2244 1999 τούτων
2280 1946 2313 2017 ἡ
2355 1942 2660 2013 οίκονομία,
2692 1940 2792 2013 τὴν
2818 1941 3097 2013 σωτηρίαν
3137 1939 3235 2012 τὴν
3274 1938 3476 2010 ἡμετέ-

1877 2066 1977 2113 ραν
2013 2047 2108 2100 καὶ
2143 2045 2243 2117 τὴν
2271 2043 2651 2114 εὐδοκίμησιν.
2698 2044 2762 2096 Εἰ
2796 2042 2907 2115 γάρ
2935 2021 3033 2095 καί
3063 2039 3143 2109 τῷ
3189 2038 3369 2111 χρόνῳ
3396 2036 3478 2090 δι-

1873 2148 2098 2221 ῄρηται,
2121 2146 2260 2201 ἀλλά
2283 2146 2362 2218 τῷ
2381 2144 2570 2215 σκοπῷ
2598 2143 2872 2213 συνῆπται
2895 2159 2907 2171 ·
2937 2143 3031 2196 καὶ
3050 2141 3241 2211 ὥσπερ
3255 2139 3351 2193 νῦν
3378 2139 3481 2211 μὲν

1875 2247 2027 2323 [486]
2072 2248 2302 2321 χειμὼν,
2338 2245 2435 2299 νῦν
2472 2246 2528 2299 δὲ
2574 2243 2697 2316 ἔαρ,
2730 2243 2972 2313 ἑκατέρα
3022 2241 3078 2295 δὲ
3118 2240 3211 2295 τοῦ
3242 2240 3396 2304 ἔτους
3442 2243 3480 2310 ἢ

1872 2350 2052 2421 τροπὴ
2083 2350 2223 2421 πρὸς
2244 2349 2302 2403 ἓν
2329 2346 2541 2418 βλέπει,
2572 2344 2682 2399 τῶν
2708 2342 2943 2416 καρπῶν
2965 2342 3065 2413 τὴν
3088 2343 3276 2414 ἀκμήν
3297 2359 3309 2372 ·
3338 2340 3484 2395 οὕτω

1872 2450 1937 2522 δὴ
1977 2453 2072 2505 καὶ
2101 2448 2336 2504 ἐπὶτῶν
2378 2447 2671 2520 ἡμετέρων
2715 2445 2871 2500 ἔσται
2903 2446 3269 2517 πραγμάτιον.
3309 2443 3481 2496 Ὅταν

1872 2550 1968 2607 οὖν
2004 2552 2120 2625 ῐδης
2149 2551 2250 2624 τὴν
2296 2548 2633 2620 Ἐκκλησίαν
2681 2546 3133 2618 σκορπισθεῖσαν,
3165 2543 3233 2599 τά
3274 2543 3483 2614 ἔσχατα

1876 2652 2181 2715 παθοῦσαν,
2203 2650 2620 2721 ἐλαυνομένους,
2648 2644 3086 2721 μαστιζομένους
3110 2646 3238 2709 τοὺς
3261 2645 3319 2698 tv
3339 2645 3486 2715 αὑτῇ

1874 2750 2217 2822 λάμποντας,
2275 2748 2367 2802 τδν
2431 2745 2696 2819 πρόεδρον
2740 2742 2915 2829 αὑτῆς
2974 2741 3317 2814 πορρωτάτω
3376 2743 3484 2794 ἀπ-

1876 2846 2188 2918 ενεχθέντα,
2207 2846 2281 2917 μὴ
2297 2844 2476 2899 ταῦτα
2495 2842 2691 2896 σκόπει
2714 2839 3049 2912 μόνον,ἀλλά
3070 2838 3251 2892 καὶτὰ
3271 2841 3334 2892 ἐκ
3356 2838 3483 2891 τού⁴

1878 2958 1985 2997 των
2005 2941 2379 3013 ἐκϐησόμενα,
2399 2939 2526 3003 τοὺς
2556 2936 2807 3008 μισθοὺς,
2836 2937 2938 3001 τάς
2967 2934 3226 3005 ἀμοιϐὰς,
3256 2934 3326 2989 τά
3350 2933 3451 3005 βρα

1876 3040 2017 3104 ϐεῖα,
2040 3039 2110 3093 τὰ
2128 3036 2341 3091 ἔπαθλα
2360 3053 2373 3066 ·
2409 3036 2473 3089 '0
2492 3033 2603 3104 γὰρ
2624 3034 2958 3103 ὑπομείνας
2978 3036 3068 3099 εἰς
3087 3032 3287 3098 τέλος,
3304 3027 3485 3098 οὗτος

1876 3133 2239 3204 σωθήσεται,
2260 3134 2447 3205 φησίν.
2482 3133 2609 3187 Ἐπὶ
2632 3132 2733 3205 μὲν
2753 3131 2867 3203 γάρ
2884 3132 2987 3204 τῆς
3010 3130 3277 3194 Παλαιᾶς,
3295 3130 3484 3199 ἑπειδὴ

1876 3233 2091 3289 οὐδέπω
2122 3231 2403 3305 γνώριμος
2432 3233 2461 3286 ό
2486 3230 2589 3303 τῆς
2623 3228 2978 3293 ἀναστάσεως
3009 3228 3168 3298 λόγος
3205 3224 3296 3300 ἦν,
3327 3229 3388 3282 ἐν
3406 3228 3487 3298 τῷ

1877 3330 2109 3402 παρόντι
2160 3328 2260 3401 βίῳ
2305 3327 2595 3399 ἀμφότερα
2642 3328 2889 3396 ἐγίνετο·
2940 3325 3032 3377 ἐπὶ
3065 3324 3245 3394 δὲτῆς
3275 3325 3488 3394 Καινῆς

1876 3430 1939 3483 οὑ
1960 3426 2240 3499 πανταχοῦ
2257 3425 2436 3490 τοῦτο,
2468 3424 2582 3479 ἀλλ’
2604 3424 2754 3479 ἔστιν
2773 3426 2909 3479 ὅπου
2926 3424 2995 3479 τὰ
3024 3426 3120 3497 μὲν
3145 3424 3367 3497 λυπηρά
3398 3425 3485 3477 tv-

1876 3524 2073 3589 ταῦθα,
2113 3524 2183 3578 τά
2217 3522 2277 3577 δὲ
2318 3522 2536 3594 χρηστά
2578 3523 2842 3594 ἀναμένει
2891 3522 2993 3589 τὴν
3041 3521 3295 3575 ἐντεῦθεν
3327 3521 3485 3593 ἡμῶν

1880 3620 2214 3691 ἀποδημίαν.
2282 3619 2425 3672 Ἀλλ’
2458 3618 2609 3689 ὅμως
2660 3620 2711 3671 εί
2761 3618 2861 3673 καὶ
2893 3620 2953 3673 tv
2999 3618 3136 3689 τῷδε
3165 3618 3244 3690 τῷ
3284 3618 3385 3691 βίῳ
3416 3622 3486 3673 τα

1879 3717 2092 3790 χρηστά
2126 3717 2312 3780 αὑτοῖς
2351 3714 2599 3781 ἐξέϐαινε
2627 3717 2723 3769 καὶ
2758 3717 2815 3769 tv
2848 3718 2916 3787 τῇ
2940 3715 3195 3788 παρούσῃ
3217 3716 3355 3789 ζωῇ,
3391 3720 3486 3771 καὶ

1879 3815 1939 3867 ἐν
1968 3814 2145 3885 τούτῳ
2191 3802 2429 3883 μάλιστα
2470 3812 2780 3884 θαυμαστοὶ
2807 3813 2874 3867 ἂν
2918 3808 3031 3867 εἶεν
3066 3814 3117 3867 οί
3160 3814 3371 3868 τούτων
3409 3817 3486 3886 μὴ

1879 3909 2336 3972 ἀπολελαυκότες,
2360 3910 2443 3962 ὅτι
2471 3911 2612 3980 μήτε
2641 3910 2736 3963 τὸν
2767 3910 2898 3982 περὶ
2919 3911 3273 3974 ἀναστάσεως
3296 3910 3488 3981 σαφῶς

1880 4007 2084 4067 ειδότες
2114 4007 2298 4076 λόγον,
2334 4008 2430 4061 καὶ
2468 4007 2537 4061 τά
2585 4008 2806 4062 ἐναντία
2851 4007 2960 4061 τῶν
2993 4009 3341 4077 ἐπαγγελιῶν
3389 4007 3486 4063 τοῦ

1880 4102 2019 4157 Θεοῦ
2056 4098 2426 4174 συμϐαίνοντα
2450 4105 2688 4175 ὁρῶντες
2716 4104 2810 4158 ἐπὶ
2840 4104 2951 4157 τῶν
2981 4104 3350 4175 πραγμάτων,
3387 4107 3487 4159 οὑκ

1880 4199 2351 4265 ἐσκανδαλίζοντο,
2384 4200 2484 4253 οὑκ
2525 4199 2909 4271 ἐθορυϐοῦντο,
2946 4201 3069 4255 οὐδὲ
3105 4203 3485 4278 ἐταράττοντο,

1880 4297 2017 4351 ἀλλά
2064 4297 2425 4369 παρεχώρουν
2473 4296 2641 4350 αὑτοῦ
2690 4300 2757 4368 τῇ
2808 4298 3184 4370 ἀκαταλήπτῳ
3236 4300 3486 4371 προνοίᾳ,

1879 4394 2034 4448 οὐδὲν
2078 4396 2143 4447 ἐκ
2188 4393 2299 4447 τῶν
2339 4394 2600 4458 ἐναντίως
2633 4395 2940 4465 γινομένων
2980 4396 3487 4468 σκανδαλιζόμενοι,

1881 4491 1997 4545 ἀλλ’
2018 4491 2223 4555 εἰδότες
2252 4491 2420 4545 αὑτοῦ
2445 4490 2509 4545 τὸ
2542 4489 2777 4563 εὔπορον
2810 4493 2903 4547 καὶ
2934 4494 3249 4566 εὐμήχανον
3274 4494 3373 4566 τῆς
3397 4511 3489 4549 σο-

1882 4589 2034 4658 φίας,
2064 4588 2127 4643 τδ
2153 4589 2305 4653 τέλος
2336 4590 2625 4660 ἀνέμενον,
2660 4590 2865 4661 μᾶλλον
2892 4590 2951 4644 δὲ
3002 4591 3097 4645 καὶ
3130 4592 3239 4663 πρὸ
3278 4590 3376 4646 τοῦ
3402 4594 3493 4646 τέ-

1880 4686 2005 4749 λους
2053 4687 2185 4751 πᾶν,
2217 4687 2358 4758 ὅπερ
2381 4689 2461 4749 είς
2492 4687 2690 4751 αὑτοὺς
2722 4688 3011 4759 ἐτολμᾶτο,
3040 4669 3236 4762 ἔφερον
3274 4691 3494 4764 εὐχαρί-

1884 4802 2047 4848 στως,
2104 4788 2198 4839 καὶ
2246 4786 2337 4837 τὸν
2387 4786 2779 4856 συγχωροῦντα
2826 4786 3001 4841 ταῦτα
3056 4788 3303 4856 γίνεσθαι
3356 4790 3491 4845 Θεὸν

1880 4880 2196 4945 δοξάζοντες
2239 4883 2536 4938 διετέλουν.
2592 4884 2750 4954 Τάχα
2785 4886 3005 4956 ἀσαφὴς
3056 4888 3085 4938 ό
3137 4887 3295 4956 λόγος
3336 4884 3494 4954 οὗτος

1883 4980 2012 5049 ὑμῖν
2043 4975 2183 5033 εἶναι
2212 4980 2363 5033 δοκεῖ
2386 4999 2398 5012 ·
2432 4980 2633 5033 οὑκοῦν
2664 4983 3010 5055 σαφέστερον
3060 4986 3225 5038 αὑτὸν
3267 4987 3491 5057 ποιῆσαι

1885 5076 2250 5148 πειράσομαι.

1955 5225 2095 5293 Κεφ.
2117 5231 2165 5278 ι’.
2184 5225 2407 5297 Γέροντι
2420 5228 2702 5298 γενομένῳ
2715 5228 2847 5283 ποτὲ
2859 5229 2939 5301 τῷ
2954 5231 3228 5304 Ἀϐραὰμ.
3245 5234 3491 5305 καὶπρὸς

1883 5320 2232 5375 παιδοποιίαν
2252 5324 2317 5375 ἐκ
2334 5322 2431 5393 τῆς
2454 5324 2672 5395 ἡλικίας
2688 5327 3018 5399 νεκρωθέντι
3045 5328 3252 5382 λοιπόν·
3278 5332 3359 5393 είς
3383 5333 3450 5399 γα
3459 5350 3491 5401 ρ

1882 5420 1945 5472 τὸ
1964 5422 2218 5488 γενέσθαι
2244 5423 2448 5495 πατὴρ,
2474 5425 2625 5478 οὐδὲν
2648 5426 2872 5497 ἄμεινον
2891 5427 2998 5479 τῶν
3019 5430 3490 5499 τετελευτηκότων

1883 5519 2116 5572 διέκειτο
2138 5520 2274 5585 mw
2298 5522 2515 5592 γέροντι
2547 5524 2727 5576 τοίνυν
2756 5523 2870 5577 ὄντι
2899 5524 2977 5595 τῷ
3000 5526 3215 5596 δικαίῳ,
3236 5529 3330 5580 καὶ
3358 5531 3491 5595 σφό-

1883 5617 1984 5687 δρα
2017 5617 2256 5689 γέροντι,
2298 5620 2513 5690 καὶτῆς
2548 5620 2783 5691 φυσικῆς
2807 5621 3154 5686 παιδοποιίας
3188 5624 3488 5695 ὑπερϐάντι

1884 5716 2010 5779 τοὺς
2044 5715 2204 5785 ὅρους
2240 5718 2303 5767 ὲκ
2345 5716 2541 5769 πολλοῦ
2588 5717 2683 5770 τοῦ
2716 5718 3024 5789 περιόντος,
3082 5720 3259 5789 ἔχοντι
3307 5722 3362 5774 δὲ
3401 5725 3493 5776 καὶ

1888 5812 2135 5864 σύνοικον
2159 5813 2368 5884 πέτρας
2390 5815 2741 5886 ἀγονωτέραν
2765 5817 2864 5887 τὴν
2889 5818 3130 5889 Σάρραν,
3164 5819 3493 5889 ἐπαγγέλλε-

1886 5926 1973 5962 ται
2000 5909 2212 5981 πατέρα
2243 5913 2490 5982 ποιήσειν
2516 5914 2544 5965 ό
2573 5911 2709 5978 Θεὸς
2730 5913 3007 5971 τοσούτων
3035 5918 3275 5987 ἐκγόνων
3302 5922 3487 5988 αὑτὸν,
