4142 6520
170 451 252 507 SOI

170 564 426 621 titndincm
475 567 759 620 astrorum
810 579 995 619 eorum
1041 577 1315 634 autnatura
1362 566 1433 620 sit
1478 564 1761 621 multitudo

166 654 307 721 titan.
340 655 423 708 l5.
452 654 538 726 ὅ).
570 658 647 710 At
675 656 798 717 ille,
829 667 952 709 cum
989 664 1272 711 totesth
1301 654 1571 711 obstacula
1594 697 1607 716 .
1636 669 1758 715 cum

164 750 256 819 jam
292 757 421 801 atlas
454 756 612 803 esset
649 749 721 804 ad
760 747 998 804 ultimam
1041 752 1370 804 senectutem
1399 747 1678 811 deVolnta,
1706 755 1760 801 et

168 854 286 892 uxor
311 848 417 892 tam
445 840 521 893 ob
548 824 769 895 aetatem
800 855 960 911 quam
986 841 1056 892 oh
1083 849 1322 895 naturam
1348 851 1490 895 esset
1520 840 1758 895 infecun-

166 930 251 994 da;
283 945 385 983 non
412 930 564 986 enim
592 931 713 986 sola
740 942 988 986 senectus
1012 932 1276 994 obstabat,
1305 932 1398 986 sed
1425 940 1478 985 ct
1503 932 1757 987 sterilitas

164 1020 261 1090 ipsa
288 1031 490 1076 natura:
524 1040 539 1074 :
573 1022 843 1093 siquidem
874 1033 981 1076 tum
1018 1037 1232 1093 quoque
1269 1038 1390 1077 cum
1425 1022 1639 1091 juvenis
1662 1037 1753 1077 ei-

164 1121 251 1176 δίὲῑ,
281 1112 481 1166 inutilis
516 1122 733 1167 natura:
764 1113 860 1167 fuit
888 1113 1124 1179 ofliciua,
1157 1113 1296 1181 quod
1325 1114 1526 1169 sterilis
1564 1113 1755 1167 mulier

164 1212 305 1255 essi’t.
330 1203 601 1270 QuocirCa
635 1203 829 1258 l'anlus
861 1204 960 1258 hoc
989 1207 1159 1273 ipsum
1189 1203 1483 1269 insinuans,
1510 1205 1579 1259 ita
1607 1205 1751 1259 diee-

164 1292 237 1345 l:at
263 1310 274 1344 :
304 1290 371 1345 Et
404 1305 697 1348 emortuam
738 1297 932 1348 vulvam
964 1294 1112 1349 Sura:
1137 1300 1158 1364 (
1182 1295 1329 1350 liam.
1370 1296 1424 1350 4.
1468 1294 1536 1349 19
1556 1295 1609 1366 );
1645 1310 1749 1349 ηοιι

160 1383 274 1436 dixit
297 1394 610 1438 emortuam
640 1385 830 1440 Saram
861 1382 1202 1455 simpliciter,
1238 1400 1303 1440 ne
1336 1385 1507 1439 solam
1538 1394 1748 1439 mtatem

160 1474 449 1541 sustiiceris,
483 1476 585 1529 sed
611 1487 669 1531 et
694 1476 858 1545 ipsius
886 1476 1094 1530 vultun
1124 1485 1441 1539 emortuam,
1470 1476 1613 1547 quod
1643 1491 1748 1529 non

158 1567 306 1619 solum
336 1577 619 1636 tempore,
652 1570 746 1622 Sed
778 1571 936 1622 etiam
969 1576 1174 1623 natura!
1200 1567 1509 1623 conditione
1550 1565 1747 1621 factum

158 1668 291 1720 erat;
322 1670 702 1715 verumtamen
745 1662 863 1715 licet
905 1671 1049 1715 tanta
1075 1703 1087 1722 .
1124 1669 1180 1716 ut
1216 1660 1325 1715 disi
1350 1701 1365 1724 ,
1403 1668 1749 1731 superessent

159 1750 429 1812 obstacula.
462 1768 593 1805 ctnn
635 1752 795 1807 sciret
822 1751 948 1822 quid
977 1751 1188 1807 tandem
1220 1752 1289 1806 sit
1316 1752 1600 1821 promissio
1629 1752 1739 1816 Dei,

158 1854 294 1909 quam
323 1842 499 1896 stiters
528 1842 621 1897 illa
653 1844 722 1896 sit
747 1850 799 1895 et
831 1843 1068 1911 locuples
1092 1882 1108 1906 ,
1141 1843 1218 1897 sic
1245 1852 1301 1897 ut
1336 1857 1507 1912 neque
1540 1841 1745 1913 legibus

159 1942 369 1995 naturze,
410 1949 599 2001 neque
642 1946 822 1987 rerum
863 1931 1177 1988 difficultate
1201 1974 1214 1998 ,
1246 1933 1329 1989 vel
1360 1933 1465 1987 alio
1491 1934 1740 2004 quopiam

159 2026 483 2095 impediatur,
512 2029 613 2083 sed
647 2044 741 2098 per
769 2029 1033 2083 contraria
1061 2029 1198 2082 viam
1227 2028 1491 2094 inveniat,
1524 2037 1577 2081 et
1612 2042 1740 2098 pro-

159 2122 352 2176 missum
383 2126 435 2176 in
463 2139 606 2192 opus
644 2123 893 2187 deducat,
922 2122 1064 2193 quod
1096 2123 1394 2185 dicebatur,
1424 2121 1658 2185 admisit,
1687 2131 1741 2175 et

159 2214 474 2281 pruinissioni
507 2216 673 2269 tidem
701 2215 883 2269 habuit
913 2232 925 2269 :
957 2224 1011 2268 et
1042 2214 1326 2270 tmnultum
1360 2230 1425 2269 ex
1455 2214 1736 2284 cogitatio-

158 2306 291 2359 nibus
329 2322 395 2360 ne
435 2308 671 2361 otunino
713 2307 928 2377 quidem
970 2307 1171 2382 moveri
1208 2306 1369 2373 sivit,
1399 2306 1492 2363 sed
1526 2305 1630 2361 [ide
1657 2307 1739 2361 di-

157 2409 289 2465 gnam
316 2412 434 2452 esse
458 2398 745 2468 judicavit,
770 2407 828 2453 ut
854 2408 936 2453 est
962 2398 1078 2453 sine
1102 2397 1286 2462 dubio,
1314 2396 1380 2451 ad
1410 2396 1734 2466 implendam

158 2489 547 2553 prondssimu-m
580 2489 745 2560 ipsius
773 2490 1101 2561 potentiam,
1132 2489 1221 2558 qui
1252 2487 1607 2557 promiserat,
1637 2501 1733 2542 ne-

156 2596 243 2648 que
264 2582 560 2651 dquuisivit
591 2625 609 2648 ,
638 2596 744 2652 quo
774 2583 987 2637 tandem
1022 2581 1181 2635 modo
1221 2580 1336 2637 lucc
1362 2581 1610 2636 evenient
1636 2621 1648 2642 .
1680 2589 1736 2633 et

158 2686 236 2724 cur
255 2686 351 2725 non
377 2675 428 2728 in
451 2675 757 2744 juventute,
781 2675 873 2729 sed
898 2674 949 2727 in
974 2681 1275 2740 senectute,
1297 2683 1352 2727 et
1373 2688 1497 2728 sero
1520 2673 1731 2726 tandem

156 2778 207 2817 ac
232 2765 387 2817 tarde.
419 2768 541 2834 Quo
570 2768 649 2826 lit.
684 2778 740 2820 ut
769 2768 915 2825 illunt
956 2766 1115 2819 etiam
1144 2764 1287 2819 clara
1314 2779 1445 2819 voce
1482 2764 1733 2834 prscdicet

158 2870 210 2912 ac
236 2855 400 2914 lau‘dcl
427 2856 511 2916 Itis
545 2858 723 2916 verbis
751 2863 947 2918 Paulus
976 2880 989 2915 :
1017 2860 1116 2928 Qui
1144 2872 1321 2916 contra
1350 2878 1487 2932 spem
1514 2861 1564 2915 in
1588 2879 1731 2930 spent

157 2954 370 3015 credidit,
414 2964 468 3007 ut
506 2956 653 3023 ﬁeret
695 2966 837 3024 pater
880 2957 1153 3008 multarunt
1196 2956 1421 3022 gentium
1455 2955 1643 3024 (Rom.
1673 2956 1727 3009 ι.

160 3044 255 3107 l8).
290 3044 423 3111 Quid
464 3056 548 3100 est
571 3092 585 3110 ,
617 3048 803 3101 Contra
846 3065 985 3117 spem
1027 3048 1082 3100 in
1122 3064 1262 3114 spem
1287 3048 1312 3099 ?
1342 3046 1543 3102 Pncter
1579 3062 1728 3116 Spem

159 3130 417 3188 humanam
446 3137 498 3191 in
531 3156 576 3206 st
597 3145 685 3192 ent
714 3138 841 3202 Dei,
872 3149 991 3206 qua:
1016 3148 1205 3193 cuncta
1236 3138 1428 3200 vincit,
1456 3153 1573 3208 qua:
1599 3152 1731 3193 cun-

159 3236 228 3279 cta
264 3239 470 3297 potest,
503 3246 628 3298 quae
656 3241 845 3284 cuncta
877 3239 1112 3299 superat.
1149 3229 1214 3283 Et
1242 3230 1466 3286 credidit
1491 3272 1506 3293 ,
1538 3246 1643 3284 non
1674 3240 1729 3284 ut

162 3318 289 3374 fieret
325 3330 472 3389 pater
504 3332 710 3376 tantum
731 3366 744 3387 ,
774 3322 868 3377 sed
887 3324 1057 3377 etiam
1079 3328 1161 3376 tot
1188 3323 1461 3393 gentium,
1490 3338 1648 3377 senex
1676 3333 1729 3378 et

160 3408 339 3478 cll‘etns,
362 3416 446 3468 cui
472 3414 674 3469 s:erilis
697 3423 751 3469 et
775 3414 924 3468 senio
949 3413 1193 3469 coniecta
1220 3428 1353 3468 uxor
1376 3424 1512 3480 erat,
1540 3428 1731 3468 secun-

160 3500 265 3556 dum
300 3506 436 3574 quod
475 3506 681 3561 dictum
719 3515 835 3568 est.
869 3506 957 3561 Sic
995 3507 1087 3559 erit
1128 3522 1295 3560 semen
1337 3516 1494 3559 tuum.
1528 3503 1597 3558 Et
1627 3522 1728 3558 non

161 3591 413 3661 inﬁrmatus
450 3609 522 3653 est
563 3597 666 3666 [itte
691 3636 703 3658 ,
743 3612 831 3649 nec
868 3596 1203 3649 consideravit
1230 3609 1415 3666 corpus
1441 3611 1587 3649 suum
1612 3595 1727 3664 jam

162 3698 406 3741 auortuum
428 3732 441 3754 ,
468 3706 588 3744 cum
626 3689 731 3757 fere
770 3700 966 3742 centum
1004 3697 1130 3743 esset
1167 3705 1450 3753 annorum,
1482 3698 1531 3742 et
1559 3704 1725 3743 cmor-

162 3787 278 3830 tuaut
314 3780 509 3833 sulcum
542 3782 758 3844 Sarrre;
799 3780 849 3831 in
871 3780 1260 3849 repromissione
1300 3790 1467 3833 autem
1507 3778 1599 3834 Dei
1626 3794 1727 3833 non

163 3869 376 3925 Ιιιεεὲιαυίι
414 3875 715 3943 άὶθὶάιιιιιὶη,
748 3873 837 3927 sed
861 3877 1175 3943 confortatus
1201 3882 1271 3927 est
1300 3874 1421 3941 ﬁde,
1452 3872 1581 3928 dans
1607 3874 1724 3943 glo-

162 3962 269 4013 riam
289 3963 409 4031 Deo,
434 3967 724 4034 plenissime
750 3966 929 4032 sciens,
959 3967 1098 4035 quia,
1124 3981 1451 4035 quacumque
1473 3966 1722 4031 promisit,

164 4065 312 4118 potens
338 4069 409 4110 est
435 4069 486 4111 et
519 4063 689 4128 facere
716 4059 732 4128 (
756 4059 903 4113 liam.
944 4060 998 4113 4.
1046 4059 1283 4128 19-21).
1313 4058 1514 4113 [lorum
1546 4068 1724 4114 autem

164 4148 415 4204 verborum
457 4154 574 4205 ha-c
611 4162 695 4206 est
734 4154 997 4207 sententia
1034 4171 1047 4207 :
1078 4154 1369 4209 Exsultans
1412 4158 1634 4221 statim,
1671 4166 1725 4210 et

164 4240 382 4296 exsiliens
402 4258 469 4298 ex
498 4243 734 4296 humana
761 4244 1145 4309 imbecillitate.
1169 4256 1220 4302 et
1248 4249 1315 4303 ad
1338 4251 1723 4305 sublimitatem

163 4331 278 4398 ejus,
305 4337 388 4403 qui
418 4337 781 4404 promittebat.
812 4350 1119 4403 accurrens,
1148 4350 1200 4394 et
1230 4342 1469 4412 cogitans
1498 4343 1724 4396 immen-

165 4433 258 4474 s.in
279 4426 387 4493 ejus
410 4442 530 4481 esse
562 4428 885 4495 potentiam,
916 4429 1065 4485 facile
1089 4431 1349 4487 adductus
1374 4442 1487 4499 est,
1518 4442 1575 4487 ut
1601 4448 1723 4487 crc-

164 4510 286 4568 tlcrct
320 4522 536 4573 omnino
563 4518 705 4587 quod
735 4521 832 4574 sibi
870 4519 1151 4576 dicebatur
1176 4535 1515 4579 eventurum.
1547 4528 1723 4596 Atque

167 4603 250 4660 hcc
288 4608 417 4667 facto
464 4614 697 4667 maxime
744 4614 909 4668 Deum
955 4614 1301 4685 glorificavit,
1332 4599 1471 4687 quod
1512 4619 1722 4673 curiose

167 4710 252 4749 non
279 4700 599 4769 inquisivi-rit
620 4745 637 4767 ,
667 4719 838 4773 neque
867 4714 1135 4760 scrutatus
1161 4707 1261 4772 sit,
1290 4708 1385 4762 sed
1417 4708 1721 4780 incompre-

170 4786 380 4848 hensibili
409 4798 526 4863 ejus
566 4798 838 4866 sapientia:
866 4801 879 4829 ¹
904 4814 967 4852 ac
1006 4803 1257 4868 potentia:
1286 4802 1530 4868 cesserit,
1549 4819 1724 4872 neque

168 4879 257 4933 ullo
278 4887 425 4938 tundo
451 4888 519 4942 de
550 4888 611 4940 iis
631 4929 645 4952 ,
670 4904 786 4958 qua:
810 4889 952 4945 dicta
983 4890 1226 4956 fuerant,
1253 4892 1594 4947 dubitaverit.
1630 4893 1719 4947 νίς

169 4968 247 5023 des
272 4976 360 5028 hoc
387 4993 506 5032 esse
537 4978 773 5034 maxime
801 4980 964 5034 Deum
994 4982 1325 5051 gloriﬁcare.
1356 4998 1477 5037 cum
1520 4987 1723 5039 incom-

170 5065 477 5127 PfCllellSlb‘ll
506 5072 623 5140 cjus
652 5072 994 5139 providentia:
1013 5116 1028 5140 ,
1056 5085 1216 5145 atque
1245 5076 1496 5131 ineffabili
1530 5088 1719 5145 poten-

173 5156 239 5207 tie
267 5175 354 5213 nos
388 5164 789 5230 sulunittiums‘,
825 5181 995 5235 neque
1032 5178 1362 5232 scrutamur,
1396 5180 1485 5222 ant
1512 5175 1722 5226 curiose

172 5244 446 5317 inquirimus
490 5271 667 5322 neque
704 5256 930 5310 dicimus
962 5275 972 5309 :
1004 5255 1110 5312 Cur
1144 5259 1286 5314 hoc?
1315 5260 1378 5313 ad
1418 5262 1544 5331 quid
1583 5262 1682 5316 hoc
1700 5264 1722 5315 ’ἒ

172 5345 403 5405 quunuulo
426 5350 532 5401 erit
572 5346 708 5402 hoc?
737 5348 917 5417 Neque
946 5365 1072 5405 vero
1103 5352 1276 5405 solum
1312 5353 1413 5406 huc
1438 5364 1519 5408 est
1549 5353 1720 5408 admi-

174 5432 344 5489 ratione
377 5437 589 5509 dignum
616 5480 630 5503 ,
661 5439 755 5494 sed
786 5442 944 5495 etiam
984 5441 1125 5510 quod
1173 5441 1335 5496 ﬁlium
1384 5445 1528 5497 illum
1567 5460 1720 5499 suum

177 5522 461 5592 unigenitum
489 5544 553 5584 ac
575 5530 826 5587 dilectum
854 5541 971 5600 post
1008 5532 1143 5586 hanc
1174 5535 1578 5602 promissionem
1607 5552 1721 5590 ma-

173 5620 625 5687 rtaiejubehatur,
654 5633 706 5677 et
747 5638 814 5677 ne
844 5635 951 5677 tum
987 5624 1201 5694 qnidctn
1241 5627 1719 5683 scandalizabatur.

181 5710 302 5774 Alqui
332 5717 485 5767 nmlta
512 5725 665 5769 erant
689 5733 807 5783 qua:
831 5718 1195 5773 scandalizare
1221 5730 1435 5787 possent
1463 5736 1607 5786 eum,
1632 5721 1721 5789 qui

180 5794 359 5863 \‘igilalts
398 5822 500 5859 nun
549 5806 654 5860 luis
683 5817 736 5861 ct
779 5821 825 5864 et
870 5818 1101 5865 attentus
1134 5826 1145 5860 :
1176 5819 1229 5864 et
1273 5810 1503 5881 pritnum
1550 5810 1719 5881 ipsum

226 5886 242 5919 '
262 5891 347 5947 Alii.
366 5897 687 5953 proricentia'.

951 451 1044 506 AD
1084 451 1213 509 EOS
1251 452 1369 522 QUI
1408 444 1906 509 SCANDALIZATI
1948 445 2150 511 SUNT.
2192 453 2323 510 LIB.
2367 452 2568 511 UNUS.

3360 456 3466 515 50‘)

1872 565 2201 633 mandatum,
2230 580 2360 620 num
2392 566 2532 620 Deus
2558 565 2692 619 tales
2718 565 2960 621 victimas
2981 577 3225 637 acCeptas
3251 569 3460 632 habent,

1865 666 1916 709 et
1949 666 2124 724 patres
2149 657 2334 725 jubeat
2362 672 2482 711 esse
2524 657 2814 728 parricidas
2845 658 3130 714 liberorum
3156 704 3170 725 ,
3199 676 3262 716 ac
3294 672 3465 717 morte

1864 748 2093 801 violenta
2124 749 2284 803 vitam
2314 747 2488 813 linire,
2522 750 2805 803 immaturo
2833 750 3050 805 interitu
3084 753 3216 804 lilios
3247 766 3457 813 necare,

1863 854 2081 909 sumque
2129 840 2293 910 prolis
2343 841 2454 895 fieri
2507 841 2839 905 homicidas,
2872 843 2960 895 tali
3005 843 3262 912 saugtune
3305 859 3459 898 suum

1862 934 1990 988 velit
2030 932 2198 987 altare
2237 934 2543 999 cruentari,
2585 944 2859 1003 paternam
2888 933 3163 988 dexteram
3203 935 3461 989 adversus

1862 1023 2029 1078 lilium
2061 1025 2389 1093 unigenitum
2428 1026 2665 1092 armari,
2696 1040 2759 1079 ac
2799 1024 3002 1095 justum
3042 1028 3214 1079 virum
3255 1025 3460 1080 sicariis

1860 1114 1973 1169 ﬁeri
2003 1116 2319 1180 smviorem;
2351 1130 2470 1169 cum
2503 1115 2585 1169 his
2628 1126 2882 1185 prmterea
2925 1129 3127 1172 naturae
3159 1118 3236 1172 vis
3279 1133 3341 1172 ae
3372 1127 3455 1186 ty—

1858 1206 2042 1259 rannis
2086 1221 2207 1259 cum
2252 1207 2619 1261 commovebat
2665 1215 2717 1260 et
2763 1208 3132 1277 perturliabat,
3169 1224 3273 1260 non
3314 1208 3455 1277 quod

1860 1305 2009 1364 pater
2048 1297 2218 1351 solum
2263 1308 2405 1351 esset
2429 1341 2443 1359 ,
2472 1303 2563 1352 sed
2607 1300 2748 1368 quod
2785 1299 3064 1368 indulgens
3086 1339 3101 1362 ,
3132 1308 3185 1352 ct
3217 1298 3334 1352 talis
3362 1298 3453 1351 lilii

1859 1400 2027 1456 pater,
2062 1388 2265 1452 dilecti,
2299 1390 2575 1460 unigeniti,
2618 1390 2822 1459 pulchri
2857 1405 2959 1443 non
3000 1391 3219 1443 intuenti
3256 1389 3451 1451 solum,

1855 1480 1949 1534 sed
1982 1490 2035 1533 et
2061 1480 2462 1549 contemplanti.
2494 1479 2624 1535 Nam
2653 1491 2705 1533 et
2736 1480 2786 1533 in
2817 1483 2931 1549 ipso
2955 1490 3070 1533 erat
3096 1481 3267 1533 artatis
3295 1478 3449 1542 ﬂore,

1854 1570 1905 1625 in
1953 1572 2163 1625 virtutis
2203 1572 2417 1642 vigore,
2464 1574 2517 1626 in
2552 1586 2658 1642 quo
2697 1572 2889 1641 duplex
2936 1570 3271 1643 pulchritudo
3295 1614 3308 1637 ,
3340 1581 3450 1626 tum

1853 1666 2066 1727 utentis,
2086 1676 2193 1718 tum
2220 1666 2483 1735 corporis,
2505 1666 2768 1720 elucebat.
2801 1664 2982 1734 NPtllle
3013 1680 3139 1717 vero
3170 1663 3451 1718 mediocri-

1854 1767 1935 1812 tcr
1978 1758 2105 1811 illud
2148 1758 2216 1813 ad
2258 1770 2496 1813 amorem
2545 1767 2823 1827 paternum
2862 1756 3161 1827 augendum
3204 1756 3446 1819 vah-hat.
3524 1772 3541 1789 ι

1849 1847 1991 1917 quod
2035 1857 2231 1916 prater
2266 1862 2415 1918 spent
2445 1863 2659 1904 omnem
2699 1848 2855 1901 datus
2885 1846 3075 1903 fuerat.
3106 1845 3267 1903 Scitis
3303 1847 3447 1901 enim

1848 1953 2005 2005 quam
2040 1939 2150 1992 cari
2192 1940 2299 1993 sint
2340 1938 2604 2005 ejusmodi
2647 1938 2825 2002 liberi,
2860 1940 2948 2009 qui
2992 1948 3188 2008 prmter
3214 1953 3363 2008 spem
3391 1948 3447 1993 et

1846 2030 2334 2097 exspectationem,
2369 2044 2474 2083 non
2511 2029 2626 2099 lege
2660 2038 2861 2082 natura-
2890 2031 3132 2085 concessi
3162 2041 3313 2093 sunt,
3346 2044 3441 2084 cu-

1840 2120 2072 2189 jnsmodi
2121 2119 2218 2175 fuit
2263 2120 2371 2175 ille.
2417 2119 2550 2175 Cum
2596 2120 2678 2173 his
2722 2120 2967 2208 Ol/llltiblls
3006 2129 3185 2174 autem
3216 2120 3443 2173 maxime

1846 2219 2053 2279 poterat
2081 2210 2389 2265 scandalum
2422 2208 2663 2281 przebere
2702 2209 3012 2279 pellicitatiu
3040 2219 3089 2262 et
3129 2209 3440 2279 promissio,

1843 2316 1964 2356 cum
1998 2301 2069 2355 illi
2096 2302 2421 2356 centrarium
2452 2309 2597 2356 esset
2641 2301 2967 2356 mandatum.
3008 2300 3278 2372 Siquidem
3314 2317 3441 2371 pro-

1842 2395 2062 2447 missum
2110 2393 2279 2447 fuerat
2310 2409 2323 2446 ε
2358 2392 2449 2447 Sic
2486 2392 2580 2446 erit
2622 2409 2789 2446 semen
2830 2402 2972 2445 tuum
2996 2434 3010 2456 ,
3044 2402 3097 2444 ut
3135 2392 3295 2446 stellte
3331 2392 3445 2445 mli

1842 2483 1998 2553 (Gen.
2031 2483 2117 2537 15.
2149 2483 2207 2552 5)
2241 2501 2253 2535 :
2287 2483 2594 2537 mandatum
2638 2492 2814 2536 autem
2857 2482 3027 2537 fuerat
3056 2492 3113 2537 ut
3142 2483 3439 2552 unigenitus

1843 2575 2010 2639 titius,
2040 2573 2191 2643 cujus
2236 2574 2462 2643 posteris
2490 2583 2656 2629 totum
2687 2574 2870 2629 orbem
2900 2584 3159 2629 terrarum
3188 2582 3303 2628 erat
3340 2573 3441 2627 ima

1842 2666 2116 2736 pleturus,
2152 2666 2236 2720 hic
2262 2682 2293 2721 e
2324 2666 2501 2721 medio
2542 2667 2850 2731 tolleretur,
2892 2680 2956 2721 ac
2997 2666 3155 2721 morti
3198 2666 3437 2736 cmdique

1838 2759 2145 2813 saevissimae
2175 2758 2490 2812 traderetur.
2524 2758 2628 2812 Sed
2658 2772 2726 2811 ne
2755 2758 2830 2812 sic
2859 2758 3072 2827 quidem
3102 2756 3433 2812 scandaliza-

1840 2850 2021 2922 batur,
2054 2871 2154 2912 nec
2184 2850 2594 2927 perturbabatur
2614 2852 2786 2923 justus
2815 2852 2905 2905 ille
2927 2893 2941 2915 ,
2977 2866 3149 2921 neque
3180 2850 3281 2905 tale
3306 2849 3433 2920 quid

1837 2952 1910 3005 illi
1940 2949 2237 3017 accidebat,
2265 2950 2408 3020 quod
2441 2952 2528 3005 ιιιιί
2557 2952 2713 3006 alicui
2743 2963 2806 3005 est
2839 2945 3232 3021 insipientibus,
3264 2952 3321 2999 et
3343 2946 3431 3014 qui

1839 3042 1982 3096 lntmi
2010 3052 2251 3111 serpunt,
2281 3040 2581 3098 accidisset.
2611 3041 2793 3112 Neque
2821 3044 2963 3097 enim
2990 3042 3125 3110 apud
3156 3056 3214 3095 sc
3245 3042 3315 3096 ita
3346 3055 3435 3095 ra-

1836 3134 2119 3189 tiocinatus
2159 3141 2243 3189 est
2282 3151 2295 3187 :
2339 3132 2475 3201 Quid
2523 3132 2624 3187 hoc
2673 3136 2747 3187 rei
2792 3134 2912 3187 est?
2953 3133 3159 3201 decepti
3204 3133 3431 3187 sumus?

1836 3224 2061 3281 fraudati
2092 3227 2318 3281 sumus?
2360 3241 2426 3280 an
2467 3225 2571 3280 hoc
2612 3226 2703 3280 Dei
2744 3226 3049 3280 mandatum
3078 3225 3201 3280 est?
3230 3224 3383 3280 Absit
3412 3243 3428 3279 :

1834 3332 1940 3371 non
1974 3332 2189 3387 possum
2232 3332 2451 3385 parere;
2480 3327 2539 3372 ut
2576 3316 2665 3371 filii
2712 3317 2970 3386 parricida
3008 3319 3159 3381 liam,
3191 3326 3244 3372 et
3281 3318 3429 3386 ejus-

1835 3409 1976 3463 modi
2002 3408 2257 3478 sanguine
2280 3408 2553 3462 dexteram
2583 3424 2753 3463 meam
2780 3420 3076 3474 cruentent,
3106 3408 3292 3464 adduci
3323 3425 3427 3465 non

1836 3512 2075 3568 possum.
2103 3498 2384 3565 Quomodo
2411 3510 2589 3553 autem
2631 3499 2916 3568 prttllllaSiO
2943 3500 3098 3554 liuent
3130 3515 3285 3554 suum
3312 3514 3429 3555 sor-

1835 3594 2036 3647 tietur?
2066 3592 2123 3647 Si
2153 3594 2296 3647 enim
2328 3592 2561 3653 radicem
2607 3594 2829 3648 avellant
2854 3636 2869 3659 ,
2908 3594 3048 3648 unde
3086 3595 3261 3649 rami?
3288 3594 3428 3649 unde

1832 3686 2067 3739 fructus?
2094 3687 2138 3739 si
2169 3684 2368 3742 fontem
2392 3685 2692 3751 occludam,
2718 3687 2858 3741 unde
2880 3686 3057 3742 lluvii?
3080 3689 3125 3743 si
3153 3689 3314 3742 lilium
3335 3702 3429 3742 oc-

1832 3776 2026 3842 cidam,
2056 3776 2198 3832 unde
2225 3776 2356 3831 tnihi
2388 3786 2663 3848 nepotum,
2686 3794 2804 3849 qua:
2831 3780 3106 3834 stellarum
3138 3780 3430 3835 multitudi-

1833 3883 1953 3923 nem
1998 3879 2277 3939 cxmquet,
2318 3870 2603 3926 multitudo
2649 3874 2941 3926 nascetur?
2978 3873 3253 3941 Quomodo
3297 3889 3427 3944 ergo

1834 3972 1943 4016 tum
1974 3963 2073 4015 alia
2104 3961 2482 4033 promittebat,
2514 3973 2568 4017 et
2596 3965 2860 4017 contraria
2890 3980 3029 4018 nunc
3067 3964 3257 4035 jubet?
3287 3964 3423 4020 Nihil

1832 4054 2024 4109 horum
2052 4063 2141 4109 aut
2168 4053 2321 4119 dixit,
2351 4065 2444 4108 aut
2468 4055 2717 4126 cogitavit
2749 4073 2761 4109 ε
2791 4058 2883 4110 scil
2916 4073 3103 4112 rursus
3130 4059 3195 4112 ad
3240 4070 3425 4128 puten-

1830 4148 1957 4203 tiam
1989 4147 2124 4216 cjus,
2157 4146 2244 4217 qui
2278 4149 2595 4216 promiserat
2627 4149 2747 4213 ista,
2772 4148 3105 4217 confugiens,
3138 4165 3256 4219 qua!
3287 4150 3424 4204 inef-

1831 4238 2004 4294 fahilis
2032 4246 2118 4293 est
2142 4281 2156 4301 ,
2187 4255 2306 4305 qum
2343 4239 2515 4295 solers
2541 4249 2621 4293 cst
2660 4250 2714 4294 ct
2752 4241 2989 4309 locuples
3011 4283 3025 4306 ,
3060 4258 3176 4312 quae
3217 4258 3309 4311 per
3338 4258 3425 4297 res

1829 4330 2124 4387 contrarias
2150 4329 2342 4391 eluci-t,
2369 4346 2487 4399 qua:
2514 4341 2729 4400 supcrat
2760 4331 2903 4401 leges
2930 4344 3154 4399 naturae,
3183 4348 3302 4403 quae
3330 4348 3426 4402 po-

1831 4423 2025 4476 tentior
2059 4431 2141 4476 est
2181 4419 2429 4476 omnibus
2452 4461 2466 4485 ,
2496 4422 2579 4475 cui
2619 4422 2868 4477 resistere
2910 4422 3041 4479 nihil
3081 4432 3287 4493 potest,
3320 4427 3424 4477 hoc

1827 4528 2040 4583 quoque
2070 4514 2377 4569 mandatum
2404 4511 2737 4571 confidenter
2763 4514 3027 4582 exhausit,
3054 4524 3105 4572 ct
3137 4514 3301 4571 lilium
3331 4529 3422 4580 oc-

1828 4606 1989 4670 cidit,
2021 4614 2077 4662 et
2108 4606 2384 4661 dexteram
2432 4610 2763 4674 cruentavit,
2797 4620 2850 4664 et
2890 4610 3123 4679 gladium
3164 4611 3423 4681 sanguine

1829 4697 2047 4761 infecit,
2093 4706 2146 4751 et
2184 4711 2366 4751 ensem
2407 4697 2593 4769 jugulo
2635 4700 2893 4754 immersit
2942 4688 2957 4753 ε’
2993 4716 3115 4755 nam
3156 4701 3201 4755 si
3245 4702 3423 4756 minus

1828 4803 2020 4857 opere,
2050 4788 2236 4841 saltem
2266 4788 2426 4841 animi
2461 4792 2731 4859 proposito
2768 4801 2957 4846 cuncta
2988 4791 3086 4846 ista
3113 4793 3420 4861 complevit.

1827 4880 2085 4947 Quocirca
2115 4879 2239 4933 dum
2268 4894 2390 4935 eum
2430 4880 2640 4953 Moyses
2684 4882 2954 4944 laudaret,
2992 4885 3069 4937 sic
3095 4883 3168 4937 ait
3197 4901 3210 4937 :
3242 4882 3309 4936 Et
3338 4889 3421 4954 fu-

1827 4983 1961 5027 ctum
1985 4984 2057 5027 est
2080 4981 2191 5042 post
2218 4974 2324 5026 [nec
2344 4973 2509 5037 verba,
2541 4973 2679 5026 Deus
2701 4977 2903 5028 tentavit
2927 4975 3198 5041 Abraham,
3220 4986 3267 5030 et
3294 4978 3421 5031 dixit

1827 5067 1873 5120 ei
1901 5082 1919 5119 :
1945 5064 2090 5119 Tolle
2116 5066 2281 5133 [ilium
2311 5074 2451 5117 tuum
2479 5066 2715 5119 dilectum
2736 5108 2749 5128 ,
2777 5084 2921 5136 quem
2948 5069 3200 5133 dilexisti,
3234 5068 3384 5122 Isaac
3405 5111 3420 5135 ,

1827 5168 1874 5211 et
1913 5157 2040 5225 offer
2083 5158 2225 5211 illam
2261 5174 2412 5227 super
2453 5174 2610 5210 unum
2649 5159 2919 5221 montium,
2954 5176 3078 5227 quos
3118 5162 3205 5213 tibi
3245 5162 3417 5214 dixero

1833 5247 1995 5320 (Gen.
2025 5247 2115 5301 9‘2.
2153 5250 2202 5301 1.
2232 5246 2319 5317 2).
2366 5246 2612 5302 Πωςςὶιιο
2650 5257 2773 5301 sunt
2809 5250 2967 5303 verba
3013 5253 3379 5319 promissioni.-
3405 5294 3417 5313 ,

1830 5339 2260 5409 pollicitationis,
2309 5354 2428 5407 quae
2483 5338 2851 5407 significabant
2902 5355 3026 5394 eum
3083 5340 3415 5410 posterorum

1831 5439 2030 5497 patrem
2070 5429 2303 5482 futurum
2330 5440 2385 5483 et
2411 5444 2593 5484 semen
2634 5429 2750 5499 ejus
2786 5431 3019 5485 futurum
3060 5434 3198 5487 sicut
3241 5436 3422 5487 stellas

1826 5522 1942 5575 ca-li
1964 5526 1988 5574 Υ
2017 5521 2147 5576 Vide
2174 5537 2280 5591 quo
2309 5532 2463 5590 pacto
2505 5535 2617 5592 post
2649 5524 2763 5576 lucc
2788 5526 2949 5579 verba
2972 5568 2985 5588 ,
3014 5542 3137 5579 cum
3168 5528 3381 5580 andiisu
3406 5538 3421 5579 t

1830 5617 1993 5669 lilium
2041 5630 2194 5669 snmn
2245 5616 2628 5681 occidendum,
2673 5604 2975 5686 acquievit,
3025 5632 3145 5673 cum
3198 5635 3264 5673 ex
3315 5634 3422 5685 quo

1828 5718 1971 5764 tanta
2019 5709 2282 5762 nascitura
2326 5719 2440 5763 erat
2483 5710 2761 5764 multitudo
2786 5753 2798 5773 ,
2832 5727 2953 5765 cum
2980 5753 2993 5775 ,
3036 5712 3285 5781 inquam.
3323 5712 3418 5762 im-

1829 5800 2065 5863 melare,
2098 5808 2255 5870 atque
2289 5814 2319 5853 e
2362 5800 2535 5853 medio
2583 5801 2806 5865 tollere,
2857 5802 3070 5871 Deoqne
3116 5807 3169 5856 in
3214 5803 3414 5856 sarriti-

1835 5894 1978 5949 cium
2006 5893 2217 5949 ollerre.
2250 5895 2388 5950 Sane
2419 5896 2610 5950 Paulus
2635 5910 2753 5950 cmn
2781 5912 2902 5951 eum
2935 5895 3132 5951 idcirco
3160 5896 3397 5951 laudaret
