4142 6486
704 375 804 430 503

705 490 778 542 sic
823 505 944 545 eum
983 492 1420 558 commendabat,
1453 509 1514 548 ac
1556 495 1870 563 prmdicabat
1894 535 1909 558 ,
1938 505 1994 548 ut
2030 495 2228 548 diceret
2261 511 2275 546 :

713 577 843 634 Fide
868 583 1040 636 obtulit
1072 585 1320 637 Abraham
1346 584 1517 652 Isaac,
1545 602 1656 639 cum
1683 596 1950 639 tentaretur
1974 585 2156 657 (Hebr.
2192 587 2278 640 Η.

712 669 799 738 f7)
832 688 842 698 ·
874 680 980 724 tum
1013 682 1066 726 ut
1098 674 1310 728 doceret
1332 717 1346 735 ,
1377 687 1623 744 quantam
1654 691 1766 729 rem
1799 677 2014 741 fecerit,
2044 685 2098 730 et
2123 691 2280 744 quam

708 760 915 815 eximia:
968 762 1086 816 fidei
1143 767 1410 832 specimen
1458 766 1717 827 ediderit.
1763 766 2011 834 adjecit:
2053 765 2120 819 Et
2165 767 2280 820 uni-

707 852 926 919 genitum
956 851 1190 918 offerebat
1221 856 1262 908 is
1285 897 1298 917 ,
1333 857 1417 922 qui
1445 855 1794 924 promissiones
1830 868 2134 924 susceperat.
2173 856 2282 910 ilo-

711 954 825 992 rnm
854 951 1026 995 autem
1061 943 1144 996 hic
1175 959 1360 997 sensus
1386 956 1465 997 est
1500 962 1513 996 :
1545 945 1654 999 Diei
1693 960 1795 998 non
1840 956 2046 1014 potest,
2079 946 2278 1014 inquit,

710 1045 830 1082 cum
858 1030 991 1086 duos
1021 1034 1152 1087 filios
1197 1034 1440 1089 habuisse
1475 1037 1774 1089 carissimos
1799 1078 1812 1098 ,
1844 1047 1892 1091 et
1935 1048 2242 1105 expectasse
2263 1079 2278 1100 ,

714 1130 771 1173 ut
803 1122 901 1176 hoc
932 1124 1244 1196 interempto
1267 1167 1280 1184 ,
1311 1142 1375 1180 ex
1411 1127 1577 1180 altero
1616 1127 1714 1181 sibi
1760 1127 2038 1181 multitudo
2067 1127 2151 1180 illa
2185 1141 2281 1180 na-

711 1223 982 1277 sceretur,
1011 1215 1159 1282 cujus
1200 1225 1348 1283 pater
1376 1227 1513 1270 esset
1547 1233 1562 1270 :
1593 1228 1644 1270 et
1673 1233 1834 1270 unum
1875 1219 2017 1271 illum
2062 1218 2242 1273 habuit
2263 1260 2279 1282 ,

714 1312 768 1354 rt
803 1303 871 1357 ab
911 1303 1009 1356 hoc
1052 1307 1166 1358 solo
1215 1307 1491 1374 promissio
1537 1309 1797 1375 pendebat
1829 1327 1842 1361 :
1874 1320 2104 1364 attamen
2145 1310 2283 1364 hunc

719 1393 1024 1448 interimere
1054 1412 1156 1448 non
1187 1398 1489 1462 recusavit,
1532 1400 1668 1452 sicut
1709 1399 1759 1453 in
1789 1401 2139 1468 promissione
2185 1416 2282 1471 ge-

717 1485 1008 1538 nerationis
1050 1486 1205 1554 ejus,
1254 1503 1424 1556 neque
1468 1490 1548 1543 sui
1595 1490 1835 1557 corporis
1870 1492 2097 1544 emortui
2150 1506 2279 1544 con-

711 1572 943 1634 ditione,
986 1591 1155 1644 neque
1199 1578 1378 1631 uxoris
1405 1594 1514 1632 sua:
1549 1579 1832 1635 sterilitate
1877 1591 2077 1636 natura
2109 1585 2276 1652 potuit

713 1664 955 1732 impediri
997 1669 1280 1737 quominus
1329 1670 1483 1726 fidem
1519 1671 1773 1740 haberet,
1825 1674 1895 1729 ita
1941 1676 2024 1730 hic
2073 1693 2283 1748 quoque

714 1757 839 1811 nihil
873 1759 1154 1830 impeditus
1202 1778 1233 1817 a
1274 1773 1446 1820 morte
1491 1764 1608 1820 fuit.
1655 1766 1779 1822 Haec
1806 1767 1965 1836 igitur
2004 1783 2122 1824 eum
2180 1771 2284 1826 illis

713 1862 992 1918 compara,
1037 1867 1154 1920 qua:
1186 1870 1322 1908 nunc
1351 1855 1501 1917 fiunt.
1548 1866 1656 1910 tum
1703 1866 1757 1912 tu
1797 1859 2282 1927 pusillanimitatem

717 1947 856 1992 tuam
889 1941 1178 2007 intuebere,
1209 1953 1317 1998 tum
1348 1961 1530 2000 eorum
1555 1987 1570 2010 ,
1601 1949 1690 2017 qui
1719 1950 2173 2018 scandalizantur,
2204 1953 2283 2008 in.

715 2029 930 2084 tuebere
985 2032 1269 2099 vilitatem,
1318 2044 1373 2088 et
1419 2037 1560 2090 clare
1607 2037 1868 2110 intelliges
1898 2056 2024 2094 'non
2068 2040 2283 2099 aliunde

715 2127 857 2172 tuum
904 2121 1210 2176 scandalum
1257 2125 1515 2194 originem
1560 2128 1776 2192 ducere,
1808 2145 1966 2199 quam
2011 2131 2152 2204 quod
2201 2135 2284 2188 in-

712 2209 1172 2277 comprehensibili
1210 2213 1299 2268 Dei
1328 2216 1672 2283 providentia:
1715 2221 1932 2274 minime
1956 2222 2115 2278 cedas
2137 2263 2153 2289 ,
2183 2223 2276 2278 sed

715 2299 1163 2368 dispensatiouum
1185 2304 1300 2372 ejus
1320 2305 1535 2360 modum
1552 2307 1744 2377 ubique
1763 2309 2047 2380 disquiras,
2071 2327 2283 2370 causas-

714 2405 817 2457 que
841 2404 1024 2446 eorum
1045 2434 1060 2457 ,
1089 2409 1204 2462 quae
1233 2406 1506 2465 geruntur,
1542 2400 1803 2468 requiras,
1828 2410 1879 2455 et
1903 2402 2107 2472 singula
2138 2418 2284 2458 scru-

716 2481 844 2534 tnris
877 2499 891 2534 :
923 2484 1060 2551 quod
1090 2484 1134 2536 si
1164 2485 1446 2542 accidisset
1485 2488 1812 2557 Abrahamo,
1850 2492 2005 2561 plane
2031 2495 2094 2548 ad
2127 2496 2282 2551 fidem

717 2568 1009 2624 habendam
1041 2572 1408 2631 claudicasset.
1465 2580 1534 2632 At
1580 2577 1681 2634 bac
1729 2579 1805 2635 illi
1857 2597 1961 2636 nou
2004 2585 2196 2640 accidit
2224 2588 2238 2618 '
2267 2627 2281 2650 ,

713 2670 872 2730 atque
915 2664 1113 2744 idcirco
1151 2669 1379 2724 celebris
1407 2679 1461 2725 et
1496 2671 1714 2728 illustris
1743 2672 1878 2740 fuit,
1920 2685 1977 2732 et
2003 2678 2282 2746 omnibus,

713 2768 834 2819 qua:
862 2756 1118 2822 promissa
1151 2756 1392 2826 fuerant,
1423 2771 1508 2816 est
1547 2763 1779 2833 potitus;
1813 2780 1986 2836 neque
2011 2780 2287 2826 senectute

718 2843 1102 2901 scandalizatus
1130 2856 1230 2912 est,
1252 2865 1422 2920 neque
1449 2853 1696 2910 mandato
1712 2854 1852 2925 quod
1874 2867 2154 2928 sequutum
2180 2869 2281 2925 est;

725 2951 897 3005 neque
936 2941 1272 3006 promissioni
1313 2944 1518 3003 obicem
1567 2946 1869 3002 mandatum
1915 2949 2144 3006 futurum
2195 2968 2287 3007 an-

718 3027 942 3083 bitratus
967 3042 1048 3085 est
1069 3071 1086 3098 ,
1120 3049 1290 3102 neque
1314 3037 1628 3091 sacrificium
1662 3039 2068 3108 promissionem
2107 3057 2138 3098 e
2165 3058 2283 3099 me-

714 3118 804 3171 dio
844 3121 1170 3178 sublaturum
1198 3167 1213 3190 ,
1262 3141 1432 3196 neque
1471 3128 1521 3182 in
1566 3143 1682 3182 eam
1731 3129 1914 3185 incidit
1947 3131 2283 3202 desperatio-

717 3225 870 3273 nem,
899 3221 955 3265 ut
981 3211 1047 3267 de
1095 3217 1448 3284 promissione
1493 3229 1666 3272 actum
1696 3228 1946 3288 putaret,
1980 3223 2189 3278 tametsi
2219 3223 2284 3278 ad

720 3301 890 3368 ipsum
923 3316 1098 3357 rerum
1133 3304 1289 3359 finem
1314 3309 1634 3373 perveniret.
1678 3307 1795 3364 Noli
1840 3311 1981 3364 enim
2025 3312 2127 3366 hoc
2154 3311 2284 3367 mihi

720 3395 1062 3459 respondere,
1109 3409 1210 3448 non
1244 3399 1548 3464 permisisse
1590 3399 1778 3463 Deutn,
1809 3408 1866 3454 ut
1901 3401 2202 3457 mandatam
2231 3403 2283 3457 in

717 3496 851 3550 opus
876 3483 1069 3548 exiret,
1109 3501 1280 3556 neque
1300 3487 1424 3556 justi
1452 3489 1723 3544 dexteram
1767 3502 2092 3547 cruentatam
2119 3508 2238 3549 esse
2265 3509 2282 3548 :

717 3588 896 3626 verum
920 3573 1047 3628 illud
1078 3578 1354 3633 considera
1389 3622 1404 3644 ,
1444 3580 1573 3633 nihil
1606 3581 1794 3636 horum
1821 3583 2039 3640 scivisse
2057 3586 2281 3654 justum,

721 3677 893 3730 neque
922 3679 980 3718 se
1007 3667 1180 3720 vivum
1211 3669 1354 3722 illum
1385 3680 1720 3739 recepturum
1741 3714 1757 3737 ,
1789 3683 1948 3744 atque
1974 3677 2042 3730 ita
2070 3677 2284 3731 domum

718 3769 1052 3810 reversurum
1101 3760 1347 3819 novisse.
1397 3761 1489 3839 sed
1535 3771 1694 3816 totam
1741 3774 1972 3819 mentem
2019 3779 2168 3820 suam
2220 3768 2283 3822 ad

714 3847 914 3899 tandem
949 3849 1256 3904 intendisse.
1309 3851 1509 3905 Idcirco
1558 3855 1715 3908 etiam
1767 3857 2004 3911 secundo
2040 3857 2106 3913 de
2152 3861 2284 3915 earlo

718 3946 955 3992 vocatur.
1016 3939 1196 4009 Neque
1242 3944 1384 3995 enim
1433 3943 1687 3997 Abraham
1748 3947 2062 4016 simpliciter
2109 3949 2280 4002 dixit:

720 4029 834 4091 sed,
867 4030 1137 4095 Abraham,
1190 4034 1440 4086 Abraham
1466 4033 1614 4102 (Gen.
1642 4035 1734 4090 22.
1769 4036 1847 4108 1),
1876 4039 2022 4092 vocis
2060 4042 2287 4112 ingemi-

719 4120 932 4173 natione
978 4121 1234 4177 intentum
1263 4125 1326 4175 ad
1378 4125 1698 4179 saerificium
1743 4129 1907 4182 animi
1958 4134 2284 4200 propositum

717 4212 1033 4276 reprimens,
1062 4223 1114 4265 et
1141 4229 1395 4267 revocans
1424 4231 1437 4267 :
1473 4215 1540 4267 ita
1567 4226 1706 4269 totus
1733 4217 1797 4271 ad
1827 4220 2130 4274 mandatum
2160 4239 2282 4292 per-

716 4299 976 4367 agendum
1020 4303 1376 4358 incumbebat.
1418 4305 1574 4360 Vides
1618 4317 1779 4362 totam
1825 4326 1936 4364 rem
1976 4315 2092 4381 ejus
2117 4316 2282 4371 animi

723 4392 982 4444 sententia
1032 4391 1192 4447 fuisse
1233 4397 1546 4464 completam
1592 4407 1648 4451 et
1686 4399 1971 4466 perfectam
1998 4443 2012 4469 ,
2055 4419 2151 4458 nec
2196 4422 2286 4460 us-

716 4495 870 4547 quam
908 4483 1211 4537 scandalum
1258 4502 1586 4556 comparere.
1622 4489 1672 4542 ld
1703 4505 1828 4546 vero
1865 4492 1915 4545 in
1953 4509 2108 4546 causa
2146 4495 2279 4562 fuit,

717 4571 856 4642 quod
899 4574 950 4625 in
995 4577 1228 4630 actiones
1271 4579 1360 4631 Dei
1392 4581 1600 4634 curiose
1643 4596 1746 4634 non
1788 4583 2097 4651 inquireret.
2147 4586 2282 4653 Quid

720 4677 846 4715 vero
867 4661 1101 4732 Ioseph?
1122 4666 1225 4728 dic,
1256 4683 1436 4735 quaeso
1467 4685 1480 4720 :
1516 4685 1688 4724 nonne
1716 4671 1817 4726 tale
1845 4673 1968 4741 quid
1991 4674 2040 4728 ei
2067 4675 2284 4730 accidit?

721 4749 850 4807 Nam
882 4761 934 4806 et
963 4753 1034 4806 illi
1065 4769 1247 4824 magna
1278 4759 1517 4825 quaedam
1566 4775 1594 4812 a
1642 4761 1748 4814 Deo
1789 4766 2068 4830 promissio
2115 4766 2286 4821 fuerat

719 4843 916 4904 oblata,
946 4854 997 4897 et
1025 4860 1110 4898 res
1139 4849 1418 4900 contraria:
1465 4850 1799 4917 promissioni
1847 4869 2028 4908 rursus
2069 4857 2283 4911 evenie-

719 4933 862 4989 bant.
903 4935 1092 4990 Fuerat
1121 4939 1262 4991 enim
1313 4942 1631 5008 promissum
1661 4957 1754 5010 per
1793 4947 1996 5000 somnia
2025 4949 2280 5016 futurum,

722 5032 778 5076 ut
821 5040 942 5078 eum
996 5027 1187 5081 fratres
1228 5032 1546 5096 adorarent,
1594 5045 1748 5101 atque
1779 5035 1878 5089 hoc
1921 5036 2114 5106 duplex
2153 5039 2316 5094 visio~

723 5120 1124 5188 pramuntiavit.
1163 5138 1281 5176 cum
1333 5125 1415 5176 illa
1451 5140 1541 5193 per
1580 5129 1795 5190 stellas,
1835 5139 1945 5182 tum
1985 5133 2150 5186 altera
2193 5149 2285 5201 per

724 5211 1019 5280 manipulos
1048 5229 1060 5264 :
1094 5229 1210 5282 qme
1237 5231 1359 5268 vero
1387 5227 1504 5284 post
1536 5220 1766 5276 visiones
1792 5222 2127 5292 acciderunt,
2156 5240 2289 5280 con-

725 5302 880 5353 traria
920 5302 1075 5371 plane
1105 5304 1391 5358 visionibus
1434 5306 1656 5361 fuerunt.
1702 5311 1936 5364 Primum
2021 5332 2123 5368 nim
2159 5332 2285 5386 gra.

723 5387 799 5439 vis
832 5386 954 5440 inde
988 5403 1155 5456 pugna
1195 5391 1426 5456 paternis
1471 5394 1519 5443 in
1562 5395 1758 5447 aedibus
1799 5400 2028 5452 excitata
2070 5409 2184 5464 est,
2232 5413 2285 5456 et

721 5479 808 5545 qui
849 5493 910 5531 ex
955 5481 1138 5534 eodem
1173 5482 1376 5535 fuerant
1422 5492 1572 5537 utero
1603 5487 1704 5538 nati
1733 5529 1745 5549 ,
1777 5491 2102 5557 cognationis
2143 5495 2286 5563 leges

719 5568 974 5623 violantes
997 5612 1011 5634 ,
1045 5581 1097 5624 et
1127 5573 1339 5626 fraterni
1371 5576 1568 5629 amoris
1598 5577 1802 5632 vincula
1836 5596 2238 5653 perrumpentes
2264 5627 2278 5649 ,

722 5660 834 5728 ipsa
887 5663 1112 5732 denique
1151 5666 1264 5732 jura
1311 5676 1510 5719 natura:
1558 5669 1936 5738 perfringentes
1960 5713 1975 5738 ,
2012 5676 2204 5731 inimici
2234 5688 2286 5732 et

782 5779 799 5813 ⁸
947 5793 1038 5833 non
1061 5786 1296 5833 scrutatus
1327 5788 1413 5838 est.
1442 5795 1544 5844 pro,
1570 5795 1663 5834 non
1685 5782 1762 5835 ιλιι
1782 5787 1976 5839 accidit.

1367 379 1426 436 S.
1464 380 1741 438 JOANNIS
1775 381 2245 438 CIIRYSOSTONI
2284 381 2603 438 Ατηεηιει).
2641 381 3173 438 CONSTANTINOP.

3860 376 3964 435 ςοι

2391 491 2608 558 hostes,
2656 510 2718 548 ac
2766 494 3016 549 smviores
3063 495 3199 563 lupis
3244 507 3366 563 erga
3417 492 3630 546 fratrem
3683 493 3966 546 occasione

2388 585 2648 639 visionum
2704 585 2909 639 illarum
2959 593 3275 646 evaserunt;
3329 595 3384 637 et
3433 580 3886 650 quemadmodum
3924 584 3965 633 si

2388 673 2510 730 fene
2537 685 2693 744 atque
2723 679 2982 730 immanes
3013 675 3200 730 bellum
3228 676 3468 743 quaedam
3501 689 3693 742 agnum
3724 691 3755 728 e
3790 675 3967 724 medio

2384 765 2707 833 abriperent,
2743 768 2810 818 ita
2836 765 3071 834 quotidie
3095 766 3312 820 insidias
3339 765 3409 818 illi
3443 765 3750 819 tendebant.
3791 765 3968 831 Atque

2386 854 2542 924 hujus
2565 855 2686 909 belli
2716 871 2907 924 parens
2935 864 2989 908 et
3016 867 3200 909 auctor
3227 856 3321 908 fttit
3343 855 3521 923 iniqua
3552 853 3796 923 quaedam
3826 854 3966 905 invi-

2385 945 2492 1007 dia,
2517 954 2569 999 ct
2593 946 2734 1000 livor
2757 946 2982 1014 iujnstus
3006 963 3018 998 :
3041 947 3222 1013 iraque
3240 945 3505 999 ferventes
3529 943 3751 1014 singulis
3776 944 3970 996 dide

2386 1035 2585 1089 caedem
2633 1035 2747 1102 ejus
2798 1036 3138 1097 anhelabant,
3183 1052 3302 1090 cum
3330 1036 3467 1090 hanc
3506 1038 3556 1090 in
3581 1038 3662 1092 eis
3693 1035 3968 1090 fornacem

2385 1125 2718 1190 accenderet,
2744 1139 2793 1180 et
2813 1126 3077 1181 ﬂammam
3098 1129 3353 1182 excitaret
3380 1127 3598 1181 invidia.
3623 1127 3688 1181 Et
3710 1128 3966 1196 quoniam

2387 1218 2510 1270 dum
2557 1217 2701 1272 domi
2747 1217 2984 1287 degeret,
3032 1227 3087 1272 et
3125 1232 3246 1270 cum
3280 1217 3588 1286 parentibus
3622 1225 3966 1278 versaretur,

2387 1308 2516 1364 nihil
2548 1309 2757 1364 interim
2787 1310 2859 1362 illi
2891 1309 3013 1362 mali
3061 1317 3302 1378 poterant
3333 1307 3560 1372 inferre,
3594 1307 3759 1376 ipsius
3785 1306 3971 1361 existi—

2389 1399 2602 1455 mationi
2649 1399 2970 1460 detralmut,
3019 1400 3240 1467 ejusque
3287 1398 3488 1453 nomini
3536 1409 3716 1451 notam
3747 1398 3969 1450 inurunt

2387 1490 2635 1555 infamias,
2667 1500 2719 1544 et
2741 1505 2896 1557 prava
2925 1490 3295 1545 criminatione
3322 1491 3466 1543 illum
3494 1498 3764 1550 accusant,
3796 1494 3962 1555 atque

2387 1581 2488 1636 hoc
2509 1591 2662 1652 pacto
2690 1583 2852 1651 patris
2883 1582 2932 1635 in
2960 1597 3081 1636 eum
3109 1595 3343 1636 amorem
3377 1581 3586 1636 auferre
3613 1578 3964 1644 contendunt,

2387 1681 2445 1725 ut
2492 1672 2563 1726 ita
2607 1669 2815 1726 facilius
2869 1673 3103 1742 ipsorum
3153 1671 3360 1726 insidiis
3405 1671 3524 1739 capi
3575 1670 3768 1741 possit.
3825 1667 3963 1722 Tum

2387 1761 2580 1816 deinde
2602 1761 2730 1815 foris
2754 1777 2874 1816 eum
2903 1761 3082 1831 procul
3109 1777 3136 1814 a
3160 1771 3448 1832 conspectu
3472 1761 3638 1830 patris
3657 1757 3965 1829 deprehen-

2387 1851 2594 1918 dentes,
2624 1868 2744 1906 cum
2772 1853 2822 1906 in
2847 1853 3057 1906 deserto
3076 1852 3271 1906 cibaria
3291 1851 3392 1907 sibi
3423 1851 3747 1906 deferentem
3769 1891 3784 1915 ,
3812 1858 3868 1904 et
3897 1847 3966 1902 ad

2386 1956 2480 1996 eos
2524 1943 2812 1997 visitandos
2855 1941 3151 2012 profectum
3197 1944 3556 2007 invenissent,
3587 1956 3758 2010 neque
3785 1938 3966 2010 profe-

2386 2034 2582 2089 ctionis
2609 2048 2821 2089 causam
2853 2043 2976 2088 sunt
3009 2033 3242 2097 reveriti,
3275 2047 3445 2104 neque
3469 2033 3719 2088 fraterna:
3765 2044 3967 2086 mensa:

2389 2124 2509 2180 illos
2545 2124 2761 2195 puduit,
2805 2123 2899 2180 sed
2928 2123 3131 2194 gladios
3175 2124 3456 2187 acuebant,
3503 2134 3557 2177 et
3583 2138 3642 2178 se
3665 2120 3730 2176 ad
3760 2119 3968 2176 cedem

2387 2215 2749 2286 accingebant,
2769 2230 3058 2286 omnesque
3089 2215 3264 2270 fratris
3294 2215 3573 2286 parricidae
3603 2214 3820 2278 ﬂebant,
3842 2227 3968 2267 cum

2391 2307 2518 2360 nihil
2547 2321 2764 2377 parvum
2793 2315 2885 2360 aut
2909 2315 3157 2378 magnum
3184 2307 3232 2360 ei
3279 2314 3496 2375 possent
3515 2305 3768 2375 objicerc,
3799 2319 3962 2375 quem

2389 2400 2716 2455 interfectori
2745 2408 2930 2464 erant;
2953 2398 3046 2454 sed
3072 2414 3262 2455 eorum
3287 2413 3467 2463 causa,
3492 2397 3562 2452 ob
3585 2413 3705 2467 quae
3725 2397 3967 2467 pra-uuis

2387 2491 2526 2547 affici
2565 2505 2627 2546 ac
2657 2491 2932 2561 prmdicori
2965 2507 3085 2546 eum
3117 2490 3387 2560 oportuit,
3425 2489 3767 2555 invidebant,
3797 2504 3970 2559 oppu-

2387 2582 3013 2653 gnabant,etcalunmiis
3047 2581 3386 2652 appetebant.
3426 2582 3492 2634 At
3530 2579 3710 2634 illene
3748 2579 3826 2632 sic
3846 2579 3970 2648 qui-

2389 2675 2510 2730 dem
2535 2675 2744 2728 illorum
2771 2687 3114 2744 congressum
3139 2672 3499 2734 aversabatur,
3529 2671 3620 2726 sed
3650 2672 3808 2726 etiam
3841 2684 3968 2738 erga

2392 2776 2589 2822 tantam
2630 2767 3020 2836 improbitatem
3049 2764 3339 2820 fraternum
3375 2779 3611 2819 amorem
3639 2761 3966 2824 exhibebat;

2391 2859 2464 2913 illi
2499 2866 2680 2913 contra
2716 2857 2793 2912 sic
2834 2855 3079 2910 affectum
3127 2854 3430 2908 interimere
3485 2853 3817 2908 conabantur
3851 2868 3867 2916 ;
3915 2860 3971 2904 et

2391 2957 2646 3018 quantum
2676 2948 2726 3000 in
2758 2947 2886 3018 ipsis
2906 2945 3119 3016 quidem
3152 2944 3269 3010 fuit,
3311 2945 3709 3007 interemerunt,
3739 2957 3970 3013 suasque

2388 3038 2634 3093 dexteras
2656 3047 3017 3098 cruentarunt,
3051 3046 3103 3090 et
3141 3037 3424 3090 fraternam
3451 3035 3653 3090 caedem
3693 3043 3971 3105 perpetra—

2390 3142 2532 3185 ruut.
2583 3129 2959 3184 Verumtamen
2989 3129 3159 3183 solers
3210 3128 3298 3181 Dei
3346 3127 3623 3194 sapientia,
3674 3137 3726 3180 et
3762 3142 3884 3195 qum
3915 3126 3968 3179 in

2389 3221 2550 3276 rebus
2591 3220 2875 3289 deploratis
2923 3220 3022 3274 iter
3071 3219 3361 3274 secundum
3404 3218 3594 3286 aperit,
3641 3232 3758 3272 cum
3791 3218 3841 3270 in
3876 3216 3972 3270 ba-

2389 3313 2626 3366 rathrum
2679 3326 2800 3365 eum
2851 3310 3171 3379 pra-cipuem
3222 3310 3386 3364 acturi
3435 3317 3489 3363 et
3552 3309 3667 3363 neci
3723 3308 3967 3362 tradituri

2389 3411 2602 3466 essent,
2645 3416 2707 3457 ex
2761 3401 2975 3456 nefariis
3011 3401 3217 3455 illorum
3261 3400 3501 3454 manibus
3542 3400 3714 3468 ipsum
3745 3398 3966 3467 eripuit.

2389 3495 2518 3549 Nam
2548 3494 2813 3549 consuluit
2840 3492 3051 3562 quidem
3082 3505 3220 3544 unus
3239 3508 3301 3545 ex
3335 3491 3586 3544 fratribus
3611 3532 3625 3554 ,
3673 3501 3728 3543 ut
3770 3504 3864 3543 eos
3901 3490 3972 3542 ab

2391 3587 2484 3642 illo
2511 3585 2795 3657 parricidio
2836 3595 3142 3644 revocaret;
3173 3583 3262 3637 sed
3309 3599 3489 3637 eorum
3543 3593 3773 3636 mentem
3825 3582 3973 3637 ﬂexit

2393 3679 2552 3742 Deus,
2594 3692 2658 3732 ae
2699 3674 2899 3732 caedem
2953 3675 3241 3748 impedivit.
3278 3673 3381 3728 Sed
3414 3690 3480 3728 ne
3512 3675 3597 3727 hic
3625 3673 3834 3741 quidem
3869 3673 3973 3727 im-

2391 3781 2542 3840 petus
2567 3770 2826 3824 malorum
2869 3767 3136 3829 substitit,
3173 3781 3356 3820 verum
3398 3765 3621 3819 ulterius
3663 3778 3848 3818 rursus
3886 3775 3973 3819 est

2392 3875 2702 3931 progressus
2746 3859 3006 3927 Quoniam
3032 3857 3175 3911 enim
3209 3857 3352 3908 illum
3385 3854 3688 3908 interimere
3713 3851 3971 3921 prohibiti

2390 3953 2619 4018 fuerant,
2641 3951 2814 4005 adhuc
2834 3960 3006 4002 autem
3037 3948 3110 4001 ira
3135 3945 3388 4010 fervebat,
3411 3957 3463 3999 ct
3485 3945 3631 3998 furor
3650 3945 3882 4012 vigebat,
3906 3959 3971 3999 ac

2392 4045 2652 4114 passionis
2680 4042 2905 4112 procella
2934 4039 3203 4099 smvicbat,
3225 4039 3274 4090 iu
3297 4037 3435 4090 aliud
3465 4036 3734 4105 quidpiam
3759 4035 3974 4089 iracun-

2389 4139 2530 4192 diam
2559 4137 2879 4192 eifuderunt.
2913 4135 3139 4188 Exutum
3159 4132 3299 4186 enim
3326 4132 3623 4185 etvinctum
3649 4143 3773 4182 eum
3793 4127 3975 4196 proje-

2390 4239 2575 4283 cerunt
2601 4229 2650 4282 in
2668 4228 2837 4280 lacum
2865 4225 3107 4279 crudeles
3125 4225 3218 4288 illi,
3239 4221 3531 4283 iuluunani,
3552 4229 3711 4288 atque
3725 4219 3970 4283 efferati;

2389 4321 2584 4376 deinde
2612 4319 2814 4374 delatos
2841 4319 2906 4371 ab
2933 4317 3021 4371 illo
3047 4315 3194 4370 cibos
3223 4313 3600 4383 dcguslarunt;
3640 4320 3695 4365 et
3725 4310 3812 4364 ille
3849 4310 3975 4379 (ιιιί-

2391 4413 2510 4466 dem
2541 4411 2592 4464 in
2624 4411 2738 4462 lacu
2770 4418 2910 4461 metu
2943 4405 3128 4458 mortis
3179 4405 3500 4458 imtninentis
3530 4412 3804 4470 correptus
3850 4416 3975 4457 vcr-

2392 4503 2624 4564 sabatur,
2661 4501 2731 4553 illi
2765 4513 2888 4551 vero
2911 4497 3110 4550 deliciis
3143 4506 3195 4548 et
3223 4494 3464 4548 ebrietati
3494 4493 3768 4548 vacabant.

2459 4592 2651 4660 Joseph
2674 4608 2704 4642 a
2731 4592 2968 4660 fratribus
2990 4589 3239 4641 venditur.
3256 4586 3499 4640 Tentatur
3527 4587 3590 4638 ab
3607 4586 3726 4637 hera
3749 4583 3969 4654 Ioseph.

2389 4714 2455 4725 -—
2485 4683 2665 4752 Neque
2687 4682 2787 4736 huc
2811 4695 2975 4749 usque
3003 4687 3205 4732 tantum
3234 4678 3441 4731 illorum
3467 4676 3700 4744 perrexit
3725 4675 3967 4737 insania;

2391 4777 2482 4830 sed
2513 4791 2631 4830 cum
2662 4774 2904 4828 homines
2935 4771 3207 4830 barbaros,
3236 4777 3287 4821 et
3316 4769 3496 4836 procul
3528 4766 3595 4820 ab
3623 4766 3832 4820 illorqu
3878 4782 3972 4821 re-

2389 4872 2546 4938 gione
2588 4866 2884 4919 habitantes
2915 4863 2964 4914 in
3008 4859 3295 4929 Egyptqu
3332 4857 3588 4911 vidissent
3615 4855 3969 4920 descendere,

2389 4969 2655 5029 arteptum
2702 4957 2918 5011 fratrem
2970 4954 3072 5007 illis
3112 4952 3480 5017 vendiderunt,
3527 4959 3586 5004 ut
3631 4948 3851 5002 alteram
3891 4948 3974 5004 illi

2392 5060 2614 5105 mortem
2641 5047 2921 5118 quamdam
2951 5045 3263 5113 longiorem,
3304 5042 3652 5104 acerbiorem,
3680 5055 3744 5094 ac
3786 5040 3975 5095 multis

2391 5141 2620 5195 miseriis
2658 5139 2909 5194 refertam
2963 5136 3414 5189 machinarentur.
3465 5133 3670 5202 Quippe
3710 5132 3798 5201 qui
3847 5148 3972 5187 cum

2388 5235 2595 5302 juvenis
2622 5240 2785 5293 esset,
2822 5240 2877 5284 et
2912 5228 3062 5282 valde
3085 5226 3314 5296 juvenis,
3341 5226 3612 5291 multaque
3643 5240 3764 5278 cum
3807 5224 3967 5279 liber-

2394 5335 2496 5378 tate
2524 5322 2756 5392 paternis
2807 5325 2858 5374 in
2906 5319 3107 5373 aedibus
3143 5318 3416 5380 educatus,
3473 5315 3669 5370 nu'lam
3715 5330 3972 5385 umquam

2393 5418 2720 5475 servitutem,
2761 5423 2850 5465 aut
2881 5410 3146 5464 miseriam
3196 5408 3464 5474 servitutis
3506 5416 3648 5460 esset
3690 5417 3969 5475 expertus.

2393 5507 2563 5574 cogita
2602 5501 2870 5572 quomodo
2902 5509 3045 5553 esset
3081 5498 3319 5561 affectus,
3364 5499 3450 5566 qui
3487 5497 3664 5550 subito
3702 5511 3771 5549 ex
3802 5496 3975 5550 libero

2393 5612 2596 5659 servus,
2638 5595 2945 5665 peregrinus
2974 5609 3040 5648 ex
3067 5596 3183 5646 cive
3214 5591 3381 5644 faetus
3406 5597 3568 5652 esset,
3615 5598 3670 5643 et
3697 5589 3750 5644 in
3789 5601 3945 5645 extre
3966 5621 3978 5630 ο

2395 5703 2533 5741 mam
2565 5687 2920 5754 captivitatem
2960 5683 3237 5745 abductus,
3272 5696 3374 5735 non
3405 5682 3456 5733 in
3495 5681 3808 5736 servitutem
3853 5695 3976 5736 tan-

2398 5792 2528 5847 tum,
2558 5780 2651 5836 sed
2675 5788 2728 5835 et
2758 5792 2788 5831 a
2817 5786 2964 5845 patre
2986 5790 3046 5830 ac
3075 5784 3263 5842 matre,
3287 5773 3638 5842 omnibusque
3665 5771 3980 5840 propinquis
