4192 6496
209 435 314 491 503

211 557 387 626 φάνου
435 556 534 611 καὶ
580 556 921 630 ἀνεκήρυττε
952 557 1164 627 λέγων⁸
1197 560 1409 616 Πίστει
1438 560 1820 631 προσενήνο-

1040 437 1133 495 AD
1169 437 1305 499 EOS
1342 440 1462 510 QUI
1502 439 2006 499 SCANDALIZATI
2042 440 2247 500 SUNT.
2289 443 2423 503 LIB.
2464 445 2676 503 UNUS.

3422 458 3528 515 506

1923 560 2107 616 λύκων
2134 563 2465 637 ἀγριώτεροι
2501 565 2633 636 περὶ
2661 564 2754 619 τὸν
2797 567 3030 639 ἀδελφὸν
3073 571 3183 625 ἀπὸ
3216 573 3325 627 τῶν
3354 573 3534 645 ϐψεων

207 665 323 719 κεν
395 649 649 720 Ἀϐραὰμ
735 652 847 704 τὸν
906 650 1115 706 Ἰσαὰκ
1189 653 1610 723 πειραζόμενος
1629 672 1641 686 ·
1696 651 1819 709 εἶτα
1918 653 2149 709 ἐκείνων
2177 655 2447 725 ἐγίνοντο·
2473 658 2570 712 καὶ
2593 658 2786 732 ὥσπερ
2807 659 2977 733 θῆρες
2996 661 3182 734 ἄγριοι
3210 666 3306 719 καί
3326 666 3536 738 ἀνήμε-

205 743 428 808 δεικνὺς
454 744 647 815 ἡλίκον
672 747 908 816 πρᾶγμα
932 746 1183 819 ἐποίησε,
1208 750 1305 803 καὶ
1337 749 1473 820 ὅσην
1496 750 1818 816 ἐπεδείξατο
1920 746 2005 817 ροί
2028 764 2175 811 τινες
2196 749 2384 820 ἀρνίον
2408 751 2465 803 ἐν
2489 751 2641 821 μέσῳ
2666 751 2945 815 λαϐόντες.
2971 753 3116 809 οὕτω
3143 756 3266 811 καθ’
3292 758 3534 829 ἑκάστην

208 833 420 901 πίστιν,
462 835 715 906 ἐπήγαγε
741 852 755 867 ⁸
792 837 903 891 Καὶ
937 838 1048 892 τὸν
1086 839 1390 910 μονογενῆ
1435 841 1815 911 προσέφερεν

207 928 242 979 ὁ
274 924 390 993 τὰς
423 927 792 997 ἐπαγγελίας
838 927 1193 1000 δεξάμενος.
1232 933 1296 984 Ὃ
1330 931 1389 986 δὲ
1425 932 1599 1002 λέγει,
1634 933 1814 987 τοιοῦ-

205 1018 301 1071 τόν
332 1020 488 1073 ἐστιν
508 1036 523 1049 ’
556 1020 671 1073 Οὐκ
703 1019 853 1074 ἐστιν
881 1023 1076 1087 εἰπεῖν,
1124 1024 1311 1095 φησὶν,
1346 1025 1429 1078 ὅτι
1471 1025 1568 1080 δύο
1613 1026 1813 1090 παῖδας

206 1105 323 1181 εἶχε
386 1112 669 1183 γνησίους,
731 1114 828 1167 καὶ
877 1115 1206 1186 προσεδόκα.
1259 1116 1641 1187 ἀναιρεθέντος
1687 1118 1813 1172 τού-

206 1216 324 1263 του,
379 1200 491 1254 ἀπὸ
516 1201 613 1255 τοῦ
654 1203 845 1276 ἐτέρου
892 1203 988 1258 τοῦ
1035 1204 1273 1277 πλήθους
1322 1206 1537 1261 ἐκείνου
1586 1207 1810 1264 ἔσεσθαι

207 1293 415 1365 πατὴρ,
450 1294 591 1349 ἀλλά
636 1297 732 1350 καὶ
773 1298 934 1368 μόνον
972 1294 1119 1371 εἶχεν
1149 1299 1334 1366 αὐτὸν,
1367 1301 1462 1354 καὶ
1488 1301 1599 1355 ἀπὸ
1644 1302 1808 1372 μόνου

204 1385 395 1439 τούτου
425 1386 497 1440 τά
526 1392 627 1460 τῆς
665 1392 1003 1460 ἐπαγγελίας
1030 1394 1235 1466 ὴρτητο
1254 1413 1269 1426 '
1301 1397 1395 1451 καὶ
1427 1398 1580 1467 ὅμως
1616 1398 1808 1454 τοῦτον

202 1475 377 1531 είλετο
405 1479 736 1549 καταθῦσαι,
767 1481 957 1556 ὥσπερ
978 1487 1038 1539 ἐν
1068 1490 1133 1558 τῇ
1172 1488 1463 1560 ὑποσχέσει
1487 1491 1588 1563 τῆς
1616 1496 1811 1575 γεννη-

203 1584 343 1633 σεως
366 1571 539 1626 αὑτοῦ
577 1574 715 1646 μήτε
746 1578 812 1648 τῇ
842 1578 1022 1649 οἰκείᾳ
1042 1579 1329 1651 νεκρώσει,
1356 1584 1496 1655 μήτε
1525 1588 1591 1656 τῇ

202 1677 284 1714 σει
299 1663 403 1733 τῆς
419 1663 641 1733 φύσεως
654 1666 724 1737 τῆ
729 1684 757 1732 ς
773 1670 1035 1737 γυναικὸς
1051 1673 1317 1738 κωλυθεὶς
1331 1675 1470 1747 πρὸς
1482 1676 1582 1748 τὴν
1598 1677 1804 1746 πίστιν,

201 1752 353 1826 μεθ]
368 1753 548 1818 οὕτως
571 1756 693 1811 οὐδὲ
717 1758 954 1815 ἐνταῦθα
978 1761 1057 1830 τῷ
1076 1762 1293 1836 θανάτῳ
1311 1768 1803 1839 παρεμποδισθείς.

200 1843 497 1915 Παρόϐαλε
524 1847 705 1903 τοίνυν
725 1850 901 1906 ταῦτα
919 1853 1059 1925 πρὸς
1087 1855 1157 1910 τὰ
1190 1857 1287 1911 νῦν
1306 1860 1680 1932 γεγενημένα,
1709 1865 1805 1919 καὶ

196 1934 315 2004 ὄψει
356 1951 458 1989 σου
492 1937 594 2008 τὴν
634 1942 1025 2014 μικροψυχίαν,
1075 1947 1172 2001 καὶ
1207 1947 1330 2019 ὕψει
1370 1950 1472 2024 τὴν
1523 1953 1804 2009 εὐτέλειαν

194 2026 304 2080 τῶν
330 2029 867 2103 σκανδαλιζομένων,
890 2038 985 2090 καὶ
1009 2040 1129 2111 εῐσῃ
1167 2041 1357 2109 σαφῶς
1388 2056 1438 2110 ι,
1462 2044 1545 2098 ὅτι
1564 2045 1803 2117 οὐδαμό-

196 2115 286 2170 θεν
314 2119 594 2192 ἐτέρωθέν
626 2139 708 2177 σοι
736 2125 797 2179 τὸ
828 2127 1130 2183 σκάνδαλον
1154 2130 1447 2207 γίνεται,ἢ
1495 2138 1560 2190 ἐκ
1598 2115 1802 2211 τοῦ-μὴ

193 2217 557 2285 παραχωρεῖν
589 2220 657 2289 τῇ
686 2218 1063 2293 ἀκαταλήπτῳ
1094 2223 1189 2278 τοῦ
1218 2225 1356 2280 Θεοῦ
1396 2231 1648 2303 προνοίᾳ,
1682 2232 1801 2287 ἀλλ’

193 2304 477 2378 ἐπιζητεῖν
522 2311 852 2383 οἰκονομιῶν
897 2315 1101 2388 τρόπον
1145 2323 1448 2393 πανταχοῦ,
1478 2325 1573 2380 καὶ
1619 2328 1802 2392 αίτίας

192 2394 297 2449 τῶν
325 2400 640 2470 γινομένων
662 2403 937 2469 ἀπαιτεῖν,
958 2410 1053 2463 καὶ
1077 2409 1286 2466 ἕκαστα
1305 2417 1768 2487 περιεργάζεσθαι
1782 2436 1797 2450 ⁸

192 2493 327 2564 ὅπερ
359 2496 408 2548 εἰ
454 2493 662 2550 ἔπαθεν
708 2498 737 2550 6
778 2498 1055 2573 Ἀϐραὰμ,
1085 2502 1280 2575 ἔμελλε
1314 2510 1451 2580 πρὸς
1484 2510 1584 2585 τὴν
1613 2514 1801 2569 πίστιν

192 2585 478 2655 χωλεύειν.
541 2588 685 2641 Ἀλλ’
730 2591 835 2647 οὐκ
884 2593 1057 2648 ἔπαθε
1083 2598 1135 2661 δ,
1172 2598 1375 2655 διὸκαὶ
1419 2602 1657 2677 ἔλαμψε,
1706 2588 1800 2664 καί

193 2675 415 2731 πάντων
444 2678 683 2752 ἐπέτυχε
705 2683 815 2739 τῶν
836 2685 1268 2760 ἐπηγγελμένων
1283 2710 1298 2723 ·
1332 2694 1458 2749 οὐδὲ
1480 2675 1800 2756 ἐσκανδαλί-

191 2859 311 2914 οὐδὲ
328 2861 554 2933 ἐνόμισε
577 2864 809 2938 κώλυμα
842 2863 1064 2927 εἶναιτὸ
1081 2874 1365 2949 ἐπίταγμα
1386 2884 1453 2953 τῇ
1478 2859 1795 2957 ὑποσχέσει,

192 2951 311 3007 οὔτε
352 2954 711 3032 ἀναιρετικὴν
755 2956 896 3019 εἶναι
936 2963 1037 3037 τὴν
1077 2966 1269 3023 θυσίαν
1304 2972 1408 3043 τῆς
1434 2951 1797 3047 ἐπαγγελίας,

194 3043 311 3099 οὐδὲ
336 3048 419 3111 εἰς
451 3048 768 3119 ἀπόγνωσιν
798 3056 1058 3112 ἐνέπιπτε
1086 3061 1187 3132 τῆς
1212 3043 1796 3138 ὑποσχέσεως,ήκαίτοι

192 3138 325 3209 πρὸς
354 3140 493 3195 αὐτὸ
519 3142 582 3196 τὺ
611 3144 789 3216 πέρας
816 3147 928 3203 τῶν
961 3154 1308 3225 πραγμάτων
1339 3158 1531 3217 ἐλθών.
1565 3165 1658 3237 Μὴ
1685 3168 1796 3240 γάρ

195 3247 282 3301 μοι
312 3231 478 3287 τοῦτο
521 3232 669 3304 λέγε,
705 3236 788 3291 δτι
819 3239 922 3293 οὐκ
968 3242 1156 3328 εἴασεν
1188 3248 1217 3301 6
1247 3247 1383 3314 Θεὸς
1426 3253 1510 3317 εἰς
1541 3231 1707 3328 ἔργον
1733 3231 1797 3315 τὸ

192 3325 477 3399 ἐπίταγμα
520 3328 721 3397 ἐλθεῖν,
771 3332 895 3387 οὐδὲ
926 3326 1268 3412 αἰμαχθῆναι
1297 3345 1393 3399 τοῦ
1433 3325 1647 3406 δικαίου
1693 3356 1795 3427 τὴν

189 3415 397 3484 δεξιάν·
434 3421 555 3476 ἀλλ’
604 3425 786 3480 ἐκεῖνο
824 3429 1039 3499 σκόπει,
1076 3434 1158 3490 ὅτι
1201 3436 1411 3494 τούτων
1454 3445 1607 3501 οὐδὲν
1650 3450 1680 3502 6
1718 3415 1795 3504 δί-

191 3526 343 3574 καιος
370 3513 511 3586 ᾔδει,
546 3516 670 3571 οὐδὲ
699 3519 782 3573 ὅτι
808 3520 1361 3600 ζῶνταάπολήψεται
1398 3536 1491 3590 τὸν
1521 3539 1658 3607 υἰὸν,
1698 3546 1794 3600 καὶ

188 3603 359 3710 οὕτως
379 3607 569 3710 οἴκαδε
598 3612 930 3687 ἐπιπρέψαι
959 3620 1250 3692 ὴπίστατο,
1281 3627 1400 3683 ἀλλ’
1421 3603 1793 3710 ἐτεινενῖὸλην

189 3697 324 3767 πρὸς
351 3698 455 3772 τὴν
486 3706 707 3776 σφαγὴν
734 3708 835 3780 τὴν
858 3711 1057 3769 ἑαυτοῦ
1083 3717 1334 3792 γνώμην.
1370 3724 1470 3779 Διά
1500 3728 1662 3785 τοῦτο
1698 3697 1794 3789 καὶ

186 3792 250 3845 ἐκ
270 3794 532 3868 δευτέρου
565 3800 819 3857 καλεῖται
844 3805 912 3860 ἐκ
936 3806 1046 3861 τῶν
1075 3811 1345 3883 οὐρανῶν.
1385 3820 1460 3874 O6
1496 3821 1607 3895 γὰρ
1635 3821 1793 3882 εἶπεν

188 3883 358 3988 aviti),
397 3887 682 3988 .‘A69aap,
717 3892 929 3961 ἁπλῶς,
976 3898 1136 3967 ἀλλά,
1181 3903 1451 3978 Ἀϐραὰμ,
1507 3883 1788 3988 'nbpaay,

186 3974 264 4079 τῶ
299 3976 699 4083 διπλασιασμῷ.
716 3986 816 4058 τῆς
849 3992 1037 4083 φωνῆς
1072 3993 1173 4067 τὴν
1216 3974 1622 4079 ἐπιτεταμένην

184 4063 283 4167 τὴν
302 4065 498 4123 θυσίαν
528 4074 854 4144 προαίρεσιν
874 4063 1148 4155 ἀνείργων
1172 4105 1233 4141 τε
1266 4091 1362 4144 καὶ
1383 4063 1789 4167 ἀναχαίτίζώνζ

184 4155 358 4265 οὕτως
376 4160 518 4227 ὅλως
535 4165 630 4269 τρῦ
651 4168 1031 4241 ἐπιτάγματος
1061 4172 1152 4249 ἦν,
1176 4178 1333 4248 Εἶδες
1361 4187 1481 4251 πῶς
1492 4155 1570 4243 ’τὸ
1589 4155 1699 4248 πάν
1718 4200 1785 4269 τῇ

412 4254 587 4356 αὑτοῦ
626 4259 1013 4334 ἐπεπλήρωτο,
1055 4270 1150 4323 καὶ
1180 4249 1483 4332 σκάνδαλον
1522 4249 1786 4356 ούδαμοῦῗ

184 4340 256 4434 Τὸ
285 4343 343 4396 δέ
368 4344 567 4413 αίτιον,
596 4350 659 4404 τὸ
689 4352 763 4424 μὴ
802 4359 1265 4429 περιεργάζεσθαι
1293 4367 1363 4423 τά
1393 4371 1489 4425 τοῦ
1529 4340 1687 4431 Θεοῦ.

181 4431 236 4485 δὲ
261 4436 289 4488 6
332 4436 575 4511 Ἰωσήφ;
611 4444 734 4497 εἰπέ
768 4463 883 4517 μοι.
915 4451 990 4504 Οὐ
1015 4454 1260 4511 τοιοῦτόν
1282 4476 1335 4514 τι
1365 4464 1461 4517 καὶ
1493 4468 1659 4534 αὐτὸς

182 4527 389 4638 drove};
434 4532 703 4638 lialnya-p
745 4542 989 4617 κάκείνῳ
1021 4548 1231 4623 μεγάλη
1268 4571 1353 4619 τις
1393 4527 1691 4633 ὑπόσχεσίς
1718 4561 1788 4638 ἦν

183 4620 337 4720 παρά
387 4623 486 4720 τοῦ
541 4625 678 4720 Θεοῦ
726 4630 1012 4709 δεδομένη,
1058 4642 1154 4695 καὶ
1198 4620 1269 4698 τά
1311 4620 1576 4720 γινόμενά
1623 4620 1790 4712 πάλίν

182 4710 519 4818 ἀπεναντίας
540 4717 638 4788 τῆς
667 4720 1018 4795 ὑποσχέσεως
1037 4732 1270 4800 ἐγίνετο.
1314 4710 1379 4791 Ἥ
1403 4710 1503 4811 μὲν
1521 4744 1633 4818 γὰρ

183 4821 397 4908 σχέσιςΔ
420 4803 491 4908 ὴν
537 4810 628 4864 διὰ
670 4813 781 4908 τῶν
815 4818 1133 4892 ὀνειράτων,
1173 4803 1788 4908 προσκυνήσείνθαύτὺν

181 4898 308 5013 τοὺς
330 4900 621 5013 ἀδελφοῗς,
651 4907 749 4960 καὶ
773 4909 939 4984 διπλῆ
976 4915 1098 4986 ὄψις
1126 4898 1290 4978 τοῦτο
1325 4898 1719 5003 ἀνεκήρυττεν,
1750 4942 1785 5013 ἦ

180 5005 239 5042 τε
265 4990 357 5047 διά
386 4993 497 5092 τῶν
526 4996 767 5071 ἀστρων,
800 5003 835 5075 ἥ
862 5022 922 5059 τε
948 5007 1037 5063 διά
1077 5013 1188 5067 τῶν
1228 4990 1590 5092 δραγμάτων·

185 5085 341 5192 μετῖ
356 5086 459 5192 τάς
484 5088 639 5160 ’ἕψεις
666 5095 872 5161 ταύτας
895 5102 1184 5171 συμϐάντα
1209 5085 1431 5169 ἐναντία
1460 5118 1569 5173 τῶν

181 5170 266 5247 ἦν.
555 5184 658 5254 μὲν
687 5186 797 5260 γάρ
825 5170 1063 5265 πόλεμος
1091 5200 1246 5272 αὐτῷ
1276 5170 1788 5277 χαλεπςγέντγεῖῦθνεν

182 5273 322 5327 κατά
358 5274 465 5346 τὴν
492 5277 765 5379 πατρῴαν
784 5284 965 5339 οἰκίαν
996 5273 1403 5367 ἀνερριπίζετο,
1449 5273 1544 5360 καὶ
1585 5310 1634 5362 oi
1687 5311 1790 5379 τάς

180 5364 349 5474 αὐτάς
373 5366 531 5439 αὐτῷ
559 5370 824 5439 λύσαντες
851 5377 1069 5446 ὠδῖνας,
1113 5364 1468 5461 διατεμόντες
1508 5399 1611 5470 τῆς
1650 5364 1787 5474 Guy:

426 5461 562 5568 τοὺς
590 5462 814 5568 νρμους,
842 5469 937 5523 καὶ
957 5456 1352 5548 διαρρήξαντες
1372 5456 1471 5557 τῆς
1488 5456 1789 5568 ἀδέλφικὴς

181 5546 481 5646 διαθέσεως
504 5552 576 5607 τά
605 5554 804 5630 δεσμά,
844 5564 941 5617 καὶ
982 5546 1182 5634 αὐτοῦς
1207 5576 1307 5645 τῆς
1345 5546 1563 5646 φύσεως
1598 5546 1790 5644 δίᾇᾷἆῖ

182 5637 478 5708 λεύσαντες
530 5646 660 5711 τοὺς
700 5647 961 5722 θεσμοὺς,
1002 5656 1193 5730 ἐχθροί¹
1234 5637 1329 5718 καὶ
1356 5637 1788 5742 ’πολέμιοι-ᾔδεα).

237 5854 265 5884 ι
294 5855 386 5884 All:
420 5859 503 5884 ..-ι
524 5861 715 5884 ...ΜΨ
743 5866 871 5884 --._~

233 5855 265 5957 ε
283 5855 401 5969 ὰἪί

462 6022 745 6087 Puncta
776 6024 895 6087 Gn.
938 6028 1067 6091 LII.

1917 838 2280 895 ἐπεϐούλευον
2323 842 2475 913 αύτῷ
2514 844 2615 915 τὴν
2646 845 2883 915 ἡμέραν.
2924 847 3036 901 Καὶ
3078 849 3263 921 πατὴρ
3305 850 3401 905 τοῦ
3435 870 3535 905 πο-

1913 926 2083 998 λέμου
2104 930 2298 984 τούτου
2322 932 2515 1001 φθόνος
2545 928 2614 1005 ἦν
2646 933 2863 1003 ἄλογος,
2890 937 2987 991 καὶ
3008 936 3281 1009 βασκανία
3304 940 3492 1006 ἄδικος
3514 960 3528 973 ·

1915 1021 2012 1073 καὶ
2042 1021 2120 1093 τῷ
2149 1021 2309 1094 θυμῷ
2339 1024 2577 1090 ζέοντες,
2604 1027 2766 1097 φόνου
2790 1030 2912 1083 καθ’
2941 1031 3182 1103 ἐκάστην
3210 1033 3402 1088 ἐπνεον
3430 1036 3531 1105 τὴν

1911 1111 2151 1183 ἡμέραν,
2179 1114 2275 1169 τοῦ
2300 1115 2499 1184 φθόνου
2536 1118 2637 1189 τὴν
2665 1120 2898 1191 κάμινον
2933 1121 3141 1194 ταύτην
3167 1124 3527 1191 ἁνάπτοντος,

1911 1207 2009 1260 καὶ
2050 1208 2152 1281 τὴν
2191 1210 2373 1281 πυράν
2416 1213 2751 1284 ἐγείροντος.
2789 1215 2902 1269 Καὶ
2943 1217 3135 1289 ἐπειδὴ
3183 1218 3323 1283 τέως
3362 1220 3529 1273 αὑτὸν

1910 1298 2064 1353 ούδέν
2113 1300 2461 1372 ἐργάσασθαι
2501 1303 2768 1373 ὴδύναντο
2800 1308 3059 1377 χαλεπὸν,
3103 1308 3252 1363 ἔνδον
3295 1312 3529 1383 στρεφό-

1912 1406 2074 1460 μεντν
2102 1394 2197 1445 καὶ
2223 1393 2363 1463 μετά
2384 1394 2496 1446 τῶν
2517 1396 2723 1463 γονέων
2742 1396 3117 1471 διατρίϐοντα,
3145 1402 3529 1458 διαϐάλλουσιν

1907 1482 2076 1536 αὑτοῦ
2111 1484 2212 1555 τὴν
2246 1486 2542 1558 ὑπόληψιν,
2591 1490 2689 1544 καὶ
2734 1492 2973 1565 αἰσχράν
3018 1496 3528 1561 κατασκευάζουσιν

1906 1573 2059 1646 αὐτῷ
2074 1575 2257 1642 δόξαν,
2276 1578 2373 1631 καὶ
2392 1578 2564 1650 ψόγον
2581 1584 2958 1656 καταφέρουσι
2980 1603 3117 1659 πονη
3128 1588 3237 1658 ρὸν,
3259 1588 3412 1663 [490]
3428 1590 3524 1643 τοῦ

1905 1666 2115 1738 πατρὸς
2145 1668 2208 1721 τὸ
2237 1668 2464 1742 φίλτρον
2505 1673 2683 1746 ταύτῃ
2719 1676 3027 1731 καταλῦσαι
3060 1679 3401 1752 βουλόμενοι,
3429 1682 3525 1736 καὶ

1907 1759 2047 1830 πρὸς
2080 1760 2379 1834 ἐπιϐουλὴν
2407 1765 2741 1837 εὐχείρωτον
2771 1767 2977 1824 λαϐεῖν.
3011 1768 3149 1826 Εἶτα
3180 1772 3319 1844 μετά
3347 1772 3523 1827 ταῦτα

1903 1846 2163 1912 λαϐόντες
2191 1853 2355 1907 αὐτὸν
2383 1853 2489 1919 ἔξω
2512 1856 2626 1910 τῶν
2656 1859 2943 1930 πατρικῶν
2969 1862 3288 1934 ὀφθαλμῶν,
3309 1867 3403 1918 καὶ
3433 1865 3523 1917 ἐπ’

1902 1940 2142 2011 ἐρημίας
2180 1945 2437 2016 εὑρόντες
2480 1948 2667 2014 αὐτοῖς
2709 1951 3012 2021 κομίζοντα
3049 1956 3284 2028 τροφὴν,
3323 1958 3419 2013 καὶ
3440 1960 3523 2022 εἰς

1908 2032 2203 2103 ἐπίσκεψιν
2242 2035 2424 2091 αὐτῶν
2458 2039 2788 2112 ἀφιγμένον,
2822 2044 2884 2097 ού
2927 2044 3028 2117 τὴν
3064 2048 3250 2101 αἰτίαν
3276 2049 3379 2113 τῆς
3405 2050 3516 2120 ἀφ,-

1903 2124 2060 2190 ίξεως
2079 2127 2389 2200 ᾐδέσθησαν
2422 2142 2469 2193 ο,
2493 2133 2557 2185 οὐ
2588 2133 2689 2205 τὴν
2722 2136 3007 2207 τράπεζαν
3037 2140 3389 2213 ᾐσχύνθησαν
3419 2142 3522 2215 τὴν

1902 2216 2226 2289 ἀδελφικὴν,
2263 2219 2401 2274 ἀλλά
2431 2221 2504 2276 τά
2527 2222 2659 2295 ξίφη
2693 2226 2950 2296 ἡκόνουν,
2986 2230 3080 2283 καὶ
3123 2232 3263 2301 πρὸς
3301 2234 3519 2305 σφαγὴν

1900 2308 2316 2380 ηὐτρεπίζοντο,
2356 2314 2452 2367 καὶ
2499 2315 2883 2387 ἀδελφοκτόνοι
2918 2322 3124 2388 πάντες
3163 2326 3429 2393 ἐγίνοντο,
3453 2328 3518 2383 οὐ

1903 2400 2123 2471 μικρὸν,
2151 2402 2214 2455 ού
2261 2404 2407 2474 μέγα
2436 2408 2697 2476 ἐγκαλεῖν
2723 2410 2941 2482 ἔχοντες
2964 2414 3043 2486 τῷ
3084 2416 3335 2487 μέλλοντι
3356 2421 3517 2474 ἀναι·

1902 2492 2117 2563 ρεῖσθαι
2147 2498 2282 2567 παρ’
2310 2498 2493 2553 αὐτῶν
2514 2516 2528 2532 '
2567 2500 2687 2555 ἀλλ’
2715 2504 2858 2576 ὑπὲρ
2884 2498 2962 2559 ὧν
2997 2507 3165 2564 αὐτὸν
3210 2512 3516 2581 στεφανοῦ-

1901 2580 2026 2635 σθαι
2055 2584 2152 2636 καὶ
2172 2585 2350 2659 ἀνακη
2361 2587 2653 2659 ρύττεσθαι
2675 2590 2805 2659 ἔδει,
2829 2593 3180 2663 φθονοῦντες,
3207 2580 3516 2672 πολεμοῦν-

1897 2690 2011 2740 τες,
2041 2674 2449 2744 διαϐάλλοντες.
2494 2680 2638 2734 Ἀλλ’
2664 2682 2875 2749 ἐκεῖνος
2894 2687 3016 2741 ούδέ
3044 2689 3220 2754 οὕτως
3239 2694 3515 2765 ἀπεστρέ-

1781 2808 1795 2823 ,
1900 2782 2032 2835 φετο
2060 2768 2242 2823 αὐτῶν
2270 2770 2371 2844 τὴν
2412 2775 2726 2841 συνουσίαν,
2757 2777 2895 2833 ἀλλά
2922 2782 3017 2835 καὶ
3044 2782 3104 2835 ἐν
3146 2784 3390 2859 τοσαύτῃ
3413 2804 3515 2840 που

1899 2859 2067 2931 νηρίᾳ
2090 2861 2189 2932 τὴν
2220 2862 2519 2938 ἀδελφικὴν
2548 2868 2903 2925 ἐπεδείκνυτο
2941 2873 3188 2928 διάθεσιν
3208 2892 3220 2905 ⁸
3253 2880 3303 2930 οἰ
3331 2878 3385 2932 δὲ
3418 2880 3514 2934 καὶ

1897 2948 2074 3014 οὕτως
2118 2952 2284 3007 αὐτὸν
2319 2955 2533 3010 ἀνελεῖν
2562 2959 2922 3034 ἐπεχείρουνο
2959 2964 3055 3018 καὶ
3082 2966 3314 3035 ἀνεῖλον,
3350 2970 3410 3023 τό
3447 2988 3512 3040 γε

1897 3042 2082 3097 αὐτῶν
2106 3046 2292 3117 μέρος,
2324 3049 2546 3117 καὶτὰς
2580 3051 2762 3119 δεξιὰς
2785 3055 3028 3125 ᾕμαξαν,
3069 3061 3166 3113 καὶ
3200 3061 3301 3133 τὴν
3340 3064 3514 3117 ἀδελ-

1898 3138 2190 3205 φοκτονίαν
2219 3141 2554 3213 ἀπήρτισαν.
2594 3145 2739 3199 Ἀλλ’
2764 3151 2796 3218 ὴ
2828 3148 3164 3221 εὐμήχανος,
3198 3156 3294 3208 καὶ
3315 3156 3375 3209 ἐν
3396 3160 3512 3220 τοῖς

1896 3230 2125 3300 ἀπόροις
2170 3232 2404 3306 εῦπορος
2448 3236 2544 3289 τοῦ
2595 3237 2732 3293 Θεοῦ
2774 3240 2961 3321 σοφία,
3002 3244 3099 3298 καὶ
3140 3248 3199 3300 ἐν
3243 3248 3393 3319 αύτῷ
3434 3249 3513 3321 τῷ

1898 3320 2182 3396 βαράθρῳ,
2212 3326 2307 3379 καὶ
2332 3328 2392 3380 ἐν
2421 3330 2560 3402 αὐτῇ
2589 3330 2685 3384 τοῦ
2727 3320 2965 3387 θανάτου
2990 3339 3056 3409 τῇ
3101 3338 3392 3415 ἐπαγωγῇ,
3444 3320 3511 3399 ἐκ

1893 3413 2005 3468 τῶν
2053 3417 2267 3489 μιαρῶν
2322 3419 2507 3474 αὐτῶν
2552 3424 2763 3476 ἐκεῖνον
2809 3424 3089 3499 ἐξήρπασε
3114 3413 3514 3503 χειρῶνςΣυν-

1893 3505 2185 3561 εϐούλευσε
2209 3509 2312 3580 μὲν
2334 3510 2445 3583 γάρ
2470 3512 2581 3567 τῶν
2615 3514 2865 3583 ἀδελφῶν
2898 3514 3001 3583 εἷς,
3030 3520 3171 3576 ὥστε
3202 3525 3510 3599 ἀποστῆναι

1893 3599 1992 3671 τῆς
2036 3602 2356 3671 μιαιφονίας
2388 3604 2641 3676 ἐκείνης·
2686 3606 2876 3662 ἔπεισε
2918 3610 2974 3665 δὲ
2999 3613 3029 3665 6
3072 3614 3228 3681 Θεὸς,
3271 3619 3367 3672 καὶ
3409 3620 3514 3689 τὴν

1896 3693 2114 3767 σφαγὴν
2143 3694 2495 3751 διεκώλυσεν.
2536 3700 2613 3759 υύ
2648 3700 2756 3772 μὴν
2793 3704 2917 3757 οὑδέ
2948 3706 3187 3763 ἐνταῦθα
3229 3710 3418 3766 ἵστατο
3440 3715 3512 3768 τὰ

1893 3785 2063 3854 δεινὰ,
2096 3786 2233 3840 ἀλλά
2280 3790 2595 3861 περαιτέρω
2638 3795 2839 3867 προῄει
2881 3796 3066 3853 πάλιν.
3129 3801 3350 3876 Ἐπειδὴ
3398 3806 3515 3878 γὰρ

1893 3877 2058 3932 αὑτὸν
2089 3879 2447 3953 ἐκωλύθησαν
2491 3885 2725 3949 ἀνελεῖν,
2762 3888 2881 3953 ἔζεε
2920 3890 2979 3945 δὲ
3013 3894 3042 3946 6
3072 3891 3244 3965 θυμὸς
3273 3896 3377 3964 ἔτι,
3414 3902 3512 3955 καὶ

1894 3968 1964 4021 τά
2006 3969 2111 4039 τῆς
2144 3970 2319 4043 ὀργῆς
2366 3972 2607 4044 ὴκμαξε,
2650 3978 2745 4030 καὶ
2788 3978 2926 4033 πολὺ
2971 3980 3033 4033 τὸ
3080 3982 3375 4040 κλυδώνιον
3410 3989 3511 4045 τοῦ

1893 4060 2104 4126 πάθους
2129 4058 2221 4134 ἦν,
2264 4065 2346 4128 εἰς
2377 4066 2564 4139 ἐτερόν
2593 4086 2647 4122 τι
2668 4069 2771 4141 τὴν
2799 4071 2973 4145 ὀργὴν
3001 4074 3249 4146 ἀφῆκαν.
3287 4080 3511 4134 ’Λποδύ-

1896 4174 2088 4222 σαντες
2111 4158 2222 4232 γὰρ
2243 4160 2341 4215 καὶ
2364 4160 2630 4233 δήσαντες
2654 4164 2841 4232 αὑτὸν,
2866 4167 2962 4219 καὶ
2992 4168 3073 4232 εἰς
3092 4168 3297 4224 λάκκον
3317 4172 3511 4242 ρίψαν-

1891 4264 1984 4310 τες
2009 4248 2059 4301 οἰ
2089 4247 2233 4319 ὠμοὶ
2263 4252 2360 4303 καὶ
2384 4251 2750 4324 ἀπάνθρωποι
2782 4258 2876 4309 καὶ
2898 4257 3210 4330 θηριώδεις,
3242 4262 3387 4317 οὕτω
3406 4264 3510 4337 τῆς

1893 4340 2023 4413 παρ’
2062 4339 2231 4395 αὑτοῦ
2267 4343 2633 4416 κομισθείσης
2670 4348 2958 4423 τραπέζης
2995 4351 3315 4424 ἀπήλαυον·
3352 4358 3449 4412 καὶ
3480 4361 3509 4411 6

1894 4432 1997 4503 μὲν
2034 4428 2104 4505 ὴν
2145 4435 2204 4487 ἐν
2230 4433 2422 4507 λάκκῳ
2454 4440 2589 4510 περὶ
2620 4439 2730 4494 τῶν
2769 4442 3020 4515 ἐσχάτων
3048 4443 3329 4515 δεδοικὼς,
3370 4450 3420 4503 οἰ
3450 4450 3508 4505 δὲ

1892 4524 2147 4598 ἐτρύφων
2185 4528 2284 4581 καὶ
2318 4528 2574 4600 ἐμέθυον.

1964 4641 2078 4695 Καὶ
2106 4642 2228 4695 οὐδὲ
2257 4644 2496 4699 ἐνταῦθα
2524 4646 2746 4703 ἵσταντο
2771 4652 2872 4721 τῆς
2905 4654 3126 4723 μανίας,
3158 4656 3275 4710 ἀλλ’
3305 4656 3510 4723 ἰδόντες

1889 4732 2217 4805 ἀνθρώπους
2265 4734 2581 4810 βαρϐάρους
2621 4743 2715 4795 καὶ
2766 4744 2960 4817 πόρρω
3013 4749 3117 4819 τῆς
3170 4751 3355 4806 αὐτῶν
3401 4756 3513 4807 ἀπ·

1891 4827 2237 4897 ῳκισμένους
2268 4827 2454 4901 χώρας
2499 4834 2580 4895 εἰς
2608 4832 2708 4905 τὴν
2755 4837 3035 4905 Αἴγυπτον
3069 4844 3379 4910 κατιόντας,
3414 4847 3510 4900 λα-

1892 4918 2081 4983 ϐόντες
2132 4920 2399 4975 ἀπέδοντο
2450 4924 2545 4977 τὸν
2578 4925 2829 4997 ἀδελφὸν,
2884 4930 3076 5003 ἕτερον
3126 4934 3359 4992 θάνατον
3416 4941 3507 4993 ἐν-

1894 5008 2084 5061 τεῦθεν
2115 5008 2267 5081 αὐτῷ
2299 5014 2831 5083 κατασκευάζοντες,
2880 5024 3228 5095 μακρότερόν
3255 5044 3378 5081 τινα
3412 5042 3509 5083 και

1889 5102 2280 5173 χαλεπώτερον
2310 5106 2406 5158 καί
2437 5107 2643 5179 πολλῆς
2675 5110 2923 5182 γέμοντα
2948 5115 3350 5189 ταλαιπωρίας.
3378 5123 3508 5175 Μει-

1895 5193 2084 5264 ράκιον
2129 5194 2241 5266 γάρ
2292 5196 2391 5265 ὦν,
2449 5202 2545 5254 καὶ
2595 5203 2886 5275 μειράκιον
2940 5208 3164 5281 κομιδῆ,
3215 5214 3311 5265 καὶ
3366 5214 3507 5284 μετά

1891 5285 2095 5359 πολλῆς
2128 5289 2227 5360 τῆς
2260 5290 2583 5365 ἐλευθερίας
2608 5298 2667 5350 ἐν
2696 5299 2846 5372 οἰκίᾳ
2872 5301 3107 5375 πατρῴᾳ
3128 5306 3381 5375 τραφεὶς,
3416 5309 3506 5361 καὶ

1886 5379 2139 5445 δουλείας
2173 5384 2395 5457 ἀπάσης
2424 5388 2659 5461 ἄμοιρος
2690 5390 2767 5446 ῶν
2808 5395 2904 5448 καὶ
2941 5398 3042 5467 τῆς
3068 5399 3125 5450 ἐν
3158 5399 3375 5472 δουλεία
3408 5420 3504 5455 τα-

1889 5472 2223 5545 λαιπωρίας,
2262 5478 2521 5551 ἐννόησον
2548 5485 2604 5536 τί
2634 5501 2767 5538 ποτε
2797 5486 3061 5558 ἔπασχεν,
3091 5491 3291 5563 ἀθρόον
3318 5493 3504 5560 δοῦλος

1890 5567 2005 5620 ἀντ’
2030 5567 2349 5641 ἐλευθέρου,
2372 5572 2469 5627 καὶ
2489 5574 2641 5641 ξένος
2665 5578 2790 5632 ἀντὶ
2824 5580 3043 5635 πολίτου
3066 5583 3383 5654 γενόμενος,
3412 5587 3509 5641 καὶ

1887 5660 1991 5733 τὴν
2024 5663 2265 5736 ἐσχάτην
2298 5668 2683 5739 αἰχμαλωσίαν
2724 5674 3053 5746 ὑπομένωνο
3098 5679 3222 5749 ούχὶ
3258 5680 3508 5735 δουλείαν

1892 5755 2077 5826 μόνον,
2109 5757 2247 5813 ἀλλά
2291 5761 2387 5814 καὶ
2428 5764 2639 5834 πατρὸς
2678 5766 2775 5819 καὶ
2823 5768 3035 5840 μητρὸς
3074 5771 3167 5825 κα)⁸
3204 5772 3314 5829 τῶν
3352 5776 3507 5847 αὐτῷ

1890 5849 2285 5919 προσηκόντων
2362 5855 2621 5911 ἁπάντων
2694 5860 3214 5935 ἀπορρηγνύμενος,
3273 5871 3503 5938 γυμνὸς,

1956 5962 1981 5993 ⁸
2005 5961 2106 6013 Alii
2132 5966 2220 6023 τὴν
2244 5968 2399 6018 αἰτίαν
2416 5970 2506 6021 τοῦ
2526 5973 2745 6034 σκυλμοῦ
2765 5976 3057 6036 ᾐδέσθησαν.

3108 6076 3151 6141 8
