  <div class='ocr_page' id='page_1' title='image "/cluster/home/n/w/nwhite01/storage/ocr_20150623/52/uva.x030486926/127.png"; bbox 0 0 4192 6490; ppageno 0'>
   <div class='ocr_carea' id='block_1_1' title="bbox 682 463 787 522">
    <p class='ocr_par' dir='ltr' id='par_1_1' title="bbox 682 463 787 522">
     <span class='ocr_line' id='line_1_1' title="bbox 682 463 787 522; baseline -0.029 0"><span class='ocrx_word' id='word_1_1' title='bbox 682 463 787 522; x_wconf 69' lang='grc' dir='ltr'>ωε</span> 
     </span>
    </p>
   </div>
   <div class='ocr_carea' id='block_1_2' title="bbox 684 567 2256 646">
    <p class='ocr_par' dir='ltr' id='par_1_2' title="bbox 684 567 2256 646">
     <span class='ocr_line' id='line_1_2' title="bbox 684 567 2256 646; baseline -0.01 -13"><span class='ocrx_word' id='word_1_2' title='bbox 684 579 852 646; x_wconf 79' lang='grc' dir='ltr'>ξένος,</span> <span class='ocrx_word' id='word_1_3' title='bbox 898 577 1099 639; x_wconf 79' lang='grc' dir='ltr'>ἀοικος,</span> <span class='ocrx_word' id='word_1_4' title='bbox 1142 573 1352 638; x_wconf 79' lang='grc' dir='ltr'>ἀπολις,</span> <span class='ocrx_word' id='word_1_5' title='bbox 1403 573 1554 643; x_wconf 86' lang='grc' dir='ltr'>νόμῳ</span> <span class='ocrx_word' id='word_1_6' title='bbox 1596 570 1840 633; x_wconf 78' lang='grc' dir='ltr'>δουλείας</span> <span class='ocrx_word' id='word_1_7' title='bbox 1895 567 2256 638; x_wconf 85' lang='grc' dir='ltr'>βαρϐαρικαῖς</span> 
     </span>
    </p>
   </div>
   <div class='ocr_carea' id='block_1_3' title="bbox 682 658 2263 741">
    <p class='ocr_par' dir='ltr' id='par_1_3' title="bbox 682 658 2263 741">
     <span class='ocr_line' id='line_1_3' title="bbox 682 658 2263 741; baseline -0.008 -18"><span class='ocrx_word' id='word_1_8' title='bbox 682 671 867 741; x_wconf 72' lang='grc' dir='ltr'>χερσὶν</span> <span class='ocrx_word' id='word_1_9' title='bbox 887 667 1248 738; x_wconf 81' lang='grc' dir='ltr'>ἐκδεδομένος.</span> <span class='ocrx_word' id='word_1_10' title='bbox 1271 664 1336 717; x_wconf 84' lang='grc' dir='ltr'>Τί</span> <span class='ocrx_word' id='word_1_11' title='bbox 1361 664 1470 736; x_wconf 88' lang='grc' dir='ltr'>γάρ</span> <span class='ocrx_word' id='word_1_12' title='bbox 1490 665 1590 716; x_wconf 87' lang='lat'><em>061:</em></span> <span class='ocrx_word' id='word_1_13' title='bbox 1616 658 1684 733; x_wconf 80' lang='grc' dir='ltr'>ἠν</span> <span class='ocrx_word' id='word_1_14' title='bbox 1711 661 1872 718; x_wconf 78' lang='grc' dir='ltr'>αὑτὸν</span> <span class='ocrx_word' id='word_1_15' title='bbox 1894 660 2076 712; x_wconf 76' lang='grc' dir='ltr'>ἱκανὸν</span> <span class='ocrx_word' id='word_1_16' title='bbox 2103 658 2263 730; x_wconf 88' lang='grc' dir='ltr'>θορυ-</span> 
     </span>
    </p>
   </div>
   <div class='ocr_carea' id='block_1_4' title="bbox 682 753 2262 832">
    <p class='ocr_par' dir='ltr' id='par_1_4' title="bbox 682 753 2262 832">
     <span class='ocr_line' id='line_1_4' title="bbox 682 753 2262 832; baseline -0.005 -18"><span class='ocrx_word' id='word_1_17' title='bbox 682 762 878 832; x_wconf 80' lang='grc' dir='ltr'>ϐῆσαι;</span> <span class='ocrx_word' id='word_1_18' title='bbox 903 760 964 814; x_wconf 88' lang='lat'>16</span> <span class='ocrx_word' id='word_1_19' title='bbox 989 759 1203 831; x_wconf 83' lang='grc' dir='ltr'>ἀθρόον,</span> <span class='ocrx_word' id='word_1_20' title='bbox 1235 757 1296 810; x_wconf 83' lang='lat'>:6</span> <span class='ocrx_word' id='word_1_21' title='bbox 1333 757 1756 828; x_wconf 81' lang='grc' dir='ltr'>ἀπροσδόκητον,</span> <span class='ocrx_word' id='word_1_22' title='bbox 1803 754 1863 806; x_wconf 85' lang='lat'>:6</span> <span class='ocrx_word' id='word_1_23' title='bbox 1912 753 2043 822; x_wconf 82' lang='grc' dir='ltr'>παρ’</span> <span class='ocrx_word' id='word_1_24' title='bbox 2074 753 2262 806; x_wconf 80' lang='grc' dir='ltr'>ἐλπίδα</span> 
     </span>
    </p>
   </div>
   <div class='ocr_carea' id='block_1_5' title="bbox 683 843 2260 922">
    <p class='ocr_par' dir='ltr' id='par_1_5' title="bbox 683 843 2260 922">
     <span class='ocr_line' id='line_1_5' title="bbox 683 843 2260 922; baseline -0.006 -16"><span class='ocrx_word' id='word_1_25' title='bbox 683 852 777 906; x_wconf 71' lang='grc' dir='ltr'>καὶ</span> <span class='ocrx_word' id='word_1_26' title='bbox 810 849 1165 922; x_wconf 68' lang='grc' dir='ltr'>ἀμελέτητον,</span> <span class='ocrx_word' id='word_1_27' title='bbox 1191 848 1252 902; x_wconf 90' lang='lat'>16</span> <span class='ocrx_word' id='word_1_28' title='bbox 1287 847 1522 919; x_wconf 66' lang='grc' dir='ltr'>χαλεπὸν</span> <span class='ocrx_word' id='word_1_29' title='bbox 1547 846 1647 914; x_wconf 84' lang='grc' dir='ltr'>τῆς</span> <span class='ocrx_word' id='word_1_30' title='bbox 1693 845 2001 914; x_wconf 80' lang='grc' dir='ltr'>συμφορᾶς,</span> <span class='ocrx_word' id='word_1_31' title='bbox 2033 843 2094 896; x_wconf 85' lang='lat'>:6</span> <span class='ocrx_word' id='word_1_32' title='bbox 2129 844 2260 914; x_wconf 76' lang='grc' dir='ltr'>παρ’</span> 
     </span>
    </p>
   </div>
   <div class='ocr_carea' id='block_1_6' title="bbox 682 935 2259 1010">
    <p class='ocr_par' dir='ltr' id='par_1_6' title="bbox 682 935 2259 1010">
     <span class='ocr_line' id='line_1_6' title="bbox 682 935 2259 1010; baseline -0.003 -15"><span class='ocrx_word' id='word_1_33' title='bbox 682 940 948 1010; x_wconf 77' lang='grc' dir='ltr'>ἀδελφῶν,</span> <span class='ocrx_word' id='word_1_34' title='bbox 977 941 1072 994; x_wconf 76' lang='grc' dir='ltr'>καὶ</span> <span class='ocrx_word' id='word_1_35' title='bbox 1102 939 1348 1010; x_wconf 81' lang='grc' dir='ltr'>ἀδελφῶν</span> <span class='ocrx_word' id='word_1_36' title='bbox 1381 938 1778 1008; x_wconf 81' lang='grc' dir='ltr'>ἀγαπωμένων.</span> <span class='ocrx_word' id='word_1_37' title='bbox 1813 937 1887 1006; x_wconf 88' lang='grc' dir='ltr'>μή</span> <span class='ocrx_word' id='word_1_38' title='bbox 1931 935 2147 1007; x_wconf 80' lang='grc' dir='ltr'>μικρὸν,</span> <span class='ocrx_word' id='word_1_39' title='bbox 2185 936 2259 1006; x_wconf 81' lang='grc' dir='ltr'>μή</span> 
     </span>
    </p>
   </div>
   <div class='ocr_carea' id='block_1_7' title="bbox 686 1028 2258 1102">
    <p class='ocr_par' dir='ltr' id='par_1_7' title="bbox 686 1028 2258 1102">
     <span class='ocr_line' id='line_1_7' title="bbox 686 1028 2258 1102; baseline -0.004 -16"><span class='ocrx_word' id='word_1_40' title='bbox 686 1032 829 1102; x_wconf 78' lang='grc' dir='ltr'>μέγα</span> <span class='ocrx_word' id='word_1_41' title='bbox 845 1033 1087 1096; x_wconf 84' lang='grc' dir='ltr'>ἐκείνους</span> <span class='ocrx_word' id='word_1_42' title='bbox 1105 1031 1422 1102; x_wconf 85' lang='grc' dir='ltr'>ἠδικηκότα,</span> <span class='ocrx_word' id='word_1_43' title='bbox 1440 1030 1639 1101; x_wconf 79' lang='grc' dir='ltr'>μᾶλλον</span> <span class='ocrx_word' id='word_1_44' title='bbox 1655 1031 1710 1082; x_wconf 75' lang='grc' dir='ltr'>δέ</span> <span class='ocrx_word' id='word_1_45' title='bbox 1729 1031 1821 1083; x_wconf 69' lang='grc' dir='ltr'>καὶ</span> <span class='ocrx_word' id='word_1_46' title='bbox 1836 1028 2258 1099; x_wconf 78' lang='grc' dir='ltr'>εὐεργετηκότα,</span> 
     </span>
    </p>
   </div>
   <div class='ocr_carea' id='block_1_8' title="bbox 681 1119 2258 1194">
    <p class='ocr_par' dir='ltr' id='par_1_8' title="bbox 681 1119 2258 1194">
     <span class='ocr_line' id='line_1_8' title="bbox 681 1119 2258 1194; baseline -0.006 -16"><span class='ocrx_word' id='word_1_47' title='bbox 681 1125 854 1178; x_wconf 83' lang='grc' dir='ltr'>ταῦτα</span> <span class='ocrx_word' id='word_1_48' title='bbox 870 1124 1061 1178; x_wconf 78' lang='grc' dir='ltr'>παθεῖν</span> <span class='ocrx_word' id='word_1_49' title='bbox 1081 1141 1096 1189; x_wconf 91' lang='grc'><strong>;</strong></span> <span class='ocrx_word' id='word_1_50' title='bbox 1115 1123 1252 1176; x_wconf 79' lang='grc' dir='ltr'>Ἀλλ’</span> <span class='ocrx_word' id='word_1_51' title='bbox 1269 1125 1416 1194; x_wconf 82' lang='grc' dir='ltr'>ὅμως</span> <span class='ocrx_word' id='word_1_52' title='bbox 1435 1121 1610 1174; x_wconf 76' lang='grc' dir='ltr'>οὐδενὶ</span> <span class='ocrx_word' id='word_1_53' title='bbox 1629 1123 1836 1174; x_wconf 86' lang='grc' dir='ltr'>τούτων</span> <span class='ocrx_word' id='word_1_54' title='bbox 1853 1119 2258 1190; x_wconf 87' lang='grc' dir='ltr'>διεταράττετο,</span> 
     </span>
    </p>
   </div>
   <div class='ocr_carea' id='block_1_9' title="bbox 682 1211 2257 1286">
    <p class='ocr_par' dir='ltr' id='par_1_9' title="bbox 682 1211 2257 1286">
     <span class='ocr_line' id='line_1_9' title="bbox 682 1211 2257 1286; baseline -0.004 -19"><span class='ocrx_word' id='word_1_55' title='bbox 682 1215 797 1285; x_wconf 78' lang='grc' dir='ltr'>ἀλλ’</span> <span class='ocrx_word' id='word_1_56' title='bbox 825 1217 1065 1286; x_wconf 81' lang='grc' dir='ltr'>ἀπήγετο</span> <span class='ocrx_word' id='word_1_57' title='bbox 1091 1214 1178 1268; x_wconf 90' lang='grc' dir='ltr'>διά</span> <span class='ocrx_word' id='word_1_58' title='bbox 1203 1214 1310 1268; x_wconf 89' lang='grc' dir='ltr'>τῶν</span> <span class='ocrx_word' id='word_1_59' title='bbox 1332 1214 1590 1284; x_wconf 87' lang='grc' dir='ltr'>ἐμπόρων</span> <span class='ocrx_word' id='word_1_60' title='bbox 1613 1212 1840 1265; x_wconf 90' lang='grc' dir='ltr'>ἐκείνων</span> <span class='ocrx_word' id='word_1_61' title='bbox 1861 1213 1940 1274; x_wconf 86' lang='grc' dir='ltr'>είς</span> <span class='ocrx_word' id='word_1_62' title='bbox 1963 1211 2257 1278; x_wconf 71' lang='grc' dir='ltr'>Αἴγυπτον,</span> 
     </span>
    </p>
   </div>
   <div class='ocr_carea' id='block_1_10' title="bbox 681 1300 2260 1376">
    <p class='ocr_par' dir='ltr' id='par_1_10' title="bbox 681 1300 2260 1376">
     <span class='ocr_line' id='line_1_10' title="bbox 681 1300 2260 1376; baseline -0.006 -15"><span class='ocrx_word' id='word_1_63' title='bbox 681 1309 924 1361; x_wconf 81' lang='grc' dir='ltr'>δουλείαν</span> <span class='ocrx_word' id='word_1_64' title='bbox 947 1310 1008 1360; x_wconf 84' lang='grc' dir='ltr'>ἐκ</span> <span class='ocrx_word' id='word_1_65' title='bbox 1034 1306 1274 1369; x_wconf 82' lang='grc' dir='ltr'>δουλείας</span> <span class='ocrx_word' id='word_1_66' title='bbox 1294 1305 1558 1376; x_wconf 89' lang='grc' dir='ltr'>ἀμείϐων.</span> <span class='ocrx_word' id='word_1_67' title='bbox 1588 1305 1697 1358; x_wconf 78' lang='grc' dir='ltr'>Καὶ</span> <span class='ocrx_word' id='word_1_68' title='bbox 1713 1305 1821 1374; x_wconf 83' lang='grc' dir='ltr'>γὰρ</span> <span class='ocrx_word' id='word_1_69' title='bbox 1847 1304 1942 1356; x_wconf 77' lang='grc' dir='ltr'>καὶ</span> <span class='ocrx_word' id='word_1_70' title='bbox 1961 1303 2079 1356; x_wconf 85' lang='grc' dir='ltr'>ἐκεῖ</span> <span class='ocrx_word' id='word_1_71' title='bbox 2098 1300 2260 1354; x_wconf 89' lang='grc' dir='ltr'>πάλιν</span> 
     </span>
    </p>
   </div>
   <div class='ocr_carea' id='block_1_11' title="bbox 683 1395 2261 1472">
    <p class='ocr_par' dir='ltr' id='par_1_11' title="bbox 683 1395 2261 1472">
     <span class='ocr_line' id='line_1_11' title="bbox 683 1395 2261 1472; baseline -0.005 -17"><span class='ocrx_word' id='word_1_72' title='bbox 683 1399 832 1472; x_wconf 66' lang='grc' dir='ltr'>ξόθί]</span> <span class='ocrx_word' id='word_1_73' title='bbox 860 1401 1066 1469; x_wconf 88' lang='grc' dir='ltr'>ἐγίνετο</span> <span class='ocrx_word' id='word_1_74' title='bbox 1097 1399 1301 1462; x_wconf 81' lang='grc' dir='ltr'>δοῦλος,</span> <span class='ocrx_word' id='word_1_75' title='bbox 1344 1399 1439 1452; x_wconf 72' lang='grc' dir='ltr'>καὶ</span> <span class='ocrx_word' id='word_1_76' title='bbox 1477 1397 1610 1468; x_wconf 77' lang='grc' dir='ltr'>ῷκει</span> <span class='ocrx_word' id='word_1_77' title='bbox 1650 1395 1992 1468; x_wconf 82' lang='grc' dir='ltr'>βαρϐαρικήν</span> <span class='ocrx_word' id='word_1_78' title='bbox 2026 1395 2202 1448; x_wconf 90' lang='grc' dir='ltr'>οἰκίαν</span> <span class='ocrx_word' id='word_1_79' title='bbox 2232 1395 2261 1447; x_wconf 92' lang='grc' dir='ltr'>ό</span> 
     </span>
    </p>
   </div>
   <div class='ocr_carea' id='block_1_12' title="bbox 691 1488 2261 1564">
    <p class='ocr_par' dir='ltr' id='par_1_12' title="bbox 691 1488 2261 1564">
     <span class='ocr_line' id='line_1_12' title="bbox 691 1488 2261 1564; baseline -0.004 -18"><span class='ocrx_word' id='word_1_80' title='bbox 691 1493 960 1564; x_wconf 82' lang='grc' dir='ltr'>Ἐϐραῖος,</span> <span class='ocrx_word' id='word_1_81' title='bbox 975 1496 1002 1546; x_wconf 91' lang='lat'>6</span> <span class='ocrx_word' id='word_1_82' title='bbox 1021 1492 1247 1562; x_wconf 77' lang='grc' dir='ltr'>εὐγενὴς</span> <span class='ocrx_word' id='word_1_83' title='bbox 1262 1493 1292 1544; x_wconf 90' lang='lat'>6</span> <span class='ocrx_word' id='word_1_84' title='bbox 1305 1491 1498 1563; x_wconf 84' lang='grc' dir='ltr'>διπλῆν</span> <span class='ocrx_word' id='word_1_85' title='bbox 1514 1491 1822 1563; x_wconf 72' lang='grc' dir='ltr'>ἐλευθερίαν</span> <span class='ocrx_word' id='word_1_86' title='bbox 1841 1488 2142 1558; x_wconf 85' lang='grc' dir='ltr'>ἐλεύθερος,</span> <span class='ocrx_word' id='word_1_87' title='bbox 2165 1488 2261 1540; x_wconf 75' lang='grc' dir='ltr'>καὶ</span> 
     </span>
    </p>
   </div>
   <div class='ocr_carea' id='block_1_13' title="bbox 681 1577 2261 1656">
    <p class='ocr_par' dir='ltr' id='par_1_13' title="bbox 681 1577 2261 1656">
     <span class='ocr_line' id='line_1_13' title="bbox 681 1577 2261 1656; baseline -0.005 -18"><span class='ocrx_word' id='word_1_88' title='bbox 681 1586 778 1656; x_wconf 87' lang='grc' dir='ltr'>τήν</span> <span class='ocrx_word' id='word_1_89' title='bbox 803 1585 893 1638; x_wconf 86' lang='grc' dir='ltr'>τοῦ</span> <span class='ocrx_word' id='word_1_90' title='bbox 923 1587 1193 1653; x_wconf 86' lang='grc' dir='ltr'>σώματος,</span> <span class='ocrx_word' id='word_1_91' title='bbox 1221 1585 1314 1638; x_wconf 78' lang='grc' dir='ltr'>καὶ</span> <span class='ocrx_word' id='word_1_92' title='bbox 1337 1584 1438 1655; x_wconf 86' lang='grc' dir='ltr'>τὴν</span> <span class='ocrx_word' id='word_1_93' title='bbox 1462 1585 1562 1654; x_wconf 79' lang='grc' dir='ltr'>τῆς</span> <span class='ocrx_word' id='word_1_94' title='bbox 1583 1583 1783 1654; x_wconf 69' lang='grc' dir='ltr'>ψυχῆς⁸</span> <span class='ocrx_word' id='word_1_95' title='bbox 1816 1583 1909 1635; x_wconf 70' lang='grc' dir='ltr'>καὶ</span> <span class='ocrx_word' id='word_1_96' title='bbox 1931 1581 2050 1634; x_wconf 80' lang='grc' dir='ltr'>οὑδέ</span> <span class='ocrx_word' id='word_1_97' title='bbox 2075 1577 2261 1632; x_wconf 81' lang='grc' dir='ltr'>ἐντεῦ-</span> 
     </span>
    </p>
   </div>
   <div class='ocr_carea' id='block_1_14' title="bbox 681 1675 2262 1747">
    <p class='ocr_par' dir='ltr' id='par_1_14' title="bbox 681 1675 2262 1747">
     <span class='ocr_line' id='line_1_14' title="bbox 681 1675 2262 1747; baseline -0.003 -17"><span class='ocrx_word' id='word_1_98' title='bbox 681 1679 771 1730; x_wconf 87' lang='grc' dir='ltr'>θεν</span> <span class='ocrx_word' id='word_1_99' title='bbox 803 1677 1147 1747; x_wconf 74' lang='grc' dir='ltr'>ἐταράττετο,</span> <span class='ocrx_word' id='word_1_100' title='bbox 1180 1675 1299 1730; x_wconf 82' lang='grc' dir='ltr'>ούδέ</span> <span class='ocrx_word' id='word_1_101' title='bbox 1333 1675 1746 1739; x_wconf 74' lang='grc' dir='ltr'>ἐσκανδαλίζετο</span> <span class='ocrx_word' id='word_1_102' title='bbox 1773 1678 1908 1746; x_wconf 82' lang='grc' dir='ltr'>πρὸς</span> <span class='ocrx_word' id='word_1_103' title='bbox 1937 1675 2005 1727; x_wconf 85' lang='grc' dir='ltr'>τά</span> <span class='ocrx_word' id='word_1_104' title='bbox 2030 1691 2262 1744; x_wconf 86' lang='grc' dir='ltr'>γεγενη-</span> 
     </span>
    </p>
   </div>
   <div class='ocr_carea' id='block_1_15' title="bbox 686 1766 2262 1838">
    <p class='ocr_par' dir='ltr' id='par_1_15' title="bbox 686 1766 2262 1838">
     <span class='ocr_line' id='line_1_15' title="bbox 686 1766 2262 1838; baseline -0.001 -19"><span class='ocrx_word' id='word_1_105' title='bbox 686 1768 838 1837; x_wconf 82' lang='grc' dir='ltr'>μένα,</span> <span class='ocrx_word' id='word_1_106' title='bbox 869 1769 978 1821; x_wconf 88' lang='grc' dir='ltr'>τῶν</span> <span class='ocrx_word' id='word_1_107' title='bbox 1008 1767 1184 1837; x_wconf 72' lang='grc' dir='ltr'>ὄψεων</span> <span class='ocrx_word' id='word_1_108' title='bbox 1216 1766 1770 1838; x_wconf 84' lang='grc' dir='ltr'>ἀναμιμνησκόμενος</span> <span class='ocrx_word' id='word_1_109' title='bbox 1809 1767 1917 1825; x_wconf 76' lang='grc' dir='ltr'>τῶν</span> <span class='ocrx_word' id='word_1_110' title='bbox 1942 1767 2009 1820; x_wconf 79' lang='grc' dir='ltr'>τά</span> <span class='ocrx_word' id='word_1_111' title='bbox 2044 1768 2262 1819; x_wconf 76' lang='grc' dir='ltr'>ἐναντία</span> 
     </span>
    </p>
   </div>
   <div class='ocr_carea' id='block_1_16' title="bbox 680 1855 2263 1929">
    <p class='ocr_par' dir='ltr' id='par_1_16' title="bbox 680 1855 2263 1929">
     <span class='ocr_line' id='line_1_16' title="bbox 680 1855 2263 1929; baseline -0.001 -19"><span class='ocrx_word' id='word_1_112' title='bbox 680 1857 1186 1927; x_wconf 79' lang='grc' dir='ltr'>ἐπαγγελλομένων·</span> <span class='ocrx_word' id='word_1_113' title='bbox 1208 1858 1328 1909; x_wconf 81' lang='grc' dir='ltr'>οὑδέ</span> <span class='ocrx_word' id='word_1_114' title='bbox 1356 1857 1791 1929; x_wconf 78' lang='grc' dir='ltr'>περιειργάζετο,</span> <span class='ocrx_word' id='word_1_115' title='bbox 1806 1857 1857 1909; x_wconf 89' lang='grc' dir='ltr'>τί</span> <span class='ocrx_word' id='word_1_116' title='bbox 1877 1857 2074 1928; x_wconf 85' lang='grc' dir='ltr'>δήποτε</span> <span class='ocrx_word' id='word_1_117' title='bbox 2092 1855 2263 1909; x_wconf 87' lang='grc' dir='ltr'>ταῦτα</span> 
     </span>
    </p>
   </div>
   <div class='ocr_carea' id='block_1_17' title="bbox 682 1948 2263 2020">
    <p class='ocr_par' dir='ltr' id='par_1_17' title="bbox 682 1948 2263 2020">
     <span class='ocr_line' id='line_1_17' title="bbox 682 1948 2263 2020; baseline -0.001 -18"><span class='ocrx_word' id='word_1_118' title='bbox 682 1951 890 2018; x_wconf 86' lang='grc' dir='ltr'>γίνεται</span> <span class='ocrx_word' id='word_1_119' title='bbox 911 1965 924 2013; x_wconf 91' lang='grc'>;</span> <span class='ocrx_word' id='word_1_120' title='bbox 963 1950 1069 2003; x_wconf 78' lang='grc' dir='ltr'>Καὶ</span> <span class='ocrx_word' id='word_1_121' title='bbox 1092 1951 1140 2002; x_wconf 90' lang='grc' dir='ltr'>οἰ</span> <span class='ocrx_word' id='word_1_122' title='bbox 1170 1949 1266 2020; x_wconf 77' lang='grc' dir='ltr'>μὲν</span> <span class='ocrx_word' id='word_1_123' title='bbox 1289 1949 1665 2018; x_wconf 80' lang='grc' dir='ltr'>ἀδελφοκτόνοι</span> <span class='ocrx_word' id='word_1_124' title='bbox 1687 1950 1781 2003; x_wconf 68' lang='grc' dir='ltr'>καὶ</span> <span class='ocrx_word' id='word_1_125' title='bbox 1806 1948 1958 2002; x_wconf 90' lang='grc' dir='ltr'>λύκοι</span> <span class='ocrx_word' id='word_1_126' title='bbox 1985 1951 2074 2003; x_wconf 81' lang='grc' dir='ltr'>καί</span> <span class='ocrx_word' id='word_1_127' title='bbox 2098 1948 2263 2020; x_wconf 83' lang='grc' dir='ltr'>θῆρες</span> 
     </span>
    </p>
   </div>
   <div class='ocr_carea' id='block_1_18' title="bbox 685 2040 2266 2114">
    <p class='ocr_par' dir='ltr' id='par_1_18' title="bbox 685 2040 2266 2114">
     <span class='ocr_line' id='line_1_18' title="bbox 685 2040 2266 2114; baseline -0.001 -20"><span class='ocrx_word' id='word_1_128' title='bbox 685 2041 859 2096; x_wconf 87' lang='grc' dir='ltr'>καίτοι</span> <span class='ocrx_word' id='word_1_129' title='bbox 876 2040 1045 2095; x_wconf 85' lang='grc' dir='ltr'>ταῦτα</span> <span class='ocrx_word' id='word_1_130' title='bbox 1064 2041 1407 2113; x_wconf 85' lang='grc' dir='ltr'>ἠδικηκότες,</span> <span class='ocrx_word' id='word_1_131' title='bbox 1432 2042 1522 2096; x_wconf 71' lang='grc' dir='ltr'>ἐπὶ</span> <span class='ocrx_word' id='word_1_132' title='bbox 1541 2042 1642 2111; x_wconf 86' lang='grc' dir='ltr'>τῆς</span> <span class='ocrx_word' id='word_1_133' title='bbox 1659 2042 1918 2114; x_wconf 80' lang='grc' dir='ltr'>πατρῴας</span> <span class='ocrx_word' id='word_1_134' title='bbox 1938 2041 2114 2104; x_wconf 86' lang='grc' dir='ltr'>οἰκίας</span> <span class='ocrx_word' id='word_1_135' title='bbox 2136 2058 2266 2112; x_wconf 90' lang='grc' dir='ltr'>τρυ-</span> 
     </span>
    </p>
   </div>
   <div class='ocr_carea' id='block_1_19' title="bbox 681 2135 2261 2207">
    <p class='ocr_par' dir='ltr' id='par_1_19' title="bbox 681 2135 2261 2207">
     <span class='ocr_line' id='line_1_19' title="bbox 681 2135 2261 2207; baseline -0.001 -19"><span class='ocrx_word' id='word_1_136' title='bbox 681 2135 883 2203; x_wconf 77' lang='grc' dir='ltr'>φῶσιψ</span> <span class='ocrx_word' id='word_1_137' title='bbox 917 2135 1081 2198; x_wconf 76' lang='grc' dir='ltr'>αὐτὸς</span> <span class='ocrx_word' id='word_1_138' title='bbox 1127 2135 1184 2187; x_wconf 84' lang='grc' dir='ltr'>δέ</span> <span class='ocrx_word' id='word_1_139' title='bbox 1235 2136 1263 2187; x_wconf 90' lang='lat'>6</span> <span class='ocrx_word' id='word_1_140' title='bbox 1307 2136 1699 2207; x_wconf 77' lang='grc' dir='ltr'>προσδοκηθείς</span> <span class='ocrx_word' id='word_1_141' title='bbox 1727 2135 1904 2189; x_wconf 73' lang='grc' dir='ltr'>αὐτῶν</span> <span class='ocrx_word' id='word_1_142' title='bbox 1936 2135 2261 2206; x_wconf 79' lang='grc' dir='ltr'>βασιλεύειν,</span> 
     </span>
    </p>
   </div>
   <div class='ocr_carea' id='block_1_20' title="bbox 681 2228 2262 2300">
    <p class='ocr_par' dir='ltr' id='par_1_20' title="bbox 681 2228 2262 2300">
     <span class='ocr_line' id='line_1_20' title="bbox 681 2228 2262 2300; baseline -0.001 -18"><span class='ocrx_word' id='word_1_143' title='bbox 681 2228 1045 2298; x_wconf 83' lang='grc' dir='ltr'>αξχμάλωτος,</span> <span class='ocrx_word' id='word_1_144' title='bbox 1079 2228 1265 2292; x_wconf 84' lang='grc' dir='ltr'>δοῦλος</span> <span class='ocrx_word' id='word_1_145' title='bbox 1292 2271 1306 2293; x_wconf 94' lang='grc'>,</span> <span class='ocrx_word' id='word_1_146' title='bbox 1354 2230 1434 2292; x_wconf 89' lang='grc' dir='ltr'>εἰς</span> <span class='ocrx_word' id='word_1_147' title='bbox 1483 2229 1772 2300; x_wconf 86' lang='grc' dir='ltr'>ἀλλοτρίαν</span> <span class='ocrx_word' id='word_1_148' title='bbox 1818 2228 2262 2300; x_wconf 72' lang='grc' dir='ltr'>ἀπεμποληθεὶς,</span> 
     </span>
    </p>
   </div>
   <div class='ocr_carea' id='block_1_21' title="bbox 679 2317 2263 2393">
    <p class='ocr_par' dir='ltr' id='par_1_21' title="bbox 679 2317 2263 2393">
     <span class='ocr_line' id='line_1_21' title="bbox 679 2317 2263 2393; baseline -0.001 -21"><span class='ocrx_word' id='word_1_149' title='bbox 679 2320 778 2391; x_wconf 76' lang='grc' dir='ltr'>τὴν</span> <span class='ocrx_word' id='word_1_150' title='bbox 807 2322 1040 2389; x_wconf 76' lang='grc' dir='ltr'>ἐσχάτην</span> <span class='ocrx_word' id='word_1_151' title='bbox 1066 2320 1334 2391; x_wconf 86' lang='grc' dir='ltr'>-ὑπομένει</span> <span class='ocrx_word' id='word_1_152' title='bbox 1366 2317 1761 2392; x_wconf 85' lang='grc' dir='ltr'>ταλαιπωρίαν,</span> <span class='ocrx_word' id='word_1_153' title='bbox 1799 2321 1858 2373; x_wconf 94' lang='lat'>06</span> <span class='ocrx_word' id='word_1_154' title='bbox 1893 2321 2054 2393; x_wconf 81' lang='grc' dir='ltr'>μόνον</span> <span class='ocrx_word' id='word_1_155' title='bbox 2083 2319 2263 2372; x_wconf 80' lang='grc' dir='ltr'>αὐτῶν</span> 
     </span>
    </p>
   </div>
   <div class='ocr_carea' id='block_1_22' title="bbox 683 2410 2261 2482">
    <p class='ocr_par' dir='ltr' id='par_1_22' title="bbox 683 2410 2261 2482">
     <span class='ocr_line' id='line_1_22' title="bbox 683 2410 2261 2482; baseline -0.002 -16"><span class='ocrx_word' id='word_1_156' title='bbox 683 2413 744 2466; x_wconf 87' lang='lat'>06</span> <span class='ocrx_word' id='word_1_157' title='bbox 777 2411 1119 2482; x_wconf 73' lang='grc' dir='ltr'>βασιλεύσας,</span> <span class='ocrx_word' id='word_1_158' title='bbox 1164 2411 1299 2465; x_wconf 82' lang='grc' dir='ltr'>ἀλλὰ</span> <span class='ocrx_word' id='word_1_159' title='bbox 1352 2412 1446 2466; x_wconf 70' lang='grc' dir='ltr'>καὶ</span> <span class='ocrx_word' id='word_1_160' title='bbox 1497 2410 1679 2476; x_wconf 88' lang='grc' dir='ltr'>δοῦλος</span> <span class='ocrx_word' id='word_1_161' title='bbox 1715 2412 1894 2466; x_wconf 78' lang='grc' dir='ltr'>αὐτῶν</span> <span class='ocrx_word' id='word_1_162' title='bbox 1938 2412 2261 2482; x_wconf 83' lang='grc' dir='ltr'>γενόμενος,</span> 
     </span>
    </p>
   </div>
   <div class='ocr_carea' id='block_1_23' title="bbox 677 2501 2264 2575">
    <p class='ocr_par' dir='ltr' id='par_1_23' title="bbox 677 2501 2264 2575">
     <span class='ocr_line' id='line_1_23' title="bbox 677 2501 2264 2575; baseline 0 -17"><span class='ocrx_word' id='word_1_163' title='bbox 677 2506 776 2564; x_wconf 74' lang='grc' dir='ltr'>καί</span> <span class='ocrx_word' id='word_1_164' title='bbox 805 2507 868 2558; x_wconf 86' lang='grc' dir='ltr'>ἐκ</span> <span class='ocrx_word' id='word_1_165' title='bbox 894 2504 1090 2557; x_wconf 85' lang='grc' dir='ltr'>πολλοῦ</span> <span class='ocrx_word' id='word_1_166' title='bbox 1122 2501 1216 2555; x_wconf 90' lang='grc' dir='ltr'>τοῦ</span> <span class='ocrx_word' id='word_1_167' title='bbox 1255 2503 1546 2574; x_wconf 72' lang='grc' dir='ltr'>διαμέτρου</span> <span class='ocrx_word' id='word_1_168' title='bbox 1586 2504 1842 2558; x_wconf 84' lang='grc' dir='ltr'>τάναντία</span> <span class='ocrx_word' id='word_1_169' title='bbox 1873 2507 1992 2569; x_wconf 82' lang='grc' dir='ltr'>ταῖς</span> <span class='ocrx_word' id='word_1_170' title='bbox 2029 2506 2264 2575; x_wconf 84' lang='grc' dir='ltr'>ὑποσχέ-</span> 
     </span>
    </p>
   </div>
   <div class='ocr_carea' id='block_1_24' title="bbox 686 2590 2266 2664">
    <p class='ocr_par' dir='ltr' id='par_1_24' title="bbox 686 2590 2266 2664">
     <span class='ocr_line' id='line_1_24' title="bbox 686 2590 2266 2664; baseline 0.001 -19"><span class='ocrx_word' id='word_1_171' title='bbox 686 2594 803 2646; x_wconf 72' lang='grc' dir='ltr'>σεάι</span> <span class='ocrx_word' id='word_1_172' title='bbox 828 2592 1035 2647; x_wconf 84' lang='grc' dir='ltr'>παθών.</span> <span class='ocrx_word' id='word_1_173' title='bbox 1062 2592 1135 2647; x_wconf 90' lang='lat'><em>06</em></span> <span class='ocrx_word' id='word_1_174' title='bbox 1153 2591 1259 2664; x_wconf 84' lang='grc' dir='ltr'>γὰρ</span> <span class='ocrx_word' id='word_1_175' title='bbox 1279 2593 1341 2663; x_wconf 83' lang='grc' dir='ltr'>δὴ</span> <span class='ocrx_word' id='word_1_176' title='bbox 1372 2592 1532 2662; x_wconf 73' lang='grc' dir='ltr'>μόνον</span> <span class='ocrx_word' id='word_1_177' title='bbox 1568 2590 1842 2661; x_wconf 86' lang='grc' dir='ltr'>βασιλείας</span> <span class='ocrx_word' id='word_1_178' title='bbox 1870 2593 1995 2646; x_wconf 90' lang='grc' dir='ltr'>τότε</span> <span class='ocrx_word' id='word_1_179' title='bbox 2013 2594 2115 2647; x_wconf 83' lang='grc' dir='ltr'>οὐκ</span> <span class='ocrx_word' id='word_1_180' title='bbox 2140 2594 2266 2646; x_wconf 85' lang='grc' dir='ltr'>ἐπέ-</span> 
     </span>
    </p>
   </div>
   <div class='ocr_carea' id='block_1_25' title="bbox 687 2683 2266 2757">
    <p class='ocr_par' dir='ltr' id='par_1_25' title="bbox 687 2683 2266 2757">
     <span class='ocr_line' id='line_1_25' title="bbox 687 2683 2266 2757; baseline -0.001 -18"><span class='ocrx_word' id='word_1_181' title='bbox 687 2703 872 2757; x_wconf 80' lang='grc' dir='ltr'>τυχεν,</span> <span class='ocrx_word' id='word_1_182' title='bbox 939 2684 1073 2738; x_wconf 82' lang='grc' dir='ltr'>ἀλλά</span> <span class='ocrx_word' id='word_1_183' title='bbox 1117 2685 1212 2737; x_wconf 77' lang='grc' dir='ltr'>καὶ</span> <span class='ocrx_word' id='word_1_184' title='bbox 1264 2683 1523 2755; x_wconf 84' lang='grc' dir='ltr'>πατρίδος</span> <span class='ocrx_word' id='word_1_185' title='bbox 1553 2685 1647 2738; x_wconf 76' lang='grc' dir='ltr'>καὶ</span> <span class='ocrx_word' id='word_1_186' title='bbox 1674 2683 2008 2755; x_wconf 82' lang='grc' dir='ltr'>ἐλευθερίας,</span> <span class='ocrx_word' id='word_1_187' title='bbox 2045 2686 2136 2738; x_wconf 73' lang='grc' dir='ltr'>καὶ</span> <span class='ocrx_word' id='word_1_188' title='bbox 2167 2687 2266 2756; x_wconf 81' lang='grc' dir='ltr'>τῆς</span> 
     </span>
    </p>
   </div>
   <div class='ocr_carea' id='block_1_26' title="bbox 682 2775 2268 2849">
    <p class='ocr_par' dir='ltr' id='par_1_26' title="bbox 682 2775 2268 2849">
     <span class='ocr_line' id='line_1_26' title="bbox 682 2775 2268 2849; baseline 0.002 -19"><span class='ocrx_word' id='word_1_189' title='bbox 682 2779 791 2831; x_wconf 91' lang='grc' dir='ltr'>τῶν</span> <span class='ocrx_word' id='word_1_190' title='bbox 813 2777 1014 2846; x_wconf 80' lang='grc' dir='ltr'>γονέων</span> <span class='ocrx_word' id='word_1_191' title='bbox 1046 2776 1300 2840; x_wconf 81' lang='grc' dir='ltr'>ἐξέπεσεν</span> <span class='ocrx_word' id='word_1_192' title='bbox 1333 2775 1530 2845; x_wconf 73' lang='grc' dir='ltr'>ὅψεως.</span> <span class='ocrx_word' id='word_1_193' title='bbox 1556 2777 1665 2830; x_wconf 74' lang='grc' dir='ltr'>Καὶ</span> <span class='ocrx_word' id='word_1_194' title='bbox 1693 2775 1813 2830; x_wconf 86' lang='grc' dir='ltr'>οὑδέ</span> <span class='ocrx_word' id='word_1_195' title='bbox 1853 2777 2084 2832; x_wconf 87' lang='grc' dir='ltr'>ἐνταῦθα</span> <span class='ocrx_word' id='word_1_196' title='bbox 2117 2778 2268 2849; x_wconf 79' lang='grc' dir='ltr'>αὑτῷ</span> 
     </span>
    </p>
   </div>
   <div class='ocr_carea' id='block_1_27' title="bbox 683 2865 2267 2939">
    <p class='ocr_par' dir='ltr' id='par_1_27' title="bbox 683 2865 2267 2939">
     <span class='ocr_line' id='line_1_27' title="bbox 683 2865 2267 2939; baseline -0.001 -18"><span class='ocrx_word' id='word_1_197' title='bbox 683 2868 754 2921; x_wconf 86' lang='lat'>:6</span> <span class='ocrx_word' id='word_1_198' title='bbox 782 2868 889 2921; x_wconf 88' lang='grc' dir='ltr'>τῶν</span> <span class='ocrx_word' id='word_1_199' title='bbox 921 2866 1147 2936; x_wconf 80' lang='grc' dir='ltr'>ἀγώνων</span> <span class='ocrx_word' id='word_1_200' title='bbox 1178 2868 1364 2920; x_wconf 77' lang='grc' dir='ltr'>ἵστατο</span> <span class='ocrx_word' id='word_1_201' title='bbox 1390 2906 1405 2932; x_wconf 92' lang='grc'>,</span> <span class='ocrx_word' id='word_1_202' title='bbox 1461 2865 1577 2921; x_wconf 79' lang='grc' dir='ltr'>ἀλλ’</span> <span class='ocrx_word' id='word_1_203' title='bbox 1617 2866 1804 2939; x_wconf 82' lang='grc' dir='ltr'>ἔτερον</span> <span class='ocrx_word' id='word_1_204' title='bbox 1840 2866 2134 2939; x_wconf 86' lang='grc' dir='ltr'>βαθύτερον</span> <span class='ocrx_word' id='word_1_205' title='bbox 2172 2869 2267 2922; x_wconf 82' lang='grc' dir='ltr'>ἀν-</span> 
     </span>
    </p>
   </div>
   <div class='ocr_carea' id='block_1_28' title="bbox 681 2958 2261 3031">
    <p class='ocr_par' dir='ltr' id='par_1_28' title="bbox 681 2958 2261 3031">
     <span class='ocr_line' id='line_1_28' title="bbox 681 2958 2261 3031; baseline -0.001 -18"><span class='ocrx_word' id='word_1_206' title='bbox 681 2960 958 3031; x_wconf 86' lang='grc' dir='ltr'>ωρύττετο</span> <span class='ocrx_word' id='word_1_207' title='bbox 982 2959 1273 3031; x_wconf 81' lang='grc' dir='ltr'>βάραθρον,</span> <span class='ocrx_word' id='word_1_208' title='bbox 1309 2958 1538 3014; x_wconf 86' lang='grc' dir='ltr'>θάνατον</span> <span class='ocrx_word' id='word_1_209' title='bbox 1566 2958 1728 3014; x_wconf 86' lang='grc' dir='ltr'>πάλιν</span> <span class='ocrx_word' id='word_1_210' title='bbox 1745 2960 1886 3030; x_wconf 86' lang='grc' dir='ltr'>ἔχον,</span> <span class='ocrx_word' id='word_1_211' title='bbox 1905 2963 1999 3013; x_wconf 79' lang='grc' dir='ltr'>καὶ</span> <span class='ocrx_word' id='word_1_212' title='bbox 2022 2961 2261 3030; x_wconf 78' lang='grc' dir='ltr'>σφαγήν,</span> 
     </span>
    </p>
   </div>
   <div class='ocr_carea' id='block_1_29' title="bbox 688 3047 2270 3123">
    <p class='ocr_par' dir='ltr' id='par_1_29' title="bbox 688 3047 2270 3123">
     <span class='ocr_line' id='line_1_29' title="bbox 688 3047 2270 3123; baseline 0 -17"><span class='ocrx_word' id='word_1_213' title='bbox 688 3053 918 3106; x_wconf 77' lang='grc' dir='ltr'>θάνατον</span> <span class='ocrx_word' id='word_1_214' title='bbox 940 3051 1304 3105; x_wconf 87' lang='grc' dir='ltr'>ἐπονείδιστον</span> <span class='ocrx_word' id='word_1_215' title='bbox 1327 3053 1424 3104; x_wconf 77' lang='grc' dir='ltr'>καὶ</span> <span class='ocrx_word' id='word_1_216' title='bbox 1447 3047 1661 3122; x_wconf 78' lang='grc' dir='ltr'>σφαγὴν</span> <span class='ocrx_word' id='word_1_217' title='bbox 1678 3051 1941 3123; x_wconf 74' lang='grc' dir='ltr'>αἰσχύνης</span> <span class='ocrx_word' id='word_1_218' title='bbox 1963 3053 2270 3122; x_wconf 67' lang='grc' dir='ltr'>γέμουσαν.</span> 
     </span>
    </p>
   </div>
   <div class='ocr_carea' id='block_1_30' title="bbox 699 3141 2266 3214">
    <p class='ocr_par' dir='ltr' id='par_1_30' title="bbox 699 3141 2266 3214">
     <span class='ocr_line' id='line_1_30' title="bbox 699 3141 2266 3214; baseline 0 -17"><span class='ocrx_word' id='word_1_219' title='bbox 699 3143 904 3197; x_wconf 77' lang='grc' dir='ltr'>’ἰδοῦσα</span> <span class='ocrx_word' id='word_1_220' title='bbox 930 3141 1038 3213; x_wconf 90' lang='grc' dir='ltr'>γάρ</span> <span class='ocrx_word' id='word_1_221' title='bbox 1068 3141 1232 3196; x_wconf 83' lang='grc' dir='ltr'>αὑτὸν</span> <span class='ocrx_word' id='word_1_222' title='bbox 1263 3141 1468 3205; x_wconf 87' lang='grc' dir='ltr'>ἀδίκοις</span> <span class='ocrx_word' id='word_1_223' title='bbox 1503 3141 1804 3212; x_wconf 77' lang='grc' dir='ltr'>ὀφθαλμοῖς</span> <span class='ocrx_word' id='word_1_224' title='bbox 1839 3144 1873 3214; x_wconf 90' lang='grc' dir='ltr'>ή</span> <span class='ocrx_word' id='word_1_225' title='bbox 1912 3143 2227 3214; x_wconf 82' lang='grc' dir='ltr'>κεκτημένη</span> <span class='ocrx_word' id='word_1_226' title='bbox 2251 3183 2266 3208; x_wconf 95' lang='grc'>,</span> 
     </span>
    </p>
   </div>
   <div class='ocr_carea' id='block_1_31' title="bbox 687 3233 2270 3307">
    <p class='ocr_par' dir='ltr' id='par_1_31' title="bbox 687 3233 2270 3307">
     <span class='ocr_line' id='line_1_31' title="bbox 687 3233 2270 3307; baseline -0.001 -17"><span class='ocrx_word' id='word_1_227' title='bbox 687 3236 782 3291; x_wconf 78' lang='grc' dir='ltr'>καὶ</span> <span class='ocrx_word' id='word_1_228' title='bbox 814 3234 1012 3289; x_wconf 81' lang='grc' dir='ltr'>ἁλοῦσα</span> <span class='ocrx_word' id='word_1_229' title='bbox 1053 3234 1132 3305; x_wconf 88' lang='grc' dir='ltr'>τῷ</span> <span class='ocrx_word' id='word_1_230' title='bbox 1169 3234 1356 3288; x_wconf 81' lang='grc' dir='ltr'>κάλλει</span> <span class='ocrx_word' id='word_1_231' title='bbox 1388 3233 1481 3287; x_wconf 88' lang='grc' dir='ltr'>τοῦ</span> <span class='ocrx_word' id='word_1_232' title='bbox 1505 3234 1815 3301; x_wconf 88' lang='grc' dir='ltr'>νεανίσκου,</span> <span class='ocrx_word' id='word_1_233' title='bbox 1850 3234 1956 3289; x_wconf 77' lang='lat'><em>61:6</em></span> <span class='ocrx_word' id='word_1_234' title='bbox 1999 3235 2100 3305; x_wconf 82' lang='grc' dir='ltr'>τῆς</span> <span class='ocrx_word' id='word_1_235' title='bbox 2129 3236 2270 3307; x_wconf 76' lang='grc' dir='ltr'>λαμο</span> 
     </span>
    </p>
   </div>
   <div class='ocr_carea' id='block_1_32' title="bbox 688 3324 2270 3398">
    <p class='ocr_par' dir='ltr' id='par_1_32' title="bbox 688 3324 2270 3398">
     <span class='ocr_line' id='line_1_32' title="bbox 688 3324 2270 3398; baseline 0.001 -19"><span class='ocrx_word' id='word_1_236' title='bbox 688 3328 833 3398; x_wconf 80' lang='grc' dir='ltr'>πρᾶς</span> <span class='ocrx_word' id='word_1_237' title='bbox 862 3325 1024 3380; x_wconf 77' lang='grc' dir='ltr'>αὐτοῦ</span> <span class='ocrx_word' id='word_1_238' title='bbox 1061 3324 1383 3398; x_wconf 81' lang='grc' dir='ltr'>χειρωθεῖσα</span> <span class='ocrx_word' id='word_1_239' title='bbox 1410 3324 1608 3395; x_wconf 74' lang='grc' dir='ltr'>ὅψεως,</span> <span class='ocrx_word' id='word_1_240' title='bbox 1636 3327 1730 3378; x_wconf 80' lang='grc' dir='ltr'>καὶ</span> <span class='ocrx_word' id='word_1_241' title='bbox 1747 3327 1884 3397; x_wconf 81' lang='grc' dir='ltr'>αὒτή</span> <span class='ocrx_word' id='word_1_242' title='bbox 1909 3327 2069 3380; x_wconf 78' lang='grc' dir='ltr'>πάλιν</span> <span class='ocrx_word' id='word_1_243' title='bbox 2086 3327 2270 3391; x_wconf 87' lang='grc' dir='ltr'>δόλους</span> 
     </span>
    </p>
   </div>
   <div class='ocr_carea' id='block_1_33' title="bbox 686 3416 2268 3490">
    <p class='ocr_par' dir='ltr' id='par_1_33' title="bbox 686 3416 2268 3490">
     <span class='ocr_line' id='line_1_33' title="bbox 686 3416 2268 3490; baseline 0.003 -19"><span class='ocrx_word' id='word_1_244' title='bbox 686 3418 927 3490; x_wconf 76' lang='grc' dir='ltr'>ἔρραπτε</span> <span class='ocrx_word' id='word_1_245' title='bbox 954 3416 1381 3488; x_wconf 51' lang='grc' dir='ltr'>καίσέπιϐουλάς.</span> <span class='ocrx_word' id='word_1_246' title='bbox 1409 3418 1520 3472; x_wconf 73' lang='grc' dir='ltr'>Καὶ</span> <span class='ocrx_word' id='word_1_247' title='bbox 1539 3419 1609 3472; x_wconf 87' lang='grc' dir='ltr'>τά</span> <span class='ocrx_word' id='word_1_248' title='bbox 1633 3417 1826 3473; x_wconf 88' lang='grc' dir='ltr'>δίκτυα</span> <span class='ocrx_word' id='word_1_249' title='bbox 1847 3419 1946 3490; x_wconf 84' lang='grc' dir='ltr'>τῆς</span> <span class='ocrx_word' id='word_1_250' title='bbox 1969 3421 2268 3486; x_wconf 85' lang='grc' dir='ltr'>ἀκολασίας</span> 
     </span>
    </p>
   </div>
   <div class='ocr_carea' id='block_1_34' title="bbox 687 3509 2271 3585">
    <p class='ocr_par' dir='ltr' id='par_1_34' title="bbox 687 3509 2271 3585">
     <span class='ocr_line' id='line_1_34' title="bbox 687 3509 2271 3585; baseline 0.001 -20"><span class='ocrx_word' id='word_1_251' title='bbox 687 3511 954 3566; x_wconf 81' lang='grc' dir='ltr'>πάντοθεν</span> <span class='ocrx_word' id='word_1_252' title='bbox 1005 3509 1303 3566; x_wconf 85' lang='grc' dir='ltr'>ἀπλώσασα</span> <span class='ocrx_word' id='word_1_253' title='bbox 1327 3549 1342 3573; x_wconf 96' lang='grc'>,</span> <span class='ocrx_word' id='word_1_254' title='bbox 1389 3510 1510 3563; x_wconf 78' lang='grc' dir='ltr'>καθ’</span> <span class='ocrx_word' id='word_1_255' title='bbox 1562 3509 1799 3581; x_wconf 80' lang='grc' dir='ltr'>ἑκάστην</span> <span class='ocrx_word' id='word_1_256' title='bbox 1832 3514 2119 3565; x_wconf 87' lang='grc' dir='ltr'>ἐσκοπεῖτο</span> <span class='ocrx_word' id='word_1_257' title='bbox 2171 3515 2271 3585; x_wconf 79' lang='grc' dir='ltr'>τὴν</span> 
     </span>
    </p>
   </div>
   <div class='ocr_carea' id='block_1_35' title="bbox 681 3602 2268 3677">
    <p class='ocr_par' dir='ltr' id='par_1_35' title="bbox 681 3602 2268 3677">
     <span class='ocr_line' id='line_1_35' title="bbox 681 3602 2268 3677; baseline 0.001 -19"><span class='ocrx_word' id='word_1_258' title='bbox 681 3606 904 3677; x_wconf 72' lang='grc' dir='ltr'>ἡμέραν</span> <span class='ocrx_word' id='word_1_259' title='bbox 936 3603 1069 3658; x_wconf 78' lang='grc' dir='ltr'>εἴσω</span> <span class='ocrx_word' id='word_1_260' title='bbox 1093 3605 1194 3674; x_wconf 85' lang='grc' dir='ltr'>τῆς</span> <span class='ocrx_word' id='word_1_261' title='bbox 1219 3602 1425 3664; x_wconf 82' lang='grc' dir='ltr'>οἰκείας</span> <span class='ocrx_word' id='word_1_262' title='bbox 1469 3605 1710 3675; x_wconf 85' lang='grc' dir='ltr'>σαγήνης</span> <span class='ocrx_word' id='word_1_263' title='bbox 1743 3603 1835 3657; x_wconf 85' lang='grc' dir='ltr'>τὸν</span> <span class='ocrx_word' id='word_1_264' title='bbox 1867 3606 2150 3659; x_wconf 88' lang='grc' dir='ltr'>νεανίσκον</span> <span class='ocrx_word' id='word_1_265' title='bbox 2175 3606 2268 3660; x_wconf 82' lang='lat' dir='ltr'>1a-</span> 
     </span>
    </p>
   </div>
   <div class='ocr_carea' id='block_1_36' title="bbox 678 3694 2273 3769">
    <p class='ocr_par' dir='ltr' id='par_1_36' title="bbox 678 3694 2273 3769">
     <span class='ocr_line' id='line_1_36' title="bbox 678 3694 2273 3769; baseline 0.002 -20"><span class='ocrx_word' id='word_1_266' title='bbox 678 3697 823 3763; x_wconf 77' lang='grc' dir='ltr'>δεῖν,</span> <span class='ocrx_word' id='word_1_267' title='bbox 858 3695 950 3749; x_wconf 80' lang='grc' dir='ltr'>καὶ</span> <span class='ocrx_word' id='word_1_268' title='bbox 979 3697 1059 3759; x_wconf 86' lang='grc' dir='ltr'>εἰς</span> <span class='ocrx_word' id='word_1_269' title='bbox 1082 3695 1142 3748; x_wconf 90' lang='lat'>:6</span> <span class='ocrx_word' id='word_1_270' title='bbox 1174 3695 1274 3764; x_wconf 85' lang='grc' dir='ltr'>τῆς</span> <span class='ocrx_word' id='word_1_271' title='bbox 1303 3695 1549 3766; x_wconf 84' lang='grc' dir='ltr'>μοιχείας</span> <span class='ocrx_word' id='word_1_272' title='bbox 1576 3694 1834 3766; x_wconf 81' lang='grc' dir='ltr'>ἐμϐαλεῖν</span> <span class='ocrx_word' id='word_1_273' title='bbox 1859 3695 2150 3769; x_wconf 88' lang='grc' dir='ltr'>βάραθρον,</span> <span class='ocrx_word' id='word_1_274' title='bbox 2176 3697 2273 3752; x_wconf 53' lang='grc' dir='ltr'>καθ</span> 
     </span>
    </p>
   </div>
   <div class='ocr_carea' id='block_1_37' title="bbox 681 3787 2270 3862">
    <p class='ocr_par' dir='ltr' id='par_1_37' title="bbox 681 3787 2270 3862">
     <span class='ocr_line' id='line_1_37' title="bbox 681 3787 2270 3862; baseline 0.001 -18"><span class='ocrx_word' id='word_1_275' title='bbox 681 3790 904 3860; x_wconf 81' lang='grc' dir='ltr'>θανάτῳ</span> <span class='ocrx_word' id='word_1_276' title='bbox 928 3787 1262 3860; x_wconf 87' lang='grc' dir='ltr'>παραδοῦναι</span> <span class='ocrx_word' id='word_1_277' title='bbox 1285 3789 1557 3860; x_wconf 86' lang='grc' dir='ltr'>ἀθανάτῳ.</span> <span class='ocrx_word' id='word_1_278' title='bbox 1591 3789 1700 3844; x_wconf 76' lang='grc' dir='ltr'>Καὶ</span> <span class='ocrx_word' id='word_1_279' title='bbox 1723 3789 1844 3844; x_wconf 90' lang='grc' dir='ltr'>καθ’</span> <span class='ocrx_word' id='word_1_280' title='bbox 1872 3791 2110 3862; x_wconf 79' lang='grc' dir='ltr'>ἑκάστην</span> <span class='ocrx_word' id='word_1_281' title='bbox 2132 3793 2163 3861; x_wconf 88' lang='grc' dir='ltr'>ἠ</span> <span class='ocrx_word' id='word_1_282' title='bbox 2172 3789 2270 3862; x_wconf 87' lang='grc' dir='ltr'>μέ-</span> 
     </span>
    </p>
   </div>
   <div class='ocr_carea' id='block_1_38' title="bbox 688 3880 2273 3953">
    <p class='ocr_par' dir='ltr' id='par_1_38' title="bbox 688 3880 2273 3953">
     <span class='ocr_line' id='line_1_38' title="bbox 688 3880 2273 3953; baseline 0.003 -20"><span class='ocrx_word' id='word_1_283' title='bbox 688 3900 791 3953; x_wconf 88' lang='grc' dir='ltr'>-ραν</span> <span class='ocrx_word' id='word_1_284' title='bbox 822 3883 915 3934; x_wconf 81' lang='grc' dir='ltr'>ἐπὶ</span> <span class='ocrx_word' id='word_1_285' title='bbox 943 3880 1042 3952; x_wconf 82' lang='grc' dir='ltr'>τήν</span> <span class='ocrx_word' id='word_1_286' title='bbox 1093 3882 1270 3951; x_wconf 80' lang='grc' dir='ltr'>ἄγραν</span> <span class='ocrx_word' id='word_1_287' title='bbox 1303 3880 1454 3952; x_wconf 78' lang='grc' dir='ltr'>ἐξῄει</span> <span class='ocrx_word' id='word_1_288' title='bbox 1483 3883 1687 3952; x_wconf 87' lang='grc' dir='ltr'>ταύτην</span> <span class='ocrx_word' id='word_1_289' title='bbox 1707 3924 1721 3949; x_wconf 88' lang='grc'>,</span> <span class='ocrx_word' id='word_1_290' title='bbox 1773 3882 1878 3936; x_wconf 82' lang='grc' dir='ltr'>ὑπὸ</span> <span class='ocrx_word' id='word_1_291' title='bbox 1921 3882 2014 3937; x_wconf 88' lang='grc' dir='ltr'>τοῦ</span> <span class='ocrx_word' id='word_1_292' title='bbox 2067 3883 2273 3948; x_wconf 82' lang='grc' dir='ltr'>πάθους</span> 
     </span>
    </p>
   </div>
   <div class='ocr_carea' id='block_1_39' title="bbox 688 3972 2274 4044">
    <p class='ocr_par' dir='ltr' id='par_1_39' title="bbox 688 3972 2274 4044">
     <span class='ocr_line' id='line_1_39' title="bbox 688 3972 2274 4044; baseline 0.001 -18"><span class='ocrx_word' id='word_1_293' title='bbox 688 3973 1046 4044; x_wconf 82' lang='grc' dir='ltr'>κεντουμένη,</span> <span class='ocrx_word' id='word_1_294' title='bbox 1093 3973 1186 4027; x_wconf 81' lang='grc' dir='ltr'>καὶ</span> <span class='ocrx_word' id='word_1_295' title='bbox 1225 3973 1330 4027; x_wconf 86' lang='lat'><em>61:6</em></span> <span class='ocrx_word' id='word_1_296' title='bbox 1375 3972 1472 4026; x_wconf 86' lang='grc' dir='ltr'>τοῦ</span> <span class='ocrx_word' id='word_1_297' title='bbox 1512 3975 1813 4028; x_wconf 80' lang='grc' dir='ltr'>ἀκολάστου</span> <span class='ocrx_word' id='word_1_298' title='bbox 1847 3974 2038 4027; x_wconf 87' lang='grc' dir='ltr'>τούτου</span> <span class='ocrx_word' id='word_1_299' title='bbox 2072 3974 2274 4044; x_wconf 79' lang='grc' dir='ltr'>ἔρωτος</span> 
     </span>
    </p>
   </div>
   <div class='ocr_carea' id='block_1_40' title="bbox 691 4065 2274 4136">
    <p class='ocr_par' dir='ltr' id='par_1_40' title="bbox 691 4065 2274 4136">
     <span class='ocr_line' id='line_1_40' title="bbox 691 4065 2274 4136; baseline 0 -17"><span class='ocrx_word' id='word_1_300' title='bbox 691 4066 813 4120; x_wconf 83' lang='grc' dir='ltr'>καθ’</span> <span class='ocrx_word' id='word_1_301' title='bbox 840 4067 1079 4136; x_wconf 88' lang='grc' dir='ltr'>ἔκάστην</span> <span class='ocrx_word' id='word_1_302' title='bbox 1103 4065 1437 4136; x_wconf 73' lang='grc' dir='ltr'>ὁπλιζομένη</span> <span class='ocrx_word' id='word_1_303' title='bbox 1475 4067 1574 4136; x_wconf 82' lang='grc' dir='ltr'>τήν</span> <span class='ocrx_word' id='word_1_304' title='bbox 1602 4065 1833 4136; x_wconf 76' lang='grc' dir='ltr'>ἡμέραν·</span> <span class='ocrx_word' id='word_1_305' title='bbox 1870 4066 1964 4118; x_wconf 90' lang='grc' dir='ltr'>καί</span> <span class='ocrx_word' id='word_1_306' title='bbox 1999 4084 2129 4119; x_wconf 88' lang='grc' dir='ltr'>ποτε</span> <span class='ocrx_word' id='word_1_307' title='bbox 2153 4068 2274 4119; x_wconf 89' lang='grc' dir='ltr'>ἐπι-</span> 
     </span>
    </p>
   </div>
   <div class='ocr_carea' id='block_1_41' title="bbox 692 4157 2277 4230">
    <p class='ocr_par' dir='ltr' id='par_1_41' title="bbox 692 4157 2277 4230">
     <span class='ocr_line' id='line_1_41' title="bbox 692 4157 2277 4230; baseline 0.001 -19"><span class='ocrx_word' id='word_1_308' title='bbox 692 4159 965 4230; x_wconf 84' lang='grc' dir='ltr'>λαϐομένη</span> <span class='ocrx_word' id='word_1_309' title='bbox 1018 4159 1201 4229; x_wconf 87' lang='grc' dir='ltr'>μόνον,</span> <span class='ocrx_word' id='word_1_310' title='bbox 1250 4159 1343 4213; x_wconf 75' lang='grc' dir='ltr'>ἐπὶ</span> <span class='ocrx_word' id='word_1_311' title='bbox 1393 4159 1494 4228; x_wconf 77' lang='grc' dir='ltr'>τὴν</span> <span class='ocrx_word' id='word_1_312' title='bbox 1526 4157 1709 4212; x_wconf 83' lang='grc' dir='ltr'>ἀδικον</span> <span class='ocrx_word' id='word_1_313' title='bbox 1751 4157 1914 4212; x_wconf 78' lang='grc' dir='ltr'>αὐτὸν</span> <span class='ocrx_word' id='word_1_314' title='bbox 1960 4157 2099 4228; x_wconf 81' lang='grc' dir='ltr'>πρὸς</span> <span class='ocrx_word' id='word_1_315' title='bbox 2153 4157 2277 4227; x_wconf 89' lang='grc' dir='ltr'>βίαν</span> 
     </span>
    </p>
   </div>
   <div class='ocr_carea' id='block_1_42' title="bbox 692 4249 2277 4324">
    <p class='ocr_par' dir='ltr' id='par_1_42' title="bbox 692 4249 2277 4324">
     <span class='ocr_line' id='line_1_42' title="bbox 692 4249 2277 4324; baseline -0.002 -17"><span class='ocrx_word' id='word_1_316' title='bbox 692 4249 873 4307; x_wconf 76' lang='grc' dir='ltr'>εἷλκεν</span> <span class='ocrx_word' id='word_1_317' title='bbox 897 4252 1078 4324; x_wconf 77' lang='grc' dir='ltr'>εὐνὴν,</span> <span class='ocrx_word' id='word_1_318' title='bbox 1110 4252 1202 4305; x_wconf 77' lang='grc' dir='ltr'>καὶ</span> <span class='ocrx_word' id='word_1_319' title='bbox 1222 4251 1312 4303; x_wconf 83' lang='lat' dir='ltr'><em>16v</em></span> <span class='ocrx_word' id='word_1_320' title='bbox 1334 4249 1615 4323; x_wconf 89' lang='grc' dir='ltr'>ἀλλότριον</span> <span class='ocrx_word' id='word_1_321' title='bbox 1643 4249 1884 4321; x_wconf 83' lang='grc' dir='ltr'>διορύξαι</span> <span class='ocrx_word' id='word_1_322' title='bbox 1908 4251 2084 4319; x_wconf 83' lang='grc' dir='ltr'>γάμον</span> <span class='ocrx_word' id='word_1_323' title='bbox 2107 4251 2277 4320; x_wconf 71' lang='grc' dir='ltr'>ἠνάγο</span> 
     </span>
    </p>
   </div>
   <div class='ocr_carea' id='block_1_43' title="bbox 693 4340 2273 4416">
    <p class='ocr_par' dir='ltr' id='par_1_43' title="bbox 693 4340 2273 4416">
     <span class='ocr_line' id='line_1_43' title="bbox 693 4340 2273 4416; baseline -0.003 -16"><span class='ocrx_word' id='word_1_324' title='bbox 693 4346 862 4410; x_wconf 76' lang='grc' dir='ltr'>καζε,</span> <span class='ocrx_word' id='word_1_325' title='bbox 911 4346 1006 4408; x_wconf 72' lang='grc' dir='ltr'>καὶ</span> <span class='ocrx_word' id='word_1_326' title='bbox 1045 4344 1144 4416; x_wconf 86' lang='grc' dir='ltr'>τήν</span> <span class='ocrx_word' id='word_1_327' title='bbox 1188 4341 1543 4414; x_wconf 85' lang='grc' dir='ltr'>σωφροσύνην</span> <span class='ocrx_word' id='word_1_328' title='bbox 1589 4340 1932 4412; x_wconf 80' lang='grc' dir='ltr'>λυμήνασθαι</span> <span class='ocrx_word' id='word_1_329' title='bbox 1976 4343 2273 4414; x_wconf 88' lang='grc' dir='ltr'>ἐπεχείρει.</span> 
     </span>
    </p>
   </div>
   <div class='ocr_carea' id='block_1_44' title="bbox 706 4432 2277 4507">
    <p class='ocr_par' dir='ltr' id='par_1_44' title="bbox 706 4432 2277 4507">
     <span class='ocr_line' id='line_1_44' title="bbox 706 4432 2277 4507; baseline -0.003 -16"><span class='ocrx_word' id='word_1_330' title='bbox 706 4438 844 4492; x_wconf 80' lang='grc' dir='ltr'>Ἀλλ’</span> <span class='ocrx_word' id='word_1_331' title='bbox 872 4438 1021 4507; x_wconf 84' lang='grc' dir='ltr'>ὅμως</span> <span class='ocrx_word' id='word_1_332' title='bbox 1043 4435 1162 4488; x_wconf 80' lang='grc' dir='ltr'>οὐδέ</span> <span class='ocrx_word' id='word_1_333' title='bbox 1189 4433 1438 4487; x_wconf 90' lang='grc' dir='ltr'>ἐντεῦθεν</span> <span class='ocrx_word' id='word_1_334' title='bbox 1465 4432 1633 4487; x_wconf 84' lang='grc' dir='ltr'>ἔπαθέ</span> <span class='ocrx_word' id='word_1_335' title='bbox 1663 4450 1715 4485; x_wconf 92' lang='grc' dir='ltr'>τι</span> <span class='ocrx_word' id='word_1_336' title='bbox 1753 4432 1988 4503; x_wconf 83' lang='grc' dir='ltr'>χαλεπὸν</span> <span class='ocrx_word' id='word_1_337' title='bbox 2016 4435 2044 4485; x_wconf 92' lang='lat'>6</span> <span class='ocrx_word' id='word_1_338' title='bbox 2069 4433 2277 4496; x_wconf 86' lang='grc' dir='ltr'>δίκαιος</span> 
     </span>
    </p>
   </div>
   <div class='ocr_carea' id='block_1_45' title="bbox 694 4523 2278 4595">
    <p class='ocr_par' dir='ltr' id='par_1_45' title="bbox 694 4523 2278 4595">
     <span class='ocr_line' id='line_1_45' title="bbox 694 4523 2278 4595; baseline -0.004 -13"><span class='ocrx_word' id='word_1_339' title='bbox 694 4531 918 4591; x_wconf 84' lang='grc' dir='ltr'>ἐκεῖνος·</span> <span class='ocrx_word' id='word_1_340' title='bbox 947 4525 1084 4581; x_wconf 87' lang='grc' dir='ltr'>ἀλλὰ</span> <span class='ocrx_word' id='word_1_341' title='bbox 1104 4524 1200 4580; x_wconf 59' lang='grc' dir='ltr'>καὶ⁷</span> <span class='ocrx_word' id='word_1_342' title='bbox 1221 4524 1517 4595; x_wconf 87' lang='grc' dir='ltr'>ἐπιθυμίας</span> <span class='ocrx_word' id='word_1_343' title='bbox 1547 4523 1857 4595; x_wconf 85' lang='grc' dir='ltr'>τυραννίδα,</span> <span class='ocrx_word' id='word_1_344' title='bbox 1890 4523 1984 4576; x_wconf 82' lang='grc' dir='ltr'>καὶ</span> <span class='ocrx_word' id='word_1_345' title='bbox 2010 4523 2137 4586; x_wconf 87' lang='grc' dir='ltr'>νέας</span> <span class='ocrx_word' id='word_1_346' title='bbox 2162 4524 2278 4594; x_wconf 83' lang='grc' dir='ltr'>ἠλι-</span> 
     </span>
    </p>
   </div>
   <div class='ocr_carea' id='block_1_46' title="bbox 695 4616 2275 4690">
    <p class='ocr_par' dir='ltr' id='par_1_46' title="bbox 695 4616 2275 4690">
     <span class='ocr_line' id='line_1_46' title="bbox 695 4616 2275 4690; baseline -0.004 -15"><span class='ocrx_word' id='word_1_347' title='bbox 695 4622 818 4685; x_wconf 87' lang='grc' dir='ltr'>κίας</span> <span class='ocrx_word' id='word_1_348' title='bbox 844 4619 1130 4690; x_wconf 83' lang='grc' dir='ltr'>θορύϐους,</span> <span class='ocrx_word' id='word_1_349' title='bbox 1176 4619 1271 4672; x_wconf 78' lang='grc' dir='ltr'>καὶ</span> <span class='ocrx_word' id='word_1_350' title='bbox 1301 4617 1602 4672; x_wconf 83' lang='grc' dir='ltr'>ἀκολάστου</span> <span class='ocrx_word' id='word_1_351' title='bbox 1649 4616 1907 4683; x_wconf 74' lang='grc' dir='ltr'>γυναικὸς</span> <span class='ocrx_word' id='word_1_352' title='bbox 1951 4616 2275 4688; x_wconf 82' lang='grc' dir='ltr'>ἐπιϐουλὴν,</span> 
     </span>
    </p>
   </div>
   <div class='ocr_carea' id='block_1_47' title="bbox 698 4706 2280 4780">
    <p class='ocr_par' dir='ltr' id='par_1_47' title="bbox 698 4706 2280 4780">
     <span class='ocr_line' id='line_1_47' title="bbox 698 4706 2280 4780; baseline -0.004 -14"><span class='ocrx_word' id='word_1_353' title='bbox 698 4715 791 4766; x_wconf 76' lang='grc' dir='ltr'>καὶ</span> <span class='ocrx_word' id='word_1_354' title='bbox 841 4711 1127 4780; x_wconf 79' lang='grc' dir='ltr'>δεσποίνης</span> <span class='ocrx_word' id='word_1_355' title='bbox 1158 4709 1408 4778; x_wconf 80' lang='grc' dir='ltr'>ἐφόδους,</span> <span class='ocrx_word' id='word_1_356' title='bbox 1457 4709 1550 4761; x_wconf 69' lang='grc' dir='ltr'>καί⁵</span> <span class='ocrx_word' id='word_1_357' title='bbox 1596 4706 1851 4778; x_wconf 90' lang='grc' dir='ltr'>νεότητος</span> <span class='ocrx_word' id='word_1_358' title='bbox 1879 4709 2146 4779; x_wconf 80' lang='grc' dir='ltr'>ταραχὴν,</span> <span class='ocrx_word' id='word_1_359' title='bbox 2186 4707 2280 4760; x_wconf 75' lang='grc' dir='ltr'>καὶ</span> 
     </span>
    </p>
   </div>
   <div class='ocr_carea' id='block_1_48' title="bbox 699 4799 2280 4871">
    <p class='ocr_par' dir='ltr' id='par_1_48' title="bbox 699 4799 2280 4871">
     <span class='ocr_line' id='line_1_48' title="bbox 699 4799 2280 4871; baseline -0.006 -11"><span class='ocrx_word' id='word_1_360' title='bbox 699 4806 878 4861; x_wconf 85' lang='grc' dir='ltr'>πάντα</span> <span class='ocrx_word' id='word_1_361' title='bbox 911 4804 1010 4856; x_wconf 82' lang='grc' dir='ltr'>ὅσα</span> <span class='ocrx_word' id='word_1_362' title='bbox 1043 4803 1192 4865; x_wconf 82' lang='grc' dir='ltr'>είκδς</span> <span class='ocrx_word' id='word_1_363' title='bbox 1222 4803 1288 4854; x_wconf 80' lang='grc' dir='ltr'>ἐκ</span> <span class='ocrx_word' id='word_1_364' title='bbox 1318 4802 1414 4871; x_wconf 80' lang='grc' dir='ltr'>τῆς</span> <span class='ocrx_word' id='word_1_365' title='bbox 1449 4801 1591 4870; x_wconf 86' lang='grc' dir='ltr'>ἀφῆς</span> <span class='ocrx_word' id='word_1_366' title='bbox 1626 4799 1842 4870; x_wconf 84' lang='grc' dir='ltr'>ἐκείνης</span> <span class='ocrx_word' id='word_1_367' title='bbox 1873 4800 2148 4869; x_wconf 86' lang='grc' dir='ltr'>γενέσθαι,</span> <span class='ocrx_word' id='word_1_368' title='bbox 2186 4799 2280 4852; x_wconf 73' lang='grc' dir='ltr'>καὶ</span> 
     </span>
    </p>
   </div>
   <div class='ocr_carea' id='block_1_49' title="bbox 694 4889 2279 4965">
    <p class='ocr_par' dir='ltr' id='par_1_49' title="bbox 694 4889 2279 4965">
     <span class='ocr_line' id='line_1_49' title="bbox 694 4889 2279 4965; baseline -0.004 -17"><span class='ocrx_word' id='word_1_369' title='bbox 694 4895 795 4965; x_wconf 81' lang='grc' dir='ltr'>τῆς</span> <span class='ocrx_word' id='word_1_370' title='bbox 828 4893 1023 4963; x_wconf 76' lang='grc' dir='ltr'>ὅψεως,</span> <span class='ocrx_word' id='word_1_371' title='bbox 1059 4890 1155 4945; x_wconf 69' lang='grc' dir='ltr'>καὶ</span> <span class='ocrx_word' id='word_1_372' title='bbox 1189 4890 1290 4960; x_wconf 74' lang='grc' dir='ltr'>τῆς</span> <span class='ocrx_word' id='word_1_373' title='bbox 1322 4891 1539 4960; x_wconf 91' lang='grc' dir='ltr'>μανίας,</span> <span class='ocrx_word' id='word_1_374' title='bbox 1577 4889 1716 4960; x_wconf 89' lang='grc' dir='ltr'>μετά</span> <span class='ocrx_word' id='word_1_375' title='bbox 1753 4890 1951 4962; x_wconf 84' lang='grc' dir='ltr'>πολλῆς</span> <span class='ocrx_word' id='word_1_376' title='bbox 1995 4892 2095 4961; x_wconf 76' lang='grc' dir='ltr'>τῆς</span> <span class='ocrx_word' id='word_1_377' title='bbox 2121 4890 2279 4943; x_wconf 82' lang='grc' dir='ltr'>εὐκο-</span> 
     </span>
    </p>
   </div>
   <div class='ocr_carea' id='block_1_50' title="bbox 696 4980 2280 5055">
    <p class='ocr_par' dir='ltr' id='par_1_50' title="bbox 696 4980 2280 5055">
     <span class='ocr_line' id='line_1_50' title="bbox 696 4980 2280 5055; baseline -0.006 -15"><span class='ocrx_word' id='word_1_378' title='bbox 696 4988 814 5051; x_wconf 86' lang='grc' dir='ltr'>λίας</span> <span class='ocrx_word' id='word_1_379' title='bbox 864 4984 1142 5055; x_wconf 81' lang='grc' dir='ltr'>ὑπερϐάς,</span> <span class='ocrx_word' id='word_1_380' title='bbox 1181 4983 1371 5053; x_wconf 83' lang='grc' dir='ltr'>ὥσπερ</span> <span class='ocrx_word' id='word_1_381' title='bbox 1417 4999 1500 5045; x_wconf 89' lang='grc' dir='ltr'>τις</span> <span class='ocrx_word' id='word_1_382' title='bbox 1545 4981 1706 5044; x_wconf 77' lang='grc' dir='ltr'>ἀετὸς</span> <span class='ocrx_word' id='word_1_383' title='bbox 1753 4980 1956 5051; x_wconf 75' lang='grc' dir='ltr'>ὑψηλὸν</span> <span class='ocrx_word' id='word_1_384' title='bbox 2003 4981 2182 5044; x_wconf 87' lang='grc' dir='ltr'>τείνας</span> <span class='ocrx_word' id='word_1_385' title='bbox 2219 4980 2280 5033; x_wconf 85' lang='lat'>16</span> 
     </span>
    </p>
   </div>
   <div class='ocr_carea' id='block_1_51' title="bbox 698 5073 2283 5148">
    <p class='ocr_par' dir='ltr' id='par_1_51' title="bbox 698 5073 2283 5148">
     <span class='ocr_line' id='line_1_51' title="bbox 698 5073 2283 5148; baseline -0.003 -17"><span class='ocrx_word' id='word_1_386' title='bbox 698 5078 919 5148; x_wconf 80' lang='grc' dir='ltr'>πτερὸν,</span> <span class='ocrx_word' id='word_1_387' title='bbox 955 5078 1048 5130; x_wconf 75' lang='grc' dir='ltr'>καὶ</span> <span class='ocrx_word' id='word_1_388' title='bbox 1073 5074 1212 5128; x_wconf 85' lang='grc' dir='ltr'>αὐτὰ</span> <span class='ocrx_word' id='word_1_389' title='bbox 1242 5074 1652 5144; x_wconf 86' lang='grc' dir='ltr'>ἀποδυσάμενος</span> <span class='ocrx_word' id='word_1_390' title='bbox 1679 5073 1748 5127; x_wconf 88' lang='grc' dir='ltr'>τά</span> <span class='ocrx_word' id='word_1_391' title='bbox 1774 5074 1964 5143; x_wconf 85' lang='grc' dir='ltr'>ίμάτια</span> <span class='ocrx_word' id='word_1_392' title='bbox 1991 5074 2084 5125; x_wconf 76' lang='grc' dir='ltr'>καὶ</span> <span class='ocrx_word' id='word_1_393' title='bbox 2117 5089 2283 5126; x_wconf 88' lang='grc' dir='ltr'>κατα-</span> 
     </span>
    </p>
   </div>
   <div class='ocr_carea' id='block_1_52' title="bbox 700 5166 2279 5239">
    <p class='ocr_par' dir='ltr' id='par_1_52' title="bbox 700 5166 2279 5239">
     <span class='ocr_line' id='line_1_52' title="bbox 700 5166 2279 5239; baseline -0.003 -17"><span class='ocrx_word' id='word_1_394' title='bbox 700 5169 873 5222; x_wconf 83' lang='grc' dir='ltr'>λιπὼν</span> <span class='ocrx_word' id='word_1_395' title='bbox 901 5172 1019 5232; x_wconf 87' lang='grc' dir='ltr'>ταῖς</span> <span class='ocrx_word' id='word_1_396' title='bbox 1055 5168 1372 5232; x_wconf 85' lang='grc' dir='ltr'>ἀκολάστοις</span> <span class='ocrx_word' id='word_1_397' title='bbox 1401 5167 1611 5239; x_wconf 68' lang='grc' dir='ltr'>χερσιν,</span> <span class='ocrx_word' id='word_1_398' title='bbox 1642 5166 1866 5236; x_wconf 80' lang='grc' dir='ltr'>ἐξῆλθεν</span> <span class='ocrx_word' id='word_1_399' title='bbox 1908 5166 2139 5237; x_wconf 86' lang='grc' dir='ltr'>ἱματίων</span> <span class='ocrx_word' id='word_1_400' title='bbox 2179 5166 2279 5236; x_wconf 88' lang='grc' dir='ltr'>μέν</span> 
     </span>
    </p>
   </div>
   <div class='ocr_carea' id='block_1_53' title="bbox 703 5255 2281 5333">
    <p class='ocr_par' dir='ltr' id='par_1_53' title="bbox 703 5255 2281 5333">
     <span class='ocr_line' id='line_1_53' title="bbox 703 5255 2281 5333; baseline -0.003 -20"><span class='ocrx_word' id='word_1_401' title='bbox 703 5260 928 5333; x_wconf 80' lang='grc' dir='ltr'>γυμνὸς,</span> <span class='ocrx_word' id='word_1_402' title='bbox 955 5259 1214 5331; x_wconf 87' lang='grc' dir='ltr'>λαμπρὰν</span> <span class='ocrx_word' id='word_1_403' title='bbox 1237 5259 1293 5311; x_wconf 91' lang='grc' dir='ltr'>δέ</span> <span class='ocrx_word' id='word_1_404' title='bbox 1323 5261 1424 5329; x_wconf 78' lang='grc' dir='ltr'>τῆς</span> <span class='ocrx_word' id='word_1_405' title='bbox 1447 5256 1799 5330; x_wconf 82' lang='grc' dir='ltr'>σωφροσύνης</span> <span class='ocrx_word' id='word_1_406' title='bbox 1827 5257 1966 5326; x_wconf 87' lang='grc' dir='ltr'>ἔχων</span> <span class='ocrx_word' id='word_1_407' title='bbox 1997 5255 2097 5327; x_wconf 84' lang='grc' dir='ltr'>τήν</span> <span class='ocrx_word' id='word_1_408' title='bbox 2121 5273 2281 5327; x_wconf 84' lang='grc' dir='ltr'>περι-</span> 
     </span>
    </p>
   </div>
   <div class='ocr_carea' id='block_1_54' title="bbox 700 5348 2277 5425">
    <p class='ocr_par' dir='ltr' id='par_1_54' title="bbox 700 5348 2277 5425">
     <span class='ocr_line' id='line_1_54' title="bbox 700 5348 2277 5425; baseline -0.001 -20"><span class='ocrx_word' id='word_1_409' title='bbox 700 5352 884 5425; x_wconf 87' lang='grc' dir='ltr'>ϐολήν,</span> <span class='ocrx_word' id='word_1_410' title='bbox 921 5352 1016 5405; x_wconf 75' lang='grc' dir='ltr'>καὶ</span> <span class='ocrx_word' id='word_1_411' title='bbox 1058 5351 1158 5421; x_wconf 83' lang='grc' dir='ltr'>τῆς</span> <span class='ocrx_word' id='word_1_412' title='bbox 1214 5350 1527 5420; x_wconf 88' lang='grc' dir='ltr'>άλουργίδος</span> <span class='ocrx_word' id='word_1_413' title='bbox 1572 5349 1744 5417; x_wconf 78' lang='grc' dir='ltr'>αὐτῆς</span> <span class='ocrx_word' id='word_1_414' title='bbox 1790 5348 2277 5419; x_wconf 85' lang='grc' dir='ltr'>περιφανεστέραν.</span> 
     </span>
    </p>
   </div>
   <div class='ocr_carea' id='block_1_55' title="bbox 714 5440 2282 5514">
    <p class='ocr_par' dir='ltr' id='par_1_55' title="bbox 714 5440 2282 5514">
     <span class='ocr_line' id='line_1_55' title="bbox 714 5440 2282 5514; baseline -0.004 -14"><span class='ocrx_word' id='word_1_415' title='bbox 714 5444 998 5499; x_wconf 82' lang='grc' dir='ltr'>Ἐντεῦθεν</span> <span class='ocrx_word' id='word_1_416' title='bbox 1025 5443 1174 5514; x_wconf 82' lang='grc' dir='ltr'>αὐτῷ</span> <span class='ocrx_word' id='word_1_417' title='bbox 1215 5443 1366 5512; x_wconf 78' lang='grc' dir='ltr'>ξίφος</span> <span class='ocrx_word' id='word_1_418' title='bbox 1410 5441 1640 5508; x_wconf 77' lang='grc' dir='ltr'>ἠκονᾶτο</span> <span class='ocrx_word' id='word_1_419' title='bbox 1676 5440 1870 5506; x_wconf 84' lang='grc' dir='ltr'>πάλιν,</span> <span class='ocrx_word' id='word_1_420' title='bbox 1918 5441 2014 5495; x_wconf 70' lang='grc' dir='ltr'>καὶ</span> <span class='ocrx_word' id='word_1_421' title='bbox 2053 5441 2282 5505; x_wconf 75' lang='grc' dir='ltr'>θάνατός</span> 
     </span>
    </p>
   </div>
   <div class='ocr_carea' id='block_1_56' title="bbox 701 5533 2282 5612">
    <p class='ocr_par' dir='ltr' id='par_1_56' title="bbox 701 5533 2282 5612">
     <span class='ocr_line' id='line_1_56' title="bbox 701 5533 2282 5612; baseline -0.003 -19"><span class='ocrx_word' id='word_1_422' title='bbox 701 5539 1018 5612; x_wconf 74' lang='grc' dir='ltr'>ἐμελετάτο,</span> <span class='ocrx_word' id='word_1_423' title='bbox 1052 5540 1143 5592; x_wconf 69' lang='grc' dir='ltr'>καὶ</span> <span class='ocrx_word' id='word_1_424' title='bbox 1182 5537 1251 5590; x_wconf 89' lang='lat'>16</span> <span class='ocrx_word' id='word_1_425' title='bbox 1280 5534 1499 5606; x_wconf 86' lang='grc' dir='ltr'>κύματα</span> <span class='ocrx_word' id='word_1_426' title='bbox 1535 5533 1628 5586; x_wconf 71' lang='grc' dir='ltr'>ἐπὶ</span> <span class='ocrx_word' id='word_1_427' title='bbox 1663 5534 1723 5586; x_wconf 82' lang='grc' dir='ltr'>τὸ</span> <span class='ocrx_word' id='word_1_428' title='bbox 1763 5534 1946 5604; x_wconf 82' lang='grc' dir='ltr'>μεῖζον</span> <span class='ocrx_word' id='word_1_429' title='bbox 1970 5535 2152 5605; x_wconf 70' lang='grc' dir='ltr'>ᾔρετο,</span> <span class='ocrx_word' id='word_1_430' title='bbox 2186 5535 2282 5588; x_wconf 77' lang='grc' dir='ltr'>καὶ</span> 
     </span>
    </p>
   </div>
   <div class='ocr_carea' id='block_1_57' title="bbox 703 5624 2282 5702">
    <p class='ocr_par' dir='ltr' id='par_1_57' title="bbox 703 5624 2282 5702">
     <span class='ocr_line' id='line_1_57' title="bbox 703 5624 2282 5702; baseline -0.003 -17"><span class='ocrx_word' id='word_1_431' title='bbox 703 5633 736 5702; x_wconf 89' lang='grc' dir='ltr'>ή</span> <span class='ocrx_word' id='word_1_432' title='bbox 777 5631 943 5702; x_wconf 88' lang='grc' dir='ltr'>μανία</span> <span class='ocrx_word' id='word_1_433' title='bbox 961 5630 1058 5699; x_wconf 83' lang='grc' dir='ltr'>τῆς</span> <span class='ocrx_word' id='word_1_434' title='bbox 1087 5627 1343 5696; x_wconf 79' lang='grc' dir='ltr'>γυναικὸς</span> <span class='ocrx_word' id='word_1_435' title='bbox 1372 5626 1470 5696; x_wconf 81' lang='grc' dir='ltr'>τῆς</span> <span class='ocrx_word' id='word_1_436' title='bbox 1504 5624 1849 5688; x_wconf 87' lang='grc' dir='ltr'>Βαϐυλωνίας</span> <span class='ocrx_word' id='word_1_437' title='bbox 1893 5627 2125 5695; x_wconf 89' lang='grc' dir='ltr'>καμίνου</span> <span class='ocrx_word' id='word_1_438' title='bbox 2159 5643 2282 5695; x_wconf 83' lang='grc' dir='ltr'>σφο-</span> 
     </span>
    </p>
   </div>
   <div class='ocr_carea' id='block_1_58' title="bbox 702 5716 2284 5793">
    <p class='ocr_par' dir='ltr' id='par_1_58' title="bbox 702 5716 2284 5793">
     <span class='ocr_line' id='line_1_58' title="bbox 702 5716 2284 5793; baseline -0.001 -18"><span class='ocrx_word' id='word_1_439' title='bbox 702 5723 957 5793; x_wconf 86' lang='grc' dir='ltr'>δρότερον</span> <span class='ocrx_word' id='word_1_440' title='bbox 1003 5721 1294 5790; x_wconf 89' lang='grc' dir='ltr'>ἀνήπτετο.</span> <span class='ocrx_word' id='word_1_441' title='bbox 1328 5720 1402 5772; x_wconf 79' lang='grc' dir='ltr'>’Ἢ</span> <span class='ocrx_word' id='word_1_442' title='bbox 1429 5736 1490 5774; x_wconf 92' lang='grc' dir='ltr'>τε</span> <span class='ocrx_word' id='word_1_443' title='bbox 1526 5717 1635 5788; x_wconf 80' lang='grc' dir='ltr'>γὰρ</span> <span class='ocrx_word' id='word_1_444' title='bbox 1679 5716 1940 5789; x_wconf 87' lang='grc' dir='ltr'>ἐπιθυμία</span> <span class='ocrx_word' id='word_1_445' title='bbox 1969 5720 2155 5782; x_wconf 77' lang='grc' dir='ltr'>λοιπὸν</span> <span class='ocrx_word' id='word_1_446' title='bbox 2191 5722 2284 5774; x_wconf 72' lang='grc' dir='ltr'>ἐπὶ</span> 
     </span>
    </p>
   </div>
   <div class='ocr_carea' id='block_1_59' title="bbox 712 5806 2288 5882">
    <p class='ocr_par' dir='ltr' id='par_1_59' title="bbox 712 5806 2288 5882">
     <span class='ocr_line' id='line_1_59' title="bbox 712 5806 2288 5882; baseline -0.001 -20"><span class='ocrx_word' id='word_1_447' title='bbox 712 5811 896 5882; x_wconf 79' lang='grc' dir='ltr'>μεῖζον</span> <span class='ocrx_word' id='word_1_448' title='bbox 926 5810 1198 5882; x_wconf 89' lang='grc' dir='ltr'>ἠγείρετο,</span> <span class='ocrx_word' id='word_1_449' title='bbox 1241 5810 1270 5863; x_wconf 84' lang='lat'>6</span> <span class='ocrx_word' id='word_1_450' title='bbox 1300 5825 1358 5862; x_wconf 89' lang='grc' dir='ltr'>τε</span> <span class='ocrx_word' id='word_1_451' title='bbox 1405 5806 1611 5878; x_wconf 68' lang='grc' dir='ltr'>θυμδς,</span> <span class='ocrx_word' id='word_1_452' title='bbox 1665 5806 1850 5878; x_wconf 75' lang='grc' dir='ltr'>ἕτερον</span> <span class='ocrx_word' id='word_1_453' title='bbox 1903 5807 2288 5878; x_wconf 85' lang='grc' dir='ltr'>χαλεπώτατον</span> 
     </span>
    </p>
   </div>
   <div class='ocr_carea' id='block_1_60' title="bbox 710 5901 2291 5986">
    <p class='ocr_par' dir='ltr' id='par_1_60' title="bbox 710 5901 2291 5986">
     <span class='ocr_line' id='line_1_60' title="bbox 710 5901 2291 5986; baseline 0.001 -29"><span class='ocrx_word' id='word_1_454' title='bbox 710 5904 900 5973; x_wconf 74' lang='grc' dir='ltr'>πάθος,</span> <span class='ocrx_word' id='word_1_455' title='bbox 931 5905 1075 5986; x_wconf 79' lang='grc' dir='ltr'>μετά</span> <span class='ocrx_word' id='word_1_456' title='bbox 1101 5903 1298 5977; x_wconf 79' lang='grc' dir='ltr'>πολλῆς</span> <span class='ocrx_word' id='word_1_457' title='bbox 1328 5902 1682 5976; x_wconf 85' lang='grc' dir='ltr'>προσετίθετο</span> <span class='ocrx_word' id='word_1_458' title='bbox 1702 5901 1802 5971; x_wconf 75' lang='grc' dir='ltr'>τῆς</span> <span class='ocrx_word' id='word_1_459' title='bbox 1831 5903 2172 5976; x_wconf 88' lang='grc' dir='ltr'>ἀγριότητος,</span> <span class='ocrx_word' id='word_1_460' title='bbox 2197 5905 2291 5960; x_wconf 74' lang='grc' dir='ltr'>καὶ</span> 
     </span>
    </p>
   </div>
   <div class='ocr_carea' id='block_1_61' title="bbox 1374 435 3230 510">
    <p class='ocr_par' dir='ltr' id='par_1_61' title="bbox 1374 435 3230 510">
     <span class='ocr_line' id='line_1_61' title="bbox 1374 435 3230 510; baseline -0.01 1"><span class='ocrx_word' id='word_1_461' title='bbox 1374 446 1436 510; x_wconf 50' lang='grc'>’8.</span> <span class='ocrx_word' id='word_1_462' title='bbox 1472 452 1759 510; x_wconf 77' lang='lat' dir='ltr'>JOANMS</span> <span class='ocrx_word' id='word_1_463' title='bbox 1797 444 2286 506; x_wconf 66' lang='lat' dir='ltr'>(IIIRYSOSTOMI</span> <span class='ocrx_word' id='word_1_464' title='bbox 2323 443 2642 500; x_wconf 72' lang='lat' dir='ltr'>ARCHIEP.</span> <span class='ocrx_word' id='word_1_465' title='bbox 2684 435 3230 499; x_wconf 74' lang='lat' dir='ltr'>CONSTANTINOP.</span> 
     </span>
    </p>
   </div>
   <div class='ocr_carea' id='block_1_62' title="bbox 3842 436 3948 494">
    <p class='ocr_par' dir='ltr' id='par_1_62' title="bbox 3842 436 3948 494">
     <span class='ocr_line' id='line_1_62' title="bbox 3842 436 3948 494; baseline 0 0"><span class='ocrx_word' id='word_1_466' title='bbox 3842 436 3948 494; x_wconf 72' lang='lat' dir='ltr'><strong><em>5m</em></strong></span> 
     </span>
    </p>
   </div>
   <div class='ocr_carea' id='block_1_63' title="bbox 2372 555 3950 634">
    <p class='ocr_par' dir='ltr' id='par_1_63' title="bbox 2372 555 3950 634">
     <span class='ocr_line' id='line_1_63' title="bbox 2372 555 3950 634; baseline -0.006 -17"><span class='ocrx_word' id='word_1_467' title='bbox 2372 565 2531 634; x_wconf 83' lang='grc' dir='ltr'>φόνον</span> <span class='ocrx_word' id='word_1_468' title='bbox 2551 563 2746 616; x_wconf 86' lang='grc' dir='ltr'>ἔϐλεπε</span> <span class='ocrx_word' id='word_1_469' title='bbox 2775 562 2868 615; x_wconf 81' lang='grc' dir='ltr'>καὶ</span> <span class='ocrx_word' id='word_1_470' title='bbox 2895 562 2988 614; x_wconf 85' lang='grc' dir='ltr'>ἐπί</span> <span class='ocrx_word' id='word_1_471' title='bbox 3013 559 3166 629; x_wconf 78' lang='grc' dir='ltr'>ξίφος</span> <span class='ocrx_word' id='word_1_472' title='bbox 3201 557 3412 629; x_wconf 79' lang='grc' dir='ltr'>ἔτρεχε,</span> <span class='ocrx_word' id='word_1_473' title='bbox 3465 558 3560 611; x_wconf 72' lang='grc' dir='ltr'>καὶ</span> <span class='ocrx_word' id='word_1_474' title='bbox 3589 555 3808 625; x_wconf 80' lang='grc' dir='ltr'>σφαγῆς</span> <span class='ocrx_word' id='word_1_475' title='bbox 3839 557 3950 626; x_wconf 78' lang='grc' dir='ltr'>ἠρα</span> 
     </span>
    </p>
   </div>
   <div class='ocr_carea' id='block_1_64' title="bbox 2366 650 3949 728">
    <p class='ocr_par' dir='ltr' id='par_1_64' title="bbox 2366 650 3949 728">
     <span class='ocr_line' id='line_1_64' title="bbox 2366 650 3949 728; baseline -0.006 -17"><span class='ocrx_word' id='word_1_476' title='bbox 2366 657 2837 728; x_wconf 87' lang='grc' dir='ltr'>παρανομωτάτης</span> <span class='ocrx_word' id='word_1_477' title='bbox 2858 695 2872 718; x_wconf 92' lang='grc'>,</span> <span class='ocrx_word' id='word_1_478' title='bbox 2906 655 3002 707; x_wconf 77' lang='grc' dir='ltr'>καί</span> <span class='ocrx_word' id='word_1_479' title='bbox 3040 654 3131 706; x_wconf 87' lang='grc' dir='ltr'>τὸν</span> <span class='ocrx_word' id='word_1_480' title='bbox 3167 653 3267 724; x_wconf 82' lang='grc' dir='ltr'>τὴς</span> <span class='ocrx_word' id='word_1_481' title='bbox 3298 652 3655 723; x_wconf 79' lang='grc' dir='ltr'>σωφροσύνης</span> <span class='ocrx_word' id='word_1_482' title='bbox 3683 650 3949 722; x_wconf 79' lang='grc' dir='ltr'>ἀθλητὴν,</span> 
     </span>
    </p>
   </div>
   <div class='ocr_carea' id='block_1_65' title="bbox 2365 744 3953 820">
    <p class='ocr_par' dir='ltr' id='par_1_65' title="bbox 2365 744 3953 820">
     <span class='ocr_line' id='line_1_65' title="bbox 2365 744 3953 820; baseline -0.006 -17"><span class='ocrx_word' id='word_1_483' title='bbox 2365 753 2459 803; x_wconf 76' lang='grc' dir='ltr'>καί</span> <span class='ocrx_word' id='word_1_484' title='bbox 2495 750 2584 802; x_wconf 79' lang='grc' dir='ltr'>τὸν</span> <span class='ocrx_word' id='word_1_485' title='bbox 2612 749 2713 820; x_wconf 86' lang='grc' dir='ltr'>τῆς</span> <span class='ocrx_word' id='word_1_486' title='bbox 2742 748 3040 818; x_wconf 79' lang='grc' dir='ltr'>καρτερίας</span> <span class='ocrx_word' id='word_1_487' title='bbox 3074 747 3168 800; x_wconf 72' lang='grc' dir='ltr'>καὶ</span> <span class='ocrx_word' id='word_1_488' title='bbox 3192 745 3470 816; x_wconf 80' lang='grc' dir='ltr'>ὑπομονῆς</span> <span class='ocrx_word' id='word_1_489' title='bbox 3523 744 3834 814; x_wconf 78' lang='grc' dir='ltr'>ἀγωνιστὴν</span> <span class='ocrx_word' id='word_1_490' title='bbox 3856 744 3953 795; x_wconf 89' lang='grc' dir='ltr'>ἀν-</span> 
     </span>
    </p>
   </div>
   <div class='ocr_carea' id='block_1_66' title="bbox 2365 835 3952 910">
    <p class='ocr_par' dir='ltr' id='par_1_66' title="bbox 2365 835 3952 910">
     <span class='ocr_line' id='line_1_66' title="bbox 2365 835 3952 910; baseline -0.003 -15"><span class='ocrx_word' id='word_1_491' title='bbox 2365 843 2504 895; x_wconf 90' lang='grc' dir='ltr'>ελεῖν</span> <span class='ocrx_word' id='word_1_492' title='bbox 2535 840 2920 895; x_wconf 77' lang='grc' dir='ltr'>ἔσπευδε.’Καὶ</span> <span class='ocrx_word' id='word_1_493' title='bbox 2949 838 3330 910; x_wconf 88' lang='grc' dir='ltr'>εἰσπηδήσασα</span> <span class='ocrx_word' id='word_1_494' title='bbox 3357 836 3495 906; x_wconf 80' lang='grc' dir='ltr'>πρὸς</span> <span class='ocrx_word' id='word_1_495' title='bbox 3523 836 3614 889; x_wconf 81' lang='grc' dir='ltr'>τὸν</span> <span class='ocrx_word' id='word_1_496' title='bbox 3648 836 3818 906; x_wconf 82' lang='grc' dir='ltr'>ἀνδρα</span> <span class='ocrx_word' id='word_1_497' title='bbox 3857 835 3952 890; x_wconf 75' lang='grc' dir='ltr'>τὸν</span> 
     </span>
    </p>
   </div>
   <div class='ocr_carea' id='block_1_67' title="bbox 2365 923 3951 1001">
    <p class='ocr_par' dir='ltr' id='par_1_67' title="bbox 2365 923 3951 1001">
     <span class='ocr_line' id='line_1_67' title="bbox 2365 923 3951 1001; baseline -0.006 -16"><span class='ocrx_word' id='word_1_498' title='bbox 2365 932 2586 1001; x_wconf 74' lang='grc' dir='ltr'>ἑαυτῆς,</span> <span class='ocrx_word' id='word_1_499' title='bbox 2623 929 3004 998; x_wconf 88' lang='grc' dir='ltr'>ἀπαγγείλασα</span> <span class='ocrx_word' id='word_1_500' title='bbox 3030 928 3099 982; x_wconf 88' lang='grc' dir='ltr'>τά</span> <span class='ocrx_word' id='word_1_501' title='bbox 3133 929 3496 997; x_wconf 84' lang='grc' dir='ltr'>γεγενημένα,</span> <span class='ocrx_word' id='word_1_502' title='bbox 3531 926 3630 995; x_wconf 83' lang='grc' dir='ltr'>οὺχ</span> <span class='ocrx_word' id='word_1_503' title='bbox 3669 926 3744 985; x_wconf 82' lang='grc' dir='ltr'>ὡς</span> <span class='ocrx_word' id='word_1_504' title='bbox 3777 925 3810 994; x_wconf 82' lang='grc' dir='ltr'>ἠ</span> <span class='ocrx_word' id='word_1_505' title='bbox 3854 923 3951 976; x_wconf 81' lang='grc' dir='ltr'>τοῦ</span> 
     </span>
    </p>
   </div>
   <div class='ocr_carea' id='block_1_68' title="bbox 2365 1015 3954 1096">
    <p class='ocr_par' dir='ltr' id='par_1_68' title="bbox 2365 1015 3954 1096">
     <span class='ocr_line' id='line_1_68' title="bbox 2365 1015 3954 1096; baseline -0.007 -18"><span class='ocrx_word' id='word_1_506' title='bbox 2365 1027 2687 1096; x_wconf 88' lang='grc' dir='ltr'>πράγματος</span> <span class='ocrx_word' id='word_1_507' title='bbox 2733 1018 2880 1094; x_wconf 79' lang='grc' dir='ltr'>εἶχεν</span> <span class='ocrx_word' id='word_1_508' title='bbox 2923 1020 3172 1092; x_wconf 88' lang='grc' dir='ltr'>ἀλήθεια,</span> <span class='ocrx_word' id='word_1_509' title='bbox 3219 1019 3333 1072; x_wconf 89' lang='grc' dir='ltr'>ἀλλ’</span> <span class='ocrx_word' id='word_1_510' title='bbox 3381 1018 3456 1082; x_wconf 84' lang='grc' dir='ltr'>ὼς</span> <span class='ocrx_word' id='word_1_511' title='bbox 3497 1017 3634 1088; x_wconf 76' lang='grc' dir='ltr'>αὑτὴ</span> <span class='ocrx_word' id='word_1_512' title='bbox 3672 1016 3733 1069; x_wconf 79' lang='lat'>:6</span> <span class='ocrx_word' id='word_1_513' title='bbox 3766 1015 3954 1087; x_wconf 73' lang='grc' dir='ltr'>δρᾶμα</span> 
     </span>
    </p>
   </div>
   <div class='ocr_carea' id='block_1_69' title="bbox 2367 1109 3954 1187">
    <p class='ocr_par' dir='ltr' id='par_1_69' title="bbox 2367 1109 3954 1187">
     <span class='ocr_line' id='line_1_69' title="bbox 2367 1109 3954 1187; baseline -0.007 -16"><span class='ocrx_word' id='word_1_514' title='bbox 2367 1115 2516 1187; x_wconf 70' lang='grc'><strong>[492]</strong></span> <span class='ocrx_word' id='word_1_515' title='bbox 2535 1115 2634 1184; x_wconf 85' lang='grc' dir='ltr'>τῆς</span> <span class='ocrx_word' id='word_1_516' title='bbox 2670 1113 3036 1182; x_wconf 78' lang='grc' dir='ltr'>συκοφαντίας</span> <span class='ocrx_word' id='word_1_517' title='bbox 3079 1110 3508 1174; x_wconf 83' lang='grc' dir='ltr'>κατεσκεύασεν,</span> <span class='ocrx_word' id='word_1_518' title='bbox 3545 1111 3761 1163; x_wconf 83' lang='grc' dir='ltr'>ἔπεισεν</span> <span class='ocrx_word' id='word_1_519' title='bbox 3805 1109 3954 1178; x_wconf 80' lang='grc' dir='ltr'>άπερ</span> 
     </span>
    </p>
   </div>
   <div class='ocr_carea' id='block_1_70' title="bbox 2363 1199 3952 1276">
    <p class='ocr_par' dir='ltr' id='par_1_70' title="bbox 2363 1199 3952 1276">
     <span class='ocr_line' id='line_1_70' title="bbox 2363 1199 3952 1276; baseline -0.005 -17"><span class='ocrx_word' id='word_1_520' title='bbox 2363 1206 2522 1276; x_wconf 83' lang='grc' dir='ltr'>ἠθελε</span> <span class='ocrx_word' id='word_1_521' title='bbox 2555 1206 2647 1259; x_wconf 83' lang='grc' dir='ltr'>τὸν</span> <span class='ocrx_word' id='word_1_522' title='bbox 2679 1205 2940 1274; x_wconf 80' lang='grc' dir='ltr'>δικαστὴν</span> <span class='ocrx_word' id='word_1_523' title='bbox 2961 1244 2974 1266; x_wconf 91' lang='grc'>,</span> <span class='ocrx_word' id='word_1_524' title='bbox 3018 1203 3255 1274; x_wconf 85' lang='grc' dir='ltr'>ἐρημίαν</span> <span class='ocrx_word' id='word_1_525' title='bbox 3301 1201 3716 1272; x_wconf 68' lang='grc' dir='ltr'>κατηγοροῦσα,</span> <span class='ocrx_word' id='word_1_526' title='bbox 3747 1200 3841 1252; x_wconf 76' lang='grc' dir='ltr'>καὶ</span> <span class='ocrx_word' id='word_1_527' title='bbox 3873 1199 3952 1264; x_wconf 81' lang='grc' dir='ltr'>ὡς</span> 
     </span>
    </p>
   </div>
   <div class='ocr_carea' id='block_1_71' title="bbox 2361 1284 3953 1370">
    <p class='ocr_par' dir='ltr' id='par_1_71' title="bbox 2361 1284 3953 1370">
     <span class='ocr_line' id='line_1_71' title="bbox 2361 1284 3953 1370; baseline -0.006 -17"><span class='ocrx_word' id='word_1_528' title='bbox 2361 1299 2666 1370; x_wconf 75' lang='grc' dir='ltr'>ἠδικημένη</span> <span class='ocrx_word' id='word_1_529' title='bbox 2695 1300 2792 1370; x_wconf 81' lang='grc' dir='ltr'>τὴν</span> <span class='ocrx_word' id='word_1_530' title='bbox 2818 1297 3062 1351; x_wconf 85' lang='grc' dir='ltr'>ἐκδικίαν</span> <span class='ocrx_word' id='word_1_531' title='bbox 3089 1296 3427 1365; x_wconf 76' lang='grc' dir='ltr'>ἐπεζητεῖτο,</span> <span class='ocrx_word' id='word_1_532' title='bbox 3463 1296 3542 1356; x_wconf 83' lang='grc' dir='ltr'>εἰς</span> <span class='ocrx_word' id='word_1_533' title='bbox 3566 1291 3841 1358; x_wconf 80' lang='grc' dir='ltr'>ἀπόδειξιν</span> <span class='ocrx_word' id='word_1_534' title='bbox 3875 1284 3953 1344; x_wconf 77' lang='grc' dir='ltr'>ὧν</span> 
     </span>
    </p>
   </div>
   <div class='ocr_carea' id='block_1_72' title="bbox 2364 1385 3953 1462">
    <p class='ocr_par' dir='ltr' id='par_1_72' title="bbox 2364 1385 3953 1462">
     <span class='ocr_line' id='line_1_72' title="bbox 2364 1385 3953 1462; baseline -0.006 -18"><span class='ocrx_word' id='word_1_535' title='bbox 2364 1391 2516 1459; x_wconf 79' lang='grc' dir='ltr'>ἔλεγε</span> <span class='ocrx_word' id='word_1_536' title='bbox 2545 1392 2613 1444; x_wconf 86' lang='grc' dir='ltr'>τά</span> <span class='ocrx_word' id='word_1_537' title='bbox 2654 1392 2844 1462; x_wconf 73' lang='grc' dir='ltr'>ἱμάτια</span> <span class='ocrx_word' id='word_1_538' title='bbox 2875 1389 2970 1442; x_wconf 83' lang='grc' dir='ltr'>τοῦ</span> <span class='ocrx_word' id='word_1_539' title='bbox 3008 1388 3185 1443; x_wconf 85' lang='grc' dir='ltr'>ἀθώου</span> <span class='ocrx_word' id='word_1_540' title='bbox 3240 1388 3527 1441; x_wconf 85' lang='grc' dir='ltr'>νεανίσκου</span> <span class='ocrx_word' id='word_1_541' title='bbox 3577 1385 3953 1457; x_wconf 80' lang='grc' dir='ltr'>περιφέρουσα</span> 
     </span>
    </p>
   </div>
   <div class='ocr_carea' id='block_1_73' title="bbox 2362 1476 3954 1556">
    <p class='ocr_par' dir='ltr' id='par_1_73' title="bbox 2362 1476 3954 1556">
     <span class='ocr_line' id='line_1_73' title="bbox 2362 1476 3954 1556; baseline -0.006 -18"><span class='ocrx_word' id='word_1_542' title='bbox 2362 1487 2482 1548; x_wconf 90' lang='grc' dir='ltr'>ταῖς</span> <span class='ocrx_word' id='word_1_543' title='bbox 2510 1483 2838 1556; x_wconf 86' lang='grc' dir='ltr'>ἀκαθάρτοις</span> <span class='ocrx_word' id='word_1_544' title='bbox 2867 1485 3054 1553; x_wconf 74' lang='grc' dir='ltr'>χερσὶν</span> <span class='ocrx_word' id='word_1_545' title='bbox 3083 1482 3340 1544; x_wconf 86' lang='grc' dir='ltr'>ἐκείναις.</span> <span class='ocrx_word' id='word_1_546' title='bbox 3368 1482 3478 1534; x_wconf 79' lang='grc' dir='ltr'>Καὶ</span> <span class='ocrx_word' id='word_1_547' title='bbox 3499 1482 3527 1532; x_wconf 87' lang='lat'>6</span> <span class='ocrx_word' id='word_1_548' title='bbox 3555 1476 3954 1547; x_wconf 82' lang='grc' dir='ltr'>διεφθαρμένος</span> 
     </span>
    </p>
   </div>
   <div class='ocr_carea' id='block_1_74' title="bbox 2364 1565 3954 1645">
    <p class='ocr_par' dir='ltr' id='par_1_74' title="bbox 2364 1565 3954 1645">
     <span class='ocr_line' id='line_1_74' title="bbox 2364 1565 3954 1645; baseline -0.007 -17"><span class='ocrx_word' id='word_1_549' title='bbox 2364 1574 2621 1645; x_wconf 83' lang='grc' dir='ltr'>δικαστής</span> <span class='ocrx_word' id='word_1_550' title='bbox 2641 1575 2740 1626; x_wconf 87' lang='lat'><em>061:</em></span> <span class='ocrx_word' id='word_1_551' title='bbox 2757 1577 2835 1638; x_wconf 88' lang='grc' dir='ltr'>εἰς</span> <span class='ocrx_word' id='word_1_552' title='bbox 2850 1574 3199 1642; x_wconf 88' lang='grc' dir='ltr'>δικαστήριον</span> <span class='ocrx_word' id='word_1_553' title='bbox 3220 1574 3478 1642; x_wconf 73' lang='grc' dir='ltr'>εἰσήγαγε</span> <span class='ocrx_word' id='word_1_554' title='bbox 3497 1571 3585 1622; x_wconf 75' lang='grc' dir='ltr'>τὸν</span> <span class='ocrx_word' id='word_1_555' title='bbox 3610 1565 3920 1637; x_wconf 83' lang='grc' dir='ltr'>κατηγορού</span> <span class='ocrx_word' id='word_1_556' title='bbox 3937 1596 3954 1608; x_wconf 83' lang='lat'><strong>-</strong></span> 
     </span>
    </p>
   </div>
   <div class='ocr_carea' id='block_1_75' title="bbox 2368 1663 3952 1737">
    <p class='ocr_par' dir='ltr' id='par_1_75' title="bbox 2368 1663 3952 1737">
     <span class='ocr_line' id='line_1_75' title="bbox 2368 1663 3952 1737; baseline -0.003 -17"><span class='ocrx_word' id='word_1_557' title='bbox 2368 1685 2548 1737; x_wconf 89' lang='grc' dir='ltr'>μενον,</span> <span class='ocrx_word' id='word_1_558' title='bbox 2583 1667 2644 1719; x_wconf 87' lang='lat'>06</span> <span class='ocrx_word' id='word_1_559' title='bbox 2670 1667 2826 1733; x_wconf 85' lang='grc' dir='ltr'>λόγου</span> <span class='ocrx_word' id='word_1_560' title='bbox 2861 1666 3189 1735; x_wconf 81' lang='grc' dir='ltr'>μετέδωκεν,</span> <span class='ocrx_word' id='word_1_561' title='bbox 3225 1664 3361 1718; x_wconf 88' lang='grc' dir='ltr'>ἀλλά</span> <span class='ocrx_word' id='word_1_562' title='bbox 3389 1665 3479 1717; x_wconf 85' lang='grc' dir='ltr'>τὸν</span> <span class='ocrx_word' id='word_1_563' title='bbox 3505 1665 3626 1717; x_wconf 68' lang='grc' dir='ltr'>οὐδὲ</span> <span class='ocrx_word' id='word_1_564' title='bbox 3665 1663 3952 1734; x_wconf 80' lang='grc' dir='ltr'>ἑωρακότα</span> 
     </span>
    </p>
   </div>
   <div class='ocr_carea' id='block_1_76' title="bbox 2364 1750 3954 1830">
    <p class='ocr_par' dir='ltr' id='par_1_76' title="bbox 2364 1750 3954 1830">
     <span class='ocr_line' id='line_1_76' title="bbox 2364 1750 3954 1830; baseline -0.003 -18"><span class='ocrx_word' id='word_1_565' title='bbox 2364 1759 2750 1830; x_wconf 85' lang='grc' dir='ltr'>δικαστήριον,</span> <span class='ocrx_word' id='word_1_566' title='bbox 2803 1758 2877 1820; x_wconf 83' lang='grc' dir='ltr'>ὼς</span> <span class='ocrx_word' id='word_1_567' title='bbox 2929 1750 3243 1818; x_wconf 78' lang='grc' dir='ltr'>ἑαλωκότα,</span> <span class='ocrx_word' id='word_1_568' title='bbox 3296 1755 3370 1818; x_wconf 87' lang='grc' dir='ltr'>ὼς</span> <span class='ocrx_word' id='word_1_569' title='bbox 3419 1755 3814 1825; x_wconf 85' lang='grc' dir='ltr'>ἐληλεγμένον,</span> <span class='ocrx_word' id='word_1_570' title='bbox 3857 1756 3954 1808; x_wconf 80' lang='grc' dir='ltr'>καὶ</span> 
     </span>
    </p>
   </div>
   <div class='ocr_carea' id='block_1_77' title="bbox 2369 1847 3955 1920">
    <p class='ocr_par' dir='ltr' id='par_1_77' title="bbox 2369 1847 3955 1920">
     <span class='ocr_line' id='line_1_77' title="bbox 2369 1847 3955 1920; baseline -0.003 -18"><span class='ocrx_word' id='word_1_571' title='bbox 2369 1849 2554 1920; x_wconf 79' lang='grc' dir='ltr'>μοιχὸν</span> <span class='ocrx_word' id='word_1_572' title='bbox 2605 1849 3014 1919; x_wconf 81' lang='grc' dir='ltr'>ἀπηρτισμένον</span> <span class='ocrx_word' id='word_1_573' title='bbox 3049 1847 3392 1906; x_wconf 87' lang='grc' dir='ltr'>κατεδίκασε,</span> <span class='ocrx_word' id='word_1_574' title='bbox 3437 1847 3529 1900; x_wconf 79' lang='grc' dir='ltr'>καὶ</span> <span class='ocrx_word' id='word_1_575' title='bbox 3563 1849 3641 1910; x_wconf 85' lang='grc' dir='ltr'>είς</span> <span class='ocrx_word' id='word_1_576' title='bbox 3671 1847 3955 1916; x_wconf 82' lang='grc' dir='ltr'>δεσμωτή-</span> 
     </span>
    </p>
   </div>
   <div class='ocr_carea' id='block_1_78' title="bbox 2370 1934 3956 2012">
    <p class='ocr_par' dir='ltr' id='par_1_78' title="bbox 2370 1934 3956 2012">
     <span class='ocr_line' id='line_1_78' title="bbox 2370 1934 3956 2012; baseline -0.001 -19"><span class='ocrx_word' id='word_1_577' title='bbox 2370 1959 2480 2012; x_wconf 91' lang='grc' dir='ltr'>ριον</span> <span class='ocrx_word' id='word_1_578' title='bbox 2514 1939 2754 2006; x_wconf 85' lang='grc' dir='ltr'>ἐνέϐαλε,</span> <span class='ocrx_word' id='word_1_579' title='bbox 2785 1941 2879 1994; x_wconf 77' lang='grc' dir='ltr'>καὶ</span> <span class='ocrx_word' id='word_1_580' title='bbox 2910 1939 3095 1994; x_wconf 78' lang='grc' dir='ltr'>ἁλύσει</span> <span class='ocrx_word' id='word_1_581' title='bbox 3135 1940 3440 2007; x_wconf 84' lang='grc' dir='ltr'>παρέδωκε.</span> <span class='ocrx_word' id='word_1_582' title='bbox 3476 1937 3580 1991; x_wconf 71' lang='grc' dir='ltr'>Καὶ</span> <span class='ocrx_word' id='word_1_583' title='bbox 3610 1934 3678 2007; x_wconf 81' lang='grc' dir='ltr'>ἦν</span> <span class='ocrx_word' id='word_1_584' title='bbox 3705 1938 3890 1991; x_wconf 84' lang='grc' dir='ltr'>λοιπὸν</span> <span class='ocrx_word' id='word_1_585' title='bbox 3925 1940 3956 1992; x_wconf 88' lang='lat'>6</span> 
     </span>
    </p>
   </div>
   <div class='ocr_carea' id='block_1_79' title="bbox 2365 2029 3956 2102">
    <p class='ocr_par' dir='ltr' id='par_1_79' title="bbox 2365 2029 3956 2102">
     <span class='ocr_line' id='line_1_79' title="bbox 2365 2029 3956 2102; baseline -0.004 -15"><span class='ocrx_word' id='word_1_586' title='bbox 2365 2033 2650 2097; x_wconf 85' lang='grc' dir='ltr'>τοσούτους</span> <span class='ocrx_word' id='word_1_587' title='bbox 2706 2035 3003 2101; x_wconf 84' lang='grc' dir='ltr'>στεφάνους</span> <span class='ocrx_word' id='word_1_588' title='bbox 3053 2033 3460 2102; x_wconf 83' lang='grc' dir='ltr'>ἀναδησάμενος</span> <span class='ocrx_word' id='word_1_589' title='bbox 3512 2031 3749 2102; x_wconf 78' lang='grc' dir='ltr'>ἀρετῆς,</span> <span class='ocrx_word' id='word_1_590' title='bbox 3813 2029 3956 2099; x_wconf 83' lang='grc' dir='ltr'>μετὰ</span> 
     </span>
    </p>
   </div>
   <div class='ocr_carea' id='block_1_80' title="bbox 2367 2119 3956 2195">
    <p class='ocr_par' dir='ltr' id='par_1_80' title="bbox 2367 2119 3956 2195">
     <span class='ocr_line' id='line_1_80' title="bbox 2367 2119 3956 2195; baseline -0.004 -17"><span class='ocrx_word' id='word_1_591' title='bbox 2367 2126 2598 2195; x_wconf 76' lang='grc' dir='ltr'>γοήτων,</span> <span class='ocrx_word' id='word_1_592' title='bbox 2634 2123 2770 2195; x_wconf 87' lang='grc' dir='ltr'>μετά</span> <span class='ocrx_word' id='word_1_593' title='bbox 2795 2123 3190 2195; x_wconf 85' lang='grc' dir='ltr'>τυμϐωρύχων,</span> <span class='ocrx_word' id='word_1_594' title='bbox 3227 2124 3363 2192; x_wconf 82' lang='grc' dir='ltr'>μετά</span> <span class='ocrx_word' id='word_1_595' title='bbox 3400 2122 3766 2192; x_wconf 81' lang='grc' dir='ltr'>ἀνδροφόνων,</span> <span class='ocrx_word' id='word_1_596' title='bbox 3813 2119 3956 2188; x_wconf 87' lang='grc' dir='ltr'>μετά</span> 
     </span>
    </p>
   </div>
   <div class='ocr_carea' id='block_1_81' title="bbox 2366 2211 3954 2285">
    <p class='ocr_par' dir='ltr' id='par_1_81' title="bbox 2366 2211 3954 2285">
     <span class='ocr_line' id='line_1_81' title="bbox 2366 2211 3954 2285; baseline -0.003 -16"><span class='ocrx_word' id='word_1_597' title='bbox 2366 2216 2473 2269; x_wconf 88' lang='grc' dir='ltr'>τῶν</span> <span class='ocrx_word' id='word_1_598' title='bbox 2517 2214 2584 2268; x_wconf 84' lang='lat'>16</span> <span class='ocrx_word' id='word_1_599' title='bbox 2630 2216 2834 2284; x_wconf 79' lang='grc' dir='ltr'>ἔσχατα</span> <span class='ocrx_word' id='word_1_600' title='bbox 2883 2214 3326 2285; x_wconf 82' lang='grc' dir='ltr'>τετολμηκότων,</span> <span class='ocrx_word' id='word_1_601' title='bbox 3376 2214 3434 2265; x_wconf 85' lang='grc' dir='ltr'>ἐν</span> <span class='ocrx_word' id='word_1_602' title='bbox 3467 2214 3542 2282; x_wconf 76' lang='grc' dir='ltr'>τῷ</span> <span class='ocrx_word' id='word_1_603' title='bbox 3571 2211 3954 2282; x_wconf 75' lang='grc' dir='ltr'>δεσμωτηρίῳ.</span> 
     </span>
    </p>
   </div>
   <div class='ocr_carea' id='block_1_82' title="bbox 2380 2304 3953 2378">
    <p class='ocr_par' dir='ltr' id='par_1_82' title="bbox 2380 2304 3953 2378">
     <span class='ocr_line' id='line_1_82' title="bbox 2380 2304 3953 2378; baseline -0.001 -18"><span class='ocrx_word' id='word_1_604' title='bbox 2380 2307 2520 2360; x_wconf 75' lang='grc' dir='ltr'>Ἀλλ’</span> <span class='ocrx_word' id='word_1_605' title='bbox 2543 2312 2692 2378; x_wconf 80' lang='grc' dir='ltr'>ὅμως</span> <span class='ocrx_word' id='word_1_606' title='bbox 2721 2307 2872 2361; x_wconf 84' lang='grc' dir='ltr'>οὐδὲν</span> <span class='ocrx_word' id='word_1_607' title='bbox 2901 2307 3062 2358; x_wconf 76' lang='grc' dir='ltr'>αὐτὸν</span> <span class='ocrx_word' id='word_1_608' title='bbox 3089 2307 3296 2358; x_wconf 89' lang='grc' dir='ltr'>τούτων</span> <span class='ocrx_word' id='word_1_609' title='bbox 3331 2304 3601 2376; x_wconf 75' lang='grc' dir='ltr'>ἐθορύϐει.</span> <span class='ocrx_word' id='word_1_610' title='bbox 3628 2307 3736 2358; x_wconf 67' lang='grc' dir='ltr'>Καὶ</span> <span class='ocrx_word' id='word_1_611' title='bbox 3767 2307 3953 2375; x_wconf 78' lang='grc' dir='ltr'>ἕτερος</span> 
     </span>
    </p>
   </div>
   <div class='ocr_carea' id='block_1_83' title="bbox 2372 2396 3953 2472">
    <p class='ocr_par' dir='ltr' id='par_1_83' title="bbox 2372 2396 3953 2472">
     <span class='ocr_line' id='line_1_83' title="bbox 2372 2396 3953 2472; baseline -0.001 -19"><span class='ocrx_word' id='word_1_612' title='bbox 2372 2401 2481 2472; x_wconf 82' lang='grc' dir='ltr'>μὲν·</span> <span class='ocrx_word' id='word_1_613' title='bbox 2524 2399 2602 2470; x_wconf 82' lang='grc' dir='ltr'>τῷ</span> <span class='ocrx_word' id='word_1_614' title='bbox 2649 2399 2860 2469; x_wconf 86' lang='grc' dir='ltr'>βασιλεῖ</span> <span class='ocrx_word' id='word_1_615' title='bbox 2899 2396 3357 2470; x_wconf 84' lang='grc' dir='ltr'>προσκεκρουκὼς</span> <span class='ocrx_word' id='word_1_616' title='bbox 3407 2398 3636 2466; x_wconf 80' lang='grc' dir='ltr'>ἠφίετο,</span> <span class='ocrx_word' id='word_1_617' title='bbox 3689 2397 3850 2461; x_wconf 73' lang='grc' dir='ltr'>αὐτὸς</span> <span class='ocrx_word' id='word_1_618' title='bbox 3892 2401 3953 2454; x_wconf 68' lang='grc' dir='ltr'>δὲ</span> 
     </span>
    </p>
   </div>
   <div class='ocr_carea' id='block_1_84' title="bbox 2373 2484 3961 2564">
    <p class='ocr_par' dir='ltr' id='par_1_84' title="bbox 2373 2484 3961 2564">
     <span class='ocr_line' id='line_1_84' title="bbox 2373 2484 3961 2564; baseline -0.001 -18"><span class='ocrx_word' id='word_1_619' title='bbox 2373 2493 2581 2564; x_wconf 79' lang='grc' dir='ltr'>μακρὸν</span> <span class='ocrx_word' id='word_1_620' title='bbox 2612 2493 2758 2545; x_wconf 82' lang='grc' dir='ltr'>ἔνδον</span> <span class='ocrx_word' id='word_1_621' title='bbox 2788 2492 2946 2562; x_wconf 85' lang='grc' dir='ltr'>ἔμενε</span> <span class='ocrx_word' id='word_1_622' title='bbox 2981 2492 3191 2564; x_wconf 85' lang='grc' dir='ltr'>χρόνον,</span> <span class='ocrx_word' id='word_1_623' title='bbox 3249 2491 3388 2562; x_wconf 81' lang='grc' dir='ltr'>ὑπὲρ</span> <span class='ocrx_word' id='word_1_624' title='bbox 3434 2484 3509 2544; x_wconf 76' lang='grc' dir='ltr'>ὧν</span> <span class='ocrx_word' id='word_1_625' title='bbox 3551 2491 3713 2545; x_wconf 69' lang='grc' dir='ltr'>αὐτον</span> <span class='ocrx_word' id='word_1_626' title='bbox 3757 2508 3961 2558; x_wconf 82' lang='grc' dir='ltr'>στεφα-</span> 
     </span>
    </p>
   </div>
   <div class='ocr_carea' id='block_1_85' title="bbox 2368 2582 3960 2655">
    <p class='ocr_par' dir='ltr' id='par_1_85' title="bbox 2368 2582 3960 2655">
     <span class='ocr_line' id='line_1_85' title="bbox 2368 2582 3960 2655; baseline -0.001 -16"><span class='ocrx_word' id='word_1_627' title='bbox 2368 2585 2589 2640; x_wconf 84' lang='grc' dir='ltr'>νοῦσθαι</span> <span class='ocrx_word' id='word_1_628' title='bbox 2621 2585 2712 2638; x_wconf 75' lang='grc' dir='ltr'>καὶ</span> <span class='ocrx_word' id='word_1_629' title='bbox 2742 2584 3214 2655; x_wconf 84' lang='grc' dir='ltr'>ἀνακηρύττεσθαι</span> <span class='ocrx_word' id='word_1_630' title='bbox 3243 2584 3370 2649; x_wconf 87' lang='grc' dir='ltr'>ἔδει,</span> <span class='ocrx_word' id='word_1_631' title='bbox 3405 2582 3503 2654; x_wconf 81' lang='grc' dir='ltr'>τὴν</span> <span class='ocrx_word' id='word_1_632' title='bbox 3535 2584 3767 2654; x_wconf 77' lang='grc' dir='ltr'>ἐσχάτην</span> <span class='ocrx_word' id='word_1_633' title='bbox 3791 2583 3960 2637; x_wconf 89' lang='grc' dir='ltr'>τίνων</span> 
     </span>
    </p>
   </div>
   <div class='ocr_carea' id='block_1_86' title="bbox 2367 2675 3962 2749">
    <p class='ocr_par' dir='ltr' id='par_1_86' title="bbox 2367 2675 3962 2749">
     <span class='ocr_line' id='line_1_86' title="bbox 2367 2675 3962 2749; baseline 0.001 -20"><span class='ocrx_word' id='word_1_634' title='bbox 2367 2677 2659 2749; x_wconf 89' lang='grc' dir='ltr'>τιμωρίαν.</span> <span class='ocrx_word' id='word_1_635' title='bbox 2683 2677 2793 2730; x_wconf 66' lang='grc' dir='ltr'>Καὶ</span> <span class='ocrx_word' id='word_1_636' title='bbox 2813 2676 2936 2729; x_wconf 74' lang='grc' dir='ltr'>οὐδὲ</span> <span class='ocrx_word' id='word_1_637' title='bbox 2987 2675 3157 2739; x_wconf 72' lang='grc' dir='ltr'>οὕτως</span> <span class='ocrx_word' id='word_1_638' title='bbox 3181 2676 3529 2747; x_wconf 88' lang='grc' dir='ltr'>ἐταράττετο,</span> <span class='ocrx_word' id='word_1_639' title='bbox 3546 2675 3669 2729; x_wconf 75' lang='grc' dir='ltr'>οὐδὲ</span> <span class='ocrx_word' id='word_1_640' title='bbox 3694 2675 3962 2730; x_wconf 67' lang='grc' dir='ltr'>ἐσκανδαι</span> 
     </span>
    </p>
   </div>
   <div class='ocr_carea' id='block_1_87' title="bbox 2369 2765 3962 2836">
    <p class='ocr_par' dir='ltr' id='par_1_87' title="bbox 2369 2765 3962 2836">
     <span class='ocr_line' id='line_1_87' title="bbox 2369 2765 3962 2836; baseline 0 -14"><span class='ocrx_word' id='word_1_641' title='bbox 2369 2770 2568 2834; x_wconf 77' lang='grc' dir='ltr'>λίζετο,</span> <span class='ocrx_word' id='word_1_642' title='bbox 2603 2767 2723 2822; x_wconf 81' lang='grc' dir='ltr'>οὐδὲ</span> <span class='ocrx_word' id='word_1_643' title='bbox 2749 2765 2892 2832; x_wconf 81' lang='grc' dir='ltr'>εἰπε,</span> <span class='ocrx_word' id='word_1_644' title='bbox 2921 2769 2987 2820; x_wconf 85' lang='grc' dir='ltr'>Τί</span> <span class='ocrx_word' id='word_1_645' title='bbox 3019 2768 3210 2834; x_wconf 89' lang='grc' dir='ltr'>τοῦτο;</span> <span class='ocrx_word' id='word_1_646' title='bbox 3247 2769 3326 2830; x_wconf 89' lang='grc' dir='ltr'>εἰς</span> <span class='ocrx_word' id='word_1_647' title='bbox 3359 2769 3412 2821; x_wconf 94' lang='grc' dir='ltr'>τί</span> <span class='ocrx_word' id='word_1_648' title='bbox 3446 2767 3642 2834; x_wconf 87' lang='lat'><em>106:0;</em></span> <span class='ocrx_word' id='word_1_649' title='bbox 3674 2771 3701 2821; x_wconf 88' lang='lat'>6</span> <span class='ocrx_word' id='word_1_650' title='bbox 3743 2767 3962 2836; x_wconf 84' lang='grc' dir='ltr'>μέλλων</span> 
     </span>
    </p>
   </div>
   <div class='ocr_carea' id='block_1_88' title="bbox 2370 2861 3963 2938">
    <p class='ocr_par' dir='ltr' id='par_1_88' title="bbox 2370 2861 3963 2938">
     <span class='ocr_line' id='line_1_88' title="bbox 2370 2861 3963 2938; baseline -0.001 -22"><span class='ocrx_word' id='word_1_651' title='bbox 2370 2862 2482 2931; x_wconf 86' lang='grc' dir='ltr'>ἐγὼ</span> <span class='ocrx_word' id='word_1_652' title='bbox 2509 2861 2619 2916; x_wconf 87' lang='grc' dir='ltr'>τῶν</span> <span class='ocrx_word' id='word_1_653' title='bbox 2659 2861 2903 2938; x_wconf 81' lang='grc' dir='ltr'>ἀδελφῶν</span> <span class='ocrx_word' id='word_1_654' title='bbox 2935 2861 3275 2931; x_wconf 85' lang='grc' dir='ltr'>βασιλεύειν,</span> <span class='ocrx_word' id='word_1_655' title='bbox 3319 2863 3380 2915; x_wconf 88' lang='lat' dir='ltr'><em>o6</em></span> <span class='ocrx_word' id='word_1_656' title='bbox 3433 2862 3596 2932; x_wconf 90' lang='grc' dir='ltr'>μόνον</span> <span class='ocrx_word' id='word_1_657' title='bbox 3633 2862 3835 2933; x_wconf 88' lang='grc' dir='ltr'>ταύτης</span> <span class='ocrx_word' id='word_1_658' title='bbox 3867 2862 3963 2929; x_wconf 79' lang='grc' dir='ltr'>ἐξ-</span> 
     </span>
    </p>
   </div>
   <div class='ocr_carea' id='block_1_89' title="bbox 2371 2953 3965 3025">
    <p class='ocr_par' dir='ltr' id='par_1_89' title="bbox 2371 2953 3965 3025">
     <span class='ocr_line' id='line_1_89' title="bbox 2371 2953 3965 3025; baseline 0.002 -18"><span class='ocrx_word' id='word_1_659' title='bbox 2371 2954 2544 3009; x_wconf 90' lang='grc' dir='ltr'>έπεσα</span> <span class='ocrx_word' id='word_1_660' title='bbox 2575 2954 2674 3025; x_wconf 80' lang='grc' dir='ltr'>τῆς</span> <span class='ocrx_word' id='word_1_661' title='bbox 2705 2954 2889 3025; x_wconf 79' lang='grc' dir='ltr'>τιμῆς,</span> <span class='ocrx_word' id='word_1_662' title='bbox 2923 2953 3059 3007; x_wconf 78' lang='grc' dir='ltr'>ἀλλὰ</span> <span class='ocrx_word' id='word_1_663' title='bbox 3090 2955 3184 3007; x_wconf 80' lang='grc' dir='ltr'>καὶ</span> <span class='ocrx_word' id='word_1_664' title='bbox 3207 2953 3484 3025; x_wconf 85' lang='grc' dir='ltr'>πατρίδος,</span> <span class='ocrx_word' id='word_1_665' title='bbox 3514 2955 3607 3008; x_wconf 74' lang='grc' dir='ltr'>καὶ</span> <span class='ocrx_word' id='word_1_666' title='bbox 3630 2956 3827 3020; x_wconf 86' lang='grc' dir='ltr'>οἰκίας,</span> <span class='ocrx_word' id='word_1_667' title='bbox 3862 2956 3965 3010; x_wconf 70' lang='grc' dir='ltr'>καὶ</span> 
     </span>
    </p>
   </div>
   <div class='ocr_carea' id='block_1_90' title="bbox 2370 3044 3966 3116">
    <p class='ocr_par' dir='ltr' id='par_1_90' title="bbox 2370 3044 3966 3116">
     <span class='ocr_line' id='line_1_90' title="bbox 2370 3044 3966 3116; baseline 0.003 -19"><span class='ocrx_word' id='word_1_668' title='bbox 2370 3045 2596 3114; x_wconf 89' lang='grc' dir='ltr'>γονέων,</span> <span class='ocrx_word' id='word_1_669' title='bbox 2629 3045 2723 3097; x_wconf 70' lang='grc' dir='ltr'>καί⁵</span> <span class='ocrx_word' id='word_1_670' title='bbox 2750 3045 3082 3116; x_wconf 73' lang='grc' dir='ltr'>ἐλευθερίας,</span> <span class='ocrx_word' id='word_1_671' title='bbox 3116 3044 3211 3098; x_wconf 76' lang='grc' dir='ltr'>καὶ</span> <span class='ocrx_word' id='word_1_672' title='bbox 3251 3044 3454 3110; x_wconf 90' lang='grc' dir='ltr'>ἀδείας,</span> <span class='ocrx_word' id='word_1_673' title='bbox 3499 3047 3592 3100; x_wconf 80' lang='grc' dir='ltr'>καὶ</span> <span class='ocrx_word' id='word_1_674' title='bbox 3623 3047 3754 3116; x_wconf 80' lang='grc' dir='ltr'>παρ’</span> <span class='ocrx_word' id='word_1_675' title='bbox 3779 3047 3966 3102; x_wconf 78' lang='grc' dir='ltr'>αὐτῶν</span> 
     </span>
    </p>
   </div>
   <div class='ocr_carea' id='block_1_91' title="bbox 2371 3137 3968 3211">
    <p class='ocr_par' dir='ltr' id='par_1_91' title="bbox 2371 3137 3968 3211">
     <span class='ocr_line' id='line_1_91' title="bbox 2371 3137 3968 3211; baseline 0.003 -20"><span class='ocrx_word' id='word_1_676' title='bbox 2371 3137 2482 3192; x_wconf 86' lang='grc' dir='ltr'>τῶν</span> <span class='ocrx_word' id='word_1_677' title='bbox 2519 3137 2823 3208; x_wconf 86' lang='grc' dir='ltr'>μελλόντων</span> <span class='ocrx_word' id='word_1_678' title='bbox 2861 3154 2928 3208; x_wconf 88' lang='grc' dir='ltr'>με</span> <span class='ocrx_word' id='word_1_679' title='bbox 2955 3141 3280 3208; x_wconf 83' lang='grc' dir='ltr'>προσκυνεῖν</span> <span class='ocrx_word' id='word_1_680' title='bbox 3315 3140 3609 3210; x_wconf 80' lang='grc' dir='ltr'>ἀνῃρέθην.</span> <span class='ocrx_word' id='word_1_681' title='bbox 3645 3138 3777 3194; x_wconf 85' lang='grc' dir='ltr'>Εῐτα</span> <span class='ocrx_word' id='word_1_682' title='bbox 3819 3141 3968 3211; x_wconf 82' lang='grc' dir='ltr'>μετά</span> 
     </span>
    </p>
   </div>
   <div class='ocr_carea' id='block_1_92' title="bbox 2373 3230 3968 3304">
    <p class='ocr_par' dir='ltr' id='par_1_92' title="bbox 2373 3230 3968 3304">
     <span class='ocr_line' id='line_1_92' title="bbox 2373 3230 3968 3304; baseline 0.003 -20"><span class='ocrx_word' id='word_1_683' title='bbox 2373 3231 2473 3303; x_wconf 80' lang='grc' dir='ltr'>τὴν</span> <span class='ocrx_word' id='word_1_684' title='bbox 2490 3231 2706 3302; x_wconf 80' lang='grc' dir='ltr'>σφαγὴν</span> <span class='ocrx_word' id='word_1_685' title='bbox 2731 3230 3000 3302; x_wconf 84' lang='grc' dir='ltr'>ἐπράθην,</span> <span class='ocrx_word' id='word_1_686' title='bbox 3031 3231 3214 3295; x_wconf 90' lang='grc' dir='ltr'>δοῦλος</span> <span class='ocrx_word' id='word_1_687' title='bbox 3240 3231 3508 3302; x_wconf 85' lang='grc' dir='ltr'>ἐγενόμην</span> <span class='ocrx_word' id='word_1_688' title='bbox 3535 3232 3848 3304; x_wconf 84' lang='grc' dir='ltr'>βαρϐάρων,</span> <span class='ocrx_word' id='word_1_689' title='bbox 3868 3236 3968 3288; x_wconf 85' lang='grc' dir='ltr'>καὶ</span> 
     </span>
    </p>
   </div>
   <div class='ocr_carea' id='block_1_93' title="bbox 2376 3323 3966 3400">
    <p class='ocr_par' dir='ltr' id='par_1_93' title="bbox 2376 3323 3966 3400">
     <span class='ocr_line' id='line_1_93' title="bbox 2376 3323 3966 3400; baseline 0.003 -24"><span class='ocrx_word' id='word_1_690' title='bbox 2376 3327 2620 3395; x_wconf 87' lang='grc' dir='ltr'>συνεχεῖς</span> <span class='ocrx_word' id='word_1_691' title='bbox 2662 3323 2874 3394; x_wconf 80' lang='grc' dir='ltr'>ήμειψα</span> <span class='ocrx_word' id='word_1_692' title='bbox 2915 3324 3199 3388; x_wconf 77' lang='grc' dir='ltr'>δεσπότας·</span> <span class='ocrx_word' id='word_1_693' title='bbox 3250 3326 3344 3378; x_wconf 59' lang='grc' dir='ltr'>καὶ⁹</span> <span class='ocrx_word' id='word_1_694' title='bbox 3389 3325 3510 3378; x_wconf 75' lang='grc' dir='ltr'>οὐδὲ</span> <span class='ocrx_word' id='word_1_695' title='bbox 3557 3324 3790 3380; x_wconf 81' lang='grc' dir='ltr'>ἐνταῦθα</span> <span class='ocrx_word' id='word_1_696' title='bbox 3828 3327 3966 3400; x_wconf 81' lang='grc' dir='ltr'>ἔστη</span> 
     </span>
    </p>
   </div>
   <div class='ocr_carea' id='block_1_94' title="bbox 2377 3415 3965 3489">
    <p class='ocr_par' dir='ltr' id='par_1_94' title="bbox 2377 3415 3965 3489">
     <span class='ocr_line' id='line_1_94' title="bbox 2377 3415 3965 3489; baseline 0.004 -21"><span class='ocrx_word' id='word_1_697' title='bbox 2377 3432 2468 3486; x_wconf 89' lang='grc' dir='ltr'>μοι</span> <span class='ocrx_word' id='word_1_698' title='bbox 2499 3415 2567 3469; x_wconf 82' lang='lat'>:6</span> <span class='ocrx_word' id='word_1_699' title='bbox 2593 3415 2762 3482; x_wconf 83' lang='grc' dir='ltr'>δεινά,</span> <span class='ocrx_word' id='word_1_700' title='bbox 2793 3415 2932 3470; x_wconf 90' lang='grc' dir='ltr'>ἀλλά</span> <span class='ocrx_word' id='word_1_701' title='bbox 2955 3415 3232 3486; x_wconf 83' lang='grc' dir='ltr'>πανταχοῦ</span> <span class='ocrx_word' id='word_1_702' title='bbox 3268 3416 3522 3489; x_wconf 87' lang='grc' dir='ltr'>βάραθρα</span> <span class='ocrx_word' id='word_1_703' title='bbox 3549 3418 3642 3472; x_wconf 76' lang='grc' dir='ltr'>καὶ</span> <span class='ocrx_word' id='word_1_704' title='bbox 3683 3418 3965 3475; x_wconf 86' lang='grc' dir='ltr'>σκόπελοι.</span> 
     </span>
    </p>
   </div>
   <div class='ocr_carea' id='block_1_95' title="bbox 2374 3508 3969 3582">
    <p class='ocr_par' dir='ltr' id='par_1_95' title="bbox 2374 3508 3969 3582">
     <span class='ocr_line' id='line_1_95' title="bbox 2374 3508 3969 3582; baseline 0.003 -21"><span class='ocrx_word' id='word_1_705' title='bbox 2374 3508 2529 3562; x_wconf 78' lang='grc' dir='ltr'>Μετά</span> <span class='ocrx_word' id='word_1_706' title='bbox 2562 3510 2668 3580; x_wconf 82' lang='grc' dir='ltr'>γάρ</span> <span class='ocrx_word' id='word_1_707' title='bbox 2698 3508 2796 3580; x_wconf 85' lang='grc' dir='ltr'>τήν</span> <span class='ocrx_word' id='word_1_708' title='bbox 2826 3509 3119 3580; x_wconf 83' lang='grc' dir='ltr'>ἐπιϐουλὴν</span> <span class='ocrx_word' id='word_1_709' title='bbox 3141 3508 3251 3563; x_wconf 85' lang='grc' dir='ltr'>τῶν</span> <span class='ocrx_word' id='word_1_710' title='bbox 3274 3510 3539 3579; x_wconf 85' lang='grc' dir='ltr'>ἀδελφῶν,</span> <span class='ocrx_word' id='word_1_711' title='bbox 3573 3511 3668 3565; x_wconf 80' lang='grc' dir='ltr'>καὶ</span> <span class='ocrx_word' id='word_1_712' title='bbox 3699 3511 3797 3582; x_wconf 85' lang='grc' dir='ltr'>τήν</span> <span class='ocrx_word' id='word_1_713' title='bbox 3822 3529 3969 3580; x_wconf 79' lang='grc' dir='ltr'>σφα-</span> 
     </span>
    </p>
   </div>
   <div class='ocr_carea' id='block_1_96' title="bbox 2375 3600 3971 3676">
    <p class='ocr_par' dir='ltr' id='par_1_96' title="bbox 2375 3600 3971 3676">
     <span class='ocr_line' id='line_1_96' title="bbox 2375 3600 3971 3676; baseline 0.004 -25"><span class='ocrx_word' id='word_1_714' title='bbox 2375 3600 2500 3672; x_wconf 78' lang='grc' dir='ltr'>γὴν,</span> <span class='ocrx_word' id='word_1_715' title='bbox 2543 3601 2636 3653; x_wconf 73' lang='grc' dir='ltr'>καὶ</span> <span class='ocrx_word' id='word_1_716' title='bbox 2680 3600 2778 3670; x_wconf 85' lang='grc' dir='ltr'>τὴν</span> <span class='ocrx_word' id='word_1_717' title='bbox 2827 3600 3072 3654; x_wconf 83' lang='grc' dir='ltr'>δουλείαν</span> <span class='ocrx_word' id='word_1_718' title='bbox 3115 3603 3209 3655; x_wconf 83' lang='grc' dir='ltr'>καὶ</span> <span class='ocrx_word' id='word_1_719' title='bbox 3260 3601 3360 3672; x_wconf 80' lang='grc' dir='ltr'>τὴν</span> <span class='ocrx_word' id='word_1_720' title='bbox 3409 3603 3682 3674; x_wconf 76' lang='grc' dir='ltr'>προτέραν</span> <span class='ocrx_word' id='word_1_721' title='bbox 3725 3606 3818 3656; x_wconf 76' lang='grc' dir='ltr'>καὶ</span> <span class='ocrx_word' id='word_1_722' title='bbox 3865 3605 3971 3676; x_wconf 79' lang='grc' dir='ltr'>τὴν</span> 
     </span>
    </p>
   </div>
   <div class='ocr_carea' id='block_1_97' title="bbox 2374 3692 3970 3766">
    <p class='ocr_par' dir='ltr' id='par_1_97' title="bbox 2374 3692 3970 3766">
     <span class='ocr_line' id='line_1_97' title="bbox 2374 3692 3970 3766; baseline 0.002 -20"><span class='ocrx_word' id='word_1_723' title='bbox 2374 3692 2657 3764; x_wconf 76' lang='grc' dir='ltr'>δευτέραν,</span> <span class='ocrx_word' id='word_1_724' title='bbox 2705 3692 2869 3749; x_wconf 79' lang='grc' dir='ltr'>πάλιν</span> <span class='ocrx_word' id='word_1_725' title='bbox 2915 3711 3006 3764; x_wconf 89' lang='grc' dir='ltr'>μοι</span> <span class='ocrx_word' id='word_1_726' title='bbox 3036 3693 3264 3757; x_wconf 89' lang='grc' dir='ltr'>θάνατος</span> <span class='ocrx_word' id='word_1_727' title='bbox 3294 3694 3622 3766; x_wconf 87' lang='grc' dir='ltr'>ἐμελετήθη,</span> <span class='ocrx_word' id='word_1_728' title='bbox 3661 3695 3754 3748; x_wconf 79' lang='grc' dir='ltr'>καὶ</span> <span class='ocrx_word' id='word_1_729' title='bbox 3803 3713 3970 3750; x_wconf 88' lang='grc' dir='ltr'>συκο-</span> 
     </span>
    </p>
   </div>
   <div class='ocr_carea' id='block_1_98' title="bbox 2376 3785 3970 3858">
    <p class='ocr_par' dir='ltr' id='par_1_98' title="bbox 2376 3785 3970 3858">
     <span class='ocr_line' id='line_1_98' title="bbox 2376 3785 3970 3858; baseline 0.002 -19"><span class='ocrx_word' id='word_1_730' title='bbox 2376 3785 2576 3856; x_wconf 85' lang='grc' dir='ltr'>φαντία</span> <span class='ocrx_word' id='word_1_731' title='bbox 2600 3785 2703 3854; x_wconf 82' lang='grc' dir='ltr'>τῆς</span> <span class='ocrx_word' id='word_1_732' title='bbox 2730 3786 3002 3856; x_wconf 88' lang='grc' dir='ltr'>προτέρας</span> <span class='ocrx_word' id='word_1_733' title='bbox 3029 3786 3409 3857; x_wconf 87' lang='grc' dir='ltr'>χαλεπωτέρα,</span> <span class='ocrx_word' id='word_1_734' title='bbox 3443 3788 3538 3842; x_wconf 80' lang='grc' dir='ltr'>καὶ</span> <span class='ocrx_word' id='word_1_735' title='bbox 3561 3787 3848 3858; x_wconf 82' lang='grc' dir='ltr'>ἐπιϐουλὴ,</span> <span class='ocrx_word' id='word_1_736' title='bbox 3872 3789 3970 3842; x_wconf 75' lang='grc' dir='ltr'>καὶ</span> 
     </span>
    </p>
   </div>
   <div class='ocr_carea' id='block_1_99' title="bbox 2377 3877 3972 3952">
    <p class='ocr_par' dir='ltr' id='par_1_99' title="bbox 2377 3877 3972 3952">
     <span class='ocr_line' id='line_1_99' title="bbox 2377 3877 3972 3952; baseline 0.002 -21"><span class='ocrx_word' id='word_1_737' title='bbox 2377 3877 2587 3946; x_wconf 88' lang='grc' dir='ltr'>ἔφοδος,</span> <span class='ocrx_word' id='word_1_738' title='bbox 2612 3878 2706 3932; x_wconf 77' lang='grc' dir='ltr'>καὶ</span> <span class='ocrx_word' id='word_1_739' title='bbox 2725 3878 3088 3949; x_wconf 80' lang='grc' dir='ltr'>δικαστήριον</span> <span class='ocrx_word' id='word_1_740' title='bbox 3102 3877 3517 3951; x_wconf 83' lang='grc' dir='ltr'>διεφθαρμένον,</span> <span class='ocrx_word' id='word_1_741' title='bbox 3543 3880 3637 3934; x_wconf 61' lang='lat' dir='ltr'>ra).</span> <span class='ocrx_word' id='word_1_742' title='bbox 3660 3881 3972 3952; x_wconf 88' lang='grc' dir='ltr'>κατηγορία</span> 
     </span>
    </p>
   </div>
   <div class='ocr_carea' id='block_1_100' title="bbox 2381 3971 3971 4043">
    <p class='ocr_par' dir='ltr' id='par_1_100' title="bbox 2381 3971 3971 4043">
     <span class='ocr_line' id='line_1_100' title="bbox 2381 3971 3971 4043; baseline 0.003 -19"><span class='ocrx_word' id='word_1_743' title='bbox 2381 3971 2642 4041; x_wconf 77' lang='grc' dir='ltr'>αἰσχύνην</span> <span class='ocrx_word' id='word_1_744' title='bbox 2665 3971 2864 4041; x_wconf 88' lang='grc' dir='ltr'>ἔχουσα</span> <span class='ocrx_word' id='word_1_745' title='bbox 2888 3971 3110 4042; x_wconf 82' lang='grc' dir='ltr'>πολλὴν,</span> <span class='ocrx_word' id='word_1_746' title='bbox 3144 3973 3238 4025; x_wconf 73' lang='grc' dir='ltr'>καὶ</span> <span class='ocrx_word' id='word_1_747' title='bbox 3268 3973 3486 4043; x_wconf 77' lang='grc' dir='ltr'>σφαγὴν</span> <span class='ocrx_word' id='word_1_748' title='bbox 3509 3974 3643 4043; x_wconf 78' lang='grc' dir='ltr'>ἡμῖν</span> <span class='ocrx_word' id='word_1_749' title='bbox 3677 3973 3971 4028; x_wconf 85' lang='grc' dir='ltr'>ὠδίνουσα.</span> 
     </span>
    </p>
   </div>
   <div class='ocr_carea' id='block_1_101' title="bbox 2381 4061 3974 4135">
    <p class='ocr_par' dir='ltr' id='par_1_101' title="bbox 2381 4061 3974 4135">
     <span class='ocr_line' id='line_1_101' title="bbox 2381 4061 3974 4135; baseline 0.003 -21"><span class='ocrx_word' id='word_1_750' title='bbox 2381 4063 2492 4115; x_wconf 71' lang='grc' dir='ltr'>Καὶ</span> <span class='ocrx_word' id='word_1_751' title='bbox 2520 4061 2644 4117; x_wconf 76' lang='grc' dir='ltr'>οὕτε</span> <span class='ocrx_word' id='word_1_752' title='bbox 2674 4063 2834 4131; x_wconf 87' lang='grc' dir='ltr'>λόγου</span> <span class='ocrx_word' id='word_1_753' title='bbox 2877 4063 3216 4134; x_wconf 86' lang='grc' dir='ltr'>μεταλαϐὼν,</span> <span class='ocrx_word' id='word_1_754' title='bbox 3247 4063 3435 4128; x_wconf 85' lang='grc' dir='ltr'>ἁπλῶς</span> <span class='ocrx_word' id='word_1_755' title='bbox 3458 4067 3552 4118; x_wconf 70' lang='grc' dir='ltr'>καὶ</span> <span class='ocrx_word' id='word_1_756' title='bbox 3571 4066 3648 4128; x_wconf 84' lang='grc' dir='ltr'>ὡς</span> <span class='ocrx_word' id='word_1_757' title='bbox 3669 4065 3858 4135; x_wconf 87' lang='grc' dir='ltr'>ἔτυχεν</span> <span class='ocrx_word' id='word_1_758' title='bbox 3887 4067 3974 4130; x_wconf 82' lang='grc' dir='ltr'>είς</span> 
     </span>
    </p>
   </div>
   <div class='ocr_carea' id='block_1_102' title="bbox 2379 4151 3974 4230">
    <p class='ocr_par' dir='ltr' id='par_1_102' title="bbox 2379 4151 3974 4230">
     <span class='ocr_line' id='line_1_102' title="bbox 2379 4151 3974 4230; baseline 0.006 -26"><span class='ocrx_word' id='word_1_759' title='bbox 2379 4151 2752 4224; x_wconf 78' lang='grc' dir='ltr'>δεσμωτήριον</span> <span class='ocrx_word' id='word_1_760' title='bbox 2811 4153 3158 4224; x_wconf 82' lang='grc' dir='ltr'>ἀπηνέχθην,</span> <span class='ocrx_word' id='word_1_761' title='bbox 3206 4155 3298 4208; x_wconf 85' lang='grc' dir='ltr'>καὶ</span> <span class='ocrx_word' id='word_1_762' title='bbox 3359 4156 3583 4210; x_wconf 83' lang='grc' dir='ltr'>ἁλύσεσι</span> <span class='ocrx_word' id='word_1_763' title='bbox 3645 4159 3974 4230; x_wconf 87' lang='grc' dir='ltr'>περίκειμαι</span> 
     </span>
    </p>
   </div>
   <div class='ocr_carea' id='block_1_103' title="bbox 2384 4249 3975 4325">
    <p class='ocr_par' dir='ltr' id='par_1_103' title="bbox 2384 4249 3975 4325">
     <span class='ocr_line' id='line_1_103' title="bbox 2384 4249 3975 4325; baseline 0.006 -24"><span class='ocrx_word' id='word_1_764' title='bbox 2384 4249 2522 4319; x_wconf 83' lang='grc' dir='ltr'>μετὰ</span> <span class='ocrx_word' id='word_1_765' title='bbox 2553 4249 2757 4320; x_wconf 83' lang='grc' dir='ltr'>μοιχῶν</span> <span class='ocrx_word' id='word_1_766' title='bbox 2799 4252 2892 4303; x_wconf 79' lang='grc' dir='ltr'>καὶ</span> <span class='ocrx_word' id='word_1_767' title='bbox 2940 4250 3281 4322; x_wconf 88' lang='grc' dir='ltr'>ἀνδροφόνων</span> <span class='ocrx_word' id='word_1_768' title='bbox 3337 4252 3432 4306; x_wconf 75' lang='grc' dir='ltr'>καὶ</span> <span class='ocrx_word' id='word_1_769' title='bbox 3483 4253 3592 4307; x_wconf 85' lang='grc' dir='ltr'>τῶν</span> <span class='ocrx_word' id='word_1_770' title='bbox 3640 4253 3711 4306; x_wconf 90' lang='grc' dir='ltr'>τά</span> <span class='ocrx_word' id='word_1_771' title='bbox 3765 4254 3975 4325; x_wconf 82' lang='grc' dir='ltr'>ἔσχατα</span> 
     </span>
    </p>
   </div>
   <div class='ocr_carea' id='block_1_104' title="bbox 2378 4341 3974 4420">
    <p class='ocr_par' dir='ltr' id='par_1_104' title="bbox 2378 4341 3974 4420">
     <span class='ocr_line' id='line_1_104' title="bbox 2378 4341 3974 4420; baseline 0.006 -28"><span class='ocrx_word' id='word_1_772' title='bbox 2378 4341 2814 4411; x_wconf 87' lang='grc' dir='ltr'>τετολμηκότων.</span> <span class='ocrx_word' id='word_1_773' title='bbox 2875 4343 2982 4395; x_wconf 77' lang='grc' dir='ltr'>Καὶ</span> <span class='ocrx_word' id='word_1_774' title='bbox 3023 4343 3051 4395; x_wconf 91' lang='lat'>6</span> <span class='ocrx_word' id='word_1_775' title='bbox 3099 4343 3197 4413; x_wconf 81' lang='grc' dir='ltr'>μὲν</span> <span class='ocrx_word' id='word_1_776' title='bbox 3259 4345 3629 4415; x_wconf 88' lang='grc' dir='ltr'>ἀρχιοινοχόος</span> <span class='ocrx_word' id='word_1_777' title='bbox 3676 4347 3974 4420; x_wconf 84' lang='grc' dir='ltr'>ἀπηλλάγη</span> 
     </span>
    </p>
   </div>
   <div class='ocr_carea' id='block_1_105' title="bbox 2382 4433 3978 4510">
    <p class='ocr_par' dir='ltr' id='par_1_105' title="bbox 2382 4433 3978 4510">
     <span class='ocr_line' id='line_1_105' title="bbox 2382 4433 3978 4510; baseline 0.005 -24"><span class='ocrx_word' id='word_1_778' title='bbox 2382 4433 2477 4488; x_wconf 80' lang='grc' dir='ltr'>καὶ</span> <span class='ocrx_word' id='word_1_779' title='bbox 2499 4433 2740 4497; x_wconf 79' lang='grc' dir='ltr'>ἁλύσεως</span> <span class='ocrx_word' id='word_1_780' title='bbox 2776 4434 2871 4487; x_wconf 78' lang='lat'><em>1:61</em></span> <span class='ocrx_word' id='word_1_781' title='bbox 2901 4434 3300 4506; x_wconf 76' lang='grc' dir='ltr'>δεσμωτηρίουο</span> <span class='ocrx_word' id='word_1_782' title='bbox 3337 4437 3446 4506; x_wconf 83' lang='grc' dir='ltr'>ἐγὼ</span> <span class='ocrx_word' id='word_1_783' title='bbox 3464 4437 3519 4491; x_wconf 86' lang='grc' dir='ltr'>δέ</span> <span class='ocrx_word' id='word_1_784' title='bbox 3548 4439 3669 4492; x_wconf 83' lang='grc' dir='ltr'>οὐδὲ</span> <span class='ocrx_word' id='word_1_785' title='bbox 3691 4443 3810 4510; x_wconf 82' lang='grc' dir='ltr'>μετ’</span> <span class='ocrx_word' id='word_1_786' title='bbox 3830 4441 3978 4494; x_wconf 88' lang='grc' dir='ltr'>ἐκεῖ-</span> 
     </span>
    </p>
   </div>
   <div class='ocr_carea' id='block_1_106' title="bbox 2380 4525 3978 4604">
    <p class='ocr_par' dir='ltr' id='par_1_106' title="bbox 2380 4525 3978 4604">
     <span class='ocr_line' id='line_1_106' title="bbox 2380 4525 3978 4604; baseline 0.004 -24"><span class='ocrx_word' id='word_1_787' title='bbox 2380 4543 2470 4580; x_wconf 93' lang='grc' dir='ltr'>νον</span> <span class='ocrx_word' id='word_1_788' title='bbox 2509 4525 2694 4588; x_wconf 88' lang='grc' dir='ltr'>ἀδείας</span> <span class='ocrx_word' id='word_1_789' title='bbox 2724 4526 2869 4589; x_wconf 86' lang='grc' dir='ltr'>τινὸς</span> <span class='ocrx_word' id='word_1_790' title='bbox 2895 4525 3202 4582; x_wconf 85' lang='grc' dir='ltr'>ἀπολαῦσαι</span> <span class='ocrx_word' id='word_1_791' title='bbox 3230 4527 3547 4600; x_wconf 76' lang='grc' dir='ltr'>δεδύνημαιο</span> <span class='ocrx_word' id='word_1_792' title='bbox 3584 4531 3822 4603; x_wconf 86' lang='grc' dir='ltr'>κάκείνῳ</span> <span class='ocrx_word' id='word_1_793' title='bbox 3871 4534 3978 4604; x_wconf 79' lang='grc' dir='ltr'>μὲν</span> 
     </span>
    </p>
   </div>
   <div class='ocr_carea' id='block_1_107' title="bbox 2384 4617 3974 4695">
    <p class='ocr_par' dir='ltr' id='par_1_107' title="bbox 2384 4617 3974 4695">
     <span class='ocr_line' id='line_1_107' title="bbox 2384 4617 3974 4695; baseline 0.004 -25"><span class='ocrx_word' id='word_1_794' title='bbox 2384 4619 2465 4682; x_wconf 86' lang='grc' dir='ltr'>εἰς</span> <span class='ocrx_word' id='word_1_795' title='bbox 2486 4617 2647 4687; x_wconf 87' lang='grc' dir='ltr'>ἔργον</span> <span class='ocrx_word' id='word_1_796' title='bbox 2675 4617 2833 4689; x_wconf 81' lang='grc' dir='ltr'>ἐξέϐη</span> <span class='ocrx_word' id='word_1_797' title='bbox 2857 4617 2919 4671; x_wconf 87' lang='lat'>:6</span> <span class='ocrx_word' id='word_1_798' title='bbox 2943 4618 3078 4690; x_wconf 83' lang='grc' dir='ltr'>δναρ</span> <span class='ocrx_word' id='word_1_799' title='bbox 3099 4619 3240 4672; x_wconf 91' lang='grc' dir='ltr'>κατά</span> <span class='ocrx_word' id='word_1_800' title='bbox 3259 4621 3357 4692; x_wconf 81' lang='grc' dir='ltr'>τὴν</span> <span class='ocrx_word' id='word_1_801' title='bbox 3380 4622 3676 4692; x_wconf 77' lang='grc' dir='ltr'>ἑρμηνείαν</span> <span class='ocrx_word' id='word_1_802' title='bbox 3691 4621 3790 4694; x_wconf 75' lang='grc' dir='ltr'>τήν</span> <span class='ocrx_word' id='word_1_803' title='bbox 3808 4625 3974 4695; x_wconf 65' lang='grc' dir='ltr'>ἐμήν*</span> 
     </span>
    </p>
   </div>
   <div class='ocr_carea' id='block_1_108' title="bbox 2385 4707 3980 4780">
    <p class='ocr_par' dir='ltr' id='par_1_108' title="bbox 2385 4707 3980 4780">
     <span class='ocr_line' id='line_1_108' title="bbox 2385 4707 3980 4780; baseline 0.001 -18"><span class='ocrx_word' id='word_1_804' title='bbox 2385 4707 2496 4777; x_wconf 87' lang='grc' dir='ltr'>ἐγὼ</span> <span class='ocrx_word' id='word_1_805' title='bbox 2523 4707 2579 4761; x_wconf 89' lang='grc' dir='ltr'>δέ</span> <span class='ocrx_word' id='word_1_806' title='bbox 2607 4709 2665 4760; x_wconf 90' lang='grc' dir='ltr'>ἐν</span> <span class='ocrx_word' id='word_1_807' title='bbox 2692 4711 2802 4772; x_wconf 88' lang='grc' dir='ltr'>τοῖς</span> <span class='ocrx_word' id='word_1_808' title='bbox 2823 4707 3142 4779; x_wconf 89' lang='grc' dir='ltr'>ἀνηκέστοις</span> <span class='ocrx_word' id='word_1_809' title='bbox 3165 4710 3282 4778; x_wconf 81' lang='grc' dir='ltr'>είμί</span> <span class='ocrx_word' id='word_1_810' title='bbox 3303 4712 3516 4772; x_wconf 82' lang='grc' dir='ltr'>κακοῖς.</span> <span class='ocrx_word' id='word_1_811' title='bbox 3537 4709 3722 4763; x_wconf 84' lang='grc' dir='ltr'>Ταῦτα</span> <span class='ocrx_word' id='word_1_812' title='bbox 3745 4711 3800 4763; x_wconf 89' lang='grc' dir='ltr'>αἰ</span> <span class='ocrx_word' id='word_1_813' title='bbox 3822 4710 3980 4780; x_wconf 77' lang='grc' dir='ltr'>δψεις</span> 
     </span>
    </p>
   </div>
   <div class='ocr_carea' id='block_1_109' title="bbox 2386 4801 3978 4876">
    <p class='ocr_par' dir='ltr' id='par_1_109' title="bbox 2386 4801 3978 4876">
     <span class='ocr_line' id='line_1_109' title="bbox 2386 4801 3978 4876; baseline 0.003 -22"><span class='ocrx_word' id='word_1_814' title='bbox 2386 4801 2716 4873; x_wconf 89' lang='grc' dir='ltr'>προεδήλουν</span> <span class='ocrx_word' id='word_1_815' title='bbox 2746 4805 2987 4868; x_wconf 85' lang='grc' dir='ltr'>ἐκεῖναι;</span> <span class='ocrx_word' id='word_1_816' title='bbox 3027 4802 3200 4858; x_wconf 88' lang='grc' dir='ltr'>ταῦτα</span> <span class='ocrx_word' id='word_1_817' title='bbox 3240 4805 3349 4858; x_wconf 84' lang='grc' dir='ltr'>τῶν</span> <span class='ocrx_word' id='word_1_818' title='bbox 3372 4804 3620 4876; x_wconf 78' lang='grc' dir='ltr'>ἀστέρων</span> <span class='ocrx_word' id='word_1_819' title='bbox 3650 4807 3678 4859; x_wconf 90' lang='lat'>6</span> <span class='ocrx_word' id='word_1_820' title='bbox 3700 4805 3978 4876; x_wconf 74' lang='grc' dir='ltr'>ἀριθμόςς</span> 
     </span>
    </p>
   </div>
   <div class='ocr_carea' id='block_1_110' title="bbox 2385 4889 3979 4967">
    <p class='ocr_par' dir='ltr' id='par_1_110' title="bbox 2385 4889 3979 4967">
     <span class='ocr_line' id='line_1_110' title="bbox 2385 4889 3979 4967; baseline 0.003 -19"><span class='ocrx_word' id='word_1_821' title='bbox 2385 4894 2558 4950; x_wconf 88' lang='grc' dir='ltr'>ταῦτα</span> <span class='ocrx_word' id='word_1_822' title='bbox 2584 4896 2652 4949; x_wconf 87' lang='grc' dir='ltr'>τὰ</span> <span class='ocrx_word' id='word_1_823' title='bbox 2683 4895 3004 4967; x_wconf 87' lang='grc' dir='ltr'>δράγματα;</span> <span class='ocrx_word' id='word_1_824' title='bbox 3035 4896 3144 4950; x_wconf 85' lang='grc' dir='ltr'>Ποῦ</span> <span class='ocrx_word' id='word_1_825' title='bbox 3183 4898 3251 4951; x_wconf 81' lang='grc' dir='ltr'>τά</span> <span class='ocrx_word' id='word_1_826' title='bbox 3286 4899 3397 4951; x_wconf 88' lang='grc' dir='ltr'>τῶν</span> <span class='ocrx_word' id='word_1_827' title='bbox 3443 4889 3820 4966; x_wconf 81' lang='grc' dir='ltr'>ἐπαγγελιῶν;</span> <span class='ocrx_word' id='word_1_828' title='bbox 3870 4899 3979 4953; x_wconf 86' lang='grc' dir='ltr'>ποῦ</span> 
     </span>
    </p>
   </div>
   <div class='ocr_carea' id='block_1_111' title="bbox 2385 4984 3981 5062">
    <p class='ocr_par' dir='ltr' id='par_1_111' title="bbox 2385 4984 3981 5062">
     <span class='ocr_line' id='line_1_111' title="bbox 2385 4984 3981 5062; baseline 0.001 -22"><span class='ocrx_word' id='word_1_829' title='bbox 2385 4987 2454 5040; x_wconf 86' lang='grc' dir='ltr'>τά</span> <span class='ocrx_word' id='word_1_830' title='bbox 2481 4987 2590 5040; x_wconf 88' lang='grc' dir='ltr'>τῶν</span> <span class='ocrx_word' id='word_1_831' title='bbox 2618 4987 3002 5058; x_wconf 79' lang='grc' dir='ltr'>ὑποσχέσεωνς</span> <span class='ocrx_word' id='word_1_832' title='bbox 3032 4984 3180 5060; x_wconf 70' lang='grc' dir='ltr'>Ἀρα</span> <span class='ocrx_word' id='word_1_833' title='bbox 3200 4988 3566 5059; x_wconf 88' lang='grc' dir='ltr'>ἠπατήμεθα;</span> <span class='ocrx_word' id='word_1_834' title='bbox 3597 4986 3706 5062; x_wconf 83' lang='grc' dir='ltr'>ἆρα</span> <span class='ocrx_word' id='word_1_835' title='bbox 3738 4989 3981 5058; x_wconf 86' lang='grc' dir='ltr'>παρελο-</span> 
     </span>
    </p>
   </div>
   <div class='ocr_carea' id='block_1_112' title="bbox 2390 5079 3981 5154">
    <p class='ocr_par' dir='ltr' id='par_1_112' title="bbox 2390 5079 3981 5154">
     <span class='ocr_line' id='line_1_112' title="bbox 2390 5079 3981 5154; baseline 0.004 -23"><span class='ocrx_word' id='word_1_836' title='bbox 2390 5079 2696 5150; x_wconf 84' lang='grc' dir='ltr'>γίσθημεν;</span> <span class='ocrx_word' id='word_1_837' title='bbox 2755 5079 2864 5132; x_wconf 88' lang='grc' dir='ltr'>Ποῦ</span> <span class='ocrx_word' id='word_1_838' title='bbox 2904 5080 3014 5149; x_wconf 87' lang='grc' dir='ltr'>γάρ</span> <span class='ocrx_word' id='word_1_839' title='bbox 3070 5097 3138 5150; x_wconf 89' lang='grc' dir='ltr'>με</span> <span class='ocrx_word' id='word_1_840' title='bbox 3184 5080 3370 5134; x_wconf 80' lang='grc' dir='ltr'>λοιπὸν</span> <span class='ocrx_word' id='word_1_841' title='bbox 3415 5084 3887 5154; x_wconf 84' lang='grc' dir='ltr'>προσκυνήσουσιν</span> <span class='ocrx_word' id='word_1_842' title='bbox 3925 5086 3981 5137; x_wconf 87' lang='grc' dir='ltr'>οἱ</span> 
     </span>
    </p>
   </div>
   <div class='ocr_carea' id='block_1_113' title="bbox 2389 5169 3982 5246">
    <p class='ocr_par' dir='ltr' id='par_1_113' title="bbox 2389 5169 3982 5246">
     <span class='ocr_line' id='line_1_113' title="bbox 2389 5169 3982 5246; baseline 0.003 -22"><span class='ocrx_word' id='word_1_843' title='bbox 2389 5169 2628 5240; x_wconf 77' lang='grc' dir='ltr'>ἀδελφοὶ,</span> <span class='ocrx_word' id='word_1_844' title='bbox 2660 5171 2750 5223; x_wconf 67' lang='grc' dir='ltr'>τὸν</span> <span class='ocrx_word' id='word_1_845' title='bbox 2780 5169 2984 5234; x_wconf 84' lang='grc' dir='ltr'>δοῦλον,</span> <span class='ocrx_word' id='word_1_846' title='bbox 3025 5169 3116 5222; x_wconf 80' lang='grc' dir='ltr'>τὸν</span> <span class='ocrx_word' id='word_1_847' title='bbox 3146 5172 3512 5241; x_wconf 84' lang='grc' dir='ltr'>αἰχμάλωτον,</span> <span class='ocrx_word' id='word_1_848' title='bbox 3541 5172 3632 5225; x_wconf 80' lang='grc' dir='ltr'>τὸν</span> <span class='ocrx_word' id='word_1_849' title='bbox 3656 5173 3982 5246; x_wconf 84' lang='grc' dir='ltr'>δεσμώτην,</span> 
     </span>
    </p>
   </div>
   <div class='ocr_carea' id='block_1_114' title="bbox 2389 5257 3986 5336">
    <p class='ocr_par' dir='ltr' id='par_1_114' title="bbox 2389 5257 3986 5336">
     <span class='ocr_line' id='line_1_114' title="bbox 2389 5257 3986 5336; baseline 0.004 -21"><span class='ocrx_word' id='word_1_850' title='bbox 2389 5262 2480 5315; x_wconf 85' lang='grc' dir='ltr'>τὸν</span> <span class='ocrx_word' id='word_1_851' title='bbox 2512 5261 2699 5332; x_wconf 79' lang='grc' dir='ltr'>μοιχὸν</span> <span class='ocrx_word' id='word_1_852' title='bbox 2730 5257 2869 5315; x_wconf 86' lang='grc' dir='ltr'>εἶναι</span> <span class='ocrx_word' id='word_1_853' title='bbox 2903 5264 3278 5333; x_wconf 80' lang='grc' dir='ltr'>νομιζόμενον,</span> <span class='ocrx_word' id='word_1_854' title='bbox 3322 5265 3411 5317; x_wconf 82' lang='grc' dir='ltr'>τὸν</span> <span class='ocrx_word' id='word_1_855' title='bbox 3435 5263 3563 5332; x_wconf 82' lang='grc' dir='ltr'>περὶ</span> <span class='ocrx_word' id='word_1_856' title='bbox 3594 5264 3703 5318; x_wconf 86' lang='grc' dir='ltr'>τῶν</span> <span class='ocrx_word' id='word_1_857' title='bbox 3731 5266 3986 5336; x_wconf 85' lang='grc' dir='ltr'>ἐσχάτων</span> 
     </span>
    </p>
   </div>
   <div class='ocr_carea' id='block_1_115' title="bbox 2351 5353 3983 5427">
    <p class='ocr_par' dir='ltr' id='par_1_115' title="bbox 2351 5353 3983 5427">
     <span class='ocr_line' id='line_1_115' title="bbox 2351 5353 3983 5427; baseline 0.004 -21"><span class='ocrx_word' id='word_1_858' title='bbox 2351 5353 2807 5418; x_wconf 74' lang='grc' dir='ltr'>-κωδυνεύοντα,</span> <span class='ocrx_word' id='word_1_859' title='bbox 2861 5355 2952 5408; x_wconf 85' lang='grc' dir='ltr'>τὸν</span> <span class='ocrx_word' id='word_1_860' title='bbox 3015 5354 3266 5409; x_wconf 91' lang='grc' dir='ltr'>τοσοῦτον</span> <span class='ocrx_word' id='word_1_861' title='bbox 3320 5354 3501 5409; x_wconf 81' lang='grc' dir='ltr'>αὐτῶν</span> <span class='ocrx_word' id='word_1_862' title='bbox 3552 5357 3983 5427; x_wconf 74' lang='grc' dir='ltr'>ἀπῳκισμένονς</span> 
     </span>
    </p>
   </div>
   <div class='ocr_carea' id='block_1_116' title="bbox 2393 5447 3987 5518">
    <p class='ocr_par' dir='ltr' id='par_1_116' title="bbox 2393 5447 3987 5518">
     <span class='ocr_line' id='line_1_116' title="bbox 2393 5447 3987 5518; baseline 0.004 -19"><span class='ocrx_word' id='word_1_863' title='bbox 2393 5448 2612 5518; x_wconf 83' lang='grc' dir='ltr'>Οῖχεται</span> <span class='ocrx_word' id='word_1_864' title='bbox 2655 5448 2834 5500; x_wconf 88' lang='grc' dir='ltr'>πάντα</span> <span class='ocrx_word' id='word_1_865' title='bbox 2865 5449 3068 5511; x_wconf 90' lang='grc' dir='ltr'>ἐκεῖνα,</span> <span class='ocrx_word' id='word_1_866' title='bbox 3107 5448 3200 5501; x_wconf 78' lang='grc' dir='ltr'>καί.</span> <span class='ocrx_word' id='word_1_867' title='bbox 3229 5447 3528 5502; x_wconf 88' lang='grc' dir='ltr'>ἀπόλωλεν.</span> <span class='ocrx_word' id='word_1_868' title='bbox 3580 5449 3745 5502; x_wconf 80' lang='grc' dir='ltr'>Οὐδὲν</span> <span class='ocrx_word' id='word_1_869' title='bbox 3773 5450 3987 5506; x_wconf 87' lang='grc' dir='ltr'>τούτων</span> 
     </span>
    </p>
   </div>
   <div class='ocr_carea' id='block_1_117' title="bbox 2393 5536 3988 5611">
    <p class='ocr_par' dir='ltr' id='par_1_117' title="bbox 2393 5536 3988 5611">
     <span class='ocr_line' id='line_1_117' title="bbox 2393 5536 3988 5611; baseline 0.003 -19"><span class='ocrx_word' id='word_1_870' title='bbox 2393 5541 2492 5592; x_wconf 84' lang='grc' dir='ltr'>οὐκ</span> <span class='ocrx_word' id='word_1_871' title='bbox 2511 5536 2685 5603; x_wconf 82' lang='grc' dir='ltr'>εἶπεν,</span> <span class='ocrx_word' id='word_1_872' title='bbox 2718 5541 2816 5593; x_wconf 83' lang='lat'><em>061:</em></span> <span class='ocrx_word' id='word_1_873' title='bbox 2849 5540 3152 5610; x_wconf 87' lang='grc' dir='ltr'>ἐνενόησεν,</span> <span class='ocrx_word' id='word_1_874' title='bbox 3168 5539 3282 5593; x_wconf 83' lang='grc' dir='ltr'>ἀλλ’</span> <span class='ocrx_word' id='word_1_875' title='bbox 3303 5541 3535 5611; x_wconf 87' lang='grc' dir='ltr'>ἀνέμενε</span> <span class='ocrx_word' id='word_1_876' title='bbox 3558 5542 3619 5595; x_wconf 89' lang='lat'>16</span> <span class='ocrx_word' id='word_1_877' title='bbox 3633 5541 3807 5605; x_wconf 89' lang='grc' dir='ltr'>τέλος,</span> <span class='ocrx_word' id='word_1_878' title='bbox 3829 5543 3988 5609; x_wconf 87' lang='grc' dir='ltr'>είδὼς</span> 
     </span>
    </p>
   </div>
   <div class='ocr_carea' id='block_1_118' title="bbox 2397 5628 3990 5701">
    <p class='ocr_par' dir='ltr' id='par_1_118' title="bbox 2397 5628 3990 5701">
     <span class='ocr_line' id='line_1_118' title="bbox 2397 5628 3990 5701; baseline 0.001 -19"><span class='ocrx_word' id='word_1_879' title='bbox 2397 5631 2490 5684; x_wconf 67' lang='grc' dir='ltr'>καὶ</span> <span class='ocrx_word' id='word_1_880' title='bbox 2515 5629 2674 5692; x_wconf 75' lang='grc' dir='ltr'>αὐτὸς</span> <span class='ocrx_word' id='word_1_881' title='bbox 2703 5629 2797 5682; x_wconf 86' lang='grc' dir='ltr'>τοῦ</span> <span class='ocrx_word' id='word_1_882' title='bbox 2831 5628 2965 5682; x_wconf 87' lang='grc' dir='ltr'>Θεοῦ</span> <span class='ocrx_word' id='word_1_883' title='bbox 2992 5629 3054 5681; x_wconf 84' lang='grc' dir='ltr'>τὸ</span> <span class='ocrx_word' id='word_1_884' title='bbox 3083 5629 3392 5699; x_wconf 84' lang='grc' dir='ltr'>εὐμήχανον</span> <span class='ocrx_word' id='word_1_885' title='bbox 3419 5632 3511 5684; x_wconf 76' lang='grc' dir='ltr'>καὶ</span> <span class='ocrx_word' id='word_1_886' title='bbox 3531 5629 3631 5700; x_wconf 80' lang='grc' dir='ltr'>τήν</span> <span class='ocrx_word' id='word_1_887' title='bbox 3663 5631 3859 5698; x_wconf 88' lang='grc' dir='ltr'>σοφίαν</span> <span class='ocrx_word' id='word_1_888' title='bbox 3883 5632 3990 5701; x_wconf 81' lang='grc' dir='ltr'>τὴν</span> 
     </span>
    </p>
   </div>
   <div class='ocr_carea' id='block_1_119' title="bbox 2396 5722 3991 5795">
    <p class='ocr_par' dir='ltr' id='par_1_119' title="bbox 2396 5722 3991 5795">
     <span class='ocr_line' id='line_1_119' title="bbox 2396 5722 3991 5795; baseline 0.002 -19"><span class='ocrx_word' id='word_1_889' title='bbox 2396 5723 2649 5795; x_wconf 80' lang='grc' dir='ltr'>εῦπορον·</span> <span class='ocrx_word' id='word_1_890' title='bbox 2678 5723 2774 5778; x_wconf 74' lang='grc' dir='ltr'>καὶ</span> <span class='ocrx_word' id='word_1_891' title='bbox 2800 5723 2861 5775; x_wconf 87' lang='lat' dir='ltr'><em>o6</em></span> <span class='ocrx_word' id='word_1_892' title='bbox 2901 5724 3061 5793; x_wconf 89' lang='grc' dir='ltr'>μόνον</span> <span class='ocrx_word' id='word_1_893' title='bbox 3099 5722 3200 5776; x_wconf 88' lang='lat'><em>061:</em></span> <span class='ocrx_word' id='word_1_894' title='bbox 3235 5723 3671 5788; x_wconf 74' lang='grc' dir='ltr'>ἐσκανδαλίζετο,</span> <span class='ocrx_word' id='word_1_895' title='bbox 3716 5723 3854 5778; x_wconf 87' lang='grc' dir='ltr'>ἀλλά</span> <span class='ocrx_word' id='word_1_896' title='bbox 3893 5726 3991 5779; x_wconf 76' lang='grc' dir='ltr'>καὶ</span> 
     </span>
    </p>
   </div>
   <div class='ocr_carea' id='block_1_120' title="bbox 2399 5815 3787 5889">
    <p class='ocr_par' dir='ltr' id='par_1_120' title="bbox 2399 5815 3787 5889">
     <span class='ocr_line' id='line_1_120' title="bbox 2399 5815 3787 5889; baseline 0.001 -19"><span class='ocrx_word' id='word_1_897' title='bbox 2399 5816 2727 5889; x_wconf 83' lang='grc' dir='ltr'>ἐνηϐρύνετο</span> <span class='ocrx_word' id='word_1_898' title='bbox 2759 5816 2853 5870; x_wconf 74' lang='grc' dir='ltr'>καὶ</span> <span class='ocrx_word' id='word_1_899' title='bbox 2881 5815 3283 5882; x_wconf 77' lang='grc' dir='ltr'>ἐκαλλωπίζετο</span> <span class='ocrx_word' id='word_1_900' title='bbox 3312 5819 3421 5880; x_wconf 88' lang='grc' dir='ltr'>τοῖς</span> <span class='ocrx_word' id='word_1_901' title='bbox 3456 5817 3787 5887; x_wconf 88' lang='grc' dir='ltr'>γινομένοις.</span> 
     </span>
    </p>
   </div>
   <div class='ocr_carea' id='block_1_121' title="bbox 2471 5908 3991 5984">
    <p class='ocr_par' dir='ltr' id='par_1_121' title="bbox 2471 5908 3991 5984">
     <span class='ocr_line' id='line_1_121' title="bbox 2471 5908 3991 5984; baseline 0.003 -21"><span class='ocrx_word' id='word_1_902' title='bbox 2471 5910 2535 5963; x_wconf 88' lang='grc' dir='ltr'>Τί</span> <span class='ocrx_word' id='word_1_903' title='bbox 2577 5909 2633 5963; x_wconf 83' lang='grc' dir='ltr'>δέ</span> <span class='ocrx_word' id='word_1_904' title='bbox 2654 5909 2882 5980; x_wconf 77' lang='grc' dir='ltr'>ὁΔαυῖδ,</span> <span class='ocrx_word' id='word_1_905' title='bbox 2909 5910 3032 5965; x_wconf 86' lang='grc' dir='ltr'>εἰπέ</span> <span class='ocrx_word' id='word_1_906' title='bbox 3080 5927 3204 5982; x_wconf 72' lang='grc' dir='ltr'>μοις</span> <span class='ocrx_word' id='word_1_907' title='bbox 3235 5909 3311 5965; x_wconf 89' lang='lat'><em>06</em></span> <span class='ocrx_word' id='word_1_908' title='bbox 3344 5910 3483 5982; x_wconf 85' lang='grc' dir='ltr'>μετά</span> <span class='ocrx_word' id='word_1_909' title='bbox 3512 5908 3887 5984; x_wconf 76' lang='grc' dir='ltr'>ἰδ’χρισθῆναι</span> <span class='ocrx_word' id='word_1_910' title='bbox 3909 5915 3991 5979; x_wconf 81' lang='grc' dir='ltr'>εἰς</span> 
     </span>
    </p>
   </div>
  </div>
