4142 6482
129 471 211 530 505
893 470 988 532 AD
1026 469 1155 528 EOS
1181 470 1298 540 QUI
1342 466 1844 528 SCANDALIZATI
1884 468 2084 528 SUNT.
2129 471 2258 528 LIB.
2305 472 2503 531 UNUS.
2548 492 2563 509 ο

127 591 324 652 avulsus,
350 587 544 654 mdus,
585 588 924 660 peregrinus,
957 588 1108 644 exsul
1138 597 1195 643 et
1221 587 1475 649 extorris,
1507 585 1686 640 servi-

130 681 230 737 tutis
257 682 362 752 lege
391 680 752 735 barbarorum
775 680 1020 733 manibus
1046 679 1346 748 expositus.
1379 675 1517 743 Quid
1547 676 1690 732 enim

130 793 213 831 non
240 777 372 830 illum
395 784 609 845 poterat
639 771 998 843 perturbare?
1027 772 1169 842 quod
1200 770 1516 840 derepente,
1548 768 1692 838 quod

129 877 286 936 preter
313 867 794 937 exspectationem,
825 873 1023 935 praeter
1053 878 1226 933 spem,
1254 871 1452 931 prmler
1482 861 1692 930 Opinio.

128 976 242 1024 nem,
266 960 398 1022 quod
430 968 536 1012 tam
569 958 723 1028 gravi
760 956 1064 1010 calamitate
1093 962 1450 1022 premeretur,
1487 951 1631 1022 quod
1659 967 1690 1005 a

126 1053 357 1116 fratribus,
407 1061 461 1106 et
506 1066 536 1103 a
589 1049 848 1104 fratribus
895 1063 1029 1117 quos
1067 1045 1375 1110 adamabat,
1416 1059 1538 1098 cum
1591 1059 1691 1098 nec

125 1161 278 1214 parva.
311 1161 404 1200 nec
436 1159 632 1214 magna
679 1143 798 1196 illos
846 1141 1112 1194 affecisset
1166 1139 1381 1207 injuria,
1421 1139 1529 1190 imo
1560 1151 1690 1191 vero

126 1235 356 1292 beneﬁciis
402 1235 758 1297 cumulasset,
807 1233 906 1285 ista
947 1230 1261 1299 pateretur?
1298 1228 1684 1283 Verumtamen

125 1331 228 1382 nihil
271 1330 483 1382 istorum
537 1328 688 1381 illum
739 1325 1114 1395 perturbavit:
1153 1324 1246 1377 sed
1296 1324 1348 1375 in
1394 1321 1686 1392 AEgyptum

124 1436 144 1472 a
182 1419 546 1474 mercatoribus
579 1419 684 1472 illis
715 1417 1096 1481 abducebatur,
1128 1427 1181 1469 et
1213 1415 1529 1470 servitutem
1563 1429 1684 1467 scr-

125 1515 255 1567 ritute
283 1511 541 1566 mutabat.
589 1511 866 1580 Siquidem
911 1511 1016 1564 illic
1044 1525 1260 1579 quoque
1307 1523 1496 1562 rursus
1529 1507 1692 1562 ﬁebat

123 1620 293 1666 servus,
319 1616 370 1658 et
401 1605 714 1659 barbaricas
742 1602 885 1656 :edes
916 1601 1182 1656 incolebat
1225 1600 1501 1661 llebrzeus,
1533 1598 1688 1653 nobi-

126 1699 174 1752 lis
197 1699 374 1768 duplici
404 1697 657 1751 libertate
690 1695 847 1760 liber,
883 1705 938 1750 et
975 1695 1219 1762 corporis
1250 1703 1303 1747 et
1329 1694 1559 1746 anima):
1591 1706 1690 1746 nec

124 1807 264 1850 tamen
287 1796 481 1850 idcirco
504 1796 938 1866 perturbabatur,
963 1805 1054 1848 aut
1079 1795 1164 1856 iis.
1192 1809 1312 1864 qua:
1336 1793 1684 1863 gerebantur,

124 1891 564 1955 scandalizabatur,
599 1906 721 1944 cum
755 1891 1042 1956 visionum,
1091 1903 1212 1958 qua:
1258 1887 1526 1942 contraria
1565 1900 1690 1955 pro«

124 1984 360 2048 miserant,
412 1983 829 2044 recordaretur;
894 1996 1068 2050 neque
1127 1983 1340 2035 curiose
1387 1979 1685 2049 quaerebat,

123 2076 424 2128 Curlandent
465 2075 565 2128 ista
615 2072 786 2127 fiunt?
827 2074 1000 2141 Atque
1034 2073 1108 2126 illi
1133 2073 1347 2142 quidem
1378 2069 1686 2133 fratricidze,

125 2165 207 2233 lupi
229 2176 275 2219 et
298 2168 506 2231 bellum,
534 2165 751 2220 tametsi
775 2165 872 2219 ista
899 2165 1100 2218 scelera
1128 2173 1424 2233 patrarant,
1451 2162 1504 2216 in
1529 2162 1690 2216 domo

125 2270 304 2327 paterna
343 2260 550 2315 deliciis
586 2275 648 2314 se
687 2258 997 2321 oblectant;
1028 2259 1142 2326 ipse
1179 2272 1334 2320 vero,
1365 2271 1525 2326 quem
1567 2269 1691 2324 spes

125 2361 212 2402 crat
240 2366 405 2421 regem
437 2351 657 2404 illorum
690 2349 948 2415 futurum,
976 2351 1240 2418 captivus,
1270 2364 1481 2409 servus,
1514 2347 1568 2400 in
1597 2362 1692 2401 ex-

126 2451 244 2495 terna
275 2444 484 2513 regione
521 2441 906 2505 venumdatus,
950 2449 1193 2494 extrema
1235 2439 1448 2494 miseria
1489 2437 1690 2508 premi-

126 2547 204 2597 tur,
228 2547 276 2591 et
305 2554 404 2591 non
433 2538 614 2593 solum
644 2553 738 2591 rex
782 2537 994 2591 illorum
1033 2551 1139 2591 non
1166 2545 1268 2601 est,
1298 2534 1394 2589 sed
1419 2544 1474 2589 et
1503 2548 1690 2588 servus

125 2627 298 2682 illorum
322 2629 519 2695 evadit,
548 2639 603 2684 et
632 2629 789 2698 plane
823 2630 1089 2683 contraria
1119 2629 1319 2697 patitttr
1344 2628 1407 2682 iis
1429 2642 1546 2696 quae
1573 2626 1690 2680 fue-

126 2730 220 2772 rant
243 2720 305 2774 illi
325 2723 609 2790 promissa.
636 2719 754 2774 Non
784 2721 926 2774 enim
957 2729 1160 2774 tantum
1191 2734 1411 2790 regnum
1441 2729 1551 2773 tum
1585 2734 1690 2772 non

125 2810 380 2877 obtinebat,
419 2812 518 2867 sed
564 2822 622 2868 et
664 2814 855 2882 patria,
897 2823 952 2867 et
1002 2813 1274 2878 libertate,
1313 2822 1367 2867 et
1406 2822 1689 2883 parentum

125 2915 305 2971 aspectu
342 2907 588 2975 privatus
630 2914 765 2959 erat.
814 2905 995 2974 Neque
1044 2919 1173 2960 vero
1207 2904 1559 2960 certaminum
1605 2903 1691 2959 hic

127 2995 220 3048 linis
239 2995 356 3050 fuit:
383 2996 479 3053 sed
503 2996 654 3050 aliud
683 2997 755 3051 illi
781 2995 1096 3066 profundius
1127 2995 1436 3050 barathrum
1460 2995 1690 3063 paraba-

127 3097 208 3151 tur,
235 3091 362 3157 quod
393 3105 584 3145 rursus
619 3099 844 3143 mortem
873 3105 934 3144 ac
961 3090 1164 3145 credent
1198 3087 1520 3154 minabatur,
1548 3102 1691 3141 mor-

126 3185 208 3231 tem
231 3180 654 3250 ignominiosam,
681 3192 734 3235 et
754 3180 1034 3236 dedecoris
1064 3181 1274 3250 plenam
1302 3179 1528 3234 caedem.
1556 3179 1689 3232 Cum

125 3272 235 3323 enim
271 3273 490 3328 lascivos
520 3275 575 3328 in
618 3289 741 3328 eum
780 3274 965 3327 oculos
1004 3271 1224 3326 domina
1264 3271 1604 3341 conjecisset,
1637 3281 1692 3325 et

125 3364 436 3423 adulescentis
469 3366 870 3438 pulchritudine
903 3366 1151 3420 devincta
1185 3375 1350 3431 esset,
1375 3375 1432 3420 et
1459 3364 1688 3434 eleganti

126 3458 214 3525 ejus
253 3459 378 3515 facie
422 3471 603 3531 capta,
637 3462 801 3530 cmpit
829 3470 882 3514 et
911 3461 1023 3530 ipsa
1066 3474 1253 3514 rursus
1296 3459 1450 3512 dolos
1480 3468 1535 3514 et
1566 3458 1692 3512 insi-

126 3552 215 3606 dias
243 3554 287 3608 in
327 3571 446 3610 eum
480 3569 696 3625 parare.
727 3554 966 3623 Cumque
1005 3553 1237 3607 lascivia:
1278 3552 1409 3606 retia
1458 3551 1693 3620 undique

127 3649 415 3713 tetendisset,
445 3647 690 3719 quotidie
710 3648 1052 3711 observabat,
1085 3656 1141 3700 ut
1163 3656 1344 3716 posset
1371 3645 1509 3700 intra
1539 3658 1694 3713 sagir-

126 3755 232 3815 nam.
256 3757 395 3796 suam
437 3743 838 3797 adolescentem
895 3739 1380 3810 comprehendere,
1420 3751 1582 3810 atque
1637 3738 1691 3792 in

124 3831 332 3888 adulterii
361 3835 674 3888 barathrum
703 3834 1006 3895 devolvere,
1040 3834 1307 3903 mortique
1337 3833 1550 3887 tradere
1585 3831 1690 3885 im-

125 3925 319 3978 mortali.
365 3926 429 3980 Et
472 3927 660 3980 exibat
685 3925 922 3995 quotidie
957 3926 1023 3978 ad
1069 3925 1207 3978 hanc
1253 3925 1592 3979 venationem
1623 3925 1692 3978 ab

124 4015 203 4070 hoc
227 4021 402 4074 morbo
441 4020 740 4084 stimulata,
783 4029 836 4074 et
865 4018 967 4073 hoc
998 4033 1182 4072 amore
1212 4017 1412 4073 lascivo
1438 4027 1643 4072 armata
1674 4037 1688 4072 :

123 4121 313 4180 eumque
357 4117 536 4166 solum
586 4111 734 4165 illum
783 4110 1072 4181 aliquando
1115 4109 1583 4180 deprehendisset.
1623 4109 1688 4164 ad

124 4201 321 4271 iniquum
362 4204 515 4260 illum
556 4219 905 4274 congressum
949 4205 1213 4258 violenter
1253 4203 1519 4267 trahebat,
1562 4203 1690 4257 alie-

123 4307 222 4346 nmn
268 4306 434 4351 torum
497 4297 700 4352 violare
749 4297 995 4366 cogebat,
1042 4307 1096 4352 et
1149 4302 1450 4351 castitatem
1495 4296 1689 4352 lzcdcre

123 4389 393 4443 conabatur.
424 4393 497 4444 At
528 4390 658 4442 nihil
689 4399 866 4444 tamen
892 4388 1016 4443 inde
1043 4389 1167 4443 mali
1196 4405 1385 4457 passus
1411 4390 1688 4460 estjustus

124 4478 217 4545 ille;
259 4484 346 4537 sed
374 4497 427 4539 et
459 4485 699 4539 libidinis
730 4485 1088 4556 tyrannidem,
1139 4497 1192 4541 et
1214 4487 1470 4556 juvenilis
1516 4488 1691 4543 aetatis

123 4575 350 4643 stimulos,
379 4588 432 4633 et
471 4579 685 4634 lasciva:
713 4580 951 4634 mulieris
982 4580 1224 4644 insidias,
1259 4581 1490 4635 insultus
1519 4581 1692 4635 domi-

124 4680 205 4730 tae,
223 4667 508 4736 juventutis
535 4682 730 4736 m0tus,
759 4682 812 4727 et
837 4688 1028 4727 omnes
1056 4673 1323 4736 incursus,
1347 4654 1483 4744 quos
1509 4675 1576 4728 ab
1599 4675 1691 4730 illo

122 4769 329 4816 contactu
376 4765 582 4819 sentire
622 4766 790 4833 potuit
841 4773 1077 4829 exertos,
1131 4775 1184 4820 et
1229 4767 1297 4819 ab
1342 4777 1582 4836 aSpecw,
1635 4776 1690 4821 et

124 4848 291 4906 insania
331 4855 438 4921 illa,
478 4871 637 4926 quam
683 4855 934 4911 facillime
978 4859 1272 4926 superavit,
1316 4874 1378 4912 ac
1418 4869 1689 4928 tamquam

121 4945 264 5011 aquila
289 4949 547 5004 sublimes
583 4949 806 5004 tendens
838 4949 970 5012 alas,
1000 4950 1250 5020 ipsasque
1277 4961 1461 5006 vestes
1487 4967 1690 5007 exuens

122 5047 162 5087 et
206 5039 473 5109 impudicis
527 5041 773 5096 manibus
828 5043 1246 5113 derelinquens,
1305 5060 1556 5114 egressus
1610 5056 1693 5101 est

124 5131 322 5187 vestibus
361 5134 580 5204 quidem
643 5134 892 5198 nudatus,
951 5134 1047 5189 sed
1093 5134 1378 5205 splendido
1430 5137 1692 5191 caSiitatis

125 5225 282 5279 amictu
324 5228 706 5292 circumdatus,
748 5239 912 5298 atque
959 5228 1070 5298 ipsa
1114 5244 1347 5298 purpura
1390 5229 1688 5284 illustriori.

127 5309 231 5368 llinc
257 5313 545 5373 factumest
587 5318 800 5384 deinde,
835 5321 971 5374 utin
1012 5335 1134 5375 eum
1164 5321 1370 5391 gladius
1409 5332 1693 5376 acueretur

127 5402 304 5473 iterum,
332 5410 520 5465 mortis
559 5411 765 5465 insidiae
795 5421 1152 5476 struerentur,
1199 5414 1370 5481 major
1400 5425 1692 5482 tempestas

127 5497 430 5566 excitaretur,
461 5511 516 5557 et
560 5503 804 5558 mulieris
837 5502 983 5558 furor
1013 5503 1300 5574 Babylonia
1347 5505 1565 5559 fornace
1597 5521 1690 5560 ve-

131 5586 390 5650 hementins
430 5595 836 5650 accenderetur.
880 5596 1010 5652 Nam
1051 5607 1106 5652 et
1147 5597 1323 5651 acrius
1373 5598 1567 5653 deinde
1609 5599 1687 5652 in-

130 5677 463 5742 ﬂammabatur
491 5687 780 5757 cupiditas,
808 5699 860 5744 et
888 5689 1182 5755 iracundia,
1221 5690 1535 5761 gravissima
1569 5708 1694 5760 per-

133 5773 329 5832 turbatio
363 5779 556 5844 altera,
592 5795 798 5833 summa
840 5796 959 5834 cum
1005 5782 1207 5835 sazvitia
1256 5796 1316 5836 se
1347 5781 1690 5852 adjungebat,

135 5864 183 5913 ad
204 5867 386 5924 eadem
415 5870 718 5942 spectabat,
745 5871 811 5925 ad
843 5871 1074 5941 gladium
1105 5872 1379 5938 currebat,
1414 5873 1690 5943 iniquissi-

137 5967 248 6014 mam
269 5963 458 6020 ca-dem
499 5964 811 6034 appetebat,
852 5975 904 6020 et
938 5965 1199 6022 castitatis
1245 5965 1528 6033 athletam,
1557 5980 1688 6022 con-

3311 481 3417 537 506

1800 587 2119 659 stantiaque
2151 587 2382 659 pugilem
2412 603 2476 644 ac
2506 589 2776 660 patientia:
2807 589 3120 646 interimere
3156 607 3415 660 properav

1798 679 1908 735 bat.
1941 678 2185 750 Cumque
2219 681 2394 736 virum
2420 696 2576 736 suum
2609 681 2856 745 adiisset,
2881 691 2935 736 et
2955 698 3076 752 qua:
3107 683 3414 738 acciderant

1802 775 2186 841 renuntiasset,
2238 790 2343 829 non
2387 775 2456 828 ita
2506 784 2566 829 ut
2597 777 2793 830 veritas
2835 777 2911 830 rei
2957 774 3186 842 ferebat,
3232 778 3326 831 sed
3361 789 3418 830 ut

1801 867 1889 921 illa
1943 867 2224 922 calumnia:
2257 867 2488 922 fabulam
2529 877 2834 923 commenta
2877 879 3016 936 erat,
3062 885 3417 940 quaecumque

1798 958 1966 1013 voluit
1989 957 2152 1027 judici
2182 959 2486 1014 accusando
2517 960 2805 1028 persuasit,
2847 970 2903 1015 et
2950 971 3221 1030 tamquam
3268 963 3413 1029 inju-

1798 1050 1933 1104 riam
1957 1065 2134 1119 passa,
2167 1051 2690 1119 ultionemlpetebat,
2715 1064 2875 1121 atque
2903 1051 2968 1106 ad
2993 1067 3179 1107 eorum
3214 1053 3414 1122 proba-

1800 1143 2022 1209 tionem,
2051 1161 2172 1214 qua:
2200 1144 2431 1205 dicebat.
2464 1144 2768 1200 innocentis
2788 1147 3003 1214 juvenis
3041 1155 3220 1201 vestes
3244 1149 3416 1215 impu-

1799 1237 1874 1291 ris
1899 1236 2004 1290 illis
2042 1236 2291 1292 manibus
2336 1238 2662 1292 ostentabat.
2697 1243 2765 1292 At
2801 1250 3088 1308 corruptus
3134 1239 3226 1293 ille
3249 1239 3417 1308 jndex

1798 1343 1905 1381 non
1935 1343 2088 1382 reum
2117 1329 2168 1381 in
2193 1327 2452 1397 judicium
2487 1329 2802 1392 introduxit,
2832 1345 2940 1384 non
2971 1345 3190 1385 eausam
3219 1331 3415 1400 agendi

1797 1419 1923 1474 fecit
1953 1429 2293 1488 potestatem,
2341 1421 2434 1475 sed
2482 1437 2605 1474 eum
2638 1423 2726 1490 qui
2776 1438 2844 1476 ne
2885 1421 3148 1491 judicium
3193 1423 3413 1492 quidem

1796 1523 2176 1580 conspexerat,
2203 1521 2474 1582 tamquam
2499 1515 2718 1568 noxium
2749 1515 2970 1569 sceleris
3000 1515 3330 1581 convictum,
3360 1527 3415 1571 et

1799 1603 2098 1674 perfectum
2125 1605 2424 1659 adulterum
2456 1607 2753 1670 damnavit,
2801 1617 2855 1661 et
2885 1608 2937 1662 in
2968 1623 3243 1664 carcerein
3285 1624 3417 1663 con-

1791 1699 1996 1768 jectum
2027 1700 2234 1754 catenis
2257 1699 2562 1754 adstrinxit.
2591 1700 2772 1771 Itaque
2800 1700 2890 1770 qui
2935 1713 3041 1756 tam
3084 1702 3270 1757 multis
3297 1713 3416 1757 erat

1796 1793 2015 1846 coronis
2049 1792 2331 1847 redimitus
2359 1793 2594 1859 virtutis,
2623 1792 2942 1848 versabatur
2969 1793 3021 1847 in
3052 1809 3274 1849 carcere
3302 1805 3414 1848 tum

1799 1884 2057 1953 temporis
2087 1898 2210 1938 cum
2253 1883 2660 1954 impostoribus,
2709 1900 2830 1939 cum
2883 1885 3255 1954 sepulcrorum
3289 1904 3415 1958 per-

1798 1976 2117 2040 fossoribus,
2165 1990 2287 2030 cum
2332 1977 2561 2041 sicariis,
2611 1993 2732 2030 cum
2782 1977 2912 2045 illis,
2963 1978 3053 2046 qui
3097 1979 3416 2047 gravissima

1796 2068 2001 2121 scelera
2064 2077 2456 2136 perpetrarant.
2526 2071 2778 2123 Attamen
2849 2069 2981 2123 nihil
3045 2069 3240 2124 borum
3298 2070 3418 2140 ejus

1797 2157 2036 2212 animum
2080 2159 2455 2212 conturbabat.
2513 2159 2583 2214 Et
2617 2161 2757 2215 alter
2799 2161 3044 2231 quidem.
3093 2163 3187 2232 qui
3231 2178 3414 2233 regem

1796 2248 2116 2317 offenderat,
2146 2250 2541 2315 dimittebatur,
2593 2255 2708 2322 ipse
2749 2263 2930 2309 autem
2963 2254 3124 2324 longo
3169 2263 3416 2325 tempore

1798 2342 1996 2396 mansit
2042 2343 2208 2409 intus,
2254 2353 2309 2398 et
2355 2359 2584 2412 quorum
2629 2360 2790 2400 caura
2821 2347 3058 2415 praemiis
3095 2345 3416 2402 afiiciendus

1796 2442 1932 2499 erat,
1965 2443 2020 2488 et
2047 2433 2368 2502 laudandus,
2395 2447 2698 2491 extremum
2743 2439 3065 2507 supplicium
3094 2438 3410 2493 sustinebat.

1795 2525 1900 2581 Sed
1931 2543 1998 2582 ne
2025 2530 2102 2582 sic
2131 2538 2308 2584 tamen
2335 2530 2670 2598 turbabatur,
2702 2548 2878 2600 neque
2907 2532 3409 2597 scandalilabatur;

1797 2636 1973 2690 neque
2003 2621 2136 2675 dixit
2162 2640 2174 2675 :
2201 2622 2311 2676 Cur
2338 2622 2481 2678 hoc?
2511 2623 2579 2678 ad
2605 2625 2732 2694 quid
2766 2625 2906 2679 hoc?
2936 2626 3048 2695 Ego
3069 2625 3156 2695 qui
3189 2627 3414 2680 fratrum

1797 2730 1892 2769 rex
1924 2730 2072 2769 eram
2107 2716 2338 2782 futurus,
2379 2731 2486 2772 non
2527 2718 2690 2772 modo
2719 2719 2806 2771 tali
2850 2719 3056 2773 honore
3092 2719 3286 2784 excidi,
3319 2721 3414 2774 sed

1797 2816 1848 2861 et
1891 2808 2083 2876 patria,
2126 2819 2179 2862 et
2223 2807 2407 2872 domo,
2461 2819 2515 2863 et
2559 2811 2890 2879 parentibus,
2938 2820 2993 2865 et
3044 2811 3309 2876 libertate,
3363 2823 3418 2868 et

1797 2900 2110 2965 securitate,
2142 2910 2306 2970 atque
2347 2901 2415 2956 ab
2457 2902 2608 2972 ipsis,
2652 2905 2741 2972 qui
2787 2920 2873 2959 me
2920 2905 3194 2958 adoraturi
3237 2917 3412 2970 erant,

1797 3005 1916 3045 sum
1973 3002 2216 3047 necatus.
2274 2993 2477 3049 Deinde
2528 3005 2650 3065 post
2693 2996 2897 3050 czedem
2955 3012 3073 3051 sum
3129 2998 3410 3060 venditus,

1800 3083 2153 3140 barbarorum
2189 3102 2379 3142 servus
2406 3103 2526 3142 sum
2565 3091 2755 3157 factus,
2799 3100 2854 3144 et
2893 3091 3209 3162 frequenter
3235 3092 3414 3145 donti-

1799 3193 1898 3234 nos
1929 3180 2128 3234 mutavi
2167 3199 2180 3236 :
2211 3195 2386 3252 neque
2415 3182 2675 3236 malorum
2726 3184 2812 3239 hic
2842 3184 2964 3238 linis
2998 3185 3099 3238 fuit
3145 3199 3412 3250 meorum,

1798 3271 1892 3327 sed
1914 3273 2107 3343 ubique
2134 3274 2389 3330 baratltra
2420 3285 2473 3330 et
2495 3276 2724 3344 scopuli.
2751 3276 2882 3332 Post
2910 3276 3134 3332 fratrum
3165 3277 3411 3344 insidias,

1797 3373 1854 3418 ct
1892 3365 2119 3433 caedem,
2155 3374 2210 3421 ct
2255 3367 2596 3434 servitutem,
2629 3383 2750 3423 cum
2795 3370 3054 3438 priorem,
3093 3380 3202 3424 tum
3236 3380 3417 3440 poste-

1797 3459 2019 3525 riorem,
2055 3473 2241 3513 rursus
2283 3471 2512 3516 mortem
2558 3461 2691 3516 mihi
2723 3463 3190 3526 machinabantur,
3240 3474 3296 3518 et
3322 3479 3416 3519 ca-

1798 3549 2055 3603 lumniam
2094 3552 2263 3621 priori
2293 3553 2625 3622 graviorem,
2654 3565 2710 3609 et
2755 3555 2998 3621 insidias,
3043 3567 3206 3625 atque
3234 3557 3418 3611 iucur.

1798 3655 1911 3706 sus,
1943 3657 2004 3696 ac
2029 3644 2289 3712 judicium
2326 3657 2664 3716 corruptum,
2711 3658 2767 3702 et
2797 3651 3198 3705 accusationem
3232 3650 3414 3704 multis

1799 3737 2010 3805 probris
2050 3739 2462 3803 redundantem,
2503 3757 2623 3810 qua:
2665 3750 2905 3796 nostram
2950 3744 3153 3798 caedem
3186 3744 3418 3813 parturi-

1799 3837 1898 3882 ret.
1945 3827 2190 3899 Cumque
2234 3845 2409 3884 meam
2445 3846 2662 3886 causam
2712 3834 2902 3904 agendi
2947 3833 3258 3889 facultatem
3308 3849 3414 3888 non

1798 3919 2176 3985 obtinuissent,
2210 3931 2414 3977 temere
2441 3939 2505 3978 ac
2536 3925 2652 3994 sine
2695 3940 2854 3979 causa
2902 3926 2953 3979 in
2990 3941 3265 3981 carcerem
3293 3941 3412 3980 sum

1797 4010 2082 4079 adductus,
2115 4022 2170 4067 et
2218 4015 2423 4069 catenis
2474 4014 2777 4078 devinctus.
2825 4033 2947 4071 cum
2980 4017 3258 4084 adulteris,
3292 4033 3415 4072 cum

1800 4102 2086 4158 bomicidis
2111 4115 2166 4160 et
2189 4108 2633 4175 gravissimorum
2664 4110 2930 4164 scelerum
2962 4110 3068 4163 reis
3103 4125 3310 4163 versor.
3344 4111 3414 4163 At

1801 4197 2050 4269 princeps
2089 4201 2305 4270 quidem
2353 4202 2732 4271 pinceruarum
2780 4218 2808 4256 a
2843 4203 3074 4257 vinculis
3115 4215 3169 4258 et
3196 4219 3418 4258 carcere

1800 4292 2056 4347 liberatus
2082 4304 2166 4349 est
2194 4313 2204 4347 :
2238 4311 2337 4364 ego
2365 4311 2495 4350 vero
2542 4312 2608 4350 ne
2650 4306 2772 4366 post
2805 4296 2954 4350 illum
2998 4297 3216 4366 quidem
3248 4297 3412 4349 ullam

1801 4385 2195 4440 immunitatem
2231 4401 2447 4455 possum
2496 4389 2788 4457 impetrare
2821 4408 2835 4441 ;
2868 4398 3030 4457 atque
3065 4388 3157 4442 ille
3192 4387 3410 4458 quidem

1800 4477 1853 4532 in
1880 4493 2017 4547 Opus
2047 4478 2246 4534 exiisse
2277 4479 2407 4533 vidit
2452 4481 2746 4546 somnium,
2779 4493 2940 4551 prout
2979 4482 3055 4536 illi
3086 4482 3292 4536 fueram
3323 4481 3409 4535 in-

1801 4582 2130 4641 terpretatus
2179 4592 2190 4626 :
2239 4588 2339 4642 ego
2389 4575 2720 4643 gravissimis
2774 4577 2860 4631 hic
2923 4578 3079 4631 malis
3135 4577 3410 4631 obsideor.

1801 4663 2048 4718 Htcccine
2115 4666 2244 4718 mihi
2305 4666 2543 4721 visiones
2600 4667 2704 4722 illa:
2762 4670 3244 4737 pnenuntiabant?
3299 4670 3414 4726 haec

1800 4771 2057 4809 numerus
2083 4757 2173 4809 ille
2204 4757 2522 4812 stellarum?
2555 4759 2671 4814 hinc
2706 4761 2776 4814 illi
2807 4762 3109 4832 manipuli?
3135 4763 3254 4830 Quo
3287 4779 3419 4834 pro-

1801 4849 2092 4903 missiones
2113 4852 2441 4904 evaserunt?
2469 4867 2576 4921 quo
2608 4853 2715 4906 illa:
2755 4855 3218 4924 pollicitationes?
3244 4856 3410 4910 Nunt-

1800 4941 1927 5008 quid
1973 4941 2185 5012 decepti
2233 4946 2457 4998 sumus?
2505 4946 2762 5014 numquid
2815 4948 2866 5000 itt
2914 4946 3159 5002 fraudem
3212 4949 3418 5003 illecti?

1805 5035 1900 5091 Ubi
1944 5037 2087 5090 enim
2130 5037 2240 5106 jam
2284 5054 2368 5091 me
2413 5039 2686 5092 adoraturi
2737 5051 2862 5094 sunt
2906 5040 3121 5106 fratres,
3167 5057 3410 5106 servum,

1799 5130 2092 5198 Captivum,
2122 5130 2473 5200 compedibus
2497 5132 2752 5196 vinctum,
2787 5134 2875 5202 qui
2915 5133 3126 5188 adulter
3146 5149 3270 5188 esse
3305 5135 3420 5188 exi-

1801 5221 2010 5286 stimor,
2053 5221 2142 5290 qui
2187 5222 2254 5275 de
2300 5227 2403 5275 vita
2457 5223 2748 5292 periclitor,
2809 5225 2899 5294 qui
2951 5233 3100 5278 tanto
3149 5235 3413 5279 terrarum

1804 5313 2088 5368 intervallo
2153 5313 2374 5368 dissitus
2432 5318 2500 5369 ab
2551 5317 2654 5370 illis
2704 5316 2927 5371 habito?
2983 5318 3267 5372 Perierunt
3327 5320 3412 5372 illa

1801 5408 2002 5470 onmia,
2039 5416 2093 5462 et
2124 5408 2173 5460 in
2205 5407 2427 5462 nilnlum
2459 5409 2726 5463 abierunt.
2755 5409 2899 5462 Nihil
2934 5409 3122 5463 borum
3163 5421 3255 5463 aut
3280 5410 3414 5462 dixit

1803 5509 1895 5551 aut
1938 5499 2225 5568 cogitavit,
2281 5499 2374 5553 sed
2434 5501 2591 5554 linem
2642 5502 3030 5570 exspectabat,
3086 5512 3271 5570 utpote
3322 5505 3412 5570 qui

1801 5603 2000 5662 quanta
2041 5592 2111 5645 sit
2136 5593 2228 5647 Dei
2262 5593 2502 5659 solertia,
2536 5610 2694 5662 quam
2730 5605 2919 5663 potens
2962 5597 3078 5664 ejus
3123 5597 3406 5666 sapientia.

1806 5688 1971 5756 probe
1998 5699 2180 5741 nosset
2211 5706 2220 5739 :
2248 5699 2299 5741 et
2329 5703 2435 5742 non
2462 5689 2622 5742 modo
2651 5706 2756 5743 non
2801 5691 3285 5755 scandalizabatur,
3319 5693 3412 5743 sed

1804 5779 1965 5832 etiam
1994 5779 2063 5833 ob
2092 5796 2175 5844 ea,
2211 5795 2329 5849 qua:
2360 5781 2689 5849 acciderant,
2714 5782 3047 5852 gloriabatur
3077 5795 3130 5838 et
3157 5784 3255 5837 sibi
3297 5783 3411 5852 νιος

1803 5873 1980 5928 cebat.

1882 5965 2136 6037 Exemplo
2183 5965 2396 6023 Dnvidis
2435 5969 2998 6040 amictus-consolatur.
3025 5971 3249 6039 -—Quid
3294 5987 3413 6027 vere
