4142 6516
689 492 786 546 $07
1481 486 1537 542 S.
1573 485 1852 543 JOANNIS
1889 484 2368 543 CIIIH'SOSTOMI
2407 481 2720 538 ARCIIIEP.
2765 478 3299 538 CONSTANTINOP.
3875 481 3974 537 5th

689 606 872 670 David,
906 605 1010 670 die,
1041 604 1262 674 qna-so?
1289 603 1474 658 Nonne
1499 613 1778 674 postquam
1800 605 1850 657 in
1874 618 2052 673 regem
2080 612 2271 657 unctus

689 710 788 761 3st,
834 707 888 751 et
933 699 1025 752 Dei
1071 696 1323 767 suffragio
1350 697 1659 766 designatus
1709 698 1883 767 populi
1931 697 2275 751 llehrzeorurn

689 798 958 856 sceptrum
991 788 1215 857 accepit,
1242 789 1416 858 deque
1443 790 1668 844 barbaro
1685 789 1975 858 gloriosum
2005 787 2130 841 illud
2162 797 2275 840 tro-

688 897 858 949 patum
913 882 1103 944 erexit,
1143 883 1471 952 gravissimis
1509 882 1738 937 afllietus
1781 891 1863 937 est
1895 882 2069 946 malis,
2101 880 2274 944 bellis,

689 971 895 1027 insidiis
930 973 1197 1042 appetitus
1222 989 1252 1028 a
1281 974 1458 1037 Saule,
1494 974 1543 1026 in
1573 974 1744 1043 ipsum
1766 973 1956 1042 capitis
1983 972 2276 1027 discrimen

689 1065 972 1129 adductus,
1011 1066 1076 1120 ad
1121 1067 1417 1134 periculosa
1452 1067 1650 1121 missus
1677 1067 1878 1136 pra-lia,
1906 1067 2160 1122 continuo
2188 1082 2280 1137 per

691 1156 961 1211 desertum
1002 1172 1206 1220 errans,
1249 1172 1433 1226 vagus,
1490 1157 1660 1222 exsul,
1714 1158 1966 1223 extorris,
2016 1157 2177 1211 domo
2218 1172 2282 1212 ac

691 1247 910 1301 sedibus
958 1249 1067 1300 suis
1095 1247 1319 1318 pulsus?
1367 1247 1502 1315 Qtud
1544 1248 1724 1302 multis
1757 1247 1934 1302 verbis
1983 1263 2118 1316 opus
2158 1247 2280 1301 est?

694 1340 932 1395 Tandem
973 1356 1002 1394 e
1030 1341 1218 1410 patria,
1261 1356 1460 1410 suaque
1492 1341 1579 1394 illa
1611 1343 1828 1411 regione
1858 1349 2072 1409 penitus
2099 1349 2281 1394 extur-

691 1433 866 1497 batus,
897 1433 1034 1501 apud
1068 1433 1322 1487 barbaros
1367 1432 1551 1488 hostes
1580 1442 1634 1487 et
1677 1433 2067 1487 inlensissimos
2096 1447 2278 1486 versa-

692 1524 849 1576 batur
887 1537 949 1577 ae
977 1523 1340 1579 molestiorem
1373 1524 1628 1578 servitute
1655 1524 1816 1577 vitam
1846 1524 2128 1588 tolerabat,
2159 1539 2282 1577 cum

693 1615 856 1670 etiam
903 1618 1208 1672 necessario
1237 1623 1376 1671 victu
1423 1625 1651 1671 careret.
1695 1621 1866 1687 Atque
1913 1615 2026 1671 haec
2072 1617 2160 1671 ille
2193 1632 2284 1686 pa-

692 1707 925 1763 tiebatur
952 1717 1072 1777 post
1117 1707 1381 1763 Samuelis
1411 1709 1723 1773 adventum,
1769 1719 2048 1780 postquam
2091 1717 2284 1763 unctus

693 1800 816 1855 oleo
839 1800 1025 1865 fuerat,
1058 1809 1177 1870 post
1207 1801 1355 1870 regni
1381 1801 1810 1869 promissionem,
1839 1811 1957 1870 post
1987 1811 2280 1870 sceptrum,

695 1901 814 1960 post
849 1890 1114 1956 diadema,
1146 1901 1266 1962 post
1304 1892 1623 1947 electionem
1663 1892 1938 1961 Dei,-post
1975 1891 2283 1962 suffragium

694 1984 772 2038 illi
811 1985 1044 2040 delatum
1077 1996 1172 2038 :at
1214 1985 1342 2040 nihil
1399 1998 1574 2040 tamen
1631 1987 1819 2040 borum
1862 1986 1936 2039 illi
1976 1986 2283 2040 scandalum

699 2077 893 2139 attulit,
912 2091 1084 2146 neque
1113 2075 1244 2131 dixit
1273 2076 1356 2130 hic
1380 2093 1608 2146 quoque,
1636 2077 1773 2144 Quid
1799 2077 1899 2131 hoc
1925 2079 2000 2132 rei
2029 2077 2150 2132 est?
2174 2077 2286 2148 Ego

699 2166 786 2220 ille
815 2183 931 2235 rex,
959 2177 1013 2221 et
1040 2177 1241 2222 tantum
1286 2168 1570 2237 adepturus
1615 2170 1920 2237 imperium,
1955 2185 2022 2224 ne
2050 2170 2286 2239 privatus

699 2259 908 2330 quidem
963 2277 1082 2315 esse
1124 2271 1238 2315 tuto
1287 2276 1539 2330 possum;
1597 2261 1688 2316 sed
1744 2277 1868 2315 erro
1922 2261 2094 2316 factus
2143 2279 2283 2327 sum,

700 2353 869 2416 exsul,
893 2354 1144 2415 extorris,
1170 2353 1330 2407 domn
1359 2369 1420 2407 ac
1444 2353 1662 2408 sedibus
1692 2353 1898 2423 pulsus,
1930 2363 1982 2408 et
2008 2369 2058 2407 in
2098 2353 2287 2408 barba-

700 2461 879 2500 rorum
912 2447 1184 2516 regionem
1226 2445 1564 2511 amandatus,
1610 2447 1770 2499 etiam
1813 2447 2118 2502 necessario
2147 2448 2288 2503 victu

701 2555 878 2604 careo,
904 2554 968 2593 ac
1007 2539 1230 2608 singulis
1258 2538 1443 2593 diebus
1469 2537 1623 2594 video
1662 2538 1793 2592 mihi
1838 2539 1960 2593 VII'J}
1991 2540 2285 2608 periculum

702 2633 999 2705 imminere.
1033 2630 1129 2686 Ubi
1161 2641 1280 2684 sunt
1324 2630 1471 2700 regni
1502 2631 1921 2699 promissiones?
1954 2631 2039 2685 ubi
2078 2632 2286 2702 imperii

701 2723 844 2778 illius
871 2721 1318 2791 pollicitationes?
1343 2722 1483 2776 Nihil
1516 2722 1703 2777 horum
1733 2739 1907 2793 neque
1931 2723 2087 2790 dixit,
2113 2740 2287 2795 neque

700 2814 984 2885 cogitavit;
1016 2829 1186 2884 neque
1209 2815 1278 2868 ob
1302 2830 1384 2880 ea,
1407 2830 1526 2885 qum
1547 2814 1871 2881 acciderant,
1899 2815 2288 2870 scandalizatus

703 2917 806 2969 est,
854 2905 946 2960 sed
989 2916 1044 2960 et
1088 2909 1201 2976 ipse
1255 2907 1412 2962 linem
1453 2907 1866 2977 promissionum
1921 2907 2286 2977 exspectabat.

700 2996 922 3052 Possem
953 3006 1130 3052 autem
1156 3008 1210 3053 et
1232 2997 1365 3052 alios
1392 3000 1700 3053 innumeros
1729 3013 2178 3065 commemorare,
2199 2999 2289 3069 qui

701 3105 824 3145 cum
856 3092 907 3144 ir.
949 3105 1034 3145 res
1063 3090 1315 3147 adversas
1360 3092 1694 3158 incidissent,
1735 3093 1957 3148 minime
1995 3093 2288 3163 perturbati

705 3195 846 3248 sunt,
876 3183 969 3238 sed
1002 3184 1091 3238 Dei
1135 3185 1456 3252 promissum
1489 3185 1746 3239 memoria
1781 3195 2047 3251 tenentes,
2078 3186 2288 3240 tametsi

701 3275 966 3331 contraria
989 3275 1262 3345 promissis
1281 3286 1470 3331 eventa
1493 3287 1819 3346 Spectarent,
1840 3277 1998 3347 hujus
2019 3279 2289 3348 praeclarae

705 3369 974 3437 patientia:
1032 3367 1293 3422 beneﬁcio
1344 3369 1604 3438 gloriosas
1646 3383 1875 3424 coronas
1923 3379 2284 3440 reportarunt.

707 3461 770 3515 Et
798 3471 853 3515 ιιι
891 3461 1050 3531 .gitur
1086 3475 1357 3531 exspeCta,
1391 3461 1756 3527 dilectissime,
1795 3462 1991 3528 linem;
2024 3462 2287 3533 siquidem

704 3553 923 3608 omnino
948 3553 1193 3608 adveniet
1213 3553 1294 3606 vel
1329 3555 1379 3605 in
1421 3554 1523 3607 hoc
1557 3553 1776 3620 sacculo,
1809 3554 1890 3607 vel
1914 3555 1965 3609 in
2003 3552 2209 3619 futuro;
2238 3564 2292 3609 et

704 3649 902 3717 ubique
929 3646 1458 3716 incomprehensibili
1489 3647 1584 3702 Dei
1627 3646 1978 3717 providentia:
2011 3647 2163 3712 cede,
2190 3663 2288 3703 ne-

704 3757 809 3812 que
836 3742 983 3796 dicas
1012 3741 1195 3809 :Quod
1243 3757 1367 3796 vero
1407 3742 1620 3796 tandem
1668 3741 1960 3798 remedium
2009 3751 2088 3798 tot
2136 3743 2291 3798 malis

708 3834 905 3902 poterit
944 3833 1228 3888 adhiberi?
1279 3849 1450 3914 neque
1490 3834 1703 3888 curiose
1751 3834 1967 3889 modum
2016 3835 2288 3905 exquiras,

702 3943 808 3995 quo
836 3925 976 3980 Deus
1001 3926 1253 3980 miracula
1275 3925 1444 3983 soleat
1471 3928 1651 3984 edere.

776 4018 905 4072 CAP.
955 4016 1049 4072 XI.
1103 4017 1216 4072 Hoc
1271 4036 1369 4072 non
1407 4020 1577 4074 statim
1610 4021 1896 4090 contigisse,
1949 4032 2100 4090 atque
2149 4020 2293 4073 initio

707 4112 960 4163 contraria
980 4119 1160 4164 cuncta
1190 4127 1305 4162 cum
1335 4121 1590 4165 cernerent
1625 4114 1838 4177 euenire,
1870 4121 2055 4166 veteres
2077 4111 2296 4165 scanda-

708 4203 888 4256 lizatos
928 4219 1029 4256 non
1058 4203 1232 4273 fuisse.
1257 4235 1329 4244 —
1351 4204 1537 4276 Neque
1565 4205 1708 4260 enim
1758 4215 1869 4261 tum
1905 4208 2162 4277 temporis
2193 4208 2294 4262 hoc

704 4296 834 4364 justi
878 4295 953 4350 illi
998 4297 1330 4366 quaerebant,
1367 4297 1667 4365 Quomodo,
1709 4311 1764 4355 et
1803 4317 1905 4372 qua
1959 4303 2164 4357 ratione
2193 4304 2292 4358 ista

708 4390 880 4444 ﬁent?
911 4391 1006 4446 sed
1036 4406 1157 4446 cum
1205 4395 1381 4448 omnia
1427 4405 1733 4462 cernerent,
1781 4397 1826 4452 si
1859 4397 2294 4454 ratiocinationes

708 4493 1017 4553 spectentur
1057 4485 1324 4552 humanm,
1368 4487 1421 4540 in
1467 4487 1898 4558 deSperationem
1935 4490 2183 4556 adducta,
2227 4505 2296 4546 ne

709 4578 786 4628 sic
835 4576 1048 4646 quidem
1106 4579 1585 4646 conturbabantur,
1635 4591 1730 4635 aut
1779 4583 2118 4637 terrebantur
2153 4583 2291 4638 :sed

710 4668 975 4736 patienter
1002 4670 1179 4724 omnia
1212 4669 1472 4738 ferebant,
1503 4686 1566 4726 ac
1592 4672 1953 4727 certissimum
1983 4675 2196 4743 pignus,
2241 4685 2297 4730 et

708 4769 1077 4830 argumentum
1114 4763 1354 4831 prosperi
1377 4778 1662 4819 successus
1679 4767 1922 4819 eventuri
1951 4781 2014 4819 ex
2040 4766 2180 4841 ejus,
2204 4768 2295 4835 qui

710 4853 980 4923 pollicitus
1011 4863 1146 4922 erat,
1202 4857 1439 4926 potentia
1476 4857 1814 4927 colligebant,
1863 4874 2038 4929 neque
2076 4871 2300 4930 propter

709 4964 897 5002 eorum
924 4964 1044 5018 qua:
1084 4949 1392 5005 acciderant
1419 4951 1781 5005 conditionem
1805 4953 2131 5006 contrariam
2180 4955 2299 5007 ani-

710 5057 855 5097 mum
880 5045 1033 5112 plane
1070 5044 1494 5113 despondebant.
1527 5044 1739 5100 Etenim
1769 5045 2018 5098 solertem
2051 5045 2195 5099 illum
2238 5060 2301 5100 ac

710 5139 1004 5207 sapientem
1035 5153 1155 5194 esse
1197 5148 1345 5193 certo
1376 5137 1640 5204 sciebant,
1662 5153 1724 5192 ac
1765 5137 1986 5207 proinde
2016 5151 2173 5207 posse
2216 5153 2302 5192 res

711 5228 870 5282 etiam
898 5228 1208 5298 desperatas
1238 5229 1556 5292 instaurare,
1603 5238 1761 5300 atque
1789 5229 1842 5283 in
1873 5239 2071 5284 statum
2113 5230 2300 5284 melio-

713 5337 825 5376 rem
876 5323 1101 5392 pristino
1149 5322 1464 5390 restituere,
1517 5335 1829 5391 summaque
1877 5335 1998 5375 cum
2052 5318 2302 5376 facilitate

715 5417 826 5470 suis
857 5416 1135 5485 promissis
1179 5413 1340 5468 linem
1381 5415 1673 5483 imponere.
1707 5414 1778 5469 Et
1824 5422 1878 5468 tu
1909 5415 2086 5484 igitur,
2135 5416 2301 5469 caris-

715 5511 869 5573 sime,
901 5509 1011 5563 sive
1044 5509 1094 5562 in
1116 5507 1218 5562 hac
1244 5509 1348 5561 vita
1371 5507 1508 5561 mala
1540 5508 1807 5572 ﬁniantur,
1833 5507 1998 5562 Deum
2023 5508 2258 5577 glorilica
2287 5525 2300 5562 :

715 5604 828 5657 sive
854 5601 1142 5669 majoribus
1169 5601 1568 5657 difﬁcultatibus
1599 5602 1951 5665 involvantur,
1982 5604 2061 5656 sic
2088 5619 2304 5673 quoque

716 5695 913 5765 gratias
947 5710 1066 5765 age,
1095 5712 1266 5767 neque
1293 5697 1601 5751 scandalum
1629 5708 1829 5766 patere,
1859 5713 1982 5753 cum
2005 5699 2170 5767 probe
2203 5714 2304 5751 no-

720 5788 859 5843 veris
886 5788 1199 5843 immensam
1227 5803 1346 5844 esse
1374 5804 1546 5859 neque
1578 5789 1707 5845 satis
1736 5791 1960 5860 exprimi
1989 5803 2146 5860 posse
2179 5789 2304 5858 pro;

721 5881 1005 5936 videntiam
1050 5882 1162 5948 Dei,
1206 5898 1267 5937 ac
1302 5884 1460 5953 plane
1506 5883 1762 5949 futurum,
1797 5893 1852 5938 ut
1888 5886 2065 5939 omnia
2104 5899 2303 5940 conve-

730 5974 960 6029 nientem
1002 5976 1160 6032 linem
1199 5977 1506 6046 sortiantur,
1548 5978 1657 6034 sit"
1698 5977 1749 6033 in
1783 5979 1883 6033 ltoc
1927 5978 2144 6046 saeculo,
2191 5979 2306 6037 sive

2395 601 2447 653 in
2472 599 2668 655 futuro.
2700 601 2855 668 Quod
2895 604 2938 656 si
2971 603 3109 672 quis,
3140 602 3269 657 dum
3301 603 3540 659 futurum
3577 605 3744 671 audit,
3782 618 3838 662 et
3873 623 3980 676 pra:

2388 691 2548 744 nimia
2591 693 3026 762 pusillanimitate
3053 694 3154 748 hoc
3183 694 3234 748 in
3269 694 3367 750 hac
3398 697 3503 749 vita
3549 707 3793 766 spectare
3825 698 3976 753 festi-

2386 791 2494 844 net,
2524 783 2571 835 ci
2598 797 2693 836 nos
2714 782 2956 838 dicemus
2976 793 3084 838 tum
3115 800 3295 840 veram
3329 787 3488 841 vitam
3519 799 3572 842 et
3599 804 3687 843 res
3717 801 3976 845 constan-

2389 882 2472 926 tes
2511 884 2563 925 et
2599 875 2848 928 immotas
2877 891 2976 928 nos
3008 891 3243 931 manere.
3293 877 3397 933 Res
3427 860 3622 950 quippe
3663 893 3979 951 przescntes,

2388 964 2470 1016 via
2501 976 2656 1027 sunt;
2689 965 2782 1019 sed
2819 965 2939 1031 illa),
2974 969 3146 1037 patria
3175 986 3186 1021 :
3213 984 3312 1038 res.
3341 970 3499 1039 hujus
3520 973 3714 1042 saeculi
3763 972 3985 1029 ﬂoribus

2389 1055 2566 1109 vernis
2608 1066 2733 1110 sunt
2776 1057 2996 1121 sintiles,
3051 1060 3157 1114 illas
3208 1043 3336 1116 vero
3379 1064 3528 1117 saxis
3573 1064 3984 1120 immobilibus:

2390 1148 2496 1200 illic
2528 1163 2740 1203 coronae
2768 1164 2831 1204 ac
2861 1154 3322 1208 remunerationes
3360 1170 3478 1225 qua:
3509 1157 3666 1210 linem
3712 1159 3985 1222 nesciunt,

2390 1240 2496 1294 illic
2519 1243 2734 1311 pnemia
2774 1252 2828 1298 et
2857 1243 3058 1310 bravia,
3091 1245 3195 1300 illic
3222 1261 3394 1316 paena:
3422 1257 3584 1317 atque
3611 1250 3874 1318 supplicia
3913 1252 3987 1304 in-

2391 1332 2669 1387 toleranda
2696 1349 2905 1401 eorum,
2947 1339 3036 1406 qui
3067 1329 3328 1407 ejusmodi
3371 1340 3571 1394 scelera
3604 1343 3984 1412 perpetrarint.

2388 1423 2524 1490 Quid
2552 1441 2679 1496 ergo
2709 1427 2951 1482 dicemus
2975 1429 3042 1482 ad
3072 1445 3186 1500 eos],
3213 1446 3349 1500 quos
3376 1429 3601 1487 ’interim
3631 1433 3982 1488 scandalizari

2389 1516 2699 1572 videamus?
2748 1519 2892 1574 dicet
2935 1487 3172 1590 aliquit/
3194 1523 3261 1576 At
3301 1532 3356 1577 tu
3393 1539 3489 1578 cur
3527 1541 3634 1580 non
3681 1541 3776 1581 eos
3822 1528 3984 1582 etiam

2390 1623 2800 1674 commemoras,
2833 1613 2922 1680 qui
2968 1613 3166 1668 idcirco
3208 1615 3708 1695 liuntjillustriores,
3755 1617 3851 1672 sed
3893 1634 3988 1673 eos

2393 1713 2594 1758 tantum
2625 1707 2711 1775 qui
2745 1707 3016 1776 religionis
3051 1708 3194 1762 larva
3239 1713 3299 1762 se
3331 1710 3598 1779 tegebant,
3641 1722 3694 1766 et
3723 1727 3867 1766 nunc
3895 1711 3988 1765 dc-

2393 1796 2816 1864 prebenduntur,
2849 1799 2901 1852 in
2934 1797 3169 1852 medium
3198 1799 3458 1854 adducis?
3479 1800 3595 1856 Non
3625 1801 3772 1857 vides
3797 1818 3986 1857 aurum

2392 1887 2607 1956 purgari
2658 1888 2855 1955 solere,
2910 1890 3184 1958 plumbum
3235 1900 3413 1946 autem
3461 1893 3567 1947 tale
3610 1893 3990 1965 deprehendi?

2394 1977 2572 2047 paleas
2621 1993 2650 2032 a
2680 1978 2952 2034 frumento
2991 1983 3225 2048 secerni,
3261 1983 3415 2053 lupos
3457 1984 3526 2038 ab
3573 1985 3786 2051 ovibus,
3821 1986 3988 2057 hypo-

2391 2071 2551 2123 critas
2589 2071 2656 2124 ab
2687 2071 2751 2125 iis
2772 2071 2861 2140 qui
2907 2087 3031 2125 vera
3060 2073 3258 2142 pietate
3291 2074 3499 2143 praediti
3541 2075 3772 2130 vivunt?
3799 2076 3984 2147 Itaque

2391 2164 2437 2216 si
2486 2163 2696 2232 quando
2736 2164 2918 2218 videas
2963 2164 3152 2219 horum
3194 2165 3482 2232 scandala,
3533 2168 3751 2223 veniant
3796 2169 3889 2224 tibi
3934 2171 3985 2223 in

2394 2265 2626 2311 mentem
2653 2257 2866 2312 illorum
2894 2258 3149 2327 praeclara
3192 2259 3425 2314 facinora
3451 2273 3505 2315 et
3537 2262 3822 2331 praeconia.
3848 2262 3989 2334 Sup-

2396 2349 2614 2418 plantati
2637 2351 3008 2420 suntquidam,
3038 2361 3092 2405 at
3115 2351 3280 2405 multo
3303 2352 3483 2420 plures
3501 2362 3788 2421 steterunt,
3817 2355 3990 2425 majo-

2393 2455 2612 2511 remque
2663 2442 2763 2496 sibi
2806 2445 3110 2496 mercedem
3139 2452 3538 2512 compararunt,
3571 2459 3745 2514 neque
3771 2446 3995 2500 insidia-

2396 2543 2568 2588 lorum
2619 2534 2878 2603 potentia,
2937 2549 3110 2604 neque
3157 2544 3456 2604 temporum
3513 2537 3827 2592 difficultate
3875 2555 3998 2608 pro-

2395 2627 2568 2681 strati.
2623 2628 2694 2680 At
2732 2626 2806 2679 illi
2850 2626 2939 2697 qui
2990 2627 3313 2698 supplantati
3370 2636 3514 2696 sunt,
3554 2630 3657 2684 sibi
3709 2630 3840 2700 ipsis
3887 2630 3991 2685 hoc

2397 2719 2658 2789 imputent
2687 2737 2700 2774 :
2733 2720 3164 2790 quandoquidem
3205 2729 3258 2776 et
3306 2730 3413 2776 tres
3460 2723 3614 2792 pueri
3670 2725 3915 2794 quamvis
3957 2741 3990 2778 a

2394 2812 2763 2867 sacerdotibus
2806 2813 2997 2878 avulsi,
3041 2827 3070 2866 a
3111 2813 3329 2884 templo,
3362 2813 3428 2867 ab
3476 2815 3656 2881 altari,
3689 2825 3742 2869 et
3786 2816 3990 2887 reliqua

2394 2907 2538 2961 omni
2571 2907 2701 2977 legis
2739 2906 3140 2973 observatione,
3172 2908 3409 2977 atquein
3441 2907 3612 2962 media
3637 2909 3991 2964 barbarorum

2395 3001 2610 3072 regione
2628 2999 2968 3070 deprehensi,
3009 3014 3215 3054 summa
3244 3015 3364 3054 cum
3387 3000 3659 3070 diligentia
3692 3001 3862 3072 legem
3888 3000 3992 3056 ob.

2395 3101 2716 3150 servarunt:
2751 3095 2863 3163 pari
2899 3094 3104 3149 ratione
3137 3094 3343 3157 Daniel,
3367 3102 3420 3149 et
3448 3093 3536 3147 alii
3561 3093 3735 3159 multi,
3767 3103 3822 3148 et
3851 3109 3993 3148 non-

2399 3189 2530 3244 nulli
2580 3187 2799 3246 uuidem
2852 3188 2904 3242 in
2961 3187 3323 3257 captivitatem
3368 3185 3583 3242 abducti
3630 3186 3764 3241 nihil
3810 3185 3994 3243 damni

2396 3281 2659 3345 fecerunt,
2688 3279 2774 3334 alii
2799 3294 2927 3334 vero
2946 3293 3067 3332 cum
3091 3278 3233 3333 domi
3258 3279 3603 3344 mansissent,
3633 3279 3998 3348 omnibusque

2398 3375 2570 3438 bonis,
2599 3389 2716 3443 quae
2739 3374 2789 3426 in
2817 3371 2988 3442 patria
3015 3371 3392 3440 suppetebant,
3416 3370 3569 3442 potiti
3594 3380 3796 3438 essent,
3825 3370 3996 3426 oll'en-

2395 3470 2612 3533 derunt,
2646 3478 2697 3522 et
2727 3469 2876 3522 fuere
2901 3465 3159 3520 damnati.

2469 3564 2596 3618 Car.
2626 3561 2740 3616 XII.
2787 3561 2902 3628 Qua
2934 3560 2997 3613 de
3023 3575 3178 3613 causa
3211 3559 3440 3613 homines
3479 3558 3694 3629 improbi
3725 3569 3771 3612 et
3802 3559 3996 3614 damo-

2397 3674 2486 3711 πει
2515 3666 2560 3708 et
2587 3655 2817 3708 diabolus
2851 3654 2904 3706 in
2936 3654 3032 3706 hoc
3069 3651 3259 3705 mundo
3294 3652 3394 3706 sint
3413 3667 3433 3716 ,'
3472 3651 3718 3706 scandala
3753 3670 3844 3705 cur
3874 3670 3995 3722 per-

2397 3749 2569 3802 mimi.
2616 3775 2688 3786 —
2732 3745 2882 3813 Quod
2923 3745 2967 3798 si
3007 3759 3253 3814 quaeras,
3293 3760 3396 3814 qua
3435 3745 3502 3799 de
3526 3759 3685 3798 causa
3735 3745 3996 3814 permissa

2397 3840 2504 3894 sint
2533 3841 2654 3904 ista,
2698 3851 2872 3906 neque
2902 3837 3112 3890 areanis
3129 3835 3588 3905 dispensationum
3617 3835 3736 3904 ejus
3769 3836 3997 3890 rationi.

2401 3937 2500 3990 bus
2526 3935 2852 4006 acquiescas,
2878 3933 2970 3988 sed
2994 3934 3170 3987 omnia
3200 3932 3416 3987 studeas
3433 3932 3646 3988 curiose
3667 3933 3994 4002 disquirere,

2400 4027 2652 4098 paulatim
2696 4024 3042 4096 progrediens
3078 4024 3270 4078 multas
3323 4024 3453 4078 alias
3494 4026 3822 4094 quaestiones
3872 4039 3996 4094 pro-

2401 4133 2586 4188 pones,
2615 4117 2844 4186 exempli
2876 4130 3058 4180 causa,
3087 4131 3185 4169 cur
3201 4114 3437 4170 haereses
3462 4116 3863 4184 permittuntur,
3893 4130 3997 4186 qua

2399 4210 2467 4266 de
2493 4225 2651 4265 causa
2677 4208 2951 4274 diabolus,
2999 4222 3100 4277 qua
3130 4206 3197 4261 de
3225 4220 3384 4260 causa
3410 4205 3686 4261 dzemones
3714 4248 3728 4272 ,
3773 4221 3873 4262 cur
3900 4206 4000 4261 ho.

2401 4303 2570 4357 mines
2603 4301 2864 4371 improbi,
2915 4310 2970 4355 et
2998 4300 3086 4370 qui
3130 4299 3328 4354 multos
3356 4298 3699 4369 supplantant
3732 4317 3745 4352 :
3774 4307 3828 4354 et
3853 4302 3997 4370 quod

2400 4397 2638 4450 omnium
2669 4403 2750 4451 est
2777 4394 2996 4448 istorum
3016 4401 3194 4462 caput,
3227 4407 3322 4446 cur
3348 4390 3597 4446 adveniat
3624 4390 3996 4457 antichristus,

2401 4490 2490 4560 qui
2521 4496 2662 4542 tanta
2702 4487 2865 4557 pollet
2891 4486 2958 4541 ad
2988 4485 3360 4556 decipiendum
3385 4486 3619 4556 potentia
3647 4525 3662 4549 ,
3704 4494 3765 4539 ut
3802 4485 4002 4540 dixerit

2403 4582 2645 4637 Christus
2671 4597 2792 4636 eum
2822 4591 2965 4635 tanta
2997 4581 3380 4651 prmstiturum,
3408 4591 3465 4634 ut
3491 4580 3544 4633 in
3572 4595 3812 4634 errorem
3846 4579 4003 4635 indu-

2403 4686 2624 4738 cantur,
2667 4676 2710 4729 si
2759 4675 2870 4729 fieri
2903 4682 3110 4744 potest,
3152 4674 3312 4728 etiam
3342 4673 3497 4728 electi
3525 4671 3740 4742 (Matth.
3767 4671 3858 4726 24.
3882 4671 3998 4744 24).

2403 4769 2472 4823 At
2493 4769 2633 4823 enim
2663 4769 2762 4823 ista
2790 4764 3076 4837 quazrcnda
3108 4782 3212 4820 non
3246 4773 3406 4830 sunt,
3438 4765 3532 4820 sed
3563 4773 3686 4820 sunt
3709 4767 3890 4820 omnia
3915 4767 4000 4820 in-

2405 4861 2871 4933 comprehensibili
2904 4861 2994 4914 Dei
3023 4860 3298 4929 sapientia:
3335 4859 3738 4914 committenda.
3795 4858 3930 4914 Nam
3960 4862 4002 4914 is

2405 4954 2618 5024 quidem
2646 4954 2738 5024 qui
2763 4967 3057 5024 generosus
3077 4962 3131 5007 et
3158 4963 3411 5007 constans
3437 4961 3540 5017 est,
3571 4952 3814 5022 quamvis
3843 4954 4002 5007 innu-

2406 5047 2539 5101 meri
2583 5045 2811 5108 lluctus,
2862 5045 3106 5116 quamvis
3147 5045 3444 5098 innumera:
3493 5043 3741 5114 procella:
3772 5043 4001 5109 irruant,

2407 5156 2513 5196 non
2539 5140 2700 5195 modo
2727 5140 2856 5194 nihil
2885 5140 3099 5193 laeditur
3117 5181 3130 5203 ,
3179 5137 3272 5192 sed
3299 5138 3459 5192 etiam
3487 5137 3758 5192 robustior
3782 5138 3961 5192 evadit
3989 5156 4001 5196 ;

2407 5234 2688 5289 imbecillis
2739 5242 2918 5287 autem
2946 5275 2961 5299 ,
3010 5241 3064 5286 et
3094 5231 3269 5285 mollis
3293 5245 3356 5285 ac
3397 5231 3547 5300 piger
3586 5231 3745 5285 etiam
3788 5231 4006 5286 nemine

2408 5329 2754 5399 impugnante
2783 5342 3154 5398 srepennmero
3179 5326 3431 5380 concidit.
3480 5324 3634 5392 Quod
3673 5326 3717 5379 si
3745 5323 3886 5379 forte
3915 5341 3994 5380 ra:

2410 5423 2605 5476 tionem
2624 5423 2915 5476 etiamnum
2947 5421 3179 5491 aliquam
3205 5419 3345 5474 scire
3378 5417 3660 5473 contendis
3683 5458 3697 5482 ,
3729 5419 3859 5472 audi
3885 5433 4000 5473 eam

2408 5529 2528 5583 quas
2573 5513 2727 5566 nobis
2773 5519 3044 5580 comperta
3086 5520 3186 5567 est.
3237 5511 3374 5566 Sunt
3411 5511 3551 5565 enim
3597 5509 3717 5564 alite
3760 5509 4004 5580 plurimze

2409 5605 2519 5660 Deo
2563 5613 2738 5670 notae,
2785 5604 2876 5674 qui
2921 5603 3132 5658 diverso
3175 5603 3431 5673 varioque
3473 5600 3635 5656 modo
3665 5616 3754 5655 res
3792 5613 4007 5656 nostras

2409 5697 2672 5767 gubernat
2715 5697 2997 5750 universas
3029 5713 3041 5749 :
3076 5711 3236 5764 quam
3267 5704 3444 5750 autem
3485 5709 3585 5748 nos
3610 5694 3836 5758 scimus,
3872 5695 4004 5748 ham.

2410 5789 2621 5845 interim
2647 5790 2850 5859 accipe.
2905 5789 3141 5843 Dicimus
3174 5787 3421 5842 scandala
3451 5787 3548 5840 ista
3571 5799 3691 5840 esse
3720 5788 4009 5853 permissa.

2413 5893 2470 5940 ut
2498 5898 2564 5939 ne
2594 5883 2807 5938 fortium
2838 5899 2900 5938 ac
2943 5897 3328 5953 generosorum
3358 5881 3573 5951 praemia
3607 5881 4009 5944 minuerentur,

2412 5979 2554 6051 quod
2600 5988 2654 6034 et
2697 5976 2890 6034 Jobum
2937 5976 3214 6046 alloquens
3258 5975 3399 6032 Deus
3452 5975 3742 6043 indicavit,
3794 5973 4010 6043 dicens,
