4192 6496
188 436 281 490 507

186 545 411 617 βασιλέα,
430 544 529 597 καὶ
564 542 749 597 λαϐεῖν
784 541 879 597 τοῦ
906 542 1081 614 δήμου
1110 542 1219 596 τῶν
1247 542 1516 612 Ἐϐραίων
1537 540 1606 593 τὰ
1638 538 1769 609 σκῆ-

182 654 313 708 πτρα
338 639 404 708 τῇ
428 634 527 690 τοῦ
544 634 683 689 Θεοῦ
704 635 894 707 ψήφῳ,
913 635 1010 689 κα)⁵
1027 634 1089 688 τὸ
1106 633 1361 707 λαμπρὸν
1376 635 1553 688 ἐκεῖνο
1575 632 1771 703 στῆσαι

182 730 429 801 τρόπαιον
454 729 601 785 κατά
616 728 710 783 τοῦ
738 727 1131 801 βαρϐάρου,τά
1157 727 1524 799 χαλεπώτατα
1552 725 1770 779 πάντων

182 820 526 895 [ι95]έπαθε,
562 820 1008 892 πολεμούμενος,
1055 820 1545 890 ἐπιϐουλευόμενος
1617 814 1771 888 παρά

179 913 262 967 τοῦ
284 913 475 979 Σαοὺλ,
498 916 632 984 περὶ
649 913 781 967 αὐτὸ
806 912 867 966 τδ
898 911 1001 983 ζῇν
1034 910 1382 973 κινδυνεύων,
1397 911 1479 973 εἰς
1494 908 1771 978 πολέμους

180 1005 484 1075 ἐπισφαλεῖς
506 1005 955 1077 ἐκπεμπόμενος,
979 1002 1220 1074 συνεχῶς
1245 1003 1382 1073 πρὸς
1404 1000 1504 1073 τὴν
1530 1000 1770 1073 ἐρημίαν

181 1095 549 1167 ἐλαυνόμενος,
581 1097 813 1167 ἀλήτης,
850 1096 1053 1166 φυγὰς,
1112 1095 1328 1161 ἄπολις,
1382 1098 1600 1160 ἄοικος,
1640 1112 1771 1166 μετ-

182 1188 406 1260 ανάστης
422 1190 744 1261 γενόμενος;
761 1190 827 1243 Τί
856 1190 938 1244 δεῖ
956 1191 1023 1245 τά
1048 1190 1222 1247 πολλά
1244 1191 1459 1259 λέγειν;
1490 1188 1659 1253 Τέλος
1676 1190 1772 1243 καὶ⁵

178 1282 264 1352 τῆς
292 1282 555 1354 πατρίδος
584 1284 797 1354 καὶτῆς
818 1285 1028 1349 οἰκείας
1054 1285 1240 1357 χώρας
1268 1285 1490 1355 ἀπάσης
1508 1284 1770 1350 ἐξέπεσεν

180 1375 402 1444 ἐκείνης,
434 1377 586 1448 παρά
620 1375 918 1448 βαρϐάροις
943 1380 1055 1442 τοῖς
1077 1377 1362 1448 πολεμίοις
1386 1378 1480 1431 καὶ
1507 1376 1770 1448 ἐχθροτά-

180 1483 277 1531 τοις
307 1467 627 1539 διατρίϐων,
659 1468 755 1522 καὶ
779 1469 1023 1532 δουλείας
1050 1470 1439 1543 χαλεπωτέραν
1472 1470 1769 1541 ὑπομένων

180 1558 327 1630 ζωήν·
356 1560 583 1632 καὶγὰρ
614 1560 709 1614 καὶ
726 1561 829 1632 τῆς
844 1562 1153 1632 ἀναγκαίας
1180 1564 1376 1635 ἠπόρει
1400 1564 1629 1635 τροφῆς.
1657 1564 1769 1616 Καὶ

178 1647 333 1707 ταῦτα
378 1652 592 1724 ἔπασχε
639 1656 779 1725 μετά
824 1656 924 1727 τὴν
968 1655 1276 1729 παρουσίαν
1326 1655 1423 1709 τοῦ
1476 1655 1766 1727 Σαμουὴλ,

181 1744 302 1812 μετά
330 1745 430 1816 τὴν
462 1746 561 1799 τοῦ
586 1745 767 1800 ἐλαίου
795 1747 1003 1819 χρίσιν,
1033 1747 1173 1818 μετά
1203 1746 1305 1819 τὴν
1342 1748 1446 1818 τῆς
1485 1746 1766 1818 βασιλείας

178 1842 475 1913 ὑπόσχεσιν,
540 1844 681 1915 μετά
727 1844 797 1898 τά
853 1843 1147 1915 σκῆπτρα,
1203 1843 1343 1915 μετά
1377 1844 1441 1897 τὸ
1487 1843 1764 1915 διάδημα,

179 1937 301 2003 μετά
330 1934 427 2007 τὴν
462 1935 562 1989 τοῦ
594 1936 729 1989 Θεοῦ
760 1936 1119 2007 χειροτονίαν,
1174 1938 1271 1990 κα)⁵
1319 1936 1417 2007 τὴν
1442 1936 1630 2007 ψῆφον
1665 1936 1767 2008 τὴν

176 2028 250 2079 ἐπ’
274 2030 451 2096 αὐταῖν
483 2030 581 2083 καὶ
606 2029 756 2100 ὅμως
795 2029 949 2082 οὐδὲν
984 2028 1149 2083 αὐτὸν
1193 2029 1402 2083 τούτων
1440 2029 1767 2084 ἐσωνδάλι-

183 2135 279 2185 σεν,
309 2121 426 2175 οὐδὲ
460 2117 620 2174 εἶπεν
664 2121 786 2175 ούδέ
832 2115 1114 2185 οὗτος,Τί
1156 2121 1349 2189 τοῦτο;
1392 2123 1453 2177 ’0
1510 2122 1766 2192 βασιλεὺς

176 2212 292 2281 ἐγὼ,
322 2216 415 2268 καὶ
438 2213 717 2286 τοσαύτης
741 2214 954 2287 μέλλων
982 2215 1161 2287 ἀρχῆς
1184 2214 1623 2279 ἀπολαύσεσθαι,
1642 2215 1768 2270 οὐδὲ

178 2302 372 2377 tam;
406 2306 550 2377 μετά
584 2306 886 2379 ἀσφαλείας
914 2303 1055 2361 εἶναι
1088 2306 1352 2379 δύναμαι·
1388 2307 1525 2362 ἀλλά
1556 2308 1767 2380 ἀλήτης

175 2398 375 2466 γέγονα,
402 2398 498 2452 καὶ
526 2397 727 2468 φυγὰς,
766 2400 984 2465 ἄπολις,
1012 2399 1217 2466 ἄοικος,
1257 2400 1627 2472 μετανάστης,
1672 2402 1767 2455 καὶ¹

175 2492 242 2554 είς
281 2490 556 2564 βάρϐαρον
591 2491 914 2564 ἀπηνέχθην
944 2493 1130 2566 χώραν
1175 2494 1270 2548 καὶ
1308 2495 1410 2565 τῆς
1457 2494 1767 2564 ἀναγκαίας

175 2581 380 2652 ἀπορῶν
431 2583 675 2654 τροφῆς,
711 2585 807 2638 καὶ
855 2584 984 2656 περὶ
1034 2586 1143 2638 τῶν
1192 2586 1440 2657 ἐσχάτων
1474 2586 1589 2657 όρῶ
1641 2585 1767 2640 καθ’

177 2673 393 2744 ίκάστην
408 2675 628 2747 ἡμέραν
652 2677 1103 2749 ἐπικρεμάμενόν
1133 2696 1224 2750 μοι
1246 2679 1338 2732 τὸν
1365 2678 1632 2734 κίνδυνον.
1653 2679 1767 2733 Ποῦ

176 2765 261 2837 τῆς
276 2767 555 2838 βασιλείας
580 2771 637 2823 αί
666 2768 1029 2841 ύποσχέσειςς
1057 2772 1161 2826 ποῦ
1183 2773 1285 2843 τῆς
1315 2772 1494 2845 ἀρχῆς
1522 2775 1578 2827 αί
1596 2775 1769 2843 ἐπαγ-

177 2858 333 2925 γελίαι
364 2862 622 2931 ἐκείνης;
655 2862 822 2915 υύδὲν
853 2862 1060 2916 τούτων
1094 2863 1195 2916 οὐκ
1228 2859 1528 2929 είπεν,ούκ
1546 2864 1766 2935 ἐνενόη-

178 2966 276 3004 σεν·
305 2953 404 3006 οὐκ
461 2952 866 3024 ἐσκανδαλίσθη
892 2957 1005 3018 τοῖς
1027 2955 1359 3026 γινομένοις,
1377 2954 1516 3009 ἀλλά
1538 2955 1769 3027 ἀνέμενε

179 3042 259 3094 καὶ
284 3043 443 3108 αὐτὸς
470 3045 535 3097 τὸ
566 3044 723 3109 τέλος
752 3045 862 3098 τῶν
894 3046 1268 3117 ὑποσχέσεων.
1306 3049 1419 3102 Καὶ
1454 3049 1677 3122 ἐτέρους
1709 3048 1770 3102 δέ

182 3135 389 3207 μυρίους
428 3138 585 3191 ἐστιν
615 3139 808 3197 εἰπεῖν.
841 3140 892 3192 οἶ
919 3140 1177 3210 χαλεποῖς
1199 3142 1599 3214 περιπεσόντες
1622 3144 1769 3213 πρά-

176 3241 381 3296 γμασιν,
410 3228 515 3282 ούκ
542 3228 982 3300 ἐθορυϐήθησαν,
1011 3229 1150 3284 ἀλλὰ
1178 3230 1274 3285 τοῦ
1302 3231 1444 3286 Θεοῦ
1468 3233 1566 3304 τῆν
1589 3234 1771 3303 ἀπαγ-

178 3318 343 3385 γελίαν
380 3323 737 3393 κατέχοντες,
777 3325 827 3376 εἰ
858 3324 954 3377 καὶ
988 3323 1214 3378 ἐναντία
1252 3324 1321 3378 τά
1354 3326 1618 3396 γινόμενα
1648 3329 1771 3391 ταῖς

179 3411 521 3482 ὑποσχέσεσιν
555 3410 646 3486 ἦν,
672 3414 762 3469 διά
791 3416 889 3486 τῆς
918 3415 1216 3489 καλλίστης
1248 3417 1456 3488 ταύτης
1485 3419 1770 3491 ὑπομονῆς

179 3502 446 3578 λαμπροὺς
469 3507 767 3578 ἐδρέποντο
789 3510 915 3573 τοὺς
934 3510 1238 3578 στεφάνους
1254 3524 1303 3565 ⁸.
1338 3511 1451 3565 Καὶ
1479 3513 1544 3566 σὺ
1564 3512 1767 3575 τοίνυν,

180 3599 430 3673 ἀγακητέ,
460 3602 709 3672 ἀνάμενε
743 3602 837 3655 καὶ
881 3602 1046 3667 αὐτὸς
1076 3603 1137 3657 τὸ
1178 3602 1357 3667 τέλος·
1396 3604 1617 3669 πάντως
1658 3606 1770 3678 γάρ

181 3692 559 3765 ἀπαντήσεται,
599 3693 633 3769 ᾗ
689 3692 949 3759 ἐνταῦθα,
984 3695 1018 3765 ἢ
1065 3696 1124 3748 ἐν
1162 3694 1242 3765 τῷ
1282 3694 1535 3766 μέλλοντι
1560 3698 1721 3751 αίῶνι
1752 3716 1765 3729 θ

181 3786 262 3837 καὶ
286 3786 613 3858 παραχώρει
656 3787 938 3857 πανταχοῦ
983 3786 1063 3858 τῷ
1107 3788 1485 3861 ἀκαταλήπτῳ
1535 3794 1637 3863 τῆς
1672 3792 1768 3847 τοῦ

181 3874 298 3928 Θεοῦ
328 3878 609 3947 προνοίας,
657 3878 752 3932 καὶ
804 3878 881 3949 μὴ
932 3878 1082 3949 λέγε,
1136 3880 1261 3944 Πῶς
1315 3881 1374 3935 δὲ
1418 3882 1488 3935 τά
1529 3884 1773 3941 τοσαῦτα

184 3967 309 4020 κακά
334 3967 570 4039 λήψεται
610 3968 932 4039 διόρθωσινς
968 3971 1105 4043 μηδὲ
1139 3972 1509 4045 περιεργάζου
1544 3980 1643 4049 τῆς
1676 3978 1770 4031 τοῦ

182 4057 299 4112 θεοῦ
326 4060 790 4132 παραδοξοποιίας
812 4061 904 4115 τὸν
932 4062 1155 4132 τρόπον.

244 4153 370 4220 Κεφ.
405 4154 498 4211 ια’,
552 4154 692 4207 Ούδέ
722 4154 831 4226 γὰρ
862 4154 913 4208 οἱ
952 4155 1156 4210 δίκαιοι
1200 4156 1327 4211 τότε
1371 4159 1575 4215 ἐκεῖνοι
1610 4162 1773 4219 τοῦτο

182 4242 454 4313 ἐζήτησαν,
476 4244 567 4307 τὺ,
590 4243 714 4307 Πῶς
741 4244 836 4299 καὶ
873 4246 979 4301 τίνι
1014 4247 1202 4319 τρόπῳ
1227 4250 1403 4305 ταῦτα
1429 4251 1586 4307 ἔσται
1610 4272 1623 4287 ⁸
1658 4256 1776 4311 ἀλλ’

181 4334 394 4403 ὁρῶντες
408 4339 491 4400 είς
503 4335 825 4404 ἀπόγνωσιν
842 4337 981 4390 κατὰ
1002 4338 1351 4410 ἀνθρώπινον
1363 4341 1625 4415 λογισμὸν
1646 4348 1777 4401 πάν-

183 4444 242 4481 τα
264 4432 561 4501 φερόμενα,
596 4428 718 4483 ούδέ
750 4428 928 4493 οὕτως
963 4430 1344 4503 ἐθορυϐοῦντο,
1384 4437 1508 4491 οὐδὲ
1542 4441 1776 4512 ἐταράτ-

184 4536 317 4575 τοντο
333 4540 345 4550 ·
368 4523 486 4577 ἀλλ’
510 4522 714 4592 ἔφερον
730 4523 949 4577 ᾶπαντα
969 4524 1255 4591 γενναίως,
1274 4528 1541 4601 μεγίστην
1558 4531 1777 4603 ἔχοντες

184 4612 437 4680 ἀπόδειξιν
452 4616 569 4669 τῶν
593 4615 871 4686 ἐσομένων
891 4616 1147 4687 χρηστῶν
1162 4618 1263 4690 τὴν
1279 4614 1514 4691 δύναμιν
1525 4624 1622 4677 τοῦ
1644 4626 1777 4680 ὑπο-

187 4708 452 4775 σχομένου,
476 4708 578 4762 καὶ
598 4708 709 4761 ἀπὸ
729 4708 829 4777 τῆς
848 4708 957 4761 τῶν
973 4711 1277 4780 γινομένων
1296 4714 1681 4787 ἐναντιότητος
1696 4720 1777 4783 είς

185 4800 474 4869 ἀπόγνωσιν
506 4802 613 4855 οὐκ
638 4802 1029 4872 ἐμπίπτοντες.
1064 4804 1305 4875 ᾚδεσαν
1327 4806 1435 4879 γὰρ
1462 4811 1672 4878 σαφῶς,
1692 4812 1777 4865 ὅτι

186 4893 471 4967 εὐμήχανος
512 4898 597 4949 ὢν
626 4897 719 4950 καὶ
754 4896 942 4964 σοφὸς,
976 4895 1272 4966 δυνήσεται
1312 4900 1409 4953 καὶ
1450 4902 1590 4971 μετά
1624 4906 1685 4957 τὸ
1708 4905 1776 4958 τά

190 4992 466 5061 πράγματα
519 4991 976 5061 άωγορευθῆναι
1035 4994 1457 5065 ἀνακτήσασθαί
1512 5013 1574 5048 τε
1633 4997 1776 5050 αύτά

189 5082 365 5148 μᾶλλον
396 5084 430 5154 ἢ
459 5083 800 5153 ἔμπροσθεν,
841 5084 937 5137 καὶ
968 5086 1108 5155 μετά
1146 5087 1352 5159 πολλῆς
1383 5087 1485 5159 τῆς
1522 5089 1777 5155 εὐκολίας

185 5179 279 5239 τοῖς
326 5176 753 5245 ἐπαγγελθεῖσιν
800 5178 1071 5231 ἐπιθεῖναι
1102 5180 1275 5244 τέλος.
1324 5181 1435 5235 Καὶ
1473 5182 1538 5235 σὺ
1576 5184 1776 5253 τοίνυν,

186 5269 436 5340 ἀγαπητὴ
467 5273 537 5326 ἀν
578 5288 639 5323 τε
673 5273 732 5323 ἐν
761 5270 840 5341 τῷ
870 5273 1101 5343 παρόντι
1135 5274 1235 5343 βίῳ
1280 5275 1425 5349 λάϐῃ
1451 5276 1520 5329 τὰ
1550 5276 1776 5348 λυπηρά

186 5358 338 5427 λύσιν,
364 5363 557 5429 δόξαζε
580 5364 674 5417 τὸν
707 5364 861 5418 Θεόν’
903 5364 969 5418 ἀν
998 5383 1058 5418 τε
1090 5368 1170 5430 είς
1200 5368 1441 5441 δυσχερῆ
1465 5370 1774 5444 καταλύσῃ,

188 5456 265 5507 καὶ
284 5456 454 5520 οὕτως
478 5458 823 5528 εὐχαρίστει,
848 5458 944 5511 καὶ
978 5458 1147 5528 μηδὲν
1181 5460 1545 5525 σκανδαλίζου
1567 5504 1581 5525 ,
1618 5462 1777 5527 εἰδὼς

190 5550 352 5616 σαφῶς
399 5550 495 5603 τοῦ
528 5550 671 5603 Θεοῦ
715 5550 815 5621 τὴν
852 5550 1107 5623 πρόνοιαν
1136 5552 1237 5624 τὴν
1281 5554 1513 5625 ἄπειρον
1553 5556 1649 5607 καὶ
1685 5556 1777 5627 ἐρ-

194 5643 506 5714 μηνευθῆναι
545 5643 625 5713 μὴ
653 5644 985 5715 δυναμένην,
1023 5646 1119 5698 καὶ
1156 5647 1240 5700 ὅτι
1286 5648 1513 5710 πάντως
1545 5647 1777 5717 λήψεται

188 5732 239 5784 τὸ
266 5737 538 5806 προσῆκον
570 5736 791 5789 ᾶπαντα
818 5737 992 5803 τέλος,
1025 5737 1135 5791 εἴτε
1179 5740 1236 5791 ἐν
1272 5738 1351 5810 τῷ
1387 5740 1617 5811 παρόντι
1650 5740 1773 5812 βίῳ,

190 5824 282 5878 ιῐτε
325 5830 379 5881 ἐν
428 5828 510 5900 τῷ
545 5828 821 5899 μέλλοντι.
858 5830 920 5882 Εἰ
954 5830 1012 5883 δέ
1046 5847 1127 5893 τις
1171 5830 1232 5883 τὸ
1286 5831 1480 5902 μέλλον
1537 5832 1775 5903 ἀκούων,

244 5943 266 5974 ⁵
288 5944 384 5998 Alii
403 5945 654 6009 λαμπροὺς
678 5945 943 6003 ἀνεδήσατο
969 5944 1074 6002 τοὺς
1106 5963 1240 6009 σιετ.

999 430 1091 484 AD
1129 429 1263 485 EOS
1302 427 1421 495 QUI
1461 420 1970 483 SCANDALIZATI
2010 420 2212 479 SUNT.
2257 422 2391 479 LIB.
2430 417 2639 478 UNUS.

3368 415 3476 473 508

1876 535 2029 609 [494]
2054 538 2149 590 καὶ
2178 535 2531 608 μικροῲυχῶν
2581 532 2856 601 ἐπείγοιτο
2898 530 3059 586 τοῦτο
3085 530 3320 585 ἐνταῦθα
3348 532 3477 585 ἰδεῖν

1872 634 2183 706 γινόμενον,
2216 634 2453 706 ἐροῦμεν
2480 634 2563 688 ὃτι
2596 634 2629 705 ἡ
2662 631 2883 705 ἀληθῶς
2912 630 3029 703 ζωὴ
3065 632 3163 686 καὶ
3184 630 3255 686 τά
3278 628 3476 701 βέϐαια

1874 732 2179 804 πράγματα
2206 734 2300 786 καὶ
2324 732 2562 805 ἀκίνητα
2582 732 2706 786 τότε
2727 733 2877 804 ἡμᾶς
2906 731 3080 803 μένει.
3111 730 3193 784 Τά
3219 729 3321 801 μέν
3364 726 3477 797 γάρ

1876 831 2141 899 παρόντα,
2168 829 2308 893 ὁδὸς,
2355 830 2541 883 ἐκεῖνα
2587 830 2670 892 δὲ,
2705 828 2940 898 πατρίς·
2994 827 3066 883 τά
3102 824 3340 881 ἐνταῦθα
3390 823 3478 879 ἀνα

1872 925 2021 980 θεσιν
2056 926 2234 981 ἔοικεν
2263 928 2521 1000 ἐαρινοῖς,
2560 928 2745 981 ἐκεῖνα
2773 926 2832 980 δέ
2892 924 3123 999 πέτραις
3165 925 3474 995 ἀκινήτοις·

1872 1024 1992 1077 ἐκεῖ
2028 1023 2285 1095 στέφανοι
2330 1025 2427 1078 καὶ
2474 1024 2705 1094 ἀμοιϐαὶ
2731 1022 2887 1089 τέλος
2930 1023 3032 1077 οὐκ
3085 1022 3330 1093 ἔχουσαι,
3361 1020 3481 1073 ἐκεῖ

1873 1121 2085 1176 ἔπαθλα
2137 1122 2234 1177 καὶ
2283 1122 2554 1194 βραδεῖα,
2606 1123 2723 1175 ἐκεῖ
2770 1121 3023 1187 κολάσεις
3067 1121 3160 1175 καὶ
3209 1118 3477 1192 τιμωρίαι

1871 1218 2139 1291 ἀφόρητοι
2185 1219 2295 1273 τῶν
2333 1219 2401 1273 τά
2443 1219 2671 1273 τοιαῦτα
2717 1218 3242 1291 κακουργησάντων.
3271 1217 3339 1270 Τί
3383 1211 3479 1269 οὖν

1871 1315 2009 1387 πρὸς
2058 1317 2184 1380 τοὺς
2235 1317 2374 1380 τέως
2423 1315 2988 1389 σκανδαλιζομένους;
3032 1315 3187 1389 φησί.
3225 1314 3292 1369 Τί
3324 1314 3383 1368 δέ
3412 1314 3478 1367 σὺ

1869 1414 1999 1478 τοὺς
2027 1414 2295 1485 μειζόνως
2322 1415 2737 1487 διαλάμψαντας
2764 1415 2827 1469 ού
2848 1414 3055 1485 λέγεις,
3081 1414 3210 1478 τοὺς
3228 1413 3285 1467 δέ
3309 1431 3479 1486 προσ-

1870 1515 2049 1568 ωπεῖα
2078 1513 2370 1579 εὐλαϐείας
2415 1512 2860 1586 περικειμένους,
2888 1512 2983 1567 καὶ
3032 1511 3129 1565 νῦν
3178 1509 3477 1581 ἐλεγχομέ-

1871 1628 2018 1674 νους,
2049 1610 2275 1675 τούτους
2307 1610 2464 1680 ἄγεις
2492 1612 2573 1675 είς
2606 1610 2806 1681 μέσον;
2847 1609 2959 1680 οὐχ
3001 1610 3135 1681 ὁρᾷς
3163 1608 3225 1662 τὸ
3254 1608 3480 1680 χρυσίον

1870 1707 2307 1779 καθαιρόμενον;
2354 1707 2734 1781 τὸν-μόλιϐδον
2761 1706 3157 1777 ἐλεγχόμενον;
3193 1705 3265 1759 τὰ
3295 1708 3476 1777 ἄχυρα

1868 1805 2258 1878 διακρινόμενα
2288 1807 2383 1860 τοῦ
2415 1806 2597 1871 σίτου;
2631 1808 2757 1869 τοὺς
2783 1804 2984 1869 λύκους
3011 1804 3121 1858 τῶν
3144 1803 3473 1876 προϐάτων;

1867 1904 1994 1968 τοὺς
2019 1904 2439 1974 πεπλασμένους
2464 1904 2573 1956 τῶν
2600 1904 2819 1974 ἀληθῶς
2845 1905 2903 1956 ἐν
2928 1902 3191 1977 εὐλαϐείᾳ
3220 1900 3441 1968 ζώντων
3462 1917 3476 1965 ;

1872 2000 2038 2054 Ὥστε
2077 2001 2208 2054 ὃταν
2258 2002 2376 2074 ἴδῃς
2418 2001 2626 2055 τούτων
2650 2002 2719 2056 τὰ
2749 2001 3048 2067 σκάνδαλα,
3091 2000 3347 2073 ἐννόησον
3379 2000 3482 2055 κά-

1869 2098 2067 2152 κείνων
2127 2099 2227 2164 τάς
2284 2099 2691 2171 εὐδοκιμήσεις.
2737 2098 3245 2169 ’Υπεσκελίσθησάν
3302 2113 3483 2160 τινες,
3579 2103 3594 2120 ⁸

1870 2198 2007 2252 ἀλλά
2057 2201 2151 2253 καὶ
2196 2198 2435 2271 ἔστησαν
2483 2198 2667 2267 πολλῷ
2698 2197 2941 2262 πλείους,
2975 2198 3070 2252 καί
3098 2197 3326 2269 μείζονα
3359 2199 3487 2251 ἐαυ-

1867 2298 1983 2360 τοῖς
2009 2296 2203 2366 μισθὸν
2233 2297 2565 2368 συνήγαγον,
2595 2293 2723 2349 οὔτε
2770 2298 2839 2367 τῇ
2889 2294 3181 2366 δυναστείᾳ
3222 2294 3332 2348 τῶν
3361 2296 3486 2348 ἐπι-

1869 2394 2258 2462 ϐουλευόντων,
2282 2394 2408 2449 οὔτε
2437 2398 2503 2467 τῇ
2538 2394 2797 2467 δυσκολίᾳ
2829 2394 2940 2447 τῶν
2972 2393 3185 2467 καιρῶν
3222 2412 3489 2467 περιτρα-

1871 2492 2086 2557 πέντες.
2133 2492 2245 2548 Καὶ
2292 2495 2343 2547 οί
2396 2492 2879 2564 σκανδαλιζόμενοι
2913 2491 2969 2545 δέ
3005 2493 3221 2557 ἑαυτοῖς
3270 2491 3487 2562 λογιζέ-

1873 2589 2091 2645 σθωσαν
2113 2608 2126 2622 ·
2169 2590 2293 2645 ἐπεὶ
2328 2592 2425 2646 καὶ
2454 2594 2503 2646 οί
2537 2592 2727 2657 παῖδες
2754 2594 2803 2646 οί
2828 2594 2979 2661 τρεῖς
3018 2592 3113 2646 καὶ
3148 2592 3311 2665 ίερῶν
3353 2592 3489 2646 ἀπο-

1866 2690 2234 2758 σπασθέντες,
2284 2692 2379 2745 κα¹ι
2430 2690 2584 2755 ναοῦ,
2633 2693 2726 2745 καὶ
2773 2690 3202 2762 θυσιαστηρίου,
3248 2692 3343 2745 καὶ
3386 2692 3490 2763 τῆς

1869 2788 2040 2859 ἄλλης
2083 2789 2306 2860 ἀπάσης
2350 2788 2451 2858 τῆς
2497 2788 2639 2842 κατά
2693 2788 2859 2860 νόμον
2910 2788 3257 2861 ἐπιμελείας.
3288 2790 3383 2843 καὶ
3432 2792 3491 2843 ἐν

1877 2886 2021 2959 μέση
2075 2886 2373 2959 βαρϐάρων
2423 2887 2579 2959 x69;
2626 2886 3060 2959 ἀποληφθέντες,
3100 2887 3243 2957 μετά
3287 2887 3491 2959 πολλῆς

1873 2984 1976 3056 τῆς
2008 2982 2299 3055 ἀκριϐείας
2327 2983 2420 3037 τὸν
2456 2984 2621 3055 νόμον
2664 2984 3027 3056 διετήρησαν
3072 2986 3168 3039 καὶ
3220 2988 3249 3040 6
3290 2986 3491 3057 Δανιὴλ

1871 3084 2097 3156 ὁμοίως,
2133 3085 2228 3137 καὶ
2260 3084 2440 3156 ἐτεροι
2476 3083 2665 3138 πολλοί
2689 3102 2702 3116 ο
2741 3084 2836 3139 καὶ
2880 3085 2932 3137 οί
2970 3084 3071 3157 μὲν
3103 3087 3183 3150 είς
3208 3086 3493 3158 αίχμαλω-

1876 3184 1996 3239 σίαν
2026 3183 2421 3255 ἀπενεχθέντες
2445 3183 2507 3236 ού
2533 3183 2967 3257 παρεϐλάϐησάν
2985 3202 3059 3247 τι,
3088 3184 3243 3241 ἄλλοι
3266 3187 3325 3242 δέ
3351 3187 3494 3242 οίκοι

1876 3283 2155 3352 μένοντες,
2189 3282 2285 3336 καὶ
2326 3281 2547 3336 πάντων
2584 3281 2956 3347 ἀπολαύοντες
2984 3283 3094 3336 τῶν
3123 3284 3217 3338 ἐπὶ
3245 3285 3348 3357 τῆς
3382 3303 3491 3341 πα·-

1872 3381 2074 3452 τρίδος,
2104 3382 2523 3453 προσέκρουσαν
2560 3380 2655 3435 καὶ
2682 3381 3185 3465 κατεδικάσθησαν.

1945 3582 2080 3649 Κεφ.
2107 3582 2194 3651 ιβ’.
2220 3581 2283 3635 El
2313 3580 2370 3634 δέ
2399 3580 2623 3652 ζητοίης
2652 3582 2800 3647 τίνος
2823 3583 3012 3638 ἕνεκεν
3041 3584 3215 3639 ταῦτα
3250 3602 3494 3659 συνεχω-

1878 3680 2041 3752 ρήθη,
2072 3680 2168 3734 καὶ
2200 3679 2276 3751 μὴ
2302 3682 2416 3743 τοῖς
2444 3680 2709 3751 ἀρρήτοις
2737 3680 2848 3734 τῶν
2873 3682 3176 3753 οἰκονομῶν
3204 3684 3374 3739 αὐτοῦ
3404 3686 3494 3740 λό-

1873 3796 1993 3848 γοις
2015 3779 2430 3850 παραχωροίης.
2446 3776 2584 3833 ἀλλά
2601 3778 2942 3850 ἐμελέτησας
2957 3781 3050 3836 ἀεὶ⁵
3073 3783 3253 3837 πάντα
3270 3800 3498 3856 περιερ-

1873 3878 1982 3946 γάζ
1984 3878 2139 3931 εσθαι
2150 3917 2163 3938 ,
2178 3876 2285 3948 όδῷ
2306 3876 2639 3948 προϐαίνων,
2659 3878 2753 3931 καὶ
2770 3877 2907 3933 ἀλλα
2924 3878 3096 3934 πολλὰ
3110 3879 3494 3954 διαπορήσεις,

1873 3971 2006 4039 οἷον,
2032 3974 2177 4038 τίνος
2204 3973 2394 4028 ἕνεκεν
2423 3975 2735 4049 ἀφείθησαν
2758 3978 2815 4031 αί
2842 3977 3107 4048 αἱρέσεις,
3138 3979 3285 4044 τίνος
3307 3981 3497 4038 ἕνεκεν

1874 4074 1904 4126 6
1941 4072 2209 4137 διάϐολος,
2244 4073 2391 4136 τίνος
2430 4073 2619 4127 ἕνεκεν
2652 4075 2701 4128 οἱ
2730 4074 3009 4146 δαίμονες,
3036 4075 3183 4143 τίνος
3225 4077 3415 4134 ἕνεκεν
3444 4082 3495 4135 οι

1877 4172 2112 4243 πονηροὶ¹
2141 4171 2250 4225 τῶν
2271 4170 2582 4243 ἀνθρώπιον
2608 4172 2703 4225 καὶ
2732 4172 2968 4238 πολλοὺς
3000 4174 3461 4243 ύποσκελίζοντες
3480 4196 3492 4210 ·

1879 4271 1975 4325 καὶ
2008 4270 2070 4323 τὸ
2114 4270 2179 4341 δὴ
2224 4270 2527 4340 κεφάλαιον
2557 4272 2819 4328 ἀπάντων
2849 4274 3082 4340 τούτων,
3119 4276 3269 4343 τίνος
3306 4277 3497 4333 ἕνεκεν

1878 4370 1907 4422 6
1945 4368 2319 4439 Ἀντίχριστος
2337 4368 2769 4439 παραγίνεται,ό
2801 4372 3073 4442 τοσαύτην
3096 4373 3239 4444 ἔχων
3260 4376 3497 4447 δύναμιν

1880 4466 2021 4539 πρὸς
2064 4466 2307 4537 ἀπάτην,
2335 4466 2412 4531 ὼς
2465 4470 2559 4520 τὸν
2610 4468 2850 4540 Χριστὸν
2900 4470 3099 4536 εἰπεῖν,
3135 4470 3218 4525 ὅτι
3266 4475 3496 4529 τοιαῦτα

1881 4568 2120 4637 ποιήσει,
2152 4565 2294 4617 ὥστε
2336 4563 2637 4634 πλανῆσαι.
2682 4566 2729 4618 εί
2762 4564 3013 4629 δυνατὸν,
3049 4568 3144 4621 καὶ
3176 4570 3311 4637 τοὺς
3336 4572 3495 4627 ἐκλε-

1878 4664 2061 4726 κτούς.
2083 4662 2223 4716 Ἀλλ’
2250 4662 2313 4716 οὐ
2348 4662 2429 4717 δεῖ
2461 4660 2635 4716 ταῦτα
2681 4661 2891 4733 ζητεῖν,
2925 4664 3065 4719 ἀλλά
3100 4667 3280 4722 πάντα
3314 4686 3497 4741 παρα-ι

1879 4764 2085 4834 χωρεῖν
2116 4759 2195 4830 τῷ
2226 4758 2609 4831 ἀκαταλήπτῳ
2631 4762 2731 4829 τῆς
2760 4761 2857 4817 τοῦ
2889 4763 3028 4818 Θεοῦ
3068 4766 3283 4834 σοφίας.
3305 4768 3365 4821 Ὀ
3396 4769 3521 4838 μὲν.

1880 4856 1990 4928 γὰρ
2016 4857 2286 4925 γενναίως
2310 4856 2413 4927 ἥδη
2450 4857 2781 4926 πεπηγὼςδ.
2816 4860 2919 4915 κᾶν
2952 4862 3128 4933 μυρία
3149 4862 3219 4917 τά
3248 4864 3495 4935 κύματα,

1880 4956 1984 5008 κᾶν
2019 4954 2206 5025 μυρίοι
2234 4956 2283 5006 οί
2314 4953 2585 5025 χειμῶνες
2616 4954 2869 5024 ἐπιῶσιν,
2899 4958 2962 5011 ού
2992 4961 3155 5030 μόνον
3194 4961 3349 5017 οὐδὲν
3390 4981 3498 5018 πα-

1883 5053 2283 5122 ραϐλάπτεται,
2332 5052 2473 5105 ἀλλά
2525 5054 2620 5107 καί
2668 5055 3020 5128 ἰσχυρότερος
3065 5059 3312 5128 γίνεται·
3362 5064 3392 5115 6
3439 5061 3497 5115 δὲ

1878 5151 2117 5221 ἀσθενὴς
2147 5152 2239 5203 καὶ
2272 5150 2546 5221 διαρρέων
2581 5151 2677 5205 καὶ
2705 5152 2993 5225 ὀλίγωρος,
3026 5157 3118 5211 καὶ
3152 5157 3381 5229 μηδενὸς
3412 5160 3499 5212 ἐν-

1880 5249 2165 5322 οχλοῦντος
2196 5248 2534 5302 καταπίπτει
2565 5248 2850 5315 πολλάκις.
2882 5252 2942 5306 Εἰ
2975 5252 3033 5306 δὲ
3063 5256 3159 5308 καὶ
3188 5255 3347 5325 λόγον
3378 5260 3497 5311 τινα

1882 5348 2163 5418 ἐπιζητεῖς
2191 5345 2409 5416 μαθεῖν,
2442 5346 2609 5400 ἄκουε
2636 5348 2728 5401 τὸν
2753 5350 2890 5419 ἡμῖν
2914 5349 3215 5424 γνώριμον.
3248 5353 3369 5407 Είσ“ι
3396 5354 3499 5424 μὲν

1881 5446 1992 5515 γάρ
2034 5446 2132 5498 καὶ
2157 5442 2339 5513 ἐτεροι
2372 5443 2563 5497 πολλοὶ
2591 5443 2669 5514 τῷ
2697 5444 2973 5518 διαφόρως
3015 5448 3109 5499 καὶ
3138 5449 3399 5515 ποικίλως
3430 5450 3499 5503 τὰ

1883 5542 2004 5596 καθ’
2042 5542 2195 5611 ἡμᾶς
2244 5540 2422 5593 πάντα
2471 5541 2850 5610 οἰκονομοῦντι
2896 5543 3075 5613 δῆλοιο
3122 5544 3183 5598 ὃν
3229 5546 3286 5600 δὲ
3338 5548 3499 5619 ἡμεῖς

1884 5640 2066 5709 ῖσμεν,
2091 5630 2249 5700 οὗτός
2274 5639 2390 5690 ἐστι
2412 5637 2574 5702 τέως.
2608 5638 2797 5707 Φαμὲν
2820 5640 2905 5693 ὅτι
2929 5641 2999 5693 τά
3028 5643 3304 5697 σκάνδαλα
3324 5646 3497 5698 ταῦτα

1882 5737 2086 5806 ἀφείθη
2127 5736 2269 5806 ὑπὲρ
2316 5735 2411 5787 τοῦ
2458 5734 2535 5805 μὴ
2568 5733 2943 5807 ἐλαττωθῆναι
2976 5738 3085 5792 τῶν
3114 5741 3382 5808 γενναίων
3431 5744 3500 5793 τίς

1886 5834 2114 5906 βραϐεἶα
2132 5849 2143 5859 ·
2175 5832 2203 5884 ὃ
2238 5833 2332 5886 καὶ
2356 5833 2432 5902 τῷ
2474 5833 2597 5885 Ἰὼϐ
2617 5832 3003 5905 διαλεγόμενος
3024 5838 3051 5890 ὁ
3072 5836 3206 5902 Θεὸς
3235 5837 3499 5909 ἐδήλωσε,

1953 5948 1979 5987 1‘
2003 5949 2101 5999 Alii
2128 5947 2335 6003 γενναῖος
2358 5948 2435 5994 καὶ
2460 5941 2698 6010 ἧιπηγιὶις.
