4142 6482
183 407 279 460 5ft!)
1023 396 1116 452 AD
1157 393 1285 452 EOS
1325 393 1443 462 QUI
1482 387 1984 451 SCANDALIZATI
2023 389 2226 448 SUNT.
2274 386 2403 445 LIB.
2448 385 2651 444 ΟΝυὸ-

183 522 336 575 l’tttas
366 526 531 570 autem
561 530 643 570 nte
676 515 824 569 aliter
851 511 939 566 tibi
967 509 1288 580 respondisse
1307 547 1323 572 ,
1352 522 1504 577 quam
1527 512 1580 557 ut
1603 519 1772 570 appa-

180 607 470 682 rensjusttts
495 607 623 681 (Job
655 608 756 664 ια’
778 607 836 677 5)
858 605 904 659 ?.
929 605 994 659 Et
1023 617 1153 658 vero
1179 601 1377 655 Paulus
1410 598 1518 662 ait,
1566 594 1779 666 Oportet

178 712 342 758 autem
365 710 413 757 et
443 702 662 756 hereses
691 715 830 762 esse,
872 705 927 751 ut
962 695 1048 768 qui
1090 693 1288 763 probati
1327 699 1476 755 sunt,
1520 686 1782 756 manifesti

187 799 300 850 iant
324 797 376 850 in
396 796 534 851 vobis
565 797 646 864 (1.
668 794 784 849 Cor.
817 794 904 848 11.
939 790 1052 860 19).
1083 788 1154 844 At
1179 797 1233 842 tu
1262 800 1382 841 cum
1406 783 1581 848 audis,
1613 779 1783 850 Opor-

181 896 240 940 tet
268 897 438 941 autem
466 895 512 942 et
543 887 758 940 hereses
784 900 889 938 esse
909 924 926 948 ,
973 881 1082 937 noli
1130 879 1446 935 existimare
1485 875 1601 929 haec
1633 873 1780 926 illum

180 978 528 1049 imperando,
574 978 658 1032 vel
689 976 860 1046 legem
901 971 1124 1029 ferendo
1169 967 1517 1041 pronuntiare
1543 1007 1559 1033 ,
1608 962 1777 1027 absit;

181 1088 360 1127 verum
393 1087 458 1127 ea
488 1086 608 1142 qua:
638 1071 815 1124 futura
860 1077 1016 1124 erant
1057 1060 1468 1135 pramuntlando
1493 1101 1508 1126 ,
1555 1066 1610 1112 et
1638 1053 1783 1126 quod

180 1165 382 1220 lucrum
401 1163 740 1234 vigilantibus
758 1162 884 1217 inde
895 1161 1250 1216 obvcntnrum
1271 1163 1391 1211 erat
1411 1148 1780 1224 prtedicendo.

181 1256 324 1310 Tunc
346 1256 515 1320 enim,
549 1272 582 1310 o
612 1270 706 1309 vos
734 1253 822 1324 qui
850 1250 1021 1321 decipi
1049 1263 1157 1304 non
1190 1245 1433 1318 potestis,
1462 1252 1644 1298 vestra
1672 1239 1776 1294 vir-

181 1358 259 1401 tus
289 1347 554 1402 illustrior
590 1343 885 1416 apparebit.
919 1341 1000 1398 Ad
1030 1341 1146 1395 haec
1171 1339 1331 1394 aliam
1359 1336 1521 1392 etiam
1549 1333 1620 1388 ob
1648 1346 1780 1386 cau-

181 1455 286 1494 sam
335 1439 615 1509 improbos
659 1451 779 1493 esse
808 1437 952 1490 Deus
995 1433 1158 1497 sivit,
1210 1446 1280 1486 ne
1325 1429 1463 1484 forte
1512 1425 1708 1482 sublati
1751 1438 1783 1479 c

182 1533 392 1599 medio,
421 1548 520 1598 ea,
566 1547 686 1602 quae
714 1529 820 1585 illis
844 1544 910 1584 ex
947 1525 1308 1584 conversione
1346 1537 1442 1578 sua
1485 1521 1782 1576 obventnra

180 1637 318 1692 erat,
350 1627 583 1680 utilitate
621 1621 1016 1678 fraudarentur.
1076 1617 1150 1673 Ita
1189 1626 1246 1673 et
1273 1615 1466 1670 Paulus
1495 1612 1672 1668 salvus
1700 1609 1781 1664 fa—

180 1733 290 1775 ctus
313 1729 401 1775 est
425 1762 440 1784 ,
487 1721 556 1773 ita
587 1717 726 1772 latro
747 1758 763 1783 ,
811 1717 882 1771 ita
911 1714 1190 1779 meretrix,
1237 1712 1308 1766 ita
1339 1709 1679 1782 publicanus,
1711 1707 1781 1760 ita

179 1813 354 1867 atteri
385 1811 558 1865 multi.
615 1806 769 1877 Quod
799 1806 846 1861 si
877 1805 1026 1877 prius
1063 1819 1222 1875 quam
1274 1803 1688 1856 immutarentur
1708 1839 1722 1863 ,
1751 1811 1782 1852 e

180 1903 354 1960 medio
399 1902 597 1959 sublati
645 1907 861 1965 essent,
915 1897 1094 1954 nullus
1131 1912 1200 1952 ex
1247 1894 1356 1950 illis
1403 1893 1584 1948 salvus
1636 1899 1783 1946 esset

182 1994 368 2050 factus.
423 1993 592 2049 Porro
637 1992 702 2048 de
740 1990 1060 2046 antichristo
1104 1989 1327 2042 alteram
1365 1985 1527 2040 etiam
1558 1996 1776 2038 causam

183 2085 385 2155 profert
417 2085 635 2140 Paulus.
678 2083 848 2151 Quam
896 2080 1150 2137 tandem?
1202 2079 1272 2136 Ut
1299 2077 1443 2134 omni
1483 2075 1588 2132 hoc
1626 2083 1782 2145 pacto

179 2181 525 2237 excusatione
576 2177 746 2234 Judwi
790 2175 1162 2233 excludantur.
1219 2173 1334 2242 Qua
1377 2171 1520 2227 enim
1565 2170 1779 2224 tandem

180 2274 330 2328 venia
356 2271 502 2343 digni
526 2271 691 2326 videri
725 2277 1008 2341 poterunt,
1049 2282 1170 2322 cum
1197 2266 1469 2321 Christum
1497 2279 1602 2319 non
1633 2276 1784 2317 recc-

182 2366 353 2435 perint
395 2366 487 2437 qui
534 2365 606 2420 illi
648 2363 870 2420 credere
905 2360 1242 2418 debuerunt?
1284 2359 1577 2429 Propterea
1605 2355 1733 2411 dicit
1769 2371 1781 2408 :

183 2457 247 2512 Ut
257 2458 565 2527 jndieentur
585 2471 758 2511 omnes
777 2497 792 2521 ,
819 2455 906 2526 qui
934 2469 1036 2508 non
1059 2451 1382 2507 crediderunt
1410 2449 1608 2504 veritati
1632 2490 1646 2515 ,
1679 2447 1782 2502 hoc

181 2561 257 2607 cst
293 2551 515 2608 Christo
539 2592 554 2618 ,
608 2550 700 2606 sed
736 2558 1102 2604 consenserunt
1140 2545 1393 2617 iniquitati
1423 2543 1502 2614 (9..
1536 2542 1691 2598 Thes.
1722 2541 1779 2596 2.

183 2645 267 2715 ll)
291 2689 305 2711 ,
335 2647 443 2702 hoc
467 2654 550 2700 est
574 2643 910 2700 autichristo.
943 2641 1072 2698 Nam
1102 2641 1355 2712 quoniam
1385 2637 1670 2702 dicebant,
1703 2635 1781 2690 id-

179 2740 319 2793 circo
362 2754 429 2794 se
470 2737 548 2793 illi
593 2751 698 2791 non
740 2733 997 2800 credere,
1051 2733 1194 2802 quod
1227 2733 1394 2787 Deum
1431 2745 1492 2785 se
1530 2729 1779 2796 diceret;

183 2829 460 2900 Propterea
480 2845 698 2894 namque
718 2838 766 2883 te
789 2827 1100 2899 lapidatum,
1132 2825 1398 2896 inquiunt,
1416 2824 1537 2892 quia
1563 2832 1614 2876 tu
1633 2823 1782 2876 homo

181 2939 289 2975 cum
318 2923 426 2989 eis,
460 2922 591 2994 fucis
622 2921 837 2990 teipsum
862 2917 1026 2973 Deum
1058 2917 1238 2988 (Joan.
1277 2916 1364 2972 10.
1396 2915 1488 2986 55)
1521 2930 1536 2967 :
1571 2912 1782 2969 tametsi

183 3015 404 3084 plurima
436 3014 580 3068 illum
613 3012 857 3068 audirent
882 3009 1265 3066 attribuentcm
1288 3008 1457 3076 Patri,
1498 3023 1563 3062 ac
1589 3005 1779 3062 dicen-

183 3120 283 3163 tem
312 3123 369 3163 se
399 3123 468 3163 ex
499 3107 670 3177 ipsius
709 3106 972 3162 sententia
1002 3104 1215 3165 venisse
1235 3146 1250 3170 ,
1297 3103 1455 3173 idque
1485 3103 1671 3157 multis
1696 3116 1782 3157 aro

181 3199 446 3271 gutncntis
494 3198 953 3253 demonstrantem
997 3214 1010 3252 :
1059 3197 1188 3266 quid
1237 3195 1420 3251 dicent
1463 3209 1585 3250 cum
1639 3195 1782 3249 anti-

182 3291 439 3347 christum
505 3290 740 3360 scipsum
793 3289 1060 3345 dicentem
1110 3280 1316 3353 De‘um,
1371 3302 1548 3357 neque
1604 3287 1782 3342 Patris

183 3383 506 3438 mentionem
538 3381 817 3437 facientem
840 3422 855 3448 ,
904 3379 997 3436 sed
1028 3380 1355 3435 contrarium
1384 3378 1671 3436 facientem
1698 3396 1785 3435 re-

183 3477 420 3546 cipient?
470 3475 583 3531 Hoc
623 3475 783 3530 etiam
814 3473 1059 3531 Christus
1085 3473 1419 3543 exprobrans
1448 3474 1552 3528 illis
1585 3472 1782 3544 pra'di-

184 3573 332 3626 cebat
359 3569 444 3625 his
478 3569 694 3626 verbis:
722 3567 833 3640 Ego
878 3569 989 3623 veni
1033 3568 1084 3622 in
1127 3568 1330 3622 nomine
1359 3566 1533 3620 Patris
1571 3567 1670 3622 mei
1691 3608 1708 3635 ,
1736 3575 1784 3620 et

185 3679 277 3717 non
304 3662 538 3732 accipitis
571 3677 680 3726 me;
714 3660 758 3714 si
784 3659 916 3714 alius
942 3658 1128 3714 venerit
1153 3659 1208 3713 in
1236 3658 1442 3713 nomine
1471 3673 1565 3712 suo
1585 3698 1600 3721 ,
1624 3659 1786 3718 illum

185 3756 440 3828 accipietis
487 3753 680 3826 (Joan.
722 3754 776 3809 5.
813 3753 918 3823 43)
957 3769 970 3806 :
1015 3759 1302 3823 propterea
1349 3751 1608 3822 permissa
1659 3761 1785 3806 sunt

184 3849 453 3903 scandala.
503 3845 655 3914 Quod
680 3846 722 3900 si
755 3860 851 3901 eos
875 3845 964 3914 qui
994 3843 1427 3900 scandalizantur
1455 3858 1786 3899 commemo-

186 3955 300 4006 res,
327 3955 433 4010 ego
459 3939 551 3993 tibi
580 3951 692 4002 eos,
724 3937 816 4008 qui
851 3936 1168 3993 illustriores
1195 3935 1326 3992 inde
1345 3934 1470 3991 facti
1497 3945 1640 4002 sunt,
1683 3935 1784 3992 ob-

186 4032 398 4100 iiciant;
439 4045 502 4086 ac
544 4030 635 4084 tibi
679 4044 864 4084 rursus
892 4029 1067 4084 dicam
1105 4044 1318 4099 mquutn
1351 4044 1456 4084 non
1495 4027 1695 4097 fuisse,
1728 4037 1786 4083 ut

188 4135 406 4196 propter
429 4125 656 4178 aliorum
681 4121 1185 4179 inconsiderantiam
1217 4138 1280 4177 ac
1305 4122 1567 4178 desidiam
1593 4123 1669 4178 illi
1689 4125 1782 4194 qui

187 4226 435 4288 poterant
459 4226 514 4271 et
553 4215 742 4270 attenti
771 4229 890 4270 esse
927 4223 982 4270 et
1014 4214 1231 4285 vigiles,
1266 4224 1428 4286 atque
1475 4215 1786 4272 innumeras

186 4328 246 4366 ex
274 4313 357 4367 his
381 4311 584 4380 palmas
606 4317 906 4379 reportare,
929 4307 1181 4362 deteriori
1220 4317 1406 4365 essent
1443 4308 1778 4377 conditione,

187 4422 302 4461 cum
333 4406 579 4460 laborum
618 4402 837 4473 praemia
879 4400 1260 4470 rependentur.
1309 4401 1518 4472 Quippe
1547 4402 1633 4457 isti
1661 4405 1784 4474 qui-

187 4500 302 4554 dem
332 4498 525 4568 injuria
571 4497 797 4552 fuissent
826 4495 1000 4551 allecti
1028 4537 1042 4560 ,
1093 4496 1138 4550 si
1165 4496 1520 4551 certaminum
1550 4497 1782 4560 istorum

188 4595 521 4650 occasionem
549 4592 892 4656 amisissent;
922 4593 998 4647 illi
1028 4605 1159 4647 vero
1178 4634 1192 4654 ,
1215 4591 1259 4646 si
1291 4591 1418 4659 quid
1450 4592 1575 4648 inde
1603 4593 1784 4649 damni

190 4685 455 4752 fecissent,
500 4685 635 4739 nulli
656 4685 807 4740 alteri
829 4727 844 4751 ,
879 4684 972 4739 sed
1003 4684 1239 4754 sibiipsis
1267 4685 1639 4755 prolapsiones
1660 4702 1786 4744 suas

191 4780 448 4849 imputare
491 4777 804 4834 debuissent
829 4819 845 4844 ,
892 4780 1113 4847 ejusque
1142 4777 1389 4833 criminis
1425 4779 1494 4834 ab
1520 4779 1628 4836 illis
1651 4785 1786 4836 ‘con-

187 4873 306 4927 victi
348 4879 534 4926 essent
559 4913 574 4936 ,
616 4872 708 4941 qui
758 4887 867 4926 non
914 4869 1076 4925 modo
1114 4870 1459 4927 scandalizati
1506 4889 1613 4930 nou
1652 4874 1785 4931 fuis-

189 4972 301 5018 sent
322 5005 338 5026 ,
372 4961 466 5018 sed
495 4962 656 5017 etiam
685 4963 1007 5020 illustriores
1051 4962 1175 5017 inde
1211 4978 1273 5018 ac
1302 4963 1635 5022 robustiores
1657 4983 1783 5022 era-

189 5058 401 5112 sissent.

253 5148 386 5205 CAP.
418 5147 558 5204 XIII.
593 5147 753 5203 Nihil
776 5165 860 5204 eos
881 5150 1063 5204 (cedere
1080 5151 1164 5221 qui
1185 5151 1358 5221 vigiles
1381 5162 1496 5206 sunt
1517 5163 1564 5208 et
1583 5156 1782 5224 attenti,

189 5257 342 5310 neque
371 5242 724 5310 supplantare.
769 5239 1023 5294 Abraham
1046 5242 1210 5310 ﬁlium
1236 5243 1785 5315 immolarejuasus.-

187 5337 326 5397 Quos
348 5334 512 5397 enim,
546 5348 749 5402 quaeso,
777 5333 1084 5390 sacerdotes
1106 5334 1291 5390 habuit
1317 5335 1629 5391 Abraham?
1650 5355 1785 5408 quos

187 5421 432 5482 ductores
452 5425 478 5478 ?
497 5439 656 5495 quam
679 5425 1111 5480 institutionem?
1138 5443 1295 5495 quam
1321 5427 1740 5484 admonitionem
1762 5433 1785 5484 ’ἔ

187 5519 322 5586 quod
369 5517 698 5573 consilium?
744 5517 1178 5588 quandoquidem
1235 5535 1407 5589 neque
1460 5529 1569 5574 tum
1631 5531 1786 5576 erant

190 5612 353 5668 litera:
375 5653 390 5678 ,
424 5627 531 5667 non
566 5611 647 5665 lex
669 5651 684 5675 ,
714 5626 819 5664 non
862 5611 1160 5682 prophetm,
1193 5629 1296 5667 non
1327 5612 1470 5666 aliud
1494 5613 1781 5685 quidquam

191 5703 446 5773 ejusmodi
479 5722 493 5760 :
536 5703 631 5759 sed
665 5702 899 5757 nondum
931 5705 1234 5775 navigatum
1283 5721 1432 5760 mare
1477 5707 1780 5777 navigabat,

194 5804 243 5848 et
271 5809 366 5862 per
403 5795 546 5849 viam
586 5793 808 5849 minimc
846 5797 1021 5850 tritam
1053 5796 1363 5860 incedebat,
1396 5798 1556 5869 idque
1581 5814 1702 5853 cum
1732 5809 1784 5853 et

195 5880 351 5940 deum
373 5900 388 5939 :
410 5891 467 5938 et
494 5893 651 5956 patro
685 5886 848 5957 impio
889 5899 1040 5944 natus
1072 5901 1234 5946 esset.
1285 5889 1387 5946 Sed
1423 5906 1485 5946 ne
1515 5891 1629 5949 hate
1661 5891 1777 5963 qni-

3392 384 3500 441 5l0

1889 501 2010 556 dem
2062 502 2211 557 illum
2260 501 2550 567 laeserunt,
2601 498 2732 572 quin
2779 500 2956 570 potius
2993 501 3132 558 adeo
3158 501 3356 559 virtute
3386 507 3500 560 suis

1885 593 2171 664 prteluxit,
2203 603 2260 648 ut
2283 608 2408 664 qua:
2457 603 2578 664 post
2618 593 2843 648 multum
2883 595 3179 665 temporis,
3219 607 3339 668 post
3369 614 3498 667 proo

1890 686 2112 754 phetas.
2164 695 2287 755 post
2335 686 2546 756 legem,
2593 694 2649 740 et
2688 696 2890 741 tantam
2919 687 3353 757 instructionem,
3393 707 3497 761 qua

1889 790 1987 845 per
2023 776 2175 847 signa
2218 775 2467 832 Christus
2502 785 2557 832 et
2597 777 2854 834 miracula
2879 779 3068 834 debuit
3092 779 3339 837 homines
3369 798 3495 839 eru-

1889 866 2008 923 dire
2030 909 2046 935 ,
2078 869 2271 924 horum
2305 870 2464 940 longe
2490 880 2617 925 ante
2643 872 2917 942 specimen
2948 873 3217 939 ediderit,
3257 877 3502 933 caritatis

1888 959 2115 1017 sincerae
2141 977 2204 1016 ao
2235 960 2474 1026 fervidae,
2497 964 2737 1033 pecunia:
2755 974 3117 1036 contemptus,
3147 982 3291 1022 cura:
3308 984 3499 1025 eorum

1888 1054 1976 1122 qui
2019 1054 2298 1123 sanguinis
2336 1063 2465 1110 sunt
2506 1055 2829 1126 cognatione
2871 1057 3145 1128 conjuncti
3176 1078 3189 1114 :
3219 1070 3275 1116 et
3303 1060 3498 1118 fastum

1888 1157 2110 1200 omnem
2136 1147 2485 1211 conenlcarit,
2527 1147 2744 1204 mollem
2772 1163 2836 1204 ac
2861 1149 3148 1207 delicatam
3171 1152 3335 1208 vitam
3356 1154 3504 1225 reje-

1888 1237 2041 1303 cerit,
2090 1240 2414 1295 sanctiorem
2458 1256 2619 1312 quam
2665 1242 2763 1307 illi,
2797 1243 2886 1312 qui
2919 1259 3063 1299 nunc
3089 1247 3355 1302 montium
3381 1264 3504 1304 ver-

1890 1329 2023 1385 tices
2067 1342 2402 1402 occuparunt
2449 1333 2739 1398 monachi,
2785 1342 2841 1390 et
2877 1337 3233 1393 austeriorem
3285 1340 3501 1397 vivendi

1888 1423 2150 1478 rationem
2177 1427 2526 1494 expresserit.
2564 1426 2694 1482 Nam
2729 1443 2904 1499 neque
2928 1428 3121 1485 domus
3144 1431 3220 1486 illi
3244 1442 3380 1498 erat,
3407 1433 3501 1489 sed

1888 1514 2139 1584 laqueare
2171 1527 2478 1588 tectumque
2499 1518 2648 1590 justo
2688 1521 2939 1576 foliorum
2967 1523 3155 1578 umbra
3182 1525 3498 1596 suppedita-

1889 1607 2012 1675 bat,
2039 1624 2216 1680 neque
2235 1651 2249 1675 ,
2279 1612 2524 1681 quamvis
2555 1613 2870 1684 peregrinus
2894 1625 3075 1682 esset,
3107 1616 3309 1674 idc'rco
3335 1619 3503 1690 negli-

1888 1702 2101 1771 gentior
2141 1702 2208 1757 ad
2255 1703 2608 1775 excipiendos
2657 1715 2798 1761 tecto
2851 1711 3166 1780 peregrinos
3206 1721 3358 1778 erat,
3407 1715 3502 1770 sed

1889 1807 2114 1864 peregre
2158 1810 2282 1850 cum
2324 1806 2509 1863 esset,
2560 1807 2702 1854 totus
2735 1799 2786 1854 in
2816 1799 2865 1854 id
2910 1799 3254 1858 incumbebat
3298 1806 3501 1876 operis,

1890 1894 1948 1940 ut
1971 1887 2188 1942 assidue
2225 1888 2405 1944 medio
2447 1890 2674 1945 meridie
2723 1902 3116 1961 praetereuntes
3139 1898 3416 1969 exciperet
3440 1915 3507 1956 ac

1888 1976 2155 2034 reficeret.
2213 1979 2334 2050 Ipse
2369 1996 2498 2036 vero
2527 1998 2638 2036 rem
2686 1999 2781 2053 per
2814 2000 2875 2040 se
2903 2001 3118 2042 omnem
3155 1991 3407 2059 gerebat,
3449 2002 3506 2049 et

1887 2087 2112 2129 uxorem
2157 2074 2208 2128 in
2261 2076 2593 2130 consortium
2635 2077 2912 2147 prteclara:
2940 2079 3088 2134 illius
3129 2084 3507 2154 occupationis
3552 2102 3557 2108 ί

1887 2165 2243 2221 adsciscebat.
2265 2168 2407 2236 Quid
2435 2184 2564 2241 vero
2591 2185 2691 2240 pro
2720 2170 2902 2227 fratris
2927 2170 3038 2228 ﬁlio
3064 2190 3172 2230 non
3200 2175 3352 2247 fecit,
3374 2194 3501 2236 cum

1886 2259 2086 2332 alioqui
2117 2277 2223 2317 non
2249 2303 2263 2327 ,
2311 2274 2370 2318 ut
2399 2266 2678 2334 oportuit,
2709 2265 2778 2321 ab
2805 2281 2874 2322 eo
2905 2276 3166 2324 tractatus
3197 2275 3379 2339 esset,
3409 2275 3506 2331 sed

1889 2353 2130 2422 potiores
2156 2353 2245 2410 ille
2271 2365 2450 2425 partes
2479 2357 2580 2412 sibi
2609 2358 2964 2423 vindicasset,
2996 2359 3155 2431 idque
3182 2375 3308 2434 post
3330 2367 3509 2436 optio-

1888 2460 2010 2499 nem
2037 2445 2214 2500 datam
2255 2447 2581 2504 electionis?
2624 2449 2816 2508 Nonne
2859 2454 3176 2525 sanguinem
3223 2458 3508 2529 profudit?

1888 2556 2068 2597 nonne
2113 2543 2433 2599 vernaculos
2486 2559 2680 2601 omnes
2732 2561 2861 2602 suos
2909 2549 3180 2605 :‘rmavit?
3225 2568 3409 2610 nonne
3453 2556 3506 2611 in

1887 2644 2134 2705 apertum
2174 2651 2236 2692 se
2264 2637 2557 2694 discrimen
2595 2641 2836 2711 objecit?
2884 2644 2952 2697 At
2979 2660 3088 2712 quo
3114 2655 3362 2718 tempore
3385 2648 3508 2720 jus-

1887 2741 1984 2783 sus
2005 2737 2088 2784 est
2133 2729 2354 2786 domum
2401 2731 2689 2800 deserere,
2736 2745 2898 2807 atque
2941 2738 2993 2792 in
3021 2738 3186 2796 aliam
3223 2743 3505 2815 regionem

1890 2823 2200 2893 proficisci,
2249 2841 2430 2882 nonne
2479 2828 2663 2882 statim
2701 2831 2897 2899 paruit,
2947 2841 3003 2888 ct
3050 2834 3218 2903 patria
3291 2838 3506 2908 amicis,

1891 2919 2206 2989 proninquis
2227 2960 2242 2985 ,
2275 2929 2330 2975 et
2358 2922 2611 2978 omnibus
2631 2923 2912 2980 derelictis
2937 2969 2951 2991 ,
2985 2928 3240 2985 mandato
3263 2929 3508 3001 jnbentis

1889 3011 2168 3079 obediens,
2200 3029 2322 3084 qua:
2352 3023 2496 3070 certa
2515 3027 2670 3070 erant
2693 3016 2934 3073 deseruit
2955 3062 2970 3084 ,
3003 3031 3060 3076 et
3086 3021 3310 3078 incertis
3337 3026 3510 3081 multo

1889 3106 2194 3178 promptius
2219 3123 2382 3179 quam
2410 3110 2576 3166 certis
2606 3109 2839 3167 adhresit
2873 3129 2886 3166 :
2921 3112 3059 3171 adeo
3090 3118 3372 3185 promissis
3410 3118 3506 3176 Dei

1889 3197 2218 3266 conﬁdebat,
2253 3201 2393 3271 quod
2443 3201 2858 3274 perfectissima:
2885 3205 3008 3262 lldei
3040 3205 3180 3263 fuit?
3223 3208 3352 3267 Post
3384 3211 3508 3267 haec

1889 3299 2068 3346 autem
2097 3293 2277 3347 omnia
2306 3309 2486 3349 nonne
2509 3309 2634 3350 cum
2672 3295 2723 3349 fa
2736 3312 2850 3352 mes
2890 3299 3102 3354 saeviret
3121 3341 3138 3368 ,
3182 3300 3377 3359 iterum
3401 3317 3502 3360 ex-

1895 3385 2062 3440 torris
2098 3396 2182 3442 est
2220 3386 2391 3442 factus
2412 3428 2425 3452 ,
2453 3402 2631 3458 neque
2657 3391 3108 3447 consternabatur
3131 3433 3148 3460 ,
3175 3404 3268 3451 aut
3294 3405 3509 3467 pertur-

1889 3477 2137 3544 babatur,
2175 3478 2268 3535 sed
2290 3479 2534 3535 eamdem
2558 3479 2944 3550 obedientiam,
2973 3483 3294 3542 modestiam
3310 3502 3375 3543 ac
3407 3504 3506 3560 pa-

1891 3571 2131 3627 tientiam
2168 3588 2278 3643 pra:
2303 3587 2363 3628 se
2393 3572 2636 3639 ferebat,
2670 3584 2830 3646 atque
2869 3575 2922 3631 in
2953 3575 3248 3650 IEgyptum
3273 3580 3507 3638 descen-

1890 3664 2075 3732 debat,
2111 3667 2193 3723 sic
2222 3675 2281 3721 ut
2304 3682 2428 3726 cum
2460 3667 2573 3724 Deo
2614 3670 2883 3738 paruisset
2914 3670 3030 3726 haec
3060 3672 3347 3743 imperanti
3368 3717 3383 3741 ,
3411 3690 3509 3732 sua

1891 3757 1962 3813 sit
2004 3773 2171 3814 uxore
2229 3759 2508 3829 privatus,
2563 3776 2683 3816 eam
2738 3761 2934 3832 injuria
2988 3763 3236 3820 affectam
3286 3768 3507 3835 viderit,

1891 3859 2148 3920 quantum
2177 3852 2397 3921 quidem
2424 3851 2476 3908 in
2506 3850 2761 3925 Egyptio
2795 3855 2957 3910 situm
3004 3854 3141 3922 fuit,
3185 3868 3239 3913 et
3264 3860 3511 3918 acerbio-

1891 3956 2004 3996 rem
2051 3952 2227 3998 morte
2275 3943 2485 4015 plagam
2531 3943 2747 4000 letalem
2794 3947 3105 4018 acceperit?
3159 3950 3297 4018 Quid
3341 3954 3509 4020 enim,

1891 4049 2096 4105 quarso,
2124 4033 2223 4092 luit
2249 4038 2515 4104 acerbius,
2550 4053 2709 4109 quam
2741 4039 3026 4118 mulierem
3054 4041 3154 4098 sibi
3180 4045 3509 4103 matrimonii

1893 4129 2011 4198 lege
2050 4131 2354 4198 copulatam
2380 4141 2499 4199 post
2533 4141 2609 4186 tot
2646 4141 2792 4188 recte
2827 4131 2964 4188 facta
2996 4150 3220 4193 cernere
3251 4153 3282 4193 a
3312 4140 3509 4205 barba-

1891 4221 2002 4276 rica
2029 4222 2307 4293 abreptam
2339 4223 2578 4290 lascivia,
2623 4226 2675 4279 in
2707 4228 2854 4297 regia
2891 4228 3254 4287 introductam
3283 4233 3506 4303 palatia,

1892 4314 2219 4369 contumelia
2247 4314 2494 4370 affectam
2522 4318 2795 4373 cernere?
2823 4319 3084 4386 Quamvis
3114 4325 3258 4378 enim
3289 4323 3340 4378 in
3370 4339 3509 4396 Opus

1893 4421 1997 4460 non
2021 4407 2217 4463 exierit
2243 4411 2570 4466 contumelia
2596 4452 2610 4477 ,
2639 4411 2753 4481 ipse
2782 4420 2972 4470 tamen.
2991 4415 3123 4470 illud
3146 4421 3504 4487 exspectavit,

1892 4508 1947 4554 et
1971 4502 2150 4555 omnia
2191 4502 2456 4571 patienter
2482 4501 2693 4559 ferebat
2719 4523 2732 4560 :
2759 4507 2838 4562 sic
2867 4506 2924 4562 ut
2952 4517 3130 4580 neque
3169 4512 3509 4571 calamitates

1892 4608 2014 4647 cum
2047 4593 2445 4661 subverterint,
2490 4612 2665 4667 neque
2694 4602 2934 4669 proslieri
2973 4617 3258 4661 successus
3292 4609 3505 4664 extule-

1894 4686 2038 4754 rint,
2091 4686 2187 4742 sed
2235 4687 2287 4742 iu
2334 4697 2636 4762 temporum
2691 4692 2996 4751 dilTerentia
3037 4698 3302 4766 :cqunlem
3343 4703 3508 4756 animi

1893 4791 2111 4833 sensum
2137 4783 2492 4836 conservarit.
2548 4783 2688 4850 Quid
2719 4800 2882 4854 vero,
2915 4802 3038 4842 cum
3066 4787 3140 4843 illi
3181 4791 3346 4846 lilium
3379 4807 3507 4862 pro-

1893 4871 2065 4938 misit,
2097 4888 2275 4928 nonne
2305 4889 2365 4929 se
2401 4875 2548 4932 mille
2591 4877 2974 4949 impedimenta
2998 4880 3315 4951 objecerunt
3341 4927 3354 4948 ,
3387 4902 3509 4956 qua;

1892 4966 2148 5036 cogitanti
2198 4967 2334 5022 ratio
2361 4969 2728 5040 suggerebat?
2769 4987 2890 5042 quae
2920 4975 3103 5027 omnia
3135 4992 3256 5031 cum
3299 4978 3388 5033 ille
3416 4996 3506 5035 sc-

1892 5059 2108 5126 dasset,
2159 5075 2485 5134 onmemque
2533 5064 2749 5120 illorum
2803 5068 3088 5122 tumultum
3135 5074 3504 5141 repressis-Set,

1894 5151 1996 5208 fide
2029 5155 2258 5210 maxime
2290 5155 2514 5211 illustris
2557 5157 2695 5212 fuit?
2738 5159 2964 5227 Quando
2996 5170 3177 5218 autem
3223 5165 3507 5223 immolare

1893 5245 2040 5300 illum
2059 5247 2240 5316 jussus
2260 5257 2362 5311 est,
2381 5263 2561 5304 nonne
2582 5266 2790 5321 spmma
2815 5268 2936 5306 cum
2951 5251 3326 5323 festinatione,
3352 5266 3505 5328 quasi

1893 5341 2187 5409 nuptialem
2219 5340 2285 5394 ad
2320 5340 2614 5396 thalamum
2649 5343 2980 5399 deducturus
3022 5345 3175 5401 illum
3215 5359 3395 5414 esset,
3433 5351 3502 5406 ita

1893 5430 2038 5484 illum
2095 5431 2291 5486 duxit?
2362 5445 2524 5503 atque
2578 5435 2749 5502 ipsam
2807 5439 3199 5507 propemodum
3257 5451 3504 5499 naturam

1891 5536 2126 5587 exuens,
2171 5533 2226 5577 et
2255 5522 2416 5578 homo
2443 5540 2564 5581 esse
2595 5526 2849 5581 desinens
2875 5568 2889 5591 ,
2925 5545 3122 5584 novum
3152 5531 3420 5600 quoddam
3447 5545 3505 5590 et

1893 5613 2202 5669 inusitatum
2225 5617 2415 5670 obtulit
2443 5618 2786 5682 sacrificium,
2817 5621 3072 5692 solusque
3100 5633 3372 5678 certamen
3399 5624 3503 5679 hoc.

1892 5707 2184 5772 conseruit,
2224 5723 2328 5762 non
2360 5725 2482 5762 cum
2519 5725 2717 5773 uxore,
2751 5727 2855 5766 non
2888 5725 3008 5766 cum
3038 5728 3215 5778 servo,
3250 5730 3354 5770 non
3379 5732 3501 5771 cum

1891 5782 1996 5852 alio
2043 5801 2232 5868 quovis
2283 5804 2752 5858 connnunicavit?
2808 5805 3039 5860 Noverat
3091 5807 3275 5873 enim,
3337 5810 3503 5877 probe

1892 5901 2132 5959 noverit,
2165 5903 2361 5963 quanta
2397 5893 2601 5964 scopuli
2631 5895 2776 5955 illius
2798 5897 3284 5968 cssetsublimitas,
3306 5910 3501 5971 quanta
