4142 6492
649 417 746 474 1111

649 534 821 590 moles
851 533 991 587 illius
1015 529 1272 596 mandati,
1311 536 1505 597 quanta
1530 529 1670 582 illius
1693 525 2001 581 certaminis
2029 521 2235 591 magni-

648 627 807 681 tudo:
827 641 982 696 quam
1007 625 1077 679 ob
1097 637 1312 677 causam
1339 621 1485 675 solus
1503 620 1642 674 hunc
1670 633 1882 673 cursum
1908 615 2161 684 suscepit,
2184 621 2238 668 et

650 718 902 782 cucurrit,
929 726 981 772 et
1002 715 1242 775 certavit,
1261 723 1314 767 et
1338 727 1589 767 coronam
1615 709 1837 780 adeptus
1862 717 1964 772 est,
1987 716 2040 760 et
2069 709 2239 759 victor

655 821 732 865 est
759 811 1108 865 renuntiatus.
1155 806 1284 875 Quis
1308 821 1427 860 cum
1460 803 1712 858 sacerdos
1742 803 1840 856 ista
1875 798 2090 855 docuit?
2119 799 2237 868 quis

648 901 883 956 doctor?
912 901 1030 970 quis
1063 898 1316 968 prepheta
1343 897 1365 949 ?
1405 894 1591 950 Nullus
1622 893 1780 963 plane
1815 912 1828 947 :
1861 891 1955 946 sed
1984 890 2234 960 quoniam

649 997 814 1065 proba
847 1003 1022 1048 mente
1066 991 1316 1062 praeditus
1361 987 1493 1053 fuit,
1550 987 1624 1040 illi
1672 985 1734 1039 ad
1783 984 1962 1038 omnia
2005 981 2232 1036 suffecit.

649 1086 784 1153 Quid
832 1099 958 1139 vero
1002 1081 1152 1137 Noe?
1204 1081 1370 1148 Quem
1423 1078 1607 1133 habuit
1658 1074 2031 1131 sacerdotem?
2080 1088 2236 1144 quem

648 1176 961 1231 doctorem?
983 1189 1138 1243 quem
1162 1169 1578 1226 instruetoretn?
1606 1166 2036 1238 quandoquidem
2069 1165 2232 1229 solus,

648 1283 767 1321 cum
811 1274 954 1320 totus
996 1263 1140 1316 orbis
1182 1271 1443 1315 terrarum
1480 1259 1774 1312 sceleribus
1816 1255 2043 1310 infectus
2072 1265 2232 1320 esset,

646 1357 909 1412 contraria
956 1355 1037 1408 via
1109 1354 1322 1408 incessit
1357 1353 1412 1416 ¹,
1465 1360 1520 1406 et
1574 1352 1821 1404 virtutem
1871 1347 2231 1408 conservavit.

645 1464 814 1519 eaque
847 1447 1052 1502 caeteris
1079 1445 1156 1499 sic
1179 1443 1418 1514 pra-luxit
1441 1485 1454 1507 ,
1487 1451 1542 1495 ut
1570 1443 1619 1493 in
1648 1445 1916 1494 communi
1947 1439 2092 1492 orbis
2124 1449 2233 1492 ter-

649 1555 825 1594 rarum
867 1537 1137 1606 naufragio
1163 1550 1280 1588 cum
1312 1535 1424 1602 ipse
1453 1533 1630 1584 salvus
1665 1541 1717 1584 et
1743 1530 2017 1584 incolumis
2040 1528 2232 1584 evade-

645 1642 747 1696 ret,
781 1642 890 1687 tum
921 1639 1142 1685 exteros
1175 1643 1280 1696 pne
1330 1627 1486 1680 nimia
1534 1640 1643 1677 sum
1681 1623 1889 1676 virtutis
1933 1621 2234 1690 praestantia

646 1742 711 1782 ex
767 1722 1164 1779 imminentibus
1217 1719 1463 1790 periculis
1520 1715 1796 1786 eriperet?
1849 1713 1997 1770 Unde
2059 1712 2236 1782 justus

645 1818 854 1873 evasit?
896 1815 1036 1871 unde
1068 1811 1365 1883 perfectus?
1401 1813 1558 1880 cujus
1587 1809 1880 1864 sacerdotis
1908 1817 1960 1862 et
1987 1807 2122 1877 ipse,
2152 1807 2233 1859 vel

645 1913 796 1980 cujus
823 1908 1059 1963 doctoris
1085 1905 1342 1960 industria
1371 1913 1452 1957 est
1477 1917 1603 1956 usus
1629 1904 1652 1954 ἶ)
1687 1899 1854 1955 Nemo
1881 1909 1965 1952 est
1991 1900 2077 1966 qui
2109 1912 2235 1968 pos-

646 2004 716 2057 sit
758 2001 858 2056 hoc
885 2000 1083 2054 dicere.
1136 1996 1304 2064 Hujus
1335 2009 1496 2064 porro
1528 1994 1663 2046 filius
1684 2034 1698 2057 ,
1745 1990 1954 2045 tametsi
1983 1990 2237 2044 domesti—

646 2111 765 2149 cum
815 2093 1089 2147 doctorem
1139 2088 1368 2142 habebat
1406 2085 1678 2140 assiduum
1707 2125 1721 2149 ,
1767 2084 1935 2152 patris
1965 2083 2235 2139 virtutem,

647 2189 866 2258 ejusque
894 2184 1108 2238 monitis
1139 2181 1495 2242 imbuebatur,
1528 2178 1639 2230 sive
1667 2191 1762 2245 per
1788 2175 1975 2239 verba,
2007 2174 2119 2226 sive
2142 2185 2238 2240 per

647 2295 844 2350 opera,
892 2286 947 2331 et
990 2284 1245 2330 eventum
1296 2286 1474 2326 rerum
1505 2277 1788 2331 cerneret,
1832 2281 1954 2321 cum
1985 2266 2142 2320 etiam
2171 2279 2266 2318 ex‘

648 2372 989 2435 calamitate,
1036 2377 1194 2437 atque
1240 2380 1304 2420 ex
1349 2362 1717 2416 incolumitate
1764 2373 1867 2412 non
1897 2357 2027 2412 levis
2056 2355 2238 2409 admoo

602 2484 610 2491 ·
650 2466 781 2519 uitio
824 2461 1177 2531 suppetebat,
1224 2456 1498 2528 improbus
1547 2455 1600 2509 in
1642 2462 1915 2522 parentem
1955 2451 2158 2512 evasit,
2187 2457 2240 2503 et

648 2554 909 2626 genitoris
951 2551 1032 2607 sui
1079 2551 1369 2605 nuditatem
1415 2547 1580 2602 irrisit
1621 2561 1683 2600 ac
1725 2543 2016 2613 divulgavit
2060 2540 2236 2610 (Gen.

651 2648 704 2702 9.
734 2645 851 2717 22).
894 2642 1057 2698 Vides
1087 2642 1283 2710 ubique
1317 2638 1482 2710 proba
1515 2647 1693 2692 mente
1721 2651 1856 2704 opus
1882 2633 2046 2689 esse?
2101 2631 2239 2698 Quid

651 2755 781 2794 vero
821 2738 950 2799 Job,
997 2738 1113 2799 dic,
1154 2733 1370 2806 quaeso?
1422 2746 1557 2802 quos
1599 2729 1886 2799 prophetas
1926 2727 2242 2781 audiverat?

651 2848 754 2903 qua
799 2831 1035 2884 doctrina
1086 2827 1254 2881 fuerat
1293 2823 1571 2878 imbutus?
1619 2821 1792 2876 Nulla.
1843 2822 1907 2874 At
1939 2819 2023 2873 hic
2064 2828 2240 2873 tamen

651 2937 862 2994 quoque
886 2962 902 2987 ,
933 2921 1055 2974 licet
1079 2918 1209 2972 nihil
1235 2915 1501 2985 ejusmodi
1536 2922 1843 2982 suppeteret
1872 2953 1887 2976 ,
1915 2912 2056 2964 omni
2088 2909 2245 2962 virtu-

653 3015 721 3068 tis
743 3028 942 3084 genere
982 3026 1039 3064 se
1079 3008 1359 3079 prteditum
1403 3004 1824 3074 exquisitissime
1851 3002 2102 3056 ostendit.
2149 3000 2242 3054 Et-

652 3107 796 3160 enim
833 3103 1110 3157 tacultates
1138 3114 1261 3154 suas
1297 3098 1482 3152 habuit
1508 3112 1627 3151 cum
1660 3095 1980 3166 pauperibus
2003 3108 2243 3148 commu-

559 3224 564 3228 -
653 3212 770 3261 nes,
797 3209 970 3264 netjue
1001 3191 1272 3246 facultates
1292 3191 1486 3255 solum,
1514 3188 1607 3242 sed
1641 3189 1810 3257 ipsum
1838 3187 1995 3240 etiam
2024 3200 2239 3254 corpus.

654 3290 786 3345 Nam
814 3299 868 3345 et
895 3290 1124 3343 viatores
1151 3285 1312 3340 domo
1352 3282 1653 3353 excipiebat
1678 3323 1691 3346 ,
1737 3291 1789 3336 et
1826 3280 2034 3334 illorum
2068 3279 2244 3347 potius

657 3397 816 3453 quam
860 3381 1059 3435 domini
1105 3386 1221 3433 erat
1263 3376 1487 3440 domus;
1534 3376 1775 3445 corporis
1823 3385 1999 3428 autem
2044 3373 2246 3425 viribus

658 3490 771 3536 eos,
799 3471 888 3542 qui
914 3470 1250 3540 patiebantur
1274 3467 1543 3536 injuriam,
1577 3465 1949 3528 ulciscebatur,
1973 3473 2026 3516 at
2052 3463 2246 3533 lingua:

657 3566 960 3637 prudentia,
983 3563 1350 3633 sapientiaque
1377 3561 1646 3615 silentium
1670 3557 2119 3614 obtrectatoribus
2148 3557 2238 3609 im-

656 3657 922 3728 ponebat,
974 3653 1334 3723 evangelicam
1363 3651 1595 3721 denique
1622 3652 1742 3704 vitsc
1776 3647 2240 3703 conversationem

657 3752 710 3804 in
739 3746 984 3801 omnibus
1011 3745 1123 3799 suis
1153 3742 1450 3798 actionibus
1489 3742 1795 3796 elucentetn
1821 3739 2128 3795 exhibebat.
2158 3737 2247 3794 Sic

657 3849 834 3893 autem
881 3852 990 3891 rem
1029 3834 1292 3901 expende.
1345 3832 1487 3904 Beati
1529 3848 1774 3902 pauperes
1810 3833 1990 3902 spiritu
2023 3829 2242 3903 (Matth.

657 3932 710 3987 5.
737 3930 791 4002 5)
811 3972 824 3995 ,
855 3930 930 3982 ait
955 3927 1220 3982 Christus.
1272 3925 1382 3979 Iloc
1413 3926 1526 3994 ipse
1555 3938 1716 3992 opere
1743 3922 2046 3978 confectum
2078 3921 2244 3976 dedit.

658 4025 720 4081 Si
751 4024 880 4078 enim
904 4021 1128 4092 despexi,
1163 4020 1331 4089 inquit
1354 4061 1367 4083 ,
1391 4018 1641 4087 judicium
1674 4018 1883 4088 famuli,
1910 4028 1998 4070 aut
2025 4017 2243 4082 ancilla,

661 4133 775 4171 cum
805 4117 902 4184 ipsi
930 4116 1182 4185 litigarent
1213 4129 1422 4165 mecum.
1475 4111 1610 4176 Quid
1639 4111 1770 4164 enim
1804 4112 1989 4181 faciam
2008 4151 2024 4176 ,
2053 4110 2094 4162 si
2126 4110 2245 4162 visi-

660 4213 900 4266 tationem
921 4209 1016 4260 mei
1039 4207 1192 4277 faciat
1222 4203 1516 4256 Dominus?
1573 4200 1774 4267 Nonne,
1812 4203 1938 4254 sicut
1967 4217 2058 4271 ego
2084 4205 2250 4272 factus

659 4319 772 4357 sum
797 4303 850 4353 in
877 4308 1015 4352 utero
1039 4340 1054 4363 ,
1085 4306 1132 4350 et
1170 4295 1247 4349 illi
1287 4296 1408 4364 facti
1447 4293 1599 4346 sunt?
1637 4290 1786 4345 Facti
1816 4303 1980 4346 autem
2003 4309 2173 4346 sumus
2197 4292 2249 4344 in

659 4392 832 4446 eodem
867 4399 1032 4442 ventre
1058 4386 1180 4457 (Job
1214 4387 1300 4441 51.
1335 4385 1507 4440 15-15
1536 4385 1579 4454 ).
1626 4384 1767 4437 Beati
1799 4385 1968 4450 mites,
2014 4385 2251 4453 quoniam

661 4483 758 4550 ipsi
791 4479 1135 4534 ltereditabunt
1175 4489 1358 4530 terram
1385 4475 1595 4546 (Matth.
1621 4477 1672 4530 5.
1711 4475 1789 4541 4).
1831 4476 1964 4542 Quid
1998 4491 2122 4530 vero
2149 4476 2249 4528 mi-

663 4576 767 4628 tius
795 4574 884 4626 illo
906 4573 1041 4638 fuit,
1069 4571 1135 4626 de
1161 4586 1266 4641 quo
1293 4570 1542 4623 dicebant
1569 4568 1749 4622 famuli
1783 4585 1795 4620 :
1833 4567 1956 4632 Quis
1976 4569 2054 4621 det
2086 4568 2248 4635 nobis,

664 4675 720 4719 ut
760 4663 993 4716 carnibus
1037 4663 1143 4732 ejus
1185 4661 1426 4714 satietnur
1461 4658 1598 4726 (Job
1629 4661 1714 4713 51.
1749 4660 1861 4728 51).
1910 4658 2057 4712 Adeo
2090 4658 2252 4712 vehe—

665 4765 873 4810 mentes
899 4755 1038 4808 illius
1063 4763 1331 4806 amatores
1353 4760 1520 4806 erant.
1551 4749 1788 4820 Beatiqui
1807 4753 1993 4820 lugent,
2014 4752 2250 4820 quoniam

668 4849 767 4918 ipsi
795 4846 1190 4901 consolabuntur
1212 4843 1421 4915 (Matth.
1455 4844 1506 4899 5.
1532 4845 1606 4912 5).
1637 4843 1740 4898 Sed
1770 4859 1835 4898 ne
1861 4843 2016 4912 hujus
2036 4845 2247 4914 quidem

669 4955 862 5010 expers
901 4941 1108 4992 virtutis
1153 4937 1268 4992 fuit.
1316 4938 1451 4991 Audi
1495 4953 1620 4991 sane
1647 4937 1770 5006 quid
1809 4937 1995 4991 dicat:
2035 4937 2181 5004 Quod
2208 4943 2252 4994 si

669 5047 783 5084 cum
813 5039 990 5099 sponte
1019 5045 1331 5097 peccassem,
1374 5029 1549 5098 επραυὶ
1591 5032 1787 5080 turbam
1819 5029 2030 5098 populi,
2070 5041 2123 5083 ut
2153 5049 2250 5086 non

667 5138 957 5176 enarrarem
1003 5121 1314 5186 iniquitatem
1354 5137 1515 5173 meant
1561 5121 1679 5192 (Job
1706 5123 1793 5176 51.
1818 5123 1907 5177 55.
1940 5124 2054 5192 54),
2086 5124 2254 5179 Porro

669 5216 758 5284 qui
788 5213 865 5267 sic
904 5212 1121 5267 affectus
1159 5223 1310 5279 erat,
1359 5211 1495 5266 haud
1522 5213 1740 5269 dubium
1764 5215 1889 5284 quin
1919 5216 2063 5269 illam
2096 5232 2252 5285 supra

671 5303 886 5357 modum
920 5302 1147 5372 lugeret.
1191 5302 1336 5358 Beati
1361 5304 1446 5371 qui
1471 5292 1694 5358 es'urittnt
1720 5316 1765 5358 et
1795 5307 1968 5360 sitiunt
1999 5309 2256 5378 justitiam

672 5395 879 5465 (Matth.
911 5397 962 5448 5.
996 5395 1074 5464 6).
1129 5393 1257 5448 Vide
1286 5393 1386 5449 hoc
1426 5397 1583 5450 etiarn
1626 5399 1692 5450 ab
1724 5399 1812 5452 illo
1856 5400 2078 5454 mirifice
2103 5416 2254 5454 com-

673 5489 890 5554 pletum.
921 5483 1161 5556 Confregi
1184 5529 1198 5554 ,
1233 5487 1398 5556 inquit
1422 5530 1435 5546 .
1472 5491 1631 5543 molas
1659 5492 1965 5561 iniquorum,
1989 5503 2032 5546 et
2063 5494 2124 5546 de
2148 5511 2255 5548 me—

670 5579 754 5629 dio
786 5578 1006 5629 dentium
1045 5593 1213 5630 eorum
1241 5578 1475 5648 rapinam
1503 5583 1662 5649 eripui
1717 5581 1847 5653 (Job
1893 5584 1982 5638 29.
2018 5584 2124 5656 17).
2157 5585 2255 5638 Ju-

671 5669 859 5722 stitiam
893 5685 1006 5720 vero
1044 5670 1249 5722 indutus
1288 5686 1398 5722 sum
1423 5713 1435 5734 ,
1464 5680 1510 5723 et
1539 5676 1738 5728 vestitus
1767 5691 1878 5728 sum
1904 5676 2101 5744 judicio
2129 5680 2257 5731 sicut

674 5758 900 5827 diploide
925 5757 1028 5829 (Ib.
1053 5775 1099 5812 υ.
1130 5761 1239 5831 14).
1289 5759 1432 5815 Beati
1477 5764 1818 5821 misericordes
1838 5809 1852 5833 ,
1893 5769 2128 5837 quoniam
2158 5770 2256 5840 ipsi

739 5873 756 5909 ‘
782 5873 887 5936 Alli,
907 5875 958 5926 1η
989 5871 1066 5927 vta
1087 5882 1218 5926 recta
1240 5874 1514 5928 ambulavit.

1361 415 1418 468 S.
1459 412 1740 469 JOANNIS
1776 395 2258 467 CllRYSOSTOMI
2299 406 2617 466 ARCHIEP.
2651 412 3186 472 CONSTANTINOP.

3835 421 3942 475 5η

2349 527 2744 580 misericordiam
2773 541 3136 598 consequentur
3156 529 3368 600 (Matth.
3400 532 3452 587 5.
3488 532 3564 601 7).
3607 535 3677 588 At
3707 536 3804 589 ista
3831 553 3937 588 non

2348 619 2399 672 in
2429 621 2664 689 pecuniis
2705 631 2906 676 tantum
2939 623 3240 677 misericors
3266 634 3413 692 erat,
3471 637 3560 679 aut
3596 626 3726 680 dum
3766 628 3939 682 nudos

2347 713 2628 778 indueret,
2669 724 2722 768 et
2747 715 3045 770 esurientes
3087 714 3293 781 aleret,
3335 716 3572 771 viduitati
3603 718 3934 794 subveniret.

2345 803 2614 873 orphanos
2647 814 2916 872 tueretur,
2965 817 3167 860 natura:
3194 807 3405 862 ohlmsae
3435 808 3575 864 vitiis
3604 809 3934 875 mederetur,

2345 897 2436 952 sed
2481 907 2534 952 et
2577 898 2692 966 ipso
2736 898 2901 952 animi
2946 899 3318 970 compatieutis
3366 899 3576 955 affectu.
3630 899 3740 971 Ego
3766 901 3936 963 enim,

2346 990 2546 1057 inquit,
2579 1006 2730 1060 super
2758 991 2897 1044 omni
2936 991 3208 1061 impotente
3244 992 3393 1060 ﬂevi,
3444 1003 3490 1045 et
3516 1009 3682 1063 gemui
3709 1034 3722 1056 ,
3761 993 3938 1046 ridens

2342 1083 2505 1134 virum
2530 1082 2582 1134 in
2608 1082 2978 1136 necessitatibus
3006 1081 3126 1153 (Job
3153 1083 3241 1138 50.
3271 1082 3386 1150 25).
3436 1083 3730 1154 Tamquam
3789 1084 3936 1138 enim

2343 1175 2643 1226 communis
2670 1173 2905 1228 omnium
2934 1182 3088 1244 pater
3119 1185 3262 1229 esset
3286 1218 3301 1240 ,
3335 1176 3404 1230 ita
3433 1175 3760 1246 singulorum
3788 1175 3938 1230 cala-

2343 1268 2556 1319 mitates
2602 1265 2734 1318 alias
2773 1265 3072 1332 sarciebat,
3118 1266 3249 1320 alias
3281 1266 3522 1336 lugebat,
3565 1275 3618 1322 et
3643 1266 3840 1329 verbis,
3881 1276 3940 1321 et

2345 1355 2496 1410 factis
2516 1398 2530 1422 ,
2558 1367 2610 1410 et
2637 1358 3011 1426 compatieutis
3034 1356 3222 1412 affectu
3245 1399 3259 1424 ,
3287 1367 3342 1413 et
3372 1358 3618 1429 lacrymis
3639 1398 3654 1423 ,
3686 1368 3739 1413 et
3765 1358 3942 1413 modis

2343 1450 2589 1503 omnibus
2618 1450 3007 1504 calamitatibus
3047 1465 3260 1520 pressos
3286 1451 3557 1521 erigebat,
3607 1461 3661 1504 ut
3699 1451 3766 1505 ad
3812 1466 3939 1505 eum

2343 1557 2530 1596 omnes
2557 1552 2824 1612 tamquam
2853 1542 2920 1597 ad
2951 1558 3289 1597 communem
3317 1552 3530 1612 portum
3560 1545 3936 1614 confugerent.

2343 1636 2486 1689 Beati
2513 1637 2598 1707 qui
2627 1637 2800 1690 mundi
2836 1647 2952 1690 sunt
2991 1638 3140 1690 corde
3159 1680 3174 1704 ,
3208 1637 3447 1709 quoniam
3475 1639 3575 1708 ipsi
3612 1635 3775 1690 Deum
3800 1636 3939 1690 vide-

2344 1732 2463 1783 bunt
2509 1727 2719 1800 (Matth.
2749 1730 2803 1784 5.
2836 1729 2912 1799 8).
2968 1730 3035 1785 Et
3081 1731 3184 1784 hoc
3228 1729 3317 1783 ille
3361 1743 3465 1783 non
3509 1727 3764 1782 mediocri
3811 1741 3938 1781 cum

2344 1821 2498 1876 laude
2524 1821 2829 1892 praestabat.
2859 1822 2995 1876 Audi
3022 1822 3165 1877 enim
3199 1821 3366 1876 Deum
3396 1821 3496 1876 hoc
3524 1820 3701 1875 deillo
3731 1829 3940 1875 testan-

2345 1921 2448 1967 tem
2486 1930 2499 1968 :
2533 1912 2655 1966 Non
2681 1922 2752 1967 est
2782 1913 2930 1966 homo
2957 1913 3136 1966 similis
3172 1913 3218 1966 ei
3244 1913 3298 1965 in
3326 1921 3461 1965 terra
3480 1952 3495 1977 ,
3521 1912 3670 1965 homo
3695 1912 3804 1964 sine
3832 1911 3943 1962 cri-

2343 2005 2504 2069 mine,
2528 1991 2531 1994 ’
2537 2005 2710 2073 justus
2735 2047 2751 2070 ,
2784 2020 2936 2070 verax
2956 2045 2969 2068 ,
3000 2004 3166 2056 colens
3207 2001 3392 2070 Deum,
3424 2002 3677 2056 abstinens
3712 2004 3773 2054 ab
3800 2001 3943 2054 omni

2343 2096 2480 2148 mala
2508 2112 2561 2148 re
2599 2095 2719 2166 (Job
2749 2096 2797 2149 1.
2828 2095 2860 2149 8
2887 2095 2930 2165 ).
2979 2093 3126 2148 Beati
3154 2095 3238 2164 qui
3269 2095 3700 2163 persequutionem
3736 2092 3945 2162 patitur.

2346 2196 2427 2238 tur
2455 2195 2661 2254 prapter
2695 2186 2987 2254 justitiam,
3041 2185 3281 2251 quoniam
3327 2185 3555 2256 ipsorum
3604 2194 3675 2238 est
3724 2200 3940 2254 regnum

2344 2280 2580 2332 ca’lorum
2648 2278 2824 2331 llatth.
2847 2279 2900 2334 5.
2927 2279 3037 2349 10).
3076 2278 3142 2332 Et
3175 2278 3297 2334 inde
3327 2279 3549 2334 multam
3577 2279 3937 2333 certaminum

2345 2386 2408 2426 ac
2435 2372 2770 2440 prcemiorum
2810 2373 3016 2443 copiam
3050 2372 3350 2444 colligebat.
3403 2372 3520 2428 Non
3557 2374 3700 2428 enim
3731 2373 3799 2426 ab
3835 2373 3942 2427 ho-

2347 2465 2577 2520 minibus
2607 2464 2928 2532 vexabatur,
2972 2465 3064 2520 sed
3103 2466 3217 2535 ipse
3239 2467 3496 2520 malorum
3525 2466 3728 2535 primus
3753 2475 3945 2520 auctor

2346 2557 2555 2612 daemon
2589 2558 2638 2610 in
2671 2572 2792 2611 eum
2840 2557 3107 2612 ferebatur
3131 2599 3146 2623 ,
3191 2567 3246 2612 et
3288 2559 3536 2612 omnibus
3566 2559 3676 2611 suis
3705 2556 3945 2613 admotis

2348 2649 2606 2704 machinis
2639 2651 2891 2718 impetum
2919 2650 2968 2704 in
3000 2665 3122 2706 eum
3155 2649 3423 2715 faciebat,
3465 2649 3625 2704 domo
3667 2658 3720 2704 et
3768 2651 3942 2719 patria

2348 2741 2609 2811 pellebat,
2643 2752 2696 2797 et
2734 2742 2798 2795 ad
2829 2740 3009 2795 fimum
3036 2742 3356 2796 amandabat
3380 2785 3393 2805 ,
3429 2743 3666 2812 pecuniis
3693 2742 3945 2798 omnibus

2349 2832 2630 2903 spoliabat,
2659 2833 3108 2902 possessionibus,
3142 2833 3349 2901 liberis,
3382 2833 3492 2904 ipsa
3520 2833 3762 2904 corporis
3791 2835 3943 2888 sani-

2351 2934 2458 2980 tate
2479 2967 2495 2992 ,
2521 2939 2583 2980 ac
2613 2925 2752 2980 fame
2773 2927 3084 2996 gravissima
3116 2927 3425 2991 cruciabat;
3458 2936 3512 2981 et
3538 2941 3666 2981 vero
3694 2940 3814 2980 cum
3851 2927 3946 2981 illo

2350 3019 2560 3088 quidam
2588 3035 2652 3074 ex
2681 3019 2866 3074 amicis
2893 3035 2998 3074 non
3045 3019 3387 3075 mediocriter
3410 3022 3459 3074 ei
3487 3018 3814 3074 insultabant
3836 3060 3854 3084 ,
3887 3029 3944 3073 ct

2350 3111 2464 3180 ejus
2489 3113 2679 3165 animae
2705 3112 2880 3167 ulcera
2914 3111 3275 3169 lancinabant.
3308 3110 3454 3165 Beati
3483 3111 3620 3166 erttis
3646 3150 3662 3176 ,
3690 3127 3804 3164 cum
3830 3127 3946 3163 nta-

2351 3203 2611 3256 ledixerint
2637 3203 2772 3257 vobis
2802 3205 3026 3260 homines
3050 3247 3064 3269 ,
3106 3213 3152 3257 et
3198 3204 3481 3274 persequuti
3519 3218 3605 3258 vos
3639 3203 3858 3275 fuerint,
3899 3212 3951 3256 et

2352 3298 2568 3350 dixerint
2599 3315 2746 3351 omne
2774 3299 2964 3352 malum
2987 3300 3253 3352 adversum
3282 3313 3367 3352 vos
3395 3297 3708 3358 mentientes.
3739 3305 3950 3368 propter

2353 3407 2447 3443 nte.
2470 3389 2713 3456 Gaudete,
2737 3401 2782 3445 et
2807 3393 3072 3457 exsultate,
3090 3393 3328 3462 quoniam
3349 3407 3534 3445 merces
3555 3401 3716 3444 vestra
3737 3391 3950 3460 copiosa

2353 3493 2422 3536 est
2451 3485 2501 3536 in
2539 3485 2675 3537 castis
2715 3482 2927 3555 (Matth.
2961 3485 3014 3539 5.
3045 3484 3132 3538 11.
3161 3482 3273 3552 12).
3317 3482 3420 3537 Sed
3449 3492 3502 3538 et
3535 3482 3670 3537 hanc
3711 3481 3947 3536 beatitu-

2352 3574 2529 3627 dinem
2570 3573 2905 3628 abundanter
2931 3574 3178 3629 obtinuit.
3224 3573 3357 3628 Nam
3386 3583 3438 3628 et
3475 3574 3563 3645 qui
3604 3573 3828 3628 aderant
3871 3574 3948 3628 illi

2356 3675 2477 3718 tunc
2497 3706 2509 3729 ,
2540 3665 2998 3720 criminationibus
3023 3680 3146 3720 eum
3176 3665 3542 3735 oppetebant,
3571 3680 3693 3719 cum
3724 3665 3948 3720 leviori-

2355 3755 2453 3810 bus
2503 3773 2621 3812 eum
2667 3758 2838 3826 ptenis
2884 3758 3039 3827 plecti
3085 3758 3359 3823 dicerent,
3409 3773 3568 3829 quam
3615 3772 3711 3828 pro
3738 3757 3952 3814 delictis

2356 3850 2467 3902 suis
2508 3860 2872 3918 promeruerat
2898 3892 2910 3912 ,
2956 3865 3077 3903 cum
3122 3850 3308 3918 longas
3349 3851 3550 3904 incum
3578 3849 3952 3905 accusationes

2357 3951 2618 4006 texerant,
2647 3957 2708 3995 ac
2738 3953 3016 3997 sermones
3044 3942 3336 3996 mendaciis
3361 3953 3415 3997 et
3443 3941 3722 3997 calumniis
3751 3940 3954 3996 redun-

2355 4032 2562 4086 dantes.
2613 4035 2860 4088 Attamen
2903 4033 3000 4088 hos
3038 4035 3198 4090 etiam
3226 4033 3352 4097 ille,
3381 4047 3504 4088 cum
3531 4032 3828 4102 periculum
3868 4033 3953 4088 eis

2358 4125 2695 4188 immineret,
2727 4124 2796 4178 ab
2819 4125 3088 4180 inferenda
3114 4141 3144 4178 a
3176 4126 3284 4180 Deo
3307 4125 3457 4195 plaga
3488 4124 3776 4179 vindicavit
3799 4165 3815 4190 ,
3851 4139 3954 4180 nec

2360 4218 2517 4272 ullam
2543 4232 2762 4281 eorum,
2811 4234 2930 4288 quae
2961 4219 3011 4273 in
3044 4219 3217 4288 ipsum
3245 4218 3523 4283 dixerant,
3564 4217 3703 4288 apud
3741 4233 3802 4275 se
3829 4233 3954 4275 tne-

2359 4309 2578 4364 moriam
2621 4311 2977 4365 conservavit.
3032 4310 3097 4364 Et
3124 4310 3176 4364 in
3223 4310 3325 4364 hoc
3366 4324 3578 4380 quoque
3624 4319 3954 4381 praeceptum

2360 4418 2542 4457 rursus
2566 4402 2693 4457 illud
2722 4402 3069 4471 adimplebat,
3095 4402 3301 4474 Diligite
3324 4403 3554 4456 inimicos
3579 4411 3788 4470 vestros,
3806 4411 3958 4457 orate

2361 4510 2452 4561 pro
2491 4493 2896 4563 persequentibus
2926 4510 3011 4547 vos
3064 4494 3083 4564 (
3111 4491 3291 4547 Matth.
3325 4494 3379 4548 5.
3408 4494 3536 4565 44).
3591 4493 3864 4564 Siquidem
3898 4505 3956 4550 et

2359 4584 2562 4647 dilexit,
2586 4595 2639 4639 et
2667 4600 2760 4653 pro
2781 4584 2882 4639 illis
2905 4586 3095 4649 oravit,
3127 4595 3183 4640 et
3211 4586 3342 4640 iram
3366 4585 3458 4641 Dei
3486 4585 3716 4654 sedavit,
3741 4595 3798 4641 et
3829 4602 3956 4658 pec-

2358 4687 2476 4731 cata
2497 4692 2681 4731 eorum
2708 4675 2905 4732 delevit
2932 4696 2945 4732 :
2977 4679 3181 4734 tametsi
3206 4694 3311 4733 non
3339 4679 3648 4749 prophetas,
3673 4693 3777 4734 non
3799 4695 3958 4736 evan-

2360 4769 2576 4839 gelistas
2599 4809 2615 4834 ,
2646 4783 2750 4823 non
2782 4770 3089 4825 sacerdotes
3112 4811 3128 4837 ,
3161 4786 3266 4826 non
3307 4771 3584 4826 doctorem
3603 4813 3618 4838 ,
3651 4786 3759 4827 non
3786 4773 3954 4829 alium

2359 4861 2661 4930 quempiam
2693 4860 2758 4914 ad
2786 4865 3032 4916 virtutem
3079 4863 3502 4933 amplectendam
3540 4863 3781 4919 audierat
3818 4881 3956 4921 con-

2360 4956 2535 5010 silium
2557 4954 2791 5010 dantem.
2814 4955 2973 5012 Vides
2993 4966 3189 5026 quanta
3213 4959 3282 5012 sit
3304 4957 3418 5012 laus
3438 4958 3630 5012 animos
3654 4973 3955 5029 generosm,

2361 5061 2626 5117 quamque
2673 5048 2772 5101 sibi
2824 5048 2925 5117 ipsi
2971 5049 3036 5102 ad
3084 5049 3388 5104 sectandam
3419 5051 3667 5105 virtutem
3701 5051 3954 5120 sufficiat,

2363 5142 2484 5196 licet
2529 5142 2725 5197 nullius
2754 5157 2877 5196 cura
2904 5151 2958 5196 et
2987 5142 3245 5197 industria
3277 5143 3595 5198 excolatur?
3641 5145 3804 5216 Atqui
3835 5162 3954 5201 ma-

2358 5236 2502 5303 jores
2533 5234 2786 5288 habuerat
2813 5249 2916 5288 non
2949 5235 3108 5287 modo
3131 5235 3348 5290 minime
3370 5235 3561 5301 bonos,
3588 5235 3683 5291 sed
3703 5245 3757 5291 et
3777 5237 3960 5293 multis

2363 5327 2504 5379 vitiis
2533 5328 2772 5380 infectos.
2815 5325 2956 5380 Sane
2984 5326 3196 5396 quidem
3227 5327 3294 5380 de
3323 5328 3562 5398 principe
3599 5330 3817 5396 generis
3843 5331 3960 5399 ejus

2366 5419 2434 5470 ita
2479 5417 2710 5485 loquitur
2739 5416 2932 5471 Paulus
2962 5434 2975 5469 :
3009 5416 3090 5470 Ne
3109 5419 3220 5486 quis
3251 5418 3530 5485 fornicator
3563 5430 3651 5472 aut
3679 5421 3962 5493 profanus,

2365 5519 2419 5561 ut
2453 5509 2623 5574 Esau,
2668 5511 2756 5579 qui
2779 5520 2990 5580 propter
3033 5526 3187 5563 unam
3227 5526 3395 5564 escam
3435 5511 3942 5579 vendiditprimitiu

2368 5602 2546 5672 (Hebr.
2580 5603 2666 5656 ts.
2696 5603 2807 5672 te).

2436 5695 2563 5749 CAP.
2591 5694 2733 5749 XIV.
2752 5696 3109 5763 Apostolorum
3134 5696 3283 5749 etiam
3310 5696 3612 5767 temporibus
3630 5697 3795 5751 multa
3806 5699 3962 5767 fuisse

2365 5789 2629 5853 scandala,
2671 5789 2952 5858 multosque
3001 5789 3321 5858 deprauatus,
3375 5805 3436 5842 ac
3481 5789 3748 5842 doctorum
3781 5807 3958 5859 persc-

2367 5883 2627 5952 quuliones
2647 5898 2706 5936 ac
2734 5883 2895 5936 caedes
2926 5882 3437 5953 frequentem—Quid
3469 5897 3595 5939 vero
3623 5887 3960 5956 temporibus
