  <div class='ocr_page' id='page_1' title='image "/cluster/home/n/w/nwhite01/storage/ocr_20150623/52/uva.x030486926/136.png"; bbox 0 0 4142 6498; ppageno 0'>
   <div class='ocr_carea' id='block_1_1' title="bbox 266 411 362 468">
    <p class='ocr_par' dir='ltr' id='par_1_1' title="bbox 266 411 362 468">
     <span class='ocr_line' id='line_1_1' title="bbox 266 411 362 468; baseline -0.031 0"><span class='ocrx_word' id='word_1_1' title='bbox 266 411 362 468; x_wconf 71' lang='lat' dir='ltr'><strong>MS</strong></span> 
     </span>
    </p>
   </div>
   <div class='ocr_carea' id='block_1_2' title="bbox 263 517 1856 592">
    <p class='ocr_par' dir='ltr' id='par_1_2' title="bbox 263 517 1856 592">
     <span class='ocr_line' id='line_1_2' title="bbox 263 517 1856 592; baseline -0.005 -12"><span class='ocrx_word' id='word_1_2' title='bbox 263 521 652 592; x_wconf 69' lang='lat' dir='ltr'><strong>apostolorum,</strong></span> <span class='ocrx_word' id='word_1_3' title='bbox 687 517 910 589; x_wconf 61' lang='lat' dir='ltr'><strong>quaeso?</strong></span> <span class='ocrx_word' id='word_1_4' title='bbox 941 532 1118 572; x_wconf 81' lang='lat' dir='ltr'><strong>nonne</strong></span> <span class='ocrx_word' id='word_1_5' title='bbox 1161 518 1436 572; x_wconf 85' lang='lat' dir='ltr'><strong>innumera</strong></span> <span class='ocrx_word' id='word_1_6' title='bbox 1470 517 1593 571; x_wconf 90' lang='lat' dir='ltr'><strong>talia</strong></span> <span class='ocrx_word' id='word_1_7' title='bbox 1637 517 1856 572; x_wconf 86' lang='lat' dir='ltr'><strong>evenie-</strong></span> 
     </span>
    </p>
   </div>
   <div class='ocr_carea' id='block_1_3' title="bbox 265 609 1860 681">
    <p class='ocr_par' dir='ltr' id='par_1_3' title="bbox 265 609 1860 681">
     <span class='ocr_line' id='line_1_3' title="bbox 265 609 1860 681; baseline -0.004 -15"><span class='ocrx_word' id='word_1_8' title='bbox 265 613 420 666; x_wconf 72' lang='lat' dir='ltr'><strong>lauit?</strong></span> <span class='ocrx_word' id='word_1_9' title='bbox 450 611 590 664; x_wconf 79' lang='lat' dir='ltr'><strong>Audi</strong></span> <span class='ocrx_word' id='word_1_10' title='bbox 624 610 751 681; x_wconf 89' lang='lat' dir='ltr'><strong>quid</strong></span> <span class='ocrx_word' id='word_1_11' title='bbox 776 610 918 664; x_wconf 89' lang='lat' dir='ltr'><strong>dicat</strong></span> <span class='ocrx_word' id='word_1_12' title='bbox 944 609 1140 664; x_wconf 84' lang='lat' dir='ltr'><strong>Paulus</strong></span> <span class='ocrx_word' id='word_1_13' title='bbox 1169 626 1182 661; x_wconf 88' lang='lat'><strong>:</strong></span> <span class='ocrx_word' id='word_1_14' title='bbox 1213 609 1329 664; x_wconf 87' lang='lat' dir='ltr'><strong>Scis</strong></span> <span class='ocrx_word' id='word_1_15' title='bbox 1351 609 1476 673; x_wconf 82' lang='lat' dir='ltr'><strong>hoc,</strong></span> <span class='ocrx_word' id='word_1_16' title='bbox 1520 610 1656 678; x_wconf 89' lang='lat' dir='ltr'><strong>quod</strong></span> <span class='ocrx_word' id='word_1_17' title='bbox 1698 609 1860 662; x_wconf 83' lang='lat' dir='ltr'><strong>aversi</strong></span> 
     </span>
    </p>
   </div>
   <div class='ocr_carea' id='block_1_4' title="bbox 262 697 1860 771">
    <p class='ocr_par' dir='ltr' id='par_1_4' title="bbox 262 697 1860 771">
     <span class='ocr_line' id='line_1_4' title="bbox 262 697 1860 771; baseline -0.003 -14"><span class='ocrx_word' id='word_1_18' title='bbox 262 713 372 757; x_wconf 82' lang='lat' dir='ltr'><strong>sunt</strong></span> <span class='ocrx_word' id='word_1_19' title='bbox 399 719 432 754; x_wconf 93' lang='lat' dir='ltr'><strong>a</strong></span> <span class='ocrx_word' id='word_1_20' title='bbox 459 718 539 760; x_wconf 81' lang='lat' dir='ltr'><strong>me</strong></span> <span class='ocrx_word' id='word_1_21' title='bbox 559 717 737 756; x_wconf 85' lang='lat' dir='ltr'><strong>omnes</strong></span> <span class='ocrx_word' id='word_1_22' title='bbox 756 701 843 771; x_wconf 89' lang='lat' dir='ltr'><strong>qui</strong></span> <span class='ocrx_word' id='word_1_23' title='bbox 864 701 918 753; x_wconf 90' lang='lat' dir='ltr'><strong>in</strong></span> <span class='ocrx_word' id='word_1_24' title='bbox 949 700 1068 753; x_wconf 79' lang='lat' dir='ltr'><strong>Asia</strong></span> <span class='ocrx_word' id='word_1_25' title='bbox 1090 708 1224 761; x_wconf 84' lang='lat' dir='ltr'><strong>sunt,</strong></span> <span class='ocrx_word' id='word_1_26' title='bbox 1249 715 1312 754; x_wconf 81' lang='lat' dir='ltr'><strong>ea:</strong></span> <span class='ocrx_word' id='word_1_27' title='bbox 1331 701 1508 768; x_wconf 87' lang='lat' dir='ltr'><strong>quibus</strong></span> <span class='ocrx_word' id='word_1_28' title='bbox 1533 710 1606 753; x_wconf 90' lang='lat' dir='ltr'><strong>est</strong></span> <span class='ocrx_word' id='word_1_29' title='bbox 1631 697 1860 769; x_wconf 78' lang='lat' dir='ltr'><strong>Phygel-</strong></span> 
     </span>
    </p>
   </div>
   <div class='ocr_carea' id='block_1_5' title="bbox 261 789 1860 863">
    <p class='ocr_par' dir='ltr' id='par_1_5' title="bbox 261 789 1860 863">
     <span class='ocr_line' id='line_1_5' title="bbox 261 789 1860 863; baseline -0.002 -16"><span class='ocrx_word' id='word_1_30' title='bbox 261 795 336 847; x_wconf 82' lang='lat' dir='ltr'><strong>lus</strong></span> <span class='ocrx_word' id='word_1_31' title='bbox 377 802 425 846; x_wconf 83' lang='lat' dir='ltr'><strong>et</strong></span> <span class='ocrx_word' id='word_1_32' title='bbox 472 792 822 858; x_wconf 80' lang='lat' dir='ltr'><strong>Hermogenes</strong></span> <span class='ocrx_word' id='word_1_33' title='bbox 852 791 948 863; x_wconf 73' lang='grc'><strong>(2.</strong></span> <span class='ocrx_word' id='word_1_34' title='bbox 981 789 1115 844; x_wconf 86' lang='lat' dir='ltr'><strong>Tim.</strong></span> <span class='ocrx_word' id='word_1_35' title='bbox 1144 791 1193 845; x_wconf 83' lang='grc'><strong>1.</strong></span> <span class='ocrx_word' id='word_1_36' title='bbox 1227 790 1293 846; x_wconf 76' lang='grc'>15</span> <span class='ocrx_word' id='word_1_37' title='bbox 1315 789 1359 861; x_wconf 94' lang='grc'><strong>).</strong></span> <span class='ocrx_word' id='word_1_38' title='bbox 1402 789 1592 844; x_wconf 86' lang='lat' dir='ltr'><strong>Nonne</strong></span> <span class='ocrx_word' id='word_1_39' title='bbox 1614 805 1860 844; x_wconf 79' lang='lat' dir='ltr'><strong>carceres</strong></span> 
     </span>
    </p>
   </div>
   <div class='ocr_carea' id='block_1_6' title="bbox 262 882 1862 941">
    <p class='ocr_par' dir='ltr' id='par_1_6' title="bbox 262 882 1862 941">
     <span class='ocr_line' id='line_1_6' title="bbox 262 882 1862 941; baseline -0.004 -2"><span class='ocrx_word' id='word_1_40' title='bbox 262 885 638 941; x_wconf 85' lang='lat' dir='ltr'><strong>inhabitabant</strong></span> <span class='ocrx_word' id='word_1_41' title='bbox 667 884 959 938; x_wconf 79' lang='lat' dir='ltr'><strong>doctores?</strong></span> <span class='ocrx_word' id='word_1_42' title='bbox 1003 899 1180 936; x_wconf 87' lang='lat' dir='ltr'><strong>nonne</strong></span> <span class='ocrx_word' id='word_1_43' title='bbox 1211 882 1416 936; x_wconf 90' lang='lat' dir='ltr'><strong>catenis</strong></span> <span class='ocrx_word' id='word_1_44' title='bbox 1442 889 1598 936; x_wconf 91' lang='lat' dir='ltr'><strong>erant</strong></span> <span class='ocrx_word' id='word_1_45' title='bbox 1630 882 1862 936; x_wconf 87' lang='lat' dir='ltr'><strong>circum-</strong></span> 
     </span>
    </p>
   </div>
   <div class='ocr_carea' id='block_1_7' title="bbox 261 973 1862 1044">
    <p class='ocr_par' dir='ltr' id='par_1_7' title="bbox 261 973 1862 1044">
     <span class='ocr_line' id='line_1_7' title="bbox 261 973 1862 1044; baseline -0.002 -12"><span class='ocrx_word' id='word_1_46' title='bbox 261 978 408 1032; x_wconf 80' lang='lat' dir='ltr'><strong>dati?</strong></span> <span class='ocrx_word' id='word_1_47' title='bbox 434 994 617 1032; x_wconf 89' lang='lat' dir='ltr'><strong>nonne</strong></span> <span class='ocrx_word' id='word_1_48' title='bbox 644 992 674 1031; x_wconf 89' lang='lat' dir='ltr'><strong>a</strong></span> <span class='ocrx_word' id='word_1_49' title='bbox 705 975 1032 1040; x_wconf 82' lang='lat' dir='ltr'><strong>domesticis,</strong></span> <span class='ocrx_word' id='word_1_50' title='bbox 1064 976 1132 1028; x_wconf 87' lang='lat' dir='ltr'><strong>ab</strong></span> <span class='ocrx_word' id='word_1_51' title='bbox 1151 975 1339 1029; x_wconf 87' lang='lat' dir='ltr'><strong>alienis</strong></span> <span class='ocrx_word' id='word_1_52' title='bbox 1365 975 1500 1028; x_wconf 89' lang='lat' dir='ltr'><strong>mala</strong></span> <span class='ocrx_word' id='word_1_53' title='bbox 1523 973 1862 1044; x_wconf 87' lang='lat' dir='ltr'><strong>patiebantur</strong></span> 
     </span>
    </p>
   </div>
   <div class='ocr_carea' id='block_1_8' title="bbox 259 1066 1859 1138">
    <p class='ocr_par' dir='ltr' id='par_1_8' title="bbox 259 1066 1859 1138">
     <span class='ocr_line' id='line_1_8' title="bbox 259 1066 1859 1138; baseline -0.003 -13"><span class='ocrx_word' id='word_1_54' title='bbox 259 1069 540 1125; x_wconf 72' lang='lat' dir='ltr'><strong>extrema?</strong></span> <span class='ocrx_word' id='word_1_55' title='bbox 563 1084 745 1122; x_wconf 88' lang='lat' dir='ltr'><strong>nonne</strong></span> <span class='ocrx_word' id='word_1_56' title='bbox 769 1069 1018 1138; x_wconf 82' lang='lat' dir='ltr'><strong>pastillos</strong></span> <span class='ocrx_word' id='word_1_57' title='bbox 1042 1069 1093 1121; x_wconf 91' lang='lat' dir='ltr'><strong>in</strong></span> <span class='ocrx_word' id='word_1_58' title='bbox 1117 1067 1273 1120; x_wconf 78' lang='lat' dir='ltr'><strong>ovilia</strong></span> <span class='ocrx_word' id='word_1_59' title='bbox 1298 1067 1404 1136; x_wconf 82' lang='lat' dir='ltr'><strong>lupi</strong></span> <span class='ocrx_word' id='word_1_60' title='bbox 1422 1081 1613 1137; x_wconf 85' lang='lat' dir='ltr'><strong>graves</strong></span> <span class='ocrx_word' id='word_1_61' title='bbox 1634 1066 1859 1136; x_wconf 83' lang='lat' dir='ltr'><strong>ingressi</strong></span> 
     </span>
    </p>
   </div>
   <div class='ocr_carea' id='block_1_9' title="bbox 259 1157 1858 1228">
    <p class='ocr_par' dir='ltr' id='par_1_9' title="bbox 259 1157 1858 1228">
     <span class='ocr_line' id='line_1_9' title="bbox 259 1157 1858 1228; baseline -0.002 -14"><span class='ocrx_word' id='word_1_62' title='bbox 259 1160 414 1214; x_wconf 76' lang='lat' dir='ltr'><strong>sunt?</strong></span> <span class='ocrx_word' id='word_1_63' title='bbox 457 1175 640 1215; x_wconf 90' lang='lat' dir='ltr'><strong>nonne</strong></span> <span class='ocrx_word' id='word_1_64' title='bbox 669 1161 768 1214; x_wconf 90' lang='lat' dir='ltr'><strong>ista</strong></span> <span class='ocrx_word' id='word_1_65' title='bbox 803 1159 1001 1213; x_wconf 87' lang='lat' dir='ltr'><strong>Paulus</strong></span> <span class='ocrx_word' id='word_1_66' title='bbox 1050 1159 1373 1228; x_wconf 66' lang='lat' dir='ltr'><strong>praedicebat</strong></span> <span class='ocrx_word' id='word_1_67' title='bbox 1416 1157 1666 1226; x_wconf 85' lang='lat' dir='ltr'><strong>Ephesiis</strong></span> <span class='ocrx_word' id='word_1_68' title='bbox 1694 1200 1709 1224; x_wconf 91' lang='lat'><strong>,</strong></span> <span class='ocrx_word' id='word_1_69' title='bbox 1738 1172 1858 1212; x_wconf 90' lang='lat' dir='ltr'><strong>cum</strong></span> 
     </span>
    </p>
   </div>
   <div class='ocr_carea' id='block_1_10' title="bbox 263 1248 1856 1320">
    <p class='ocr_par' dir='ltr' id='par_1_10' title="bbox 263 1248 1856 1320">
     <span class='ocr_line' id='line_1_10' title="bbox 263 1248 1856 1320; baseline -0.001 -17"><span class='ocrx_word' id='word_1_70' title='bbox 263 1250 500 1304; x_wconf 75' lang='lat' dir='ltr'><strong>Miletum</strong></span> <span class='ocrx_word' id='word_1_71' title='bbox 525 1250 653 1304; x_wconf 87' lang='lat' dir='ltr'><strong>illos</strong></span> <span class='ocrx_word' id='word_1_72' title='bbox 701 1250 1130 1303; x_wconf 75' lang='lat' dir='ltr'><strong>transmitteret?</strong></span> <span class='ocrx_word' id='word_1_73' title='bbox 1157 1248 1270 1320; x_wconf 85' lang='lat' dir='ltr'><strong>Ego</strong></span> <span class='ocrx_word' id='word_1_74' title='bbox 1311 1251 1453 1303; x_wconf 90' lang='lat' dir='ltr'><strong>enim</strong></span> <span class='ocrx_word' id='word_1_75' title='bbox 1485 1249 1610 1313; x_wconf 88' lang='lat' dir='ltr'><strong>scio,</strong></span> <span class='ocrx_word' id='word_1_76' title='bbox 1666 1250 1856 1319; x_wconf 89' lang='lat' dir='ltr'><strong>inquit,</strong></span> 
     </span>
    </p>
   </div>
   <div class='ocr_carea' id='block_1_11' title="bbox 258 1343 1860 1413">
    <p class='ocr_par' dir='ltr' id='par_1_11' title="bbox 258 1343 1860 1413">
     <span class='ocr_line' id='line_1_11' title="bbox 258 1343 1860 1413; baseline 0.002 -20"><span class='ocrx_word' id='word_1_77' title='bbox 258 1343 499 1409; x_wconf 82' lang='lat' dir='ltr'><strong>quoniam</strong></span> <span class='ocrx_word' id='word_1_78' title='bbox 515 1343 775 1395; x_wconf 75' lang='lat' dir='ltr'><strong>intrabunt</strong></span> <span class='ocrx_word' id='word_1_79' title='bbox 799 1352 908 1410; x_wconf 87' lang='lat' dir='ltr'><strong>post</strong></span> <span class='ocrx_word' id='word_1_80' title='bbox 928 1343 1279 1395; x_wconf 71' lang='lat' dir='ltr'><strong>discessionem</strong></span> <span class='ocrx_word' id='word_1_81' title='bbox 1299 1359 1463 1396; x_wconf 86' lang='lat' dir='ltr'><strong>meam</strong></span> <span class='ocrx_word' id='word_1_82' title='bbox 1489 1343 1600 1412; x_wconf 88' lang='lat' dir='ltr'><strong>lupi</strong></span> <span class='ocrx_word' id='word_1_83' title='bbox 1612 1359 1789 1413; x_wconf 79' lang='lat' dir='ltr'><strong>graves</strong></span> <span class='ocrx_word' id='word_1_84' title='bbox 1808 1345 1860 1397; x_wconf 85' lang='lat' dir='ltr'><strong>in</strong></span> 
     </span>
    </p>
   </div>
   <div class='ocr_carea' id='block_1_12' title="bbox 260 1432 1862 1505">
    <p class='ocr_par' dir='ltr' id='par_1_12' title="bbox 260 1432 1862 1505">
     <span class='ocr_line' id='line_1_12' title="bbox 260 1432 1862 1505; baseline 0.002 -21"><span class='ocrx_word' id='word_1_85' title='bbox 260 1448 366 1496; x_wconf 73' lang='lat' dir='ltr'><strong>vos,</strong></span> <span class='ocrx_word' id='word_1_86' title='bbox 388 1449 493 1485; x_wconf 85' lang='lat' dir='ltr'><strong>non</strong></span> <span class='ocrx_word' id='word_1_87' title='bbox 513 1444 778 1503; x_wconf 84' lang='lat' dir='ltr'><strong>parcentes</strong></span> <span class='ocrx_word' id='word_1_88' title='bbox 801 1435 959 1504; x_wconf 80' lang='lat' dir='ltr'><strong>gregi.</strong></span> <span class='ocrx_word' id='word_1_89' title='bbox 990 1432 1057 1486; x_wconf 84' lang='lat' dir='ltr'><strong>Et</strong></span> <span class='ocrx_word' id='word_1_90' title='bbox 1087 1449 1149 1486; x_wconf 71' lang='lat' dir='ltr'><strong>et:</strong></span> <span class='ocrx_word' id='word_1_91' title='bbox 1172 1433 1310 1488; x_wconf 79' lang='lat' dir='ltr'><strong>vobis</strong></span> <span class='ocrx_word' id='word_1_92' title='bbox 1337 1434 1459 1504; x_wconf 89' lang='lat' dir='ltr'><strong>ipsis</strong></span> <span class='ocrx_word' id='word_1_93' title='bbox 1481 1445 1751 1505; x_wconf 67' lang='lat' dir='ltr'><strong>exsurgent</strong></span> <span class='ocrx_word' id='word_1_94' title='bbox 1767 1435 1862 1488; x_wconf 84' lang='lat' dir='ltr'><strong>viri</strong></span> 
     </span>
    </p>
   </div>
   <div class='ocr_carea' id='block_1_13' title="bbox 262 1525 1857 1598">
    <p class='ocr_par' dir='ltr' id='par_1_13' title="bbox 262 1525 1857 1598">
     <span class='ocr_line' id='line_1_13' title="bbox 262 1525 1857 1598; baseline 0.003 -22"><span class='ocrx_word' id='word_1_95' title='bbox 262 1525 522 1593; x_wconf 78' lang='lat' dir='ltr'><strong>loquentes</strong></span> <span class='ocrx_word' id='word_1_96' title='bbox 550 1543 802 1595; x_wconf 73' lang='lat' dir='ltr'><strong>perversa,</strong></span> <span class='ocrx_word' id='word_1_97' title='bbox 833 1537 887 1578; x_wconf 88' lang='lat' dir='ltr'><strong>ut</strong></span> <span class='ocrx_word' id='word_1_98' title='bbox 917 1527 1167 1580; x_wconf 80' lang='lat' dir='ltr'><strong>abducant</strong></span> <span class='ocrx_word' id='word_1_99' title='bbox 1193 1527 1468 1596; x_wconf 83' lang='lat' dir='ltr'><strong>discipulos</strong></span> <span class='ocrx_word' id='word_1_100' title='bbox 1497 1536 1611 1595; x_wconf 86' lang='lat' dir='ltr'><strong>post</strong></span> <span class='ocrx_word' id='word_1_101' title='bbox 1633 1543 1686 1581; x_wconf 89' lang='lat' dir='ltr'><strong>se</strong></span> <span class='ocrx_word' id='word_1_102' title='bbox 1719 1526 1857 1598; x_wconf 75' lang='lat' dir='ltr'><strong>(Act.</strong></span> 
     </span>
    </p>
   </div>
   <div class='ocr_carea' id='block_1_14' title="bbox 261 1617 1860 1691">
    <p class='ocr_par' dir='ltr' id='par_1_14' title="bbox 261 1617 1860 1691">
     <span class='ocr_line' id='line_1_14' title="bbox 261 1617 1860 1691; baseline 0.003 -22"><span class='ocrx_word' id='word_1_103' title='bbox 261 1617 349 1670; x_wconf 77' lang='lat'><strong>20.</strong></span> <span class='ocrx_word' id='word_1_104' title='bbox 380 1618 473 1672; x_wconf 76' lang='lat'><strong>29.</strong></span> <span class='ocrx_word' id='word_1_105' title='bbox 525 1618 642 1687; x_wconf 77' lang='lat'><strong>50).</strong></span> <span class='ocrx_word' id='word_1_106' title='bbox 673 1617 866 1674; x_wconf 84' lang='lat' dir='ltr'><strong>Nonne</strong></span> <span class='ocrx_word' id='word_1_107' title='bbox 912 1619 1218 1691; x_wconf 84' lang='lat' dir='ltr'><strong>Alexander</strong></span> <span class='ocrx_word' id='word_1_108' title='bbox 1272 1621 1352 1672; x_wconf 92' lang='lat' dir='ltr'><strong>vir</strong></span> <span class='ocrx_word' id='word_1_109' title='bbox 1401 1621 1624 1674; x_wconf 83' lang='lat' dir='ltr'><strong>:crarius</strong></span> <span class='ocrx_word' id='word_1_110' title='bbox 1679 1619 1860 1674; x_wconf 90' lang='lat' dir='ltr'><strong>multis</strong></span> 
     </span>
    </p>
   </div>
   <div class='ocr_carea' id='block_1_15' title="bbox 261 1710 1863 1782">
    <p class='ocr_par' dir='ltr' id='par_1_15' title="bbox 261 1710 1863 1782">
     <span class='ocr_line' id='line_1_15' title="bbox 261 1710 1863 1782; baseline 0.002 -20"><span class='ocrx_word' id='word_1_111' title='bbox 261 1723 380 1762; x_wconf 87' lang='lat' dir='ltr'><strong>cum</strong></span> <span class='ocrx_word' id='word_1_112' title='bbox 412 1711 644 1779; x_wconf 87' lang='lat' dir='ltr'><strong>negotiis</strong></span> <span class='ocrx_word' id='word_1_113' title='bbox 669 1710 959 1777; x_wconf 78' lang='lat' dir='ltr'><strong>infestavit,</strong></span> <span class='ocrx_word' id='word_1_114' title='bbox 993 1713 1457 1782; x_wconf 81' lang='lat' dir='ltr'><strong>persequutionem</strong></span> <span class='ocrx_word' id='word_1_115' title='bbox 1489 1727 1734 1778; x_wconf 88' lang='lat' dir='ltr'><strong>movens,</strong></span> <span class='ocrx_word' id='word_1_116' title='bbox 1762 1728 1863 1766; x_wconf 89' lang='lat' dir='ltr'><strong>un-</strong></span> 
     </span>
    </p>
   </div>
   <div class='ocr_carea' id='block_1_16' title="bbox 261 1800 1860 1872">
    <p class='ocr_par' dir='ltr' id='par_1_16' title="bbox 261 1800 1860 1872">
     <span class='ocr_line' id='line_1_16' title="bbox 261 1800 1860 1872; baseline 0.001 -18"><span class='ocrx_word' id='word_1_117' title='bbox 261 1800 422 1869; x_wconf 87' lang='lat' dir='ltr'><strong>dique</strong></span> <span class='ocrx_word' id='word_1_118' title='bbox 475 1801 811 1871; x_wconf 84' lang='lat' dir='ltr'><strong>impngnans,</strong></span> <span class='ocrx_word' id='word_1_119' title='bbox 851 1803 1142 1869; x_wconf 85' lang='lat' dir='ltr'><strong>lacessens,</strong></span> <span class='ocrx_word' id='word_1_120' title='bbox 1189 1813 1243 1858; x_wconf 90' lang='lat' dir='ltr'><strong>et</strong></span> <span class='ocrx_word' id='word_1_121' title='bbox 1270 1802 1322 1858; x_wconf 92' lang='lat' dir='ltr'><strong>in</strong></span> <span class='ocrx_word' id='word_1_122' title='bbox 1367 1811 1542 1857; x_wconf 89' lang='lat' dir='ltr'><strong>tantas</strong></span> <span class='ocrx_word' id='word_1_123' title='bbox 1581 1803 1860 1872; x_wconf 85' lang='lat' dir='ltr'><strong>angustias</strong></span> 
     </span>
    </p>
   </div>
   <div class='ocr_carea' id='block_1_17' title="bbox 259 1893 1855 1964">
    <p class='ocr_par' dir='ltr' id='par_1_17' title="bbox 259 1893 1855 1964">
     <span class='ocr_line' id='line_1_17' title="bbox 259 1893 1855 1964; baseline 0.001 -18"><span class='ocrx_word' id='word_1_124' title='bbox 259 1904 382 1946; x_wconf 81' lang='lat' dir='ltr'><strong>eum</strong></span> <span class='ocrx_word' id='word_1_125' title='bbox 409 1893 714 1962; x_wconf 76' lang='lat' dir='ltr'><strong>redegerat,</strong></span> <span class='ocrx_word' id='word_1_126' title='bbox 740 1903 864 1948; x_wconf 91' lang='lat' dir='ltr'><strong>utet</strong></span> <span class='ocrx_word' id='word_1_127' title='bbox 888 1894 1605 1964; x_wconf 86' lang='lat' dir='ltr'><strong>discipulumadmonerctac</strong></span> <span class='ocrx_word' id='word_1_128' title='bbox 1617 1895 1855 1949; x_wconf 89' lang='lat' dir='ltr'><strong>diceret:</strong></span> 
     </span>
    </p>
   </div>
   <div class='ocr_carea' id='block_1_18' title="bbox 264 1983 1853 2059">
    <p class='ocr_par' dir='ltr' id='par_1_18' title="bbox 264 1983 1853 2059">
     <span class='ocr_line' id='line_1_18' title="bbox 264 1983 1853 2059; baseline 0.003 -23"><span class='ocrx_word' id='word_1_129' title='bbox 264 1983 422 2047; x_wconf 82' lang='lat' dir='ltr'><strong>Quem</strong></span> <span class='ocrx_word' id='word_1_130' title='bbox 449 1995 497 2036; x_wconf 87' lang='lat' dir='ltr'><strong>et</strong></span> <span class='ocrx_word' id='word_1_131' title='bbox 527 1993 581 2036; x_wconf 84' lang='lat' dir='ltr'><strong>tu</strong></span> <span class='ocrx_word' id='word_1_132' title='bbox 605 1984 770 2038; x_wconf 80' lang='lat' dir='ltr'><strong>devita</strong></span> <span class='ocrx_word' id='word_1_133' title='bbox 792 2000 812 2038; x_wconf 86' lang='lat'><strong><em>:</em></strong></span> <span class='ocrx_word' id='word_1_134' title='bbox 831 1986 977 2039; x_wconf 80' lang='lat' dir='ltr'><strong>valde</strong></span> <span class='ocrx_word' id='word_1_135' title='bbox 995 1986 1128 2039; x_wconf 89' lang='lat' dir='ltr'><strong>enim</strong></span> <span class='ocrx_word' id='word_1_136' title='bbox 1157 1986 1338 2043; x_wconf 76' lang='lat' dir='ltr'><strong>restitit</strong></span> <span class='ocrx_word' id='word_1_137' title='bbox 1362 1987 1524 2040; x_wconf 73' lang='lat' dir='ltr'><strong>verbis</strong></span> <span class='ocrx_word' id='word_1_138' title='bbox 1540 1987 1725 2040; x_wconf 81' lang='lat' dir='ltr'><strong>nostris</strong></span> <span class='ocrx_word' id='word_1_139' title='bbox 1756 1985 1853 2059; x_wconf 76' lang='lat'><strong>(2.</strong></span> 
     </span>
    </p>
   </div>
   <div class='ocr_carea' id='block_1_19' title="bbox 265 2071 1858 2145">
    <p class='ocr_par' dir='ltr' id='par_1_19' title="bbox 265 2071 1858 2145">
     <span class='ocr_line' id='line_1_19' title="bbox 265 2071 1858 2145; baseline 0.004 -19"><span class='ocrx_word' id='word_1_140' title='bbox 265 2071 394 2126; x_wconf 82' lang='lat' dir='ltr'><strong>Tim.</strong></span> <span class='ocrx_word' id='word_1_141' title='bbox 410 2075 464 2127; x_wconf 69' lang='grc' dir='ltr'><strong>ι.</strong></span> <span class='ocrx_word' id='word_1_142' title='bbox 479 2072 610 2145; x_wconf 66' lang='lat'><strong>15)?</strong></span> <span class='ocrx_word' id='word_1_143' title='bbox 627 2074 815 2132; x_wconf 81' lang='lat' dir='ltr'><strong>Nonne</strong></span> <span class='ocrx_word' id='word_1_144' title='bbox 836 2091 864 2129; x_wconf 88' lang='lat' dir='ltr'><strong>a</strong></span> <span class='ocrx_word' id='word_1_145' title='bbox 890 2076 1203 2144; x_wconf 80' lang='lat' dir='ltr'><strong>quibusdam</strong></span> <span class='ocrx_word' id='word_1_146' title='bbox 1227 2077 1374 2132; x_wconf 77' lang='lat' dir='ltr'><strong>falsis</strong></span> <span class='ocrx_word' id='word_1_147' title='bbox 1400 2077 1650 2133; x_wconf 80' lang='lat' dir='ltr'><strong>fratribus</strong></span> <span class='ocrx_word' id='word_1_148' title='bbox 1665 2093 1858 2134; x_wconf 84' lang='lat' dir='ltr'><strong>corru-</strong></span> 
     </span>
    </p>
   </div>
   <div class='ocr_carea' id='block_1_20' title="bbox 260 2166 1857 2240">
    <p class='ocr_par' dir='ltr' id='par_1_20' title="bbox 260 2166 1857 2240">
     <span class='ocr_line' id='line_1_20' title="bbox 260 2166 1857 2240; baseline 0.006 -24"><span class='ocrx_word' id='word_1_149' title='bbox 260 2173 345 2232; x_wconf 88' lang='lat' dir='ltr'><strong>pta</strong></span> <span class='ocrx_word' id='word_1_150' title='bbox 366 2173 451 2218; x_wconf 87' lang='lat' dir='ltr'><strong>est</strong></span> <span class='ocrx_word' id='word_1_151' title='bbox 472 2167 677 2233; x_wconf 85' lang='lat' dir='ltr'><strong>integra</strong></span> <span class='ocrx_word' id='word_1_152' title='bbox 695 2168 838 2220; x_wconf 87' lang='lat' dir='ltr'><strong>natio</strong></span> <span class='ocrx_word' id='word_1_153' title='bbox 854 2166 1182 2233; x_wconf 84' lang='lat' dir='ltr'><strong>Galatarum,</strong></span> <span class='ocrx_word' id='word_1_154' title='bbox 1205 2177 1257 2223; x_wconf 92' lang='lat' dir='ltr'><strong>et</strong></span> <span class='ocrx_word' id='word_1_155' title='bbox 1272 2168 1340 2223; x_wconf 91' lang='lat' dir='ltr'><strong>ad</strong></span> <span class='ocrx_word' id='word_1_156' title='bbox 1353 2168 1658 2223; x_wconf 58' lang='lat' dir='ltr'><strong>Jndarorum</strong></span> <span class='ocrx_word' id='word_1_157' title='bbox 1677 2179 1857 2240; x_wconf 83' lang='lat' dir='ltr'><strong>partes</strong></span> 
     </span>
    </p>
   </div>
   <div class='ocr_carea' id='block_1_21' title="bbox 260 2252 1858 2328">
    <p class='ocr_par' dir='ltr' id='par_1_21' title="bbox 260 2252 1858 2328">
     <span class='ocr_line' id='line_1_21' title="bbox 260 2252 1858 2328; baseline 0.006 -24"><span class='ocrx_word' id='word_1_158' title='bbox 260 2253 467 2306; x_wconf 85' lang='lat' dir='ltr'><strong>transiit</strong></span> <span class='ocrx_word' id='word_1_159' title='bbox 483 2252 626 2322; x_wconf 83' lang='lat' dir='ltr'><strong>(Gal.</strong></span> <span class='ocrx_word' id='word_1_160' title='bbox 642 2254 678 2308; x_wconf 77' lang='lat'><strong>2</strong></span> <span class='ocrx_word' id='word_1_161' title='bbox 710 2254 805 2324; x_wconf 74' lang='lat'><strong>4)?</strong></span> <span class='ocrx_word' id='word_1_162' title='bbox 825 2255 1009 2310; x_wconf 82' lang='lat' dir='ltr'><strong>Nonne</strong></span> <span class='ocrx_word' id='word_1_163' title='bbox 1023 2257 1072 2310; x_wconf 93' lang='lat' dir='ltr'><strong>in</strong></span> <span class='ocrx_word' id='word_1_164' title='bbox 1090 2257 1256 2326; x_wconf 84' lang='lat' dir='ltr'><strong>ipsius</strong></span> <span class='ocrx_word' id='word_1_165' title='bbox 1270 2259 1590 2328; x_wconf 63' lang='lat' dir='ltr'><strong>evangelicae</strong></span> <span class='ocrx_word' id='word_1_166' title='bbox 1609 2259 1858 2328; x_wconf 70' lang='lat' dir='ltr'><strong>praedica-</strong></span> 
     </span>
    </p>
   </div>
   <div class='ocr_carea' id='block_1_22' title="bbox 259 2343 1854 2422">
    <p class='ocr_par' dir='ltr' id='par_1_22' title="bbox 259 2343 1854 2422">
     <span class='ocr_line' id='line_1_22' title="bbox 259 2343 1854 2422; baseline 0.006 -25"><span class='ocrx_word' id='word_1_167' title='bbox 259 2343 416 2398; x_wconf 81' lang='lat' dir='ltr'><strong>tiunis</strong></span> <span class='ocrx_word' id='word_1_168' title='bbox 466 2346 772 2414; x_wconf 84' lang='lat' dir='ltr'><strong>primordiis</strong></span> <span class='ocrx_word' id='word_1_169' title='bbox 809 2348 1131 2419; x_wconf 86' lang='lat' dir='ltr'><strong>Stephanus,</strong></span> <span class='ocrx_word' id='word_1_170' title='bbox 1162 2351 1251 2420; x_wconf 88' lang='lat' dir='ltr'><strong>qtti</strong></span> <span class='ocrx_word' id='word_1_171' title='bbox 1279 2352 1467 2422; x_wconf 86' lang='lat' dir='ltr'><strong>majori</strong></span> <span class='ocrx_word' id='word_1_172' title='bbox 1497 2365 1618 2406; x_wconf 91' lang='lat' dir='ltr'><strong>cum</strong></span> <span class='ocrx_word' id='word_1_173' title='bbox 1650 2353 1854 2422; x_wconf 87' lang='lat' dir='ltr'><strong>impetu</strong></span> 
     </span>
    </p>
   </div>
   <div class='ocr_carea' id='block_1_23' title="bbox 256 2436 1850 2506">
    <p class='ocr_par' dir='ltr' id='par_1_23' title="bbox 256 2436 1850 2506">
     <span class='ocr_line' id='line_1_23' title="bbox 256 2436 1850 2506; baseline 0.009 -22"><span class='ocrx_word' id='word_1_174' title='bbox 256 2449 412 2503; x_wconf 88' lang='lat' dir='ltr'><strong>quam</strong></span> <span class='ocrx_word' id='word_1_175' title='bbox 455 2436 571 2505; x_wconf 86' lang='lat' dir='ltr'><strong>ipsa</strong></span> <span class='ocrx_word' id='word_1_176' title='bbox 618 2436 836 2492; x_wconf 84' lang='lat' dir='ltr'><strong>ﬂumina</strong></span> <span class='ocrx_word' id='word_1_177' title='bbox 875 2439 1036 2493; x_wconf 85' lang='lat' dir='ltr'><strong>verba</strong></span> <span class='ocrx_word' id='word_1_178' title='bbox 1079 2439 1366 2506; x_wconf 89' lang='lat' dir='ltr'><strong>fundebat,</strong></span> <span class='ocrx_word' id='word_1_179' title='bbox 1397 2451 1452 2496; x_wconf 90' lang='lat' dir='ltr'><strong>et</strong></span> <span class='ocrx_word' id='word_1_180' title='bbox 1485 2441 1736 2497; x_wconf 88' lang='lat' dir='ltr'><strong>omnibus</strong></span> <span class='ocrx_word' id='word_1_181' title='bbox 1776 2443 1850 2498; x_wconf 88' lang='lat' dir='ltr'><strong>si-</strong></span> 
     </span>
    </p>
   </div>
   <div class='ocr_carea' id='block_1_24' title="bbox 257 2522 1855 2605">
    <p class='ocr_par' dir='ltr' id='par_1_24' title="bbox 257 2522 1855 2605">
     <span class='ocr_line' id='line_1_24' title="bbox 257 2522 1855 2605; baseline 0.008 -25"><span class='ocrx_word' id='word_1_182' title='bbox 257 2522 479 2580; x_wconf 88' lang='lat' dir='ltr'><strong>lentium</strong></span> <span class='ocrx_word' id='word_1_183' title='bbox 497 2527 825 2596; x_wconf 82' lang='lat' dir='ltr'><strong>imponebat,</strong></span> <span class='ocrx_word' id='word_1_184' title='bbox 844 2537 933 2603; x_wconf 87' lang='lat' dir='ltr'><strong>qui</strong></span> <span class='ocrx_word' id='word_1_185' title='bbox 950 2531 1257 2587; x_wconf 70' lang='lat' dir='ltr'><strong>Judasorum</strong></span> <span class='ocrx_word' id='word_1_186' title='bbox 1281 2534 1487 2604; x_wconf 86' lang='lat' dir='ltr'><strong>linguas</strong></span> <span class='ocrx_word' id='word_1_187' title='bbox 1515 2535 1855 2605; x_wconf 82' lang='lat' dir='ltr'><strong>impudentes</strong></span> 
     </span>
    </p>
   </div>
   <div class='ocr_carea' id='block_1_25' title="bbox 253 2617 1854 2698">
    <p class='ocr_par' dir='ltr' id='par_1_25' title="bbox 253 2617 1854 2698">
     <span class='ocr_line' id='line_1_25' title="bbox 253 2617 1854 2698; baseline 0.009 -28"><span class='ocrx_word' id='word_1_188' title='bbox 253 2617 591 2683; x_wconf 88' lang='lat' dir='ltr'><strong>occludebat,</strong></span> <span class='ocrx_word' id='word_1_189' title='bbox 617 2621 702 2675; x_wconf 92' lang='lat' dir='ltr'><strong>cui</strong></span> <span class='ocrx_word' id='word_1_190' title='bbox 723 2623 973 2677; x_wconf 82' lang='lat' dir='ltr'><strong>resistere</strong></span> <span class='ocrx_word' id='word_1_191' title='bbox 999 2639 1157 2680; x_wconf 87' lang='lat' dir='ltr'><strong>nemo</strong></span> <span class='ocrx_word' id='word_1_192' title='bbox 1173 2633 1403 2693; x_wconf 87' lang='lat' dir='ltr'><strong>poterat,</strong></span> <span class='ocrx_word' id='word_1_193' title='bbox 1421 2627 1510 2698; x_wconf 90' lang='lat' dir='ltr'><strong>qui</strong></span> <span class='ocrx_word' id='word_1_194' title='bbox 1533 2642 1619 2682; x_wconf 90' lang='lat' dir='ltr'><strong>res</strong></span> <span class='ocrx_word' id='word_1_195' title='bbox 1635 2627 1854 2684; x_wconf 74' lang='lat' dir='ltr'><strong>Judaeo-</strong></span> 
     </span>
    </p>
   </div>
   <div class='ocr_carea' id='block_1_26' title="bbox 253 2715 1851 2790">
    <p class='ocr_par' dir='ltr' id='par_1_26' title="bbox 253 2715 1851 2790">
     <span class='ocr_line' id='line_1_26' title="bbox 253 2715 1851 2790; baseline 0.01 -27"><span class='ocrx_word' id='word_1_196' title='bbox 253 2725 370 2764; x_wconf 90' lang='lat' dir='ltr'><strong>rum</strong></span> <span class='ocrx_word' id='word_1_197' title='bbox 412 2727 604 2768; x_wconf 90' lang='lat' dir='ltr'><strong>omnes</strong></span> <span class='ocrx_word' id='word_1_198' title='bbox 635 2715 992 2772; x_wconf 87' lang='lat' dir='ltr'><strong>confundebat</strong></span> <span class='ocrx_word' id='word_1_199' title='bbox 1019 2760 1034 2784; x_wconf 90' lang='lat'><strong>,</strong></span> <span class='ocrx_word' id='word_1_200' title='bbox 1069 2720 1382 2788; x_wconf 63' lang='lat' dir='ltr'><strong>praeclarum</strong></span> <span class='ocrx_word' id='word_1_201' title='bbox 1422 2730 1684 2790; x_wconf 67' lang='lat' dir='ltr'><strong>tropaeum</strong></span> <span class='ocrx_word' id='word_1_202' title='bbox 1727 2739 1851 2779; x_wconf 75' lang='lat' dir='ltr'><strong>ere-</strong></span> 
     </span>
    </p>
   </div>
   <div class='ocr_carea' id='block_1_27' title="bbox 249 2806 1846 2883">
    <p class='ocr_par' dir='ltr' id='par_1_27' title="bbox 249 2806 1846 2883">
     <span class='ocr_line' id='line_1_27' title="bbox 249 2806 1846 2883; baseline 0.008 -25"><span class='ocrx_word' id='word_1_203' title='bbox 249 2814 397 2858; x_wconf 87' lang='lat' dir='ltr'><strong>xeral</strong></span> <span class='ocrx_word' id='word_1_204' title='bbox 409 2844 427 2870; x_wconf 94' lang='lat'><strong>,</strong></span> <span class='ocrx_word' id='word_1_205' title='bbox 444 2815 499 2859; x_wconf 93' lang='lat' dir='ltr'><strong>et</strong></span> <span class='ocrx_word' id='word_1_206' title='bbox 515 2806 774 2877; x_wconf 79' lang='lat' dir='ltr'><strong>insignem</strong></span> <span class='ocrx_word' id='word_1_207' title='bbox 793 2808 1065 2865; x_wconf 83' lang='lat' dir='ltr'><strong>victoriam</strong></span> <span class='ocrx_word' id='word_1_208' title='bbox 1087 2820 1405 2881; x_wconf 77' lang='lat' dir='ltr'><strong>raportarat,</strong></span> <span class='ocrx_word' id='word_1_209' title='bbox 1422 2812 1717 2883; x_wconf 85' lang='lat' dir='ltr'><strong>generosus</strong></span> <span class='ocrx_word' id='word_1_210' title='bbox 1739 2814 1846 2882; x_wconf 88' lang='lat' dir='ltr'><strong>ille,</strong></span> 
     </span>
    </p>
   </div>
   <div class='ocr_carea' id='block_1_28' title="bbox 250 2897 1854 2972">
    <p class='ocr_par' dir='ltr' id='par_1_28' title="bbox 250 2897 1854 2972">
     <span class='ocr_line' id='line_1_28' title="bbox 250 2897 1854 2972; baseline 0.006 -22"><span class='ocrx_word' id='word_1_211' title='bbox 250 2905 304 2950; x_wconf 89' lang='lat' dir='ltr'><strong>et</strong></span> <span class='ocrx_word' id='word_1_212' title='bbox 335 2897 577 2965; x_wconf 87' lang='lat' dir='ltr'><strong>sapiens,</strong></span> <span class='ocrx_word' id='word_1_213' title='bbox 607 2906 662 2952; x_wconf 90' lang='lat' dir='ltr'><strong>et</strong></span> <span class='ocrx_word' id='word_1_214' title='bbox 690 2900 856 2969; x_wconf 89' lang='lat' dir='ltr'><strong>gratia</strong></span> <span class='ocrx_word' id='word_1_215' title='bbox 886 2901 1094 2970; x_wconf 90' lang='lat' dir='ltr'><strong>plenus,</strong></span> <span class='ocrx_word' id='word_1_216' title='bbox 1128 2903 1216 2972; x_wconf 85' lang='lat' dir='ltr'><strong>qui</strong></span> <span class='ocrx_word' id='word_1_217' title='bbox 1250 2902 1319 2958; x_wconf 88' lang='lat' dir='ltr'><strong>de</strong></span> <span class='ocrx_word' id='word_1_218' title='bbox 1350 2913 1492 2958; x_wconf 87' lang='lat' dir='ltr'><strong>tanta</strong></span> <span class='ocrx_word' id='word_1_219' title='bbox 1523 2905 1663 2961; x_wconf 87' lang='lat' dir='ltr'><strong>bene</strong></span> <span class='ocrx_word' id='word_1_220' title='bbox 1689 2905 1854 2961; x_wconf 76' lang='lat' dir='ltr'><strong>meri-</strong></span> 
     </span>
    </p>
   </div>
   <div class='ocr_carea' id='block_1_29' title="bbox 249 2989 1851 3056">
    <p class='ocr_par' dir='ltr' id='par_1_29' title="bbox 249 2989 1851 3056">
     <span class='ocr_line' id='line_1_29' title="bbox 249 2989 1851 3056; baseline 0.009 -16"><span class='ocrx_word' id='word_1_221' title='bbox 249 2995 333 3041; x_wconf 87' lang='lat' dir='ltr'><strong>tus</strong></span> <span class='ocrx_word' id='word_1_222' title='bbox 364 2997 482 3042; x_wconf 87' lang='lat' dir='ltr'><strong>erat</strong></span> <span class='ocrx_word' id='word_1_223' title='bbox 517 2989 776 3056; x_wconf 82' lang='lat' dir='ltr'><strong>Ecclesia,</strong></span> <span class='ocrx_word' id='word_1_224' title='bbox 828 3007 949 3047; x_wconf 90' lang='lat' dir='ltr'><strong>cum</strong></span> <span class='ocrx_word' id='word_1_225' title='bbox 978 3009 1084 3048; x_wconf 91' lang='lat' dir='ltr'><strong>non</strong></span> <span class='ocrx_word' id='word_1_226' title='bbox 1114 2993 1401 3050; x_wconf 89' lang='lat' dir='ltr'><strong>admodum</strong></span> <span class='ocrx_word' id='word_1_227' title='bbox 1430 2997 1683 3053; x_wconf 90' lang='lat' dir='ltr'><strong>diuturno</strong></span> <span class='ocrx_word' id='word_1_228' title='bbox 1712 3009 1851 3053; x_wconf 89' lang='lat' dir='ltr'><strong>tem-</strong></span> 
     </span>
    </p>
   </div>
   <div class='ocr_carea' id='block_1_30' title="bbox 247 3078 1851 3160">
    <p class='ocr_par' dir='ltr' id='par_1_30' title="bbox 247 3078 1851 3160">
     <span class='ocr_line' id='line_1_30' title="bbox 247 3078 1851 3160; baseline 0.012 -32"><span class='ocrx_word' id='word_1_229' title='bbox 247 3092 380 3145; x_wconf 86' lang='lat' dir='ltr'><strong>pore</strong></span> <span class='ocrx_word' id='word_1_230' title='bbox 407 3078 773 3147; x_wconf 63' lang='lat' dir='ltr'><strong>praedicasset,</strong></span> <span class='ocrx_word' id='word_1_231' title='bbox 805 3084 1084 3140; x_wconf 85' lang='lat' dir='ltr'><strong>confestim</strong></span> <span class='ocrx_word' id='word_1_232' title='bbox 1130 3086 1383 3156; x_wconf 87' lang='lat' dir='ltr'><strong>abreptus</strong></span> <span class='ocrx_word' id='word_1_233' title='bbox 1429 3097 1680 3160; x_wconf 86' lang='lat' dir='ltr'><strong>tanquam</strong></span> <span class='ocrx_word' id='word_1_234' title='bbox 1731 3091 1851 3147; x_wconf 85' lang='lat' dir='ltr'><strong>bla-</strong></span> 
     </span>
    </p>
   </div>
   <div class='ocr_carea' id='block_1_31' title="bbox 246 3166 1850 3254">
    <p class='ocr_par' dir='ltr' id='par_1_31' title="bbox 246 3166 1850 3254">
     <span class='ocr_line' id='line_1_31' title="bbox 246 3166 1850 3254; baseline 0.014 -36"><span class='ocrx_word' id='word_1_235' title='bbox 246 3166 507 3236; x_wconf 79' lang='lat' dir='ltr'><strong>sphemus</strong></span> <span class='ocrx_word' id='word_1_236' title='bbox 568 3171 920 3229; x_wconf 88' lang='lat' dir='ltr'><strong>damnabatur</strong></span> <span class='ocrx_word' id='word_1_237' title='bbox 968 3187 1020 3232; x_wconf 90' lang='lat' dir='ltr'><strong>et</strong></span> <span class='ocrx_word' id='word_1_238' title='bbox 1072 3178 1418 3249; x_wconf 86' lang='lat' dir='ltr'><strong>lapidabatur.</strong></span> <span class='ocrx_word' id='word_1_239' title='bbox 1493 3182 1628 3250; x_wconf 89' lang='lat' dir='ltr'><strong>Quid</strong></span> <span class='ocrx_word' id='word_1_240' title='bbox 1685 3199 1850 3254; x_wconf 85' lang='lat' dir='ltr'><strong>porro</strong></span> 
     </span>
    </p>
   </div>
   <div class='ocr_carea' id='block_1_32' title="bbox 243 3256 1849 3346">
    <p class='ocr_par' dir='ltr' id='par_1_32' title="bbox 243 3256 1849 3346">
     <span class='ocr_line' id='line_1_32' title="bbox 243 3256 1849 3346; baseline 0.012 -35"><span class='ocrx_word' id='word_1_241' title='bbox 243 3256 524 3316; x_wconf 76' lang='lat' dir='ltr'><strong>Jacobns?</strong></span> <span class='ocrx_word' id='word_1_242' title='bbox 579 3278 758 3320; x_wconf 86' lang='lat' dir='ltr'><strong>nonne</strong></span> <span class='ocrx_word' id='word_1_243' title='bbox 808 3268 878 3322; x_wconf 88' lang='lat' dir='ltr'><strong>ab</strong></span> <span class='ocrx_word' id='word_1_244' title='bbox 922 3269 1070 3324; x_wconf 89' lang='lat' dir='ltr'><strong>initio</strong></span> <span class='ocrx_word' id='word_1_245' title='bbox 1115 3257 1228 3340; x_wconf 78' lang='lat' dir='ltr'><strong>ipse</strong></span> <span class='ocrx_word' id='word_1_246' title='bbox 1272 3288 1521 3343; x_wconf 90' lang='lat' dir='ltr'><strong>quoque,</strong></span> <span class='ocrx_word' id='word_1_247' title='bbox 1571 3285 1733 3346; x_wconf 89' lang='lat' dir='ltr'><strong>atque</strong></span> <span class='ocrx_word' id='word_1_248' title='bbox 1779 3276 1849 3331; x_wconf 89' lang='lat' dir='ltr'><strong>ab</strong></span> 
     </span>
    </p>
   </div>
   <div class='ocr_carea' id='block_1_33' title="bbox 246 3350 1841 3432">
    <p class='ocr_par' dir='ltr' id='par_1_33' title="bbox 246 3350 1841 3432">
     <span class='ocr_line' id='line_1_33' title="bbox 246 3350 1841 3432; baseline 0.016 -30"><span class='ocrx_word' id='word_1_249' title='bbox 246 3350 381 3419; x_wconf 83' lang='lat' dir='ltr'><strong>ipsis</strong></span> <span class='ocrx_word' id='word_1_250' title='bbox 411 3355 797 3421; x_wconf 87' lang='lat' dir='ltr'><strong>propemodum</strong></span> <span class='ocrx_word' id='word_1_251' title='bbox 837 3360 996 3414; x_wconf 89' lang='lat' dir='ltr'><strong>stadii</strong></span> <span class='ocrx_word' id='word_1_252' title='bbox 1043 3365 1354 3419; x_wconf 88' lang='lat' dir='ltr'><strong>carceribus</strong></span> <span class='ocrx_word' id='word_1_253' title='bbox 1388 3368 1622 3432; x_wconf 87' lang='lat' dir='ltr'><strong>avulsus,</strong></span> <span class='ocrx_word' id='word_1_254' title='bbox 1670 3378 1726 3426; x_wconf 88' lang='lat' dir='ltr'><strong>et</strong></span> <span class='ocrx_word' id='word_1_255' title='bbox 1772 3373 1841 3427; x_wconf 91' lang='lat' dir='ltr'><strong>ab</strong></span> 
     </span>
    </p>
   </div>
   <div class='ocr_carea' id='block_1_34' title="bbox 245 3440 1844 3526">
    <p class='ocr_par' dir='ltr' id='par_1_34' title="bbox 245 3440 1844 3526">
     <span class='ocr_line' id='line_1_34' title="bbox 245 3440 1844 3526; baseline 0.013 -29"><span class='ocrx_word' id='word_1_256' title='bbox 245 3440 463 3497; x_wconf 81' lang='lat' dir='ltr'><strong>Herode</strong></span> <span class='ocrx_word' id='word_1_257' title='bbox 494 3444 546 3498; x_wconf 90' lang='lat' dir='ltr'><strong>in</strong></span> <span class='ocrx_word' id='word_1_258' title='bbox 572 3446 795 3515; x_wconf 76' lang='lat' dir='ltr'><strong>gratiam</strong></span> <span class='ocrx_word' id='word_1_259' title='bbox 825 3448 1134 3506; x_wconf 78' lang='lat' dir='ltr'><strong>Judzeorum</strong></span> <span class='ocrx_word' id='word_1_260' title='bbox 1162 3455 1338 3524; x_wconf 82' lang='lat' dir='ltr'><strong>capite</strong></span> <span class='ocrx_word' id='word_1_261' title='bbox 1373 3467 1649 3515; x_wconf 88' lang='lat' dir='ltr'><strong>truncatus</strong></span> <span class='ocrx_word' id='word_1_262' title='bbox 1683 3465 1844 3526; x_wconf 86' lang='lat' dir='ltr'><strong>vitam</strong></span> 
     </span>
    </p>
   </div>
   <div class='ocr_carea' id='block_1_35' title="bbox 242 3533 1846 3611">
    <p class='ocr_par' dir='ltr' id='par_1_35' title="bbox 242 3533 1846 3611">
     <span class='ocr_line' id='line_1_35' title="bbox 242 3533 1846 3611; baseline 0.016 -25"><span class='ocrx_word' id='word_1_263' title='bbox 242 3533 403 3598; x_wconf 80' lang='lat' dir='ltr'><strong>finiit,</strong></span> <span class='ocrx_word' id='word_1_264' title='bbox 437 3544 581 3590; x_wconf 88' lang='lat' dir='ltr'><strong>tanta</strong></span> <span class='ocrx_word' id='word_1_265' title='bbox 631 3537 715 3592; x_wconf 86' lang='lat' dir='ltr'><strong>illa</strong></span> <span class='ocrx_word' id='word_1_266' title='bbox 741 3542 1010 3608; x_wconf 80' lang='lat' dir='ltr'><strong>columna,</strong></span> <span class='ocrx_word' id='word_1_267' title='bbox 1061 3554 1262 3600; x_wconf 88' lang='lat' dir='ltr'><strong>tantum</strong></span> <span class='ocrx_word' id='word_1_268' title='bbox 1303 3549 1553 3606; x_wconf 86' lang='lat' dir='ltr'><strong>columen</strong></span> <span class='ocrx_word' id='word_1_269' title='bbox 1602 3553 1846 3611; x_wconf 77' lang='lat' dir='ltr'><strong>veritatis</strong></span> 
     </span>
    </p>
   </div>
   <div class='ocr_carea' id='block_1_36' title="bbox 241 3625 1841 3712">
    <p class='ocr_par' dir='ltr' id='par_1_36' title="bbox 241 3625 1841 3712">
     <span class='ocr_line' id='line_1_36' title="bbox 241 3625 1841 3712; baseline 0.016 -33"><span class='ocrx_word' id='word_1_270' title='bbox 241 3625 386 3690; x_wconf 78' lang='lat' dir='ltr'><strong>(Act.</strong></span> <span class='ocrx_word' id='word_1_271' title='bbox 413 3626 501 3681; x_wconf 70' lang='grc'><strong>12.</strong></span> <span class='ocrx_word' id='word_1_272' title='bbox 529 3627 625 3702; x_wconf 76' lang='lat'><strong>2)?</strong></span> <span class='ocrx_word' id='word_1_273' title='bbox 654 3631 821 3698; x_wconf 88' lang='lat' dir='ltr'><strong>Quam</strong></span> <span class='ocrx_word' id='word_1_274' title='bbox 854 3636 1003 3688; x_wconf 92' lang='lat' dir='ltr'><strong>multi</strong></span> <span class='ocrx_word' id='word_1_275' title='bbox 1036 3645 1144 3691; x_wconf 89' lang='lat' dir='ltr'><strong>tum</strong></span> <span class='ocrx_word' id='word_1_276' title='bbox 1175 3640 1692 3712; x_wconf 77' lang='lat' dir='ltr'><strong>scaudalizabantur,</strong></span> <span class='ocrx_word' id='word_1_277' title='bbox 1719 3663 1841 3703; x_wconf 91' lang='lat' dir='ltr'><strong>cum</strong></span> 
     </span>
    </p>
   </div>
   <div class='ocr_carea' id='block_1_37' title="bbox 241 3718 1844 3798">
    <p class='ocr_par' dir='ltr' id='par_1_37' title="bbox 241 3718 1844 3798">
     <span class='ocr_line' id='line_1_37' title="bbox 241 3718 1844 3798; baseline 0.014 -27"><span class='ocrx_word' id='word_1_278' title='bbox 241 3718 363 3773; x_wconf 70' lang='lat' dir='ltr'><strong>tunc</strong></span> <span class='ocrx_word' id='word_1_279' title='bbox 389 3719 617 3774; x_wconf 73' lang='lat' dir='ltr'><strong>tierent?</strong></span> <span class='ocrx_word' id='word_1_280' title='bbox 668 3722 774 3777; x_wconf 67' lang='lat' dir='ltr'><strong>Sed</strong></span> <span class='ocrx_word' id='word_1_281' title='bbox 824 3726 913 3795; x_wconf 89' lang='lat' dir='ltr'><strong>qui</strong></span> <span class='ocrx_word' id='word_1_282' title='bbox 968 3728 1200 3794; x_wconf 88' lang='lat' dir='ltr'><strong>stabant,</strong></span> <span class='ocrx_word' id='word_1_283' title='bbox 1233 3739 1516 3798; x_wconf 89' lang='lat' dir='ltr'><strong>steterunt,</strong></span> <span class='ocrx_word' id='word_1_284' title='bbox 1539 3744 1594 3791; x_wconf 90' lang='lat' dir='ltr'><strong>et</strong></span> <span class='ocrx_word' id='word_1_285' title='bbox 1637 3737 1844 3795; x_wconf 84' lang='lat' dir='ltr'><strong>firmius</strong></span> 
     </span>
    </p>
   </div>
   <div class='ocr_carea' id='block_1_38' title="bbox 239 3811 1839 3890">
    <p class='ocr_par' dir='ltr' id='par_1_38' title="bbox 239 3811 1839 3890">
     <span class='ocr_line' id='line_1_38' title="bbox 239 3811 1839 3890; baseline 0.014 -27"><span class='ocrx_word' id='word_1_286' title='bbox 239 3817 508 3863; x_wconf 89' lang='lat' dir='ltr'><strong>steterunt</strong></span> <span class='ocrx_word' id='word_1_287' title='bbox 537 3811 574 3863; x_wconf 77' lang='grc' dir='ltr'><strong>ί.</strong></span> <span class='ocrx_word' id='word_1_288' title='bbox 607 3812 742 3866; x_wconf 87' lang='lat' dir='ltr'><strong>Audi</strong></span> <span class='ocrx_word' id='word_1_289' title='bbox 773 3829 905 3870; x_wconf 89' lang='lat' dir='ltr'><strong>sane</strong></span> <span class='ocrx_word' id='word_1_290' title='bbox 930 3817 1057 3886; x_wconf 84' lang='lat' dir='ltr'><strong>quid</strong></span> <span class='ocrx_word' id='word_1_291' title='bbox 1097 3819 1164 3872; x_wconf 89' lang='lat' dir='ltr'><strong>ad</strong></span> <span class='ocrx_word' id='word_1_292' title='bbox 1196 3819 1564 3890; x_wconf 78' lang='lat' dir='ltr'><strong>Philippenses</strong></span> <span class='ocrx_word' id='word_1_293' title='bbox 1591 3828 1839 3886; x_wconf 87' lang='lat' dir='ltr'><strong>scribens</strong></span> 
     </span>
    </p>
   </div>
   <div class='ocr_carea' id='block_1_39' title="bbox 239 3898 1843 3990">
    <p class='ocr_par' dir='ltr' id='par_1_39' title="bbox 239 3898 1843 3990">
     <span class='ocr_line' id='line_1_39' title="bbox 239 3898 1843 3990; baseline 0.012 -36"><span class='ocrx_word' id='word_1_294' title='bbox 239 3898 387 3954; x_wconf 85' lang='lat' dir='ltr'><strong>dicat</strong></span> <span class='ocrx_word' id='word_1_295' title='bbox 439 3901 634 3957; x_wconf 88' lang='lat' dir='ltr'><strong>Paulus</strong></span> <span class='ocrx_word' id='word_1_296' title='bbox 681 3921 696 3958; x_wconf 93' lang='lat'><strong>:</strong></span> <span class='ocrx_word' id='word_1_297' title='bbox 752 3905 899 3960; x_wconf 85' lang='lat' dir='ltr'><strong>Scire</strong></span> <span class='ocrx_word' id='word_1_298' title='bbox 947 3917 1114 3963; x_wconf 81' lang='lat' dir='ltr'><strong>autent</strong></span> <span class='ocrx_word' id='word_1_299' title='bbox 1155 3926 1242 3966; x_wconf 76' lang='lat' dir='ltr'><strong>vos</strong></span> <span class='ocrx_word' id='word_1_300' title='bbox 1285 3913 1419 3981; x_wconf 75' lang='lat' dir='ltr'><strong>volo,</strong></span> <span class='ocrx_word' id='word_1_301' title='bbox 1465 3919 1670 3986; x_wconf 81' lang='lat' dir='ltr'><strong>fratres,</strong></span> <span class='ocrx_word' id='word_1_302' title='bbox 1724 3923 1843 3990; x_wconf 83' lang='lat' dir='ltr'><strong>quia</strong></span> 
     </span>
    </p>
   </div>
   <div class='ocr_carea' id='block_1_40' title="bbox 237 3991 1841 4073">
    <p class='ocr_par' dir='ltr' id='par_1_40' title="bbox 237 3991 1841 4073">
     <span class='ocr_line' id='line_1_40' title="bbox 237 3991 1841 4073; baseline 0.012 -27"><span class='ocrx_word' id='word_1_303' title='bbox 237 4006 360 4061; x_wconf 65' lang='lat' dir='ltr'><strong>qut!</strong></span> <span class='ocrx_word' id='word_1_304' title='bbox 382 3991 520 4045; x_wconf 86' lang='lat' dir='ltr'><strong>circa</strong></span> <span class='ocrx_word' id='word_1_305' title='bbox 548 4009 626 4047; x_wconf 86' lang='lat' dir='ltr'><strong>me</strong></span> <span class='ocrx_word' id='word_1_306' title='bbox 655 4005 792 4062; x_wconf 84' lang='lat' dir='ltr'><strong>sunt,</strong></span> <span class='ocrx_word' id='word_1_307' title='bbox 820 3999 982 4069; x_wconf 80' lang='lat' dir='ltr'><strong>magis</strong></span> <span class='ocrx_word' id='word_1_308' title='bbox 1011 4000 1081 4053; x_wconf 84' lang='lat' dir='ltr'><strong>ad</strong></span> <span class='ocrx_word' id='word_1_309' title='bbox 1107 4007 1388 4073; x_wconf 87' lang='lat' dir='ltr'><strong>profectum</strong></span> <span class='ocrx_word' id='word_1_310' title='bbox 1418 4019 1660 4062; x_wconf 79' lang='lat' dir='ltr'><strong>venerunt</strong></span> <span class='ocrx_word' id='word_1_311' title='bbox 1686 4025 1841 4066; x_wconf 76' lang='lat' dir='ltr'><strong>evan-</strong></span> 
     </span>
    </p>
   </div>
   <div class='ocr_carea' id='block_1_41' title="bbox 237 4084 1842 4170">
    <p class='ocr_par' dir='ltr' id='par_1_41' title="bbox 237 4084 1842 4170">
     <span class='ocr_line' id='line_1_41' title="bbox 237 4084 1842 4170; baseline 0.016 -37"><span class='ocrx_word' id='word_1_312' title='bbox 237 4084 380 4153; x_wconf 79' lang='lat' dir='ltr'><strong>gelii,</strong></span> <span class='ocrx_word' id='word_1_313' title='bbox 411 4086 482 4138; x_wconf 88' lang='lat' dir='ltr'><strong>ita</strong></span> <span class='ocrx_word' id='word_1_314' title='bbox 509 4095 563 4138; x_wconf 87' lang='lat' dir='ltr'><strong>ut</strong></span> <span class='ocrx_word' id='word_1_315' title='bbox 591 4088 764 4157; x_wconf 81' lang='lat' dir='ltr'><strong>plures</strong></span> <span class='ocrx_word' id='word_1_316' title='bbox 787 4105 815 4143; x_wconf 89' lang='lat' dir='ltr'><strong>e</strong></span> <span class='ocrx_word' id='word_1_317' title='bbox 834 4091 1078 4160; x_wconf 90' lang='lat' dir='ltr'><strong>fratribus</strong></span> <span class='ocrx_word' id='word_1_318' title='bbox 1107 4095 1158 4148; x_wconf 86' lang='lat' dir='ltr'><strong>in</strong></span> <span class='ocrx_word' id='word_1_319' title='bbox 1182 4094 1423 4164; x_wconf 86' lang='lat' dir='ltr'><strong>Domino,</strong></span> <span class='ocrx_word' id='word_1_320' title='bbox 1453 4101 1767 4170; x_wconf 80' lang='lat' dir='ltr'><strong>conﬁdentes</strong></span> <span class='ocrx_word' id='word_1_321' title='bbox 1785 4105 1842 4158; x_wconf 85' lang='lat' dir='ltr'><strong>in</strong></span> 
     </span>
    </p>
   </div>
   <div class='ocr_carea' id='block_1_42' title="bbox 237 4176 1840 4250">
    <p class='ocr_par' dir='ltr' id='par_1_42' title="bbox 237 4176 1840 4250">
     <span class='ocr_line' id='line_1_42' title="bbox 237 4176 1840 4250; baseline 0.014 -22"><span class='ocrx_word' id='word_1_322' title='bbox 237 4176 458 4231; x_wconf 73' lang='lat' dir='ltr'><strong>uinculis</strong></span> <span class='ocrx_word' id='word_1_323' title='bbox 484 4179 624 4242; x_wconf 84' lang='lat' dir='ltr'><strong>meis,</strong></span> <span class='ocrx_word' id='word_1_324' title='bbox 659 4182 1000 4238; x_wconf 85' lang='lat' dir='ltr'><strong>abundantius</strong></span> <span class='ocrx_word' id='word_1_325' title='bbox 1021 4186 1265 4241; x_wconf 85' lang='lat' dir='ltr'><strong>auderent</strong></span> <span class='ocrx_word' id='word_1_326' title='bbox 1301 4189 1412 4243; x_wconf 83' lang='lat' dir='ltr'><strong>sine</strong></span> <span class='ocrx_word' id='word_1_327' title='bbox 1433 4191 1613 4248; x_wconf 84' lang='lat' dir='ltr'><strong>timore</strong></span> <span class='ocrx_word' id='word_1_328' title='bbox 1636 4196 1840 4250; x_wconf 81' lang='lat' dir='ltr'><strong>verbum</strong></span> 
     </span>
    </p>
   </div>
   <div class='ocr_carea' id='block_1_43' title="bbox 235 4267 1840 4351">
    <p class='ocr_par' dir='ltr' id='par_1_43' title="bbox 235 4267 1840 4351">
     <span class='ocr_line' id='line_1_43' title="bbox 235 4267 1840 4351; baseline 0.014 -28"><span class='ocrx_word' id='word_1_329' title='bbox 235 4267 342 4324; x_wconf 65' lang='lat' dir='ltr'><strong>Da</strong></span> <span class='ocrx_word' id='word_1_330' title='bbox 387 4269 524 4342; x_wconf 83' lang='lat' dir='ltr'><strong>loqui</strong></span> <span class='ocrx_word' id='word_1_331' title='bbox 556 4269 815 4345; x_wconf 77' lang='lat' dir='ltr'><strong>(Philipp.</strong></span> <span class='ocrx_word' id='word_1_332' title='bbox 863 4276 911 4331; x_wconf 84' lang='lat' dir='ltr'><strong>l.</strong></span> <span class='ocrx_word' id='word_1_333' title='bbox 945 4278 1032 4332; x_wconf 70' lang='grc' dir='ltr'><strong>η.</strong></span> <span class='ocrx_word' id='word_1_334' title='bbox 1081 4279 1191 4351; x_wconf 75' lang='grc' dir='ltr'><strong>η).</strong></span> <span class='ocrx_word' id='word_1_335' title='bbox 1228 4281 1392 4338; x_wconf 70' lang='lat' dir='ltr'><strong>Vides</strong></span> <span class='ocrx_word' id='word_1_336' title='bbox 1430 4283 1840 4346; x_wconf 71' lang='lat' dir='ltr'><strong>fortitudinem?</strong></span> 
     </span>
    </p>
   </div>
   <div class='ocr_carea' id='block_1_44' title="bbox 237 4358 1841 4449">
    <p class='ocr_par' dir='ltr' id='par_1_44' title="bbox 237 4358 1841 4449">
     <span class='ocr_line' id='line_1_44' title="bbox 237 4358 1841 4449; baseline 0.016 -39"><span class='ocrx_word' id='word_1_337' title='bbox 237 4358 393 4414; x_wconf 73' lang='lat' dir='ltr'><strong>vides</strong></span> <span class='ocrx_word' id='word_1_338' title='bbox 425 4359 709 4415; x_wconf 74' lang='lat' dir='ltr'><strong>fiduciam?</strong></span> <span class='ocrx_word' id='word_1_339' title='bbox 733 4364 880 4419; x_wconf 84' lang='lat' dir='ltr'><strong>vides</strong></span> <span class='ocrx_word' id='word_1_340' title='bbox 904 4367 1098 4424; x_wconf 77' lang='lat' dir='ltr'><strong>animae</strong></span> <span class='ocrx_word' id='word_1_341' title='bbox 1123 4374 1519 4430; x_wconf 80' lang='lat' dir='ltr'><strong>constantiam?</strong></span> <span class='ocrx_word' id='word_1_342' title='bbox 1539 4377 1688 4433; x_wconf 81' lang='lat' dir='ltr'><strong>vides</strong></span> <span class='ocrx_word' id='word_1_343' title='bbox 1708 4394 1841 4449; x_wconf 88' lang='lat' dir='ltr'><strong>pro-</strong></span> 
     </span>
    </p>
   </div>
   <div class='ocr_carea' id='block_1_45' title="bbox 236 4451 1839 4547">
    <p class='ocr_par' dir='ltr' id='par_1_45' title="bbox 236 4451 1839 4547">
     <span class='ocr_line' id='line_1_45' title="bbox 236 4451 1839 4547; baseline 0.018 -48"><span class='ocrx_word' id='word_1_344' title='bbox 236 4451 475 4519; x_wconf 84' lang='lat' dir='ltr'><strong>positum</strong></span> <span class='ocrx_word' id='word_1_345' title='bbox 501 4451 853 4525; x_wconf 62' lang='lat' dir='ltr'><strong>philosophia</strong></span> <span class='ocrx_word' id='word_1_346' title='bbox 900 4459 1118 4527; x_wconf 89' lang='lat' dir='ltr'><strong>plenum</strong></span> <span class='ocrx_word' id='word_1_347' title='bbox 1144 4462 1168 4517; x_wconf 73' lang='lat' dir='ltr'><strong>l</strong></span> <span class='ocrx_word' id='word_1_348' title='bbox 1216 4455 1476 4521; x_wconf 85' lang='lat' dir='ltr'><strong>Videbant</strong></span> <span class='ocrx_word' id='word_1_349' title='bbox 1495 4531 1503 4547; x_wconf 44' lang='lat'><strong><em>‘</em></strong></span> <span class='ocrx_word' id='word_1_350' title='bbox 1523 4471 1839 4541; x_wconf 84' lang='lat' dir='ltr'><strong>magistrum</strong></span> 
     </span>
    </p>
   </div>
   <div class='ocr_carea' id='block_1_46' title="bbox 237 4543 1839 4630">
    <p class='ocr_par' dir='ltr' id='par_1_46' title="bbox 237 4543 1839 4630">
     <span class='ocr_line' id='line_1_46' title="bbox 237 4543 1839 4630; baseline 0.016 -34"><span class='ocrx_word' id='word_1_351' title='bbox 237 4543 297 4605; x_wconf 83' lang='lat' dir='ltr'><strong>in</strong></span> <span class='ocrx_word' id='word_1_352' title='bbox 323 4557 544 4600; x_wconf 85' lang='lat' dir='ltr'><strong>Carcere</strong></span> <span class='ocrx_word' id='word_1_353' title='bbox 569 4555 624 4604; x_wconf 87' lang='lat' dir='ltr'><strong>et</strong></span> <span class='ocrx_word' id='word_1_354' title='bbox 645 4548 871 4604; x_wconf 81' lang='lat' dir='ltr'><strong>vinculis</strong></span> <span class='ocrx_word' id='word_1_355' title='bbox 893 4555 1228 4622; x_wconf 89' lang='lat' dir='ltr'><strong>conclusum,</strong></span> <span class='ocrx_word' id='word_1_356' title='bbox 1265 4561 1470 4627; x_wconf 87' lang='lat' dir='ltr'><strong>vexari,</strong></span> <span class='ocrx_word' id='word_1_357' title='bbox 1497 4543 1654 4630; x_wconf 68' lang='lat' dir='ltr'><strong>ctedi,</strong></span> <span class='ocrx_word' id='word_1_358' title='bbox 1682 4567 1839 4625; x_wconf 86' lang='lat' dir='ltr'><strong>malis</strong></span> 
     </span>
    </p>
   </div>
   <div class='ocr_carea' id='block_1_47' title="bbox 235 4633 1836 4726">
    <p class='ocr_par' dir='ltr' id='par_1_47' title="bbox 235 4633 1836 4726">
     <span class='ocr_line' id='line_1_47' title="bbox 235 4633 1836 4726; baseline 0.016 -38"><span class='ocrx_word' id='word_1_359' title='bbox 235 4633 536 4690; x_wconf 88' lang='lat' dir='ltr'><strong>innumeris</strong></span> <span class='ocrx_word' id='word_1_360' title='bbox 561 4637 745 4709; x_wconf 76' lang='lat' dir='ltr'><strong>afﬂigi,</strong></span> <span class='ocrx_word' id='word_1_361' title='bbox 776 4652 829 4696; x_wconf 89' lang='lat' dir='ltr'><strong>et</strong></span> <span class='ocrx_word' id='word_1_362' title='bbox 847 4657 952 4698; x_wconf 93' lang='lat' dir='ltr'><strong>non</strong></span> <span class='ocrx_word' id='word_1_363' title='bbox 975 4645 1148 4700; x_wconf 88' lang='lat' dir='ltr'><strong>solum</strong></span> <span class='ocrx_word' id='word_1_364' title='bbox 1179 4664 1283 4702; x_wconf 92' lang='lat' dir='ltr'><strong>non</strong></span> <span class='ocrx_word' id='word_1_365' title='bbox 1310 4653 1836 4726; x_wconf 88' lang='lat' dir='ltr'><strong>scandalizabantur,</strong></span> 
     </span>
    </p>
   </div>
   <div class='ocr_carea' id='block_1_48' title="bbox 235 4730 1836 4812">
    <p class='ocr_par' dir='ltr' id='par_1_48' title="bbox 235 4730 1836 4812">
     <span class='ocr_line' id='line_1_48' title="bbox 235 4730 1836 4812; baseline 0.017 -33"><span class='ocrx_word' id='word_1_366' title='bbox 235 4741 412 4796; x_wconf 89' lang='lat' dir='ltr'><strong>neque</strong></span> <span class='ocrx_word' id='word_1_367' title='bbox 449 4730 925 4800; x_wconf 86' lang='lat' dir='ltr'><strong>perturbabantur,</strong></span> <span class='ocrx_word' id='word_1_368' title='bbox 975 4737 1070 4794; x_wconf 82' lang='lat' dir='ltr'><strong>sed</strong></span> <span class='ocrx_word' id='word_1_369' title='bbox 1100 4747 1156 4794; x_wconf 92' lang='lat' dir='ltr'><strong>et</strong></span> <span class='ocrx_word' id='word_1_370' title='bbox 1200 4742 1456 4812; x_wconf 87' lang='lat' dir='ltr'><strong>majorem</strong></span> <span class='ocrx_word' id='word_1_371' title='bbox 1501 4747 1836 4805; x_wconf 89' lang='lat' dir='ltr'><strong>alacritatem</strong></span> 
     </span>
    </p>
   </div>
   <div class='ocr_carea' id='block_1_49' title="bbox 231 4819 1836 4910">
    <p class='ocr_par' dir='ltr' id='par_1_49' title="bbox 231 4819 1836 4910">
     <span class='ocr_line' id='line_1_49' title="bbox 231 4819 1836 4910; baseline 0.02 -43"><span class='ocrx_word' id='word_1_372' title='bbox 231 4819 608 4888; x_wconf 77' lang='lat' dir='ltr'><strong>acquirebant,</strong></span> <span class='ocrx_word' id='word_1_373' title='bbox 647 4831 701 4878; x_wconf 90' lang='lat' dir='ltr'><strong>et</strong></span> <span class='ocrx_word' id='word_1_374' title='bbox 726 4824 791 4878; x_wconf 89' lang='lat' dir='ltr'><strong>ad</strong></span> <span class='ocrx_word' id='word_1_375' title='bbox 840 4827 1115 4883; x_wconf 89' lang='lat' dir='ltr'><strong>subeunda</strong></span> <span class='ocrx_word' id='word_1_376' title='bbox 1157 4837 1449 4891; x_wconf 87' lang='lat' dir='ltr'><strong>certamina</strong></span> <span class='ocrx_word' id='word_1_377' title='bbox 1483 4841 1722 4910; x_wconf 86' lang='lat' dir='ltr'><strong>magistri</strong></span> <span class='ocrx_word' id='word_1_378' title='bbox 1753 4845 1836 4900; x_wconf 90' lang='lat' dir='ltr'><strong>sui</strong></span> 
     </span>
    </p>
   </div>
   <div class='ocr_carea' id='block_1_50' title="bbox 231 4906 1836 5004">
    <p class='ocr_par' dir='ltr' id='par_1_50' title="bbox 231 4906 1836 5004">
     <span class='ocr_line' id='line_1_50' title="bbox 231 4906 1836 5004; baseline 0.019 -44"><span class='ocrx_word' id='word_1_379' title='bbox 231 4906 620 4966; x_wconf 82' lang='lat' dir='ltr'><strong>afﬂictionibus</strong></span> <span class='ocrx_word' id='word_1_380' title='bbox 640 4916 819 4969; x_wconf 86' lang='lat' dir='ltr'><strong>acrius</strong></span> <span class='ocrx_word' id='word_1_381' title='bbox 839 4918 1215 4977; x_wconf 71' lang='lat' dir='ltr'><strong>incitabuntur.</strong></span> <span class='ocrx_word' id='word_1_382' title='bbox 1245 4928 1315 4981; x_wconf 87' lang='lat' dir='ltr'><strong>At</strong></span> <span class='ocrx_word' id='word_1_383' title='bbox 1343 4929 1486 4983; x_wconf 89' lang='lat' dir='ltr'><strong>enim</strong></span> <span class='ocrx_word' id='word_1_384' title='bbox 1509 4906 1688 4987; x_wconf 64' lang='lat' dir='ltr'><strong>caeteri</strong></span> <span class='ocrx_word' id='word_1_385' title='bbox 1710 4949 1836 5004; x_wconf 85' lang='lat' dir='ltr'><strong>per-</strong></span> 
     </span>
    </p>
   </div>
   <div class='ocr_carea' id='block_1_51' title="bbox 233 5003 1834 5088">
    <p class='ocr_par' dir='ltr' id='par_1_51' title="bbox 233 5003 1834 5088">
     <span class='ocr_line' id='line_1_51' title="bbox 233 5003 1834 5088; baseline 0.017 -34"><span class='ocrx_word' id='word_1_386' title='bbox 233 5003 608 5069; x_wconf 77' lang='lat' dir='ltr'><strong>vertebantur,</strong></span> <span class='ocrx_word' id='word_1_387' title='bbox 633 5005 774 5062; x_wconf 91' lang='lat' dir='ltr'><strong>dicet</strong></span> <span class='ocrx_word' id='word_1_388' title='bbox 794 5008 1008 5078; x_wconf 91' lang='lat' dir='ltr'><strong>aliquis.</strong></span> <span class='ocrx_word' id='word_1_389' title='bbox 1042 5012 1223 5084; x_wconf 87' lang='lat' dir='ltr'><strong>Neque</strong></span> <span class='ocrx_word' id='word_1_390' title='bbox 1253 5033 1352 5088; x_wconf 87' lang='lat' dir='ltr'><strong>ego</strong></span> <span class='ocrx_word' id='word_1_391' title='bbox 1375 5020 1456 5073; x_wconf 87' lang='lat' dir='ltr'><strong>his</strong></span> <span class='ocrx_word' id='word_1_392' title='bbox 1472 5003 1785 5081; x_wconf 89' lang='lat' dir='ltr'><strong>contradico</strong></span> <span class='ocrx_word' id='word_1_393' title='bbox 1819 5045 1834 5083; x_wconf 90' lang='lat'><strong>:</strong></span> 
     </span>
    </p>
   </div>
   <div class='ocr_carea' id='block_1_52' title="bbox 230 5091 1838 5180">
    <p class='ocr_par' dir='ltr' id='par_1_52' title="bbox 230 5091 1838 5180">
     <span class='ocr_line' id='line_1_52' title="bbox 230 5091 1838 5180; baseline 0.019 -38"><span class='ocrx_word' id='word_1_394' title='bbox 230 5091 529 5148; x_wconf 73' lang='lat' dir='ltr'><strong>verisimile</strong></span> <span class='ocrx_word' id='word_1_395' title='bbox 563 5109 793 5166; x_wconf 87' lang='lat' dir='ltr'><strong>namque</strong></span> <span class='ocrx_word' id='word_1_396' title='bbox 809 5111 892 5158; x_wconf 86' lang='lat' dir='ltr'><strong>est</strong></span> <span class='ocrx_word' id='word_1_397' title='bbox 912 5102 1126 5169; x_wconf 89' lang='lat' dir='ltr'><strong>multos,</strong></span> <span class='ocrx_word' id='word_1_398' title='bbox 1145 5106 1270 5161; x_wconf 90' lang='lat' dir='ltr'><strong>dum</strong></span> <span class='ocrx_word' id='word_1_399' title='bbox 1294 5110 1410 5165; x_wconf 74' lang='lat' dir='ltr'><strong>hmc</strong></span> <span class='ocrx_word' id='word_1_400' title='bbox 1434 5113 1642 5180; x_wconf 83' lang='lat' dir='ltr'><strong>ﬁerent,</strong></span> <span class='ocrx_word' id='word_1_401' title='bbox 1671 5115 1838 5174; x_wconf 88' lang='lat' dir='ltr'><strong>fuisse</strong></span> 
     </span>
    </p>
   </div>
   <div class='ocr_carea' id='block_1_53' title="bbox 230 5188 1834 5279">
    <p class='ocr_par' dir='ltr' id='par_1_53' title="bbox 230 5188 1834 5279">
     <span class='ocr_line' id='line_1_53' title="bbox 230 5188 1834 5279; baseline 0.017 -42"><span class='ocrx_word' id='word_1_402' title='bbox 230 5199 558 5264; x_wconf 72' lang='lat' dir='ltr'><strong>perversos;</strong></span> <span class='ocrx_word' id='word_1_403' title='bbox 594 5188 686 5243; x_wconf 85' lang='lat' dir='ltr'><strong>sed</strong></span> <span class='ocrx_word' id='word_1_404' title='bbox 717 5192 859 5260; x_wconf 87' lang='lat' dir='ltr'><strong>quod</strong></span> <span class='ocrx_word' id='word_1_405' title='bbox 890 5208 1034 5264; x_wconf 71' lang='lat' dir='ltr'><strong>ssepe</strong></span> <span class='ocrx_word' id='word_1_406' title='bbox 1061 5197 1192 5265; x_wconf 76' lang='lat' dir='ltr'><strong>dixi,</strong></span> <span class='ocrx_word' id='word_1_407' title='bbox 1228 5210 1282 5254; x_wconf 89' lang='lat' dir='ltr'><strong>et</strong></span> <span class='ocrx_word' id='word_1_408' title='bbox 1320 5201 1502 5260; x_wconf 81' lang='lat' dir='ltr'><strong>dicere</strong></span> <span class='ocrx_word' id='word_1_409' title='bbox 1543 5222 1834 5279; x_wconf 88' lang='lat' dir='ltr'><strong>numquam</strong></span> 
     </span>
    </p>
   </div>
   <div class='ocr_carea' id='block_1_54' title="bbox 228 5262 1834 5366">
    <p class='ocr_par' dir='ltr' id='par_1_54' title="bbox 228 5262 1834 5366">
     <span class='ocr_line' id='line_1_54' title="bbox 228 5262 1834 5366; baseline 0.016 -36"><span class='ocrx_word' id='word_1_410' title='bbox 228 5262 484 5341; x_wconf 72' lang='lat' dir='ltr'><strong>esseabo,</strong></span> <span class='ocrx_word' id='word_1_411' title='bbox 535 5277 593 5346; x_wconf 27' lang='lat' dir='ltr'><strong>id,</strong></span> <span class='ocrx_word' id='word_1_412' title='bbox 632 5295 771 5336; x_wconf 87' lang='lat' dir='ltr'><strong>nunc</strong></span> <span class='ocrx_word' id='word_1_413' title='bbox 819 5262 984 5340; x_wconf 81' lang='lat' dir='ltr'><strong>etiam</strong></span> <span class='ocrx_word' id='word_1_414' title='bbox 1021 5262 1192 5343; x_wconf 87' lang='lat' dir='ltr'><strong>dicam</strong></span> <span class='ocrx_word' id='word_1_415' title='bbox 1224 5308 1236 5344; x_wconf 92' lang='lat'>:</span> <span class='ocrx_word' id='word_1_416' title='bbox 1265 5292 1367 5347; x_wconf 88' lang='lat' dir='ltr'><strong>sibi</strong></span> <span class='ocrx_word' id='word_1_417' title='bbox 1413 5293 1518 5350; x_wconf 87' lang='lat' dir='ltr'><strong>hoc</strong></span> <span class='ocrx_word' id='word_1_418' title='bbox 1570 5262 1834 5366; x_wconf 65' lang='lat' dir='ltr'><strong>ejusmodi</strong></span> 
     </span>
    </p>
   </div>
   <div class='ocr_carea' id='block_1_55' title="bbox 229 5366 1836 5448">
    <p class='ocr_par' dir='ltr' id='par_1_55' title="bbox 229 5366 1836 5448">
     <span class='ocr_line' id='line_1_55' title="bbox 229 5366 1836 5448; baseline 0.018 -28"><span class='ocrx_word' id='word_1_419' title='bbox 229 5366 482 5423; x_wconf 86' lang='lat' dir='ltr'><strong>homines</strong></span> <span class='ocrx_word' id='word_1_420' title='bbox 508 5370 770 5427; x_wconf 87' lang='lat' dir='ltr'><strong>deberent</strong></span> <span class='ocrx_word' id='word_1_421' title='bbox 798 5374 1079 5445; x_wconf 89' lang='lat' dir='ltr'><strong>imputare,</strong></span> <span class='ocrx_word' id='word_1_422' title='bbox 1121 5398 1226 5436; x_wconf 90' lang='lat' dir='ltr'><strong>non</strong></span> <span class='ocrx_word' id='word_1_423' title='bbox 1263 5400 1442 5440; x_wconf 90' lang='lat' dir='ltr'><strong>rerum</strong></span> <span class='ocrx_word' id='word_1_424' title='bbox 1494 5399 1716 5445; x_wconf 68' lang='lat' dir='ltr'><strong>naturae.</strong></span> <span class='ocrx_word' id='word_1_425' title='bbox 1760 5391 1836 5448; x_wconf 90' lang='lat' dir='ltr'><strong>Si-</strong></span> 
     </span>
    </p>
   </div>
   <div class='ocr_carea' id='block_1_56' title="bbox 229 5461 1833 5539">
    <p class='ocr_par' dir='ltr' id='par_1_56' title="bbox 229 5461 1833 5539">
     <span class='ocr_line' id='line_1_56' title="bbox 229 5461 1833 5539; baseline 0.017 -28"><span class='ocrx_word' id='word_1_426' title='bbox 229 5461 450 5532; x_wconf 87' lang='lat' dir='ltr'><strong>quidem</strong></span> <span class='ocrx_word' id='word_1_427' title='bbox 477 5461 600 5517; x_wconf 90' lang='lat' dir='ltr'><strong>hinc</strong></span> <span class='ocrx_word' id='word_1_428' title='bbox 622 5465 905 5526; x_wconf 83' lang='lat' dir='ltr'><strong>discedens</strong></span> <span class='ocrx_word' id='word_1_429' title='bbox 930 5470 1174 5528; x_wconf 87' lang='lat' dir='ltr'><strong>Christus</strong></span> <span class='ocrx_word' id='word_1_430' title='bbox 1201 5474 1342 5538; x_wconf 79' lang='lat' dir='ltr'><strong>hanc</strong></span> <span class='ocrx_word' id='word_1_431' title='bbox 1371 5479 1525 5538; x_wconf 83' lang='lat' dir='ltr'><strong>nobis</strong></span> <span class='ocrx_word' id='word_1_432' title='bbox 1562 5481 1833 5539; x_wconf 83' lang='lat' dir='ltr'><strong>heredita-</strong></span> 
     </span>
    </p>
   </div>
   <div class='ocr_carea' id='block_1_57' title="bbox 233 5552 1834 5636">
    <p class='ocr_par' dir='ltr' id='par_1_57' title="bbox 233 5552 1834 5636">
     <span class='ocr_line' id='line_1_57' title="bbox 233 5552 1834 5636; baseline 0.016 -32"><span class='ocrx_word' id='word_1_433' title='bbox 233 5561 342 5606; x_wconf 87' lang='lat' dir='ltr'><strong>tcm</strong></span> <span class='ocrx_word' id='word_1_434' title='bbox 377 5552 614 5623; x_wconf 87' lang='lat' dir='ltr'><strong>reliquit,</strong></span> <span class='ocrx_word' id='word_1_435' title='bbox 648 5556 834 5613; x_wconf 86' lang='lat' dir='ltr'><strong>dicens</strong></span> <span class='ocrx_word' id='word_1_436' title='bbox 867 5576 880 5614; x_wconf 91' lang='lat'><strong>:</strong></span> <span class='ocrx_word' id='word_1_437' title='bbox 913 5558 979 5614; x_wconf 81' lang='lat' dir='ltr'><strong>1n</strong></span> <span class='ocrx_word' id='word_1_438' title='bbox 1023 5566 1210 5618; x_wconf 86' lang='lat' dir='ltr'><strong>mundo</strong></span> <span class='ocrx_word' id='word_1_439' title='bbox 1259 5585 1547 5636; x_wconf 87' lang='lat' dir='ltr'><strong>pressuram</strong></span> <span class='ocrx_word' id='word_1_440' title='bbox 1591 5572 1834 5630; x_wconf 80' lang='lat' dir='ltr'><strong>habebitis</strong></span> 
     </span>
    </p>
   </div>
   <div class='ocr_carea' id='block_1_58' title="bbox 239 5642 1829 5734">
    <p class='ocr_par' dir='ltr' id='par_1_58' title="bbox 239 5642 1829 5734">
     <span class='ocr_line' id='line_1_58' title="bbox 239 5642 1829 5734; baseline 0.017 -39"><span class='ocrx_word' id='word_1_441' title='bbox 239 5642 532 5714; x_wconf 71' lang='lat' dir='ltr'><strong>ann.&#39;16.</strong></span> <span class='ocrx_word' id='word_1_442' title='bbox 567 5645 681 5717; x_wconf 75' lang='lat'><strong>35),</strong></span> <span class='ocrx_word' id='word_1_443' title='bbox 707 5657 781 5715; x_wconf 90' lang='lat' dir='ltr'><strong>et,</strong></span> <span class='ocrx_word' id='word_1_444' title='bbox 801 5650 882 5704; x_wconf 80' lang='lat' dir='ltr'><strong>Ad</strong></span> <span class='ocrx_word' id='word_1_445' title='bbox 903 5650 1163 5722; x_wconf 69' lang='lat' dir='ltr'><strong>pra-sides,</strong></span> <span class='ocrx_word' id='word_1_446' title='bbox 1193 5668 1239 5710; x_wconf 89' lang='lat' dir='ltr'><strong>et</strong></span> <span class='ocrx_word' id='word_1_447' title='bbox 1275 5660 1345 5712; x_wconf 85' lang='lat' dir='ltr'><strong>ad</strong></span> <span class='ocrx_word' id='word_1_448' title='bbox 1373 5677 1513 5732; x_wconf 85' lang='lat' dir='ltr'><strong>reges</strong></span> <span class='ocrx_word' id='word_1_449' title='bbox 1539 5663 1794 5720; x_wconf 84' lang='lat' dir='ltr'><strong>ducentini</strong></span> <span class='ocrx_word' id='word_1_450' title='bbox 1812 5709 1829 5734; x_wconf 93' lang='lat'><strong>,</strong></span> 
     </span>
    </p>
   </div>
   <div class='ocr_carea' id='block_1_59' title="bbox 231 5733 1832 5826">
    <p class='ocr_par' dir='ltr' id='par_1_59' title="bbox 231 5733 1832 5826">
     <span class='ocr_line' id='line_1_59' title="bbox 231 5733 1832 5826; baseline 0.017 -40"><span class='ocrx_word' id='word_1_451' title='bbox 231 5733 450 5807; x_wconf 68' lang='lat' dir='ltr'><strong>(Matth.</strong></span> <span class='ocrx_word' id='word_1_452' title='bbox 486 5736 573 5792; x_wconf 69' lang='lat'><strong>10.</strong></span> <span class='ocrx_word' id='word_1_453' title='bbox 600 5735 710 5809; x_wconf 78' lang='grc'><strong>18),</strong></span> <span class='ocrx_word' id='word_1_454' title='bbox 735 5749 808 5806; x_wconf 89' lang='lat' dir='ltr'><strong>et,</strong></span> <span class='ocrx_word' id='word_1_455' title='bbox 836 5740 950 5797; x_wconf 84' lang='lat' dir='ltr'><strong>Erit</strong></span> <span class='ocrx_word' id='word_1_456' title='bbox 973 5753 1190 5815; x_wconf 83' lang='lat' dir='ltr'><strong>tempus,</strong></span> <span class='ocrx_word' id='word_1_457' title='bbox 1219 5765 1333 5805; x_wconf 88' lang='lat' dir='ltr'><strong>cum</strong></span> <span class='ocrx_word' id='word_1_458' title='bbox 1360 5755 1526 5809; x_wconf 88' lang='lat' dir='ltr'><strong>omnis</strong></span> <span class='ocrx_word' id='word_1_459' title='bbox 1552 5757 1638 5826; x_wconf 85' lang='lat' dir='ltr'><strong>qui</strong></span> <span class='ocrx_word' id='word_1_460' title='bbox 1673 5733 1832 5814; x_wconf 83' lang='lat' dir='ltr'><strong>inter-</strong></span> 
     </span>
    </p>
   </div>
   <div class='ocr_carea' id='block_1_60' title="bbox 295 5847 1720 5931">
    <p class='ocr_par' dir='ltr' id='par_1_60' title="bbox 295 5847 1720 5931">
     <span class='ocr_line' id='line_1_60' title="bbox 295 5847 1720 5931; baseline 0.015 -34"><span class='ocrx_word' id='word_1_461' title='bbox 295 5848 313 5882; x_wconf 80' lang='grc' dir='ltr'>ι</span> <span class='ocrx_word' id='word_1_462' title='bbox 350 5849 461 5911; x_wconf 66' lang='lat' dir='ltr'><strong>alii,</strong></span> <span class='ocrx_word' id='word_1_463' title='bbox 485 5847 574 5914; x_wconf 83' lang='lat' dir='ltr'><strong>qui</strong></span> <span class='ocrx_word' id='word_1_464' title='bbox 603 5848 738 5916; x_wconf 81' lang='lat' dir='ltr'><strong>firmi</strong></span> <span class='ocrx_word' id='word_1_465' title='bbox 761 5864 917 5919; x_wconf 72' lang='lat' dir='ltr'><strong>erm,</strong></span> <span class='ocrx_word' id='word_1_466' title='bbox 944 5865 1196 5924; x_wconf 82' lang='lat' dir='ltr'><strong>steterunt,</strong></span> <span class='ocrx_word' id='word_1_467' title='bbox 1222 5871 1266 5914; x_wconf 88' lang='lat' dir='ltr'><strong>et</strong></span> <span class='ocrx_word' id='word_1_468' title='bbox 1291 5866 1447 5931; x_wconf 80' lang='lat' dir='ltr'><strong>magis</strong></span> <span class='ocrx_word' id='word_1_469' title='bbox 1471 5875 1720 5922; x_wconf 74' lang='lat' dir='ltr'><strong>steterunt.</strong></span> 
     </span>
    </p>
   </div>
   <div class='ocr_carea' id='block_1_61' title="bbox 1088 397 2674 471">
    <p class='ocr_par' dir='ltr' id='par_1_61' title="bbox 1088 397 2674 471">
     <span class='ocr_line' id='line_1_61' title="bbox 1088 397 2674 471; baseline -0.001 -13"><span class='ocrx_word' id='word_1_470' title='bbox 1088 403 1181 459; x_wconf 81' lang='lat' dir='ltr'><strong>AD</strong></span> <span class='ocrx_word' id='word_1_471' title='bbox 1219 402 1348 459; x_wconf 85' lang='lat' dir='ltr'><strong>EOS</strong></span> <span class='ocrx_word' id='word_1_472' title='bbox 1385 403 1501 471; x_wconf 87' lang='lat' dir='ltr'><strong>QUI</strong></span> <span class='ocrx_word' id='word_1_473' title='bbox 1542 403 2039 462; x_wconf 80' lang='lat' dir='ltr'><strong>SCANDALIZATI</strong></span> <span class='ocrx_word' id='word_1_474' title='bbox 2080 401 2280 459; x_wconf 86' lang='lat' dir='ltr'><strong>SUNT.</strong></span> <span class='ocrx_word' id='word_1_475' title='bbox 2315 400 2444 457; x_wconf 84' lang='lat' dir='ltr'><strong>LIB.</strong></span> <span class='ocrx_word' id='word_1_476' title='bbox 2478 397 2674 456; x_wconf 85' lang='lat' dir='ltr'><strong>UNUS.</strong></span> 
     </span>
    </p>
   </div>
   <div class='ocr_carea' id='block_1_62' title="bbox 3466 398 3572 456">
    <p class='ocr_par' dir='ltr' id='par_1_62' title="bbox 3466 398 3572 456">
     <span class='ocr_line' id='line_1_62' title="bbox 3466 398 3572 456; baseline 0.028 -3"><span class='ocrx_word' id='word_1_477' title='bbox 3466 398 3572 456; x_wconf 78' lang='lat' dir='ltr'><strong>5H</strong></span> 
     </span>
    </p>
   </div>
   <div class='ocr_carea' id='block_1_63' title="bbox 1972 514 3574 587">
    <p class='ocr_par' dir='ltr' id='par_1_63' title="bbox 1972 514 3574 587">
     <span class='ocr_line' id='line_1_63' title="bbox 1972 514 3574 587; baseline 0.002 -20"><span class='ocrx_word' id='word_1_478' title='bbox 1972 514 2148 585; x_wconf 85' lang='lat' dir='ltr'><strong>fecerit</strong></span> <span class='ocrx_word' id='word_1_479' title='bbox 2198 531 2306 579; x_wconf 72' lang='lat' dir='ltr'><strong>vos,</strong></span> <span class='ocrx_word' id='word_1_480' title='bbox 2357 515 2689 569; x_wconf 83' lang='lat' dir='ltr'><strong>arbitrabitur</strong></span> <span class='ocrx_word' id='word_1_481' title='bbox 2730 515 3024 586; x_wconf 81' lang='lat' dir='ltr'><strong>obsequium</strong></span> <span class='ocrx_word' id='word_1_482' title='bbox 3071 531 3125 570; x_wconf 91' lang='lat' dir='ltr'><strong>se</strong></span> <span class='ocrx_word' id='word_1_483' title='bbox 3175 524 3418 587; x_wconf 75' lang='lat' dir='ltr'><strong>pra&#39;stare</strong></span> <span class='ocrx_word' id='word_1_484' title='bbox 3466 515 3574 571; x_wconf 80' lang='lat' dir='ltr'><strong>Deo</strong></span> 
     </span>
    </p>
   </div>
   <div class='ocr_carea' id='block_1_64' title="bbox 1971 602 3568 680">
    <p class='ocr_par' dir='ltr' id='par_1_64' title="bbox 1971 602 3568 680">
     <span class='ocr_line' id='line_1_64' title="bbox 1971 602 3568 680; baseline 0.005 -24"><span class='ocrx_word' id='word_1_485' title='bbox 1971 602 2152 674; x_wconf 82' lang='lat' dir='ltr'><strong>(Joan.</strong></span> <span class='ocrx_word' id='word_1_486' title='bbox 2183 605 2270 660; x_wconf 75' lang='lat' dir='ltr'><strong>t6.</strong></span> <span class='ocrx_word' id='word_1_487' title='bbox 2302 606 2378 673; x_wconf 72' lang='lat'><strong>2).</strong></span> <span class='ocrx_word' id='word_1_488' title='bbox 2412 606 2596 676; x_wconf 87' lang='lat' dir='ltr'><strong>Itaque</strong></span> <span class='ocrx_word' id='word_1_489' title='bbox 2640 607 2840 664; x_wconf 85' lang='lat' dir='ltr'><strong>frustra</strong></span> <span class='ocrx_word' id='word_1_490' title='bbox 2885 608 3018 664; x_wconf 85' lang='lat' dir='ltr'><strong>mibi</strong></span> <span class='ocrx_word' id='word_1_491' title='bbox 3054 623 3150 664; x_wconf 86' lang='lat' dir='ltr'><strong>eos</strong></span> <span class='ocrx_word' id='word_1_492' title='bbox 3175 610 3265 680; x_wconf 88' lang='lat' dir='ltr'><strong>qui</strong></span> <span class='ocrx_word' id='word_1_493' title='bbox 3294 608 3568 664; x_wconf 80' lang='lat' dir='ltr'><strong>scandali-</strong></span> 
     </span>
    </p>
   </div>
   <div class='ocr_carea' id='block_1_65' title="bbox 1966 695 3570 768">
    <p class='ocr_par' dir='ltr' id='par_1_65' title="bbox 1966 695 3570 768">
     <span class='ocr_line' id='line_1_65' title="bbox 1966 695 3570 768; baseline 0.005 -20"><span class='ocrx_word' id='word_1_494' title='bbox 1966 702 2175 758; x_wconf 76' lang='lat' dir='ltr'><strong>santur.</strong></span> <span class='ocrx_word' id='word_1_495' title='bbox 2202 695 2402 767; x_wconf 88' lang='lat' dir='ltr'><strong>ubique</strong></span> <span class='ocrx_word' id='word_1_496' title='bbox 2428 696 2618 768; x_wconf 78' lang='lat' dir='ltr'><strong>objicis</strong></span> <span class='ocrx_word' id='word_1_497' title='bbox 2647 715 2661 752; x_wconf 89' lang='lat'><strong>:</strong></span> <span class='ocrx_word' id='word_1_498' title='bbox 2695 713 2914 767; x_wconf 85' lang='lat' dir='ltr'><strong>semper</strong></span> <span class='ocrx_word' id='word_1_499' title='bbox 2939 698 3082 753; x_wconf 86' lang='lat' dir='ltr'><strong>enim</strong></span> <span class='ocrx_word' id='word_1_500' title='bbox 3107 699 3570 757; x_wconf 70' lang='lat' dir='ltr'><strong>hascaecidernnt.</strong></span> 
     </span>
    </p>
   </div>
   <div class='ocr_carea' id='block_1_66' title="bbox 1965 784 3574 862">
    <p class='ocr_par' dir='ltr' id='par_1_66' title="bbox 1965 784 3574 862">
     <span class='ocr_line' id='line_1_66' title="bbox 1965 784 3574 862; baseline 0.007 -23"><span class='ocrx_word' id='word_1_501' title='bbox 1965 784 2038 839; x_wconf 83' lang='lat' dir='ltr'><strong>Et</strong></span> <span class='ocrx_word' id='word_1_502' title='bbox 2058 787 2186 856; x_wconf 88' lang='lat' dir='ltr'><strong>quid</strong></span> <span class='ocrx_word' id='word_1_503' title='bbox 2217 803 2304 843; x_wconf 89' lang='lat' dir='ltr'><strong>res</strong></span> <span class='ocrx_word' id='word_1_504' title='bbox 2328 791 2692 859; x_wconf 84' lang='lat' dir='ltr'><strong>apostolorum</strong></span> <span class='ocrx_word' id='word_1_505' title='bbox 2735 792 2977 862; x_wconf 74' lang='lat' dir='ltr'><strong>attingo?</strong></span> <span class='ocrx_word' id='word_1_506' title='bbox 3001 793 3173 862; x_wconf 85' lang='lat' dir='ltr'><strong>Quam</strong></span> <span class='ocrx_word' id='word_1_507' title='bbox 3217 794 3369 849; x_wconf 84' lang='lat' dir='ltr'><strong>multi</strong></span> <span class='ocrx_word' id='word_1_508' title='bbox 3409 809 3574 850; x_wconf 83' lang='lat' dir='ltr'><strong>cruce</strong></span> 
     </span>
    </p>
   </div>
   <div class='ocr_carea' id='block_1_67' title="bbox 1968 877 3572 956">
    <p class='ocr_par' dir='ltr' id='par_1_67' title="bbox 1968 877 3572 956">
     <span class='ocr_line' id='line_1_67' title="bbox 1968 877 3572 956; baseline 0.007 -24"><span class='ocrx_word' id='word_1_509' title='bbox 1968 877 2139 947; x_wconf 88' lang='lat' dir='ltr'><strong>ipsius</strong></span> <span class='ocrx_word' id='word_1_510' title='bbox 2160 881 2399 936; x_wconf 87' lang='lat' dir='ltr'><strong>omnium</strong></span> <span class='ocrx_word' id='word_1_511' title='bbox 2439 895 2680 939; x_wconf 90' lang='lat' dir='ltr'><strong>nostrum</strong></span> <span class='ocrx_word' id='word_1_512' title='bbox 2713 884 2924 940; x_wconf 90' lang='lat' dir='ltr'><strong>Domini</strong></span> <span class='ocrx_word' id='word_1_513' title='bbox 2951 886 3298 942; x_wconf 82' lang='lat' dir='ltr'><strong>scandalizati</strong></span> <span class='ocrx_word' id='word_1_514' title='bbox 3328 897 3483 956; x_wconf 84' lang='lat' dir='ltr'><strong>sunt,</strong></span> <span class='ocrx_word' id='word_1_515' title='bbox 3516 897 3572 944; x_wconf 89' lang='lat' dir='ltr'><strong>et</strong></span> 
     </span>
    </p>
   </div>
   <div class='ocr_carea' id='block_1_68' title="bbox 1966 969 3573 1050">
    <p class='ocr_par' dir='ltr' id='par_1_68' title="bbox 1966 969 3573 1050">
     <span class='ocr_line' id='line_1_68' title="bbox 1966 969 3573 1050; baseline 0.009 -28"><span class='ocrx_word' id='word_1_516' title='bbox 1966 969 2256 1039; x_wconf 89' lang='lat' dir='ltr'><strong>nequiores</strong></span> <span class='ocrx_word' id='word_1_517' title='bbox 2295 984 2456 1044; x_wconf 85' lang='lat' dir='ltr'><strong>atque</strong></span> <span class='ocrx_word' id='word_1_518' title='bbox 2511 975 2830 1032; x_wconf 88' lang='lat' dir='ltr'><strong>audaciores</strong></span> <span class='ocrx_word' id='word_1_519' title='bbox 2892 987 3018 1031; x_wconf 87' lang='lat' dir='ltr'><strong>sunt</strong></span> <span class='ocrx_word' id='word_1_520' title='bbox 3064 978 3222 1043; x_wconf 88' lang='lat' dir='ltr'><strong>facti,</strong></span> <span class='ocrx_word' id='word_1_521' title='bbox 3269 995 3392 1036; x_wconf 89' lang='lat' dir='ltr'><strong>cum</strong></span> <span class='ocrx_word' id='word_1_522' title='bbox 3435 995 3573 1050; x_wconf 76' lang='lat' dir='ltr'><strong>pra:-</strong></span> 
     </span>
    </p>
   </div>
   <div class='ocr_carea' id='block_1_69' title="bbox 1967 1064 3572 1136">
    <p class='ocr_par' dir='ltr' id='par_1_69' title="bbox 1967 1064 3572 1136">
     <span class='ocr_line' id='line_1_69' title="bbox 1967 1064 3572 1136; baseline 0.006 -21"><span class='ocrx_word' id='word_1_523' title='bbox 1967 1069 2239 1116; x_wconf 89' lang='lat' dir='ltr'><strong>tereuntes</strong></span> <span class='ocrx_word' id='word_1_524' title='bbox 2276 1064 2447 1132; x_wconf 89' lang='lat' dir='ltr'><strong>ipsum</strong></span> <span class='ocrx_word' id='word_1_525' title='bbox 2506 1065 2832 1130; x_wconf 84' lang='lat' dir='ltr'><strong>irridebant.</strong></span> <span class='ocrx_word' id='word_1_526' title='bbox 2886 1068 3170 1124; x_wconf 86' lang='lat' dir='ltr'><strong>dicentes:</strong></span> <span class='ocrx_word' id='word_1_527' title='bbox 3206 1069 3307 1136; x_wconf 86' lang='lat' dir='ltr'><strong>Qui</strong></span> <span class='ocrx_word' id='word_1_528' title='bbox 3357 1070 3572 1125; x_wconf 84' lang='lat' dir='ltr'><strong>destruit</strong></span> 
     </span>
    </p>
   </div>
   <div class='ocr_carea' id='block_1_70' title="bbox 1967 1153 3568 1236">
    <p class='ocr_par' dir='ltr' id='par_1_70' title="bbox 1967 1153 3568 1236">
     <span class='ocr_line' id='line_1_70' title="bbox 1967 1153 3568 1236; baseline 0.009 -32"><span class='ocrx_word' id='word_1_529' title='bbox 1967 1153 2230 1224; x_wconf 88' lang='lat' dir='ltr'><strong>templum,</strong></span> <span class='ocrx_word' id='word_1_530' title='bbox 2257 1165 2303 1208; x_wconf 89' lang='lat' dir='ltr'><strong>et</strong></span> <span class='ocrx_word' id='word_1_531' title='bbox 2330 1157 2383 1209; x_wconf 81' lang='lat' dir='ltr'><strong>in</strong></span> <span class='ocrx_word' id='word_1_532' title='bbox 2411 1156 2580 1211; x_wconf 87' lang='lat' dir='ltr'><strong>triduo</strong></span> <span class='ocrx_word' id='word_1_533' title='bbox 2610 1159 2742 1213; x_wconf 86' lang='lat' dir='ltr'><strong>illud</strong></span> <span class='ocrx_word' id='word_1_534' title='bbox 2762 1161 3059 1229; x_wconf 68' lang='lat' dir='ltr'><strong>recedi/ient,</strong></span> <span class='ocrx_word' id='word_1_535' title='bbox 3081 1162 3211 1217; x_wconf 87' lang='lat' dir='ltr'><strong>alios</strong></span> <span class='ocrx_word' id='word_1_536' title='bbox 3236 1163 3402 1218; x_wconf 77' lang='lat' dir='ltr'><strong>salvos</strong></span> <span class='ocrx_word' id='word_1_537' title='bbox 3426 1166 3568 1236; x_wconf 84' lang='lat' dir='ltr'><strong>fecit,</strong></span> 
     </span>
    </p>
   </div>
   <div class='ocr_carea' id='block_1_71' title="bbox 1965 1243 3567 1321">
    <p class='ocr_par' dir='ltr' id='par_1_71' title="bbox 1965 1243 3567 1321">
     <span class='ocr_line' id='line_1_71' title="bbox 1965 1243 3567 1321; baseline 0.008 -25"><span class='ocrx_word' id='word_1_538' title='bbox 1965 1243 2189 1314; x_wconf 87' lang='lat' dir='ltr'><strong>seipsum</strong></span> <span class='ocrx_word' id='word_1_539' title='bbox 2221 1261 2322 1300; x_wconf 87' lang='lat' dir='ltr'><strong>non</strong></span> <span class='ocrx_word' id='word_1_540' title='bbox 2349 1257 2509 1317; x_wconf 82' lang='lat' dir='ltr'><strong>potest</strong></span> <span class='ocrx_word' id='word_1_541' title='bbox 2554 1250 2751 1303; x_wconf 76' lang='lat' dir='ltr'><strong>salvum</strong></span> <span class='ocrx_word' id='word_1_542' title='bbox 2788 1251 3002 1319; x_wconf 74' lang='lat' dir='ltr'><strong>facere?</strong></span> <span class='ocrx_word' id='word_1_543' title='bbox 3039 1251 3103 1306; x_wconf 88' lang='lat' dir='ltr'><strong>Si</strong></span> <span class='ocrx_word' id='word_1_544' title='bbox 3149 1251 3319 1307; x_wconf 80' lang='lat' dir='ltr'><strong>Filius</strong></span> <span class='ocrx_word' id='word_1_545' title='bbox 3361 1253 3460 1309; x_wconf 84' lang='lat' dir='ltr'><strong>Dei</strong></span> <span class='ocrx_word' id='word_1_546' title='bbox 3493 1271 3567 1321; x_wconf 87' lang='lat' dir='ltr'><strong>es,</strong></span> 
     </span>
    </p>
   </div>
   <div class='ocr_carea' id='block_1_72' title="bbox 1965 1333 3570 1418">
    <p class='ocr_par' dir='ltr' id='par_1_72' title="bbox 1965 1333 3570 1418">
     <span class='ocr_line' id='line_1_72' title="bbox 1965 1333 3570 1418; baseline 0.012 -33"><span class='ocrx_word' id='word_1_547' title='bbox 1965 1333 2213 1389; x_wconf 79' lang='lat' dir='ltr'><strong>descende</strong></span> <span class='ocrx_word' id='word_1_548' title='bbox 2232 1335 2296 1389; x_wconf 91' lang='lat' dir='ltr'><strong>de</strong></span> <span class='ocrx_word' id='word_1_549' title='bbox 2323 1354 2491 1405; x_wconf 89' lang='lat' dir='ltr'><strong>cruce,</strong></span> <span class='ocrx_word' id='word_1_550' title='bbox 2519 1349 2568 1394; x_wconf 92' lang='lat' dir='ltr'><strong>et</strong></span> <span class='ocrx_word' id='word_1_551' title='bbox 2591 1343 2853 1396; x_wconf 86' lang='lat' dir='ltr'><strong>credemus</strong></span> <span class='ocrx_word' id='word_1_552' title='bbox 2880 1344 2934 1396; x_wconf 89' lang='lat' dir='ltr'><strong>in</strong></span> <span class='ocrx_word' id='word_1_553' title='bbox 2964 1353 3012 1397; x_wconf 84' lang='lat' dir='ltr'><strong>te</strong></span> <span class='ocrx_word' id='word_1_554' title='bbox 3042 1344 3060 1414; x_wconf 96' lang='lat'><strong>(</strong></span> <span class='ocrx_word' id='word_1_555' title='bbox 3095 1342 3286 1398; x_wconf 75' lang='lat' dir='ltr'><strong>Matth.</strong></span> <span class='ocrx_word' id='word_1_556' title='bbox 3319 1344 3406 1399; x_wconf 71' lang='lat'><strong>27.</strong></span> <span class='ocrx_word' id='word_1_557' title='bbox 3432 1347 3503 1401; x_wconf 69' lang='grc' dir='ltr'><strong>ιο</strong></span> <span class='ocrx_word' id='word_1_558' title='bbox 3523 1345 3570 1418; x_wconf 82' lang='lat'><strong>).‘</strong></span> 
     </span>
    </p>
   </div>
   <div class='ocr_carea' id='block_1_73' title="bbox 1963 1423 3570 1509">
    <p class='ocr_par' dir='ltr' id='par_1_73' title="bbox 1963 1423 3570 1509">
     <span class='ocr_line' id='line_1_73' title="bbox 1963 1423 3570 1509; baseline 0.009 -30"><span class='ocrx_word' id='word_1_559' title='bbox 1963 1423 2075 1480; x_wconf 88' lang='lat' dir='ltr'><strong>Nec</strong></span> <span class='ocrx_word' id='word_1_560' title='bbox 2101 1436 2276 1482; x_wconf 90' lang='lat' dir='ltr'><strong>tamen</strong></span> <span class='ocrx_word' id='word_1_561' title='bbox 2302 1428 2390 1484; x_wconf 82' lang='lat' dir='ltr'><strong>isti</strong></span> <span class='ocrx_word' id='word_1_562' title='bbox 2415 1432 2760 1488; x_wconf 82' lang='lat' dir='ltr'><strong>excusatione</strong></span> <span class='ocrx_word' id='word_1_563' title='bbox 2794 1432 2943 1504; x_wconf 87' lang='lat' dir='ltr'><strong>digni</strong></span> <span class='ocrx_word' id='word_1_564' title='bbox 2973 1434 3168 1490; x_wconf 91' lang='lat' dir='ltr'><strong>fuerint</strong></span> <span class='ocrx_word' id='word_1_565' title='bbox 3206 1447 3426 1509; x_wconf 89' lang='lat' dir='ltr'><strong>propter</strong></span> <span class='ocrx_word' id='word_1_566' title='bbox 3441 1454 3570 1493; x_wconf 82' lang='lat' dir='ltr'><strong>cru-</strong></span> 
     </span>
    </p>
   </div>
   <div class='ocr_carea' id='block_1_74' title="bbox 1963 1518 3567 1610">
    <p class='ocr_par' dir='ltr' id='par_1_74' title="bbox 1963 1518 3567 1610">
     <span class='ocr_line' id='line_1_74' title="bbox 1963 1518 3567 1610; baseline 0.009 -39"><span class='ocrx_word' id='word_1_567' title='bbox 1963 1532 2104 1573; x_wconf 91' lang='lat' dir='ltr'><strong>cem.</strong></span> <span class='ocrx_word' id='word_1_568' title='bbox 2132 1518 2267 1574; x_wconf 91' lang='lat' dir='ltr'><strong>Nam</strong></span> <span class='ocrx_word' id='word_1_569' title='bbox 2295 1536 2484 1578; x_wconf 89' lang='lat' dir='ltr'><strong>omnes</strong></span> <span class='ocrx_word' id='word_1_570' title='bbox 2525 1524 2789 1594; x_wconf 88' lang='lat' dir='ltr'><strong>ejusmodi</strong></span> <span class='ocrx_word' id='word_1_571' title='bbox 2835 1526 2976 1582; x_wconf 89' lang='lat' dir='ltr'><strong>latro</strong></span> <span class='ocrx_word' id='word_1_572' title='bbox 3001 1539 3241 1583; x_wconf 87' lang='lat' dir='ltr'><strong>accusat.</strong></span> <span class='ocrx_word' id='word_1_573' title='bbox 3267 1530 3567 1610; x_wconf 72' lang='lat' dir='ltr'><strong>Siquidem</strong></span> 
     </span>
    </p>
   </div>
   <div class='ocr_carea' id='block_1_75' title="bbox 1965 1611 3571 1689">
    <p class='ocr_par' dir='ltr' id='par_1_75' title="bbox 1965 1611 3571 1689">
     <span class='ocr_line' id='line_1_75' title="bbox 1965 1611 3571 1689; baseline 0.01 -24"><span class='ocrx_word' id='word_1_574' title='bbox 1965 1611 2054 1668; x_wconf 92' lang='lat' dir='ltr'><strong>ille</strong></span> <span class='ocrx_word' id='word_1_575' title='bbox 2074 1613 2287 1669; x_wconf 75' lang='lat' dir='ltr'><strong>sublimi</strong></span> <span class='ocrx_word' id='word_1_576' title='bbox 2309 1616 2454 1673; x_wconf 88' lang='lat' dir='ltr'><strong>cruci</strong></span> <span class='ocrx_word' id='word_1_577' title='bbox 2477 1616 2698 1674; x_wconf 87' lang='lat' dir='ltr'><strong>aftixum</strong></span> <span class='ocrx_word' id='word_1_578' title='bbox 2724 1619 2875 1685; x_wconf 90' lang='lat' dir='ltr'><strong>vidit,</strong></span> <span class='ocrx_word' id='word_1_579' title='bbox 2904 1630 2958 1675; x_wconf 90' lang='lat' dir='ltr'><strong>et</strong></span> <span class='ocrx_word' id='word_1_580' title='bbox 2983 1637 3092 1676; x_wconf 90' lang='lat' dir='ltr'><strong>non</strong></span> <span class='ocrx_word' id='word_1_581' title='bbox 3115 1623 3276 1689; x_wconf 88' lang='lat' dir='ltr'><strong>modo</strong></span> <span class='ocrx_word' id='word_1_582' title='bbox 3301 1624 3571 1680; x_wconf 85' lang='lat' dir='ltr'><strong>scandali-</strong></span> 
     </span>
    </p>
   </div>
   <div class='ocr_carea' id='block_1_76' title="bbox 1964 1707 3569 1785">
    <p class='ocr_par' dir='ltr' id='par_1_76' title="bbox 1964 1707 3569 1785">
     <span class='ocr_line' id='line_1_76' title="bbox 1964 1707 3569 1785; baseline 0.01 -29"><span class='ocrx_word' id='word_1_583' title='bbox 1964 1711 2116 1758; x_wconf 90' lang='lat' dir='ltr'><strong>zatus</strong></span> <span class='ocrx_word' id='word_1_584' title='bbox 2147 1719 2253 1760; x_wconf 91' lang='lat' dir='ltr'><strong>non</strong></span> <span class='ocrx_word' id='word_1_585' title='bbox 2275 1716 2379 1775; x_wconf 89' lang='lat' dir='ltr'><strong>est,</strong></span> <span class='ocrx_word' id='word_1_586' title='bbox 2404 1707 2501 1764; x_wconf 89' lang='lat' dir='ltr'><strong>sed</strong></span> <span class='ocrx_word' id='word_1_587' title='bbox 2529 1710 2655 1766; x_wconf 84' lang='lat' dir='ltr'><strong>inde</strong></span> <span class='ocrx_word' id='word_1_588' title='bbox 2691 1726 2906 1782; x_wconf 90' lang='lat' dir='ltr'><strong>quoque</strong></span> <span class='ocrx_word' id='word_1_589' title='bbox 2944 1711 3202 1784; x_wconf 88' lang='lat' dir='ltr'><strong>majorem</strong></span> <span class='ocrx_word' id='word_1_590' title='bbox 3232 1714 3298 1770; x_wconf 91' lang='lat' dir='ltr'><strong>ad</strong></span> <span class='ocrx_word' id='word_1_591' title='bbox 3331 1715 3569 1785; x_wconf 85' lang='lat' dir='ltr'><strong>philoso-</strong></span> 
     </span>
    </p>
   </div>
   <div class='ocr_carea' id='block_1_77' title="bbox 1965 1795 3570 1886">
    <p class='ocr_par' dir='ltr' id='par_1_77' title="bbox 1965 1795 3570 1886">
     <span class='ocr_line' id='line_1_77' title="bbox 1965 1795 3570 1886; baseline 0.01 -37"><span class='ocrx_word' id='word_1_592' title='bbox 1965 1795 2235 1866; x_wconf 90' lang='lat' dir='ltr'><strong>phandum</strong></span> <span class='ocrx_word' id='word_1_593' title='bbox 2263 1799 2604 1855; x_wconf 82' lang='lat' dir='ltr'><strong>occasionem</strong></span> <span class='ocrx_word' id='word_1_594' title='bbox 2625 1804 2853 1872; x_wconf 84' lang='lat' dir='ltr'><strong>accepit,</strong></span> <span class='ocrx_word' id='word_1_595' title='bbox 2873 1819 3171 1878; x_wconf 85' lang='lat' dir='ltr'><strong>omnesque</strong></span> <span class='ocrx_word' id='word_1_596' title='bbox 3196 1821 3282 1862; x_wconf 90' lang='lat' dir='ltr'><strong>res</strong></span> <span class='ocrx_word' id='word_1_597' title='bbox 3297 1806 3570 1886; x_wconf 82' lang='lat' dir='ltr'><strong>humanas</strong></span> 
     </span>
    </p>
   </div>
   <div class='ocr_carea' id='block_1_78' title="bbox 1965 1889 3568 1966">
    <p class='ocr_par' dir='ltr' id='par_1_78' title="bbox 1965 1889 3568 1966">
     <span class='ocr_line' id='line_1_78' title="bbox 1965 1889 3568 1966; baseline 0.009 -25"><span class='ocrx_word' id='word_1_598' title='bbox 1965 1889 2371 1953; x_wconf 75' lang='lat' dir='ltr'><strong>transcenderis,</strong></span> <span class='ocrx_word' id='word_1_599' title='bbox 2393 1900 2452 1946; x_wconf 93' lang='lat' dir='ltr'><strong>et</strong></span> <span class='ocrx_word' id='word_1_600' title='bbox 2475 1893 2576 1946; x_wconf 88' lang='lat' dir='ltr'><strong>alis</strong></span> <span class='ocrx_word' id='word_1_601' title='bbox 2599 1893 2721 1948; x_wconf 84' lang='lat' dir='ltr'><strong>fidei</strong></span> <span class='ocrx_word' id='word_1_602' title='bbox 2755 1895 2806 1948; x_wconf 90' lang='lat' dir='ltr'><strong>in</strong></span> <span class='ocrx_word' id='word_1_603' title='bbox 2824 1895 2988 1949; x_wconf 86' lang='lat' dir='ltr'><strong>altum</strong></span> <span class='ocrx_word' id='word_1_604' title='bbox 3020 1909 3243 1953; x_wconf 88' lang='lat' dir='ltr'><strong>evectus</strong></span> <span class='ocrx_word' id='word_1_605' title='bbox 3261 1939 3276 1966; x_wconf 95' lang='lat'><strong>,</strong></span> <span class='ocrx_word' id='word_1_606' title='bbox 3305 1898 3375 1955; x_wconf 91' lang='lat' dir='ltr'><strong>de</strong></span> <span class='ocrx_word' id='word_1_607' title='bbox 3405 1900 3568 1956; x_wconf 86' lang='lat' dir='ltr'><strong>rebus</strong></span> 
     </span>
    </p>
   </div>
   <div class='ocr_carea' id='block_1_79' title="bbox 1965 1977 3566 2059">
    <p class='ocr_par' dir='ltr' id='par_1_79' title="bbox 1965 1977 3566 2059">
     <span class='ocr_line' id='line_1_79' title="bbox 1965 1977 3566 2059; baseline 0.009 -27"><span class='ocrx_word' id='word_1_608' title='bbox 1965 1977 2158 2034; x_wconf 88' lang='lat' dir='ltr'><strong>futuris</strong></span> <span class='ocrx_word' id='word_1_609' title='bbox 2202 1980 2631 2053; x_wconf 73' lang='lat' dir='ltr'><strong>pltilosOphatur.</strong></span> <span class='ocrx_word' id='word_1_610' title='bbox 2686 1985 2818 2040; x_wconf 89' lang='lat' dir='ltr'><strong>Cum</strong></span> <span class='ocrx_word' id='word_1_611' title='bbox 2858 1987 3001 2041; x_wconf 89' lang='lat' dir='ltr'><strong>enim</strong></span> <span class='ocrx_word' id='word_1_612' title='bbox 3061 1988 3298 2059; x_wconf 87' lang='lat' dir='ltr'><strong>patibulo</strong></span> <span class='ocrx_word' id='word_1_613' title='bbox 3345 1988 3566 2046; x_wconf 79' lang='lat' dir='ltr'><strong>affixam</strong></span> 
     </span>
    </p>
   </div>
   <div class='ocr_carea' id='block_1_80' title="bbox 1962 2074 3565 2149">
    <p class='ocr_par' dir='ltr' id='par_1_80' title="bbox 1962 2074 3565 2149">
     <span class='ocr_line' id='line_1_80' title="bbox 1962 2074 3565 2149; baseline 0.007 -25"><span class='ocrx_word' id='word_1_614' title='bbox 1962 2080 2230 2137; x_wconf 89' lang='lat' dir='ltr'><strong>cerneret,</strong></span> <span class='ocrx_word' id='word_1_615' title='bbox 2284 2074 2598 2131; x_wconf 84' lang='lat' dir='ltr'><strong>verberibus</strong></span> <span class='ocrx_word' id='word_1_616' title='bbox 2641 2091 2866 2142; x_wconf 59' lang='lat' dir='ltr'><strong>casum,</strong></span> <span class='ocrx_word' id='word_1_617' title='bbox 2915 2079 3258 2136; x_wconf 84' lang='lat' dir='ltr'><strong>contumeliis</strong></span> <span class='ocrx_word' id='word_1_618' title='bbox 3286 2078 3565 2149; x_wconf 80' lang='lat' dir='ltr'><strong>affectum,</strong></span> 
     </span>
    </p>
   </div>
   <div class='ocr_carea' id='block_1_81' title="bbox 1963 2162 3571 2247">
    <p class='ocr_par' dir='ltr' id='par_1_81' title="bbox 1963 2162 3571 2247">
     <span class='ocr_line' id='line_1_81' title="bbox 1963 2162 3571 2247; baseline 0.007 -29"><span class='ocrx_word' id='word_1_619' title='bbox 1963 2162 2088 2220; x_wconf 88' lang='lat' dir='ltr'><strong>felle</strong></span> <span class='ocrx_word' id='word_1_620' title='bbox 2114 2175 2375 2234; x_wconf 78' lang='lat' dir='ltr'><strong>putatum,</strong></span> <span class='ocrx_word' id='word_1_621' title='bbox 2402 2170 2574 2238; x_wconf 75' lang='lat' dir='ltr'><strong>sputis</strong></span> <span class='ocrx_word' id='word_1_622' title='bbox 2589 2184 2960 2241; x_wconf 89' lang='lat' dir='ltr'><strong>conspersum,</strong></span> <span class='ocrx_word' id='word_1_623' title='bbox 2986 2188 3017 2227; x_wconf 84' lang='lat' dir='ltr'><strong>a</strong></span> <span class='ocrx_word' id='word_1_624' title='bbox 3047 2182 3195 2229; x_wconf 92' lang='lat' dir='ltr'><strong>tanto</strong></span> <span class='ocrx_word' id='word_1_625' title='bbox 3219 2175 3419 2247; x_wconf 85' lang='lat' dir='ltr'><strong>populo</strong></span> <span class='ocrx_word' id='word_1_626' title='bbox 3439 2176 3571 2231; x_wconf 88' lang='lat' dir='ltr'><strong>sub-</strong></span> 
     </span>
    </p>
   </div>
   <div class='ocr_carea' id='block_1_82' title="bbox 1960 2258 3565 2336">
    <p class='ocr_par' dir='ltr' id='par_1_82' title="bbox 1960 2258 3565 2336">
     <span class='ocr_line' id='line_1_82' title="bbox 1960 2258 3565 2336; baseline 0.009 -28"><span class='ocrx_word' id='word_1_627' title='bbox 1960 2264 2265 2324; x_wconf 86' lang='lat' dir='ltr'><strong>sannatum,</strong></span> <span class='ocrx_word' id='word_1_628' title='bbox 2287 2272 2318 2312; x_wconf 87' lang='lat' dir='ltr'><strong>a</strong></span> <span class='ocrx_word' id='word_1_629' title='bbox 2341 2258 2524 2328; x_wconf 90' lang='lat' dir='ltr'><strong>judice</strong></span> <span class='ocrx_word' id='word_1_630' title='bbox 2547 2261 2879 2331; x_wconf 88' lang='lat' dir='ltr'><strong>damnatum,</strong></span> <span class='ocrx_word' id='word_1_631' title='bbox 2911 2265 2978 2320; x_wconf 85' lang='lat' dir='ltr'><strong>ad</strong></span> <span class='ocrx_word' id='word_1_632' title='bbox 3001 2274 3230 2322; x_wconf 88' lang='lat' dir='ltr'><strong>mortem</strong></span> <span class='ocrx_word' id='word_1_633' title='bbox 3251 2267 3565 2336; x_wconf 85' lang='lat' dir='ltr'><strong>abductum,</strong></span> 
     </span>
    </p>
   </div>
   <div class='ocr_carea' id='block_1_83' title="bbox 1961 2347 3566 2418">
    <p class='ocr_par' dir='ltr' id='par_1_83' title="bbox 1961 2347 3566 2418">
     <span class='ocr_line' id='line_1_83' title="bbox 1961 2347 3566 2418; baseline 0.01 -16"><span class='ocrx_word' id='word_1_634' title='bbox 1961 2347 2110 2402; x_wconf 89' lang='lat' dir='ltr'><strong>nullo</strong></span> <span class='ocrx_word' id='word_1_635' title='bbox 2139 2349 2366 2406; x_wconf 86' lang='lat' dir='ltr'><strong>istorum</strong></span> <span class='ocrx_word' id='word_1_636' title='bbox 2411 2354 2807 2412; x_wconf 82' lang='lat' dir='ltr'><strong>scandalizatus</strong></span> <span class='ocrx_word' id='word_1_637' title='bbox 2852 2367 2981 2414; x_wconf 89' lang='lat' dir='ltr'><strong>est:</strong></span> <span class='ocrx_word' id='word_1_638' title='bbox 3011 2358 3107 2414; x_wconf 87' lang='lat' dir='ltr'><strong>sed</strong></span> <span class='ocrx_word' id='word_1_639' title='bbox 3152 2374 3275 2414; x_wconf 92' lang='lat' dir='ltr'><strong>cum</strong></span> <span class='ocrx_word' id='word_1_640' title='bbox 3318 2373 3566 2418; x_wconf 88' lang='lat' dir='ltr'><strong>cerneret</strong></span> 
     </span>
    </p>
   </div>
   <div class='ocr_carea' id='block_1_84' title="bbox 1958 2443 3568 2515">
    <p class='ocr_par' dir='ltr' id='par_1_84' title="bbox 1958 2443 3568 2515">
     <span class='ocr_line' id='line_1_84' title="bbox 1958 2443 3568 2515; baseline 0.011 -23"><span class='ocrx_word' id='word_1_641' title='bbox 1958 2451 2173 2502; x_wconf 80' lang='lat' dir='ltr'><strong>crucem</strong></span> <span class='ocrx_word' id='word_1_642' title='bbox 2199 2449 2254 2497; x_wconf 89' lang='lat' dir='ltr'><strong>et</strong></span> <span class='ocrx_word' id='word_1_643' title='bbox 2280 2443 2462 2499; x_wconf 85' lang='lat' dir='ltr'><strong>clavos</strong></span> <span class='ocrx_word' id='word_1_644' title='bbox 2489 2445 2721 2515; x_wconf 80' lang='lat' dir='ltr'><strong>defixos,</strong></span> <span class='ocrx_word' id='word_1_645' title='bbox 2741 2456 2796 2503; x_wconf 92' lang='lat' dir='ltr'><strong>et</strong></span> <span class='ocrx_word' id='word_1_646' title='bbox 2815 2457 3017 2504; x_wconf 85' lang='lat' dir='ltr'><strong>tantam</strong></span> <span class='ocrx_word' id='word_1_647' title='bbox 3043 2450 3158 2505; x_wconf 81' lang='lat' dir='ltr'><strong>fleri</strong></span> <span class='ocrx_word' id='word_1_648' title='bbox 3186 2452 3568 2510; x_wconf 83' lang='lat' dir='ltr'><strong>subsannatio-</strong></span> 
     </span>
    </p>
   </div>
   <div class='ocr_carea' id='block_1_85' title="bbox 1958 2532 3563 2612">
    <p class='ocr_par' dir='ltr' id='par_1_85' title="bbox 1958 2532 3563 2612">
     <span class='ocr_line' id='line_1_85' title="bbox 1958 2532 3563 2612; baseline 0.012 -29"><span class='ocrx_word' id='word_1_649' title='bbox 1958 2544 2082 2584; x_wconf 91' lang='lat' dir='ltr'><strong>nem</strong></span> <span class='ocrx_word' id='word_1_650' title='bbox 2110 2545 2143 2586; x_wconf 72' lang='grc' dir='ltr'>ι</span> <span class='ocrx_word' id='word_1_651' title='bbox 2165 2532 2321 2602; x_wconf 85' lang='lat' dir='ltr'><strong>plebe</strong></span> <span class='ocrx_word' id='word_1_652' title='bbox 2349 2534 2660 2606; x_wconf 87' lang='lat' dir='ltr'><strong>depravata,</strong></span> <span class='ocrx_word' id='word_1_653' title='bbox 2690 2549 2835 2595; x_wconf 91' lang='lat' dir='ltr'><strong>recta</strong></span> <span class='ocrx_word' id='word_1_654' title='bbox 2874 2541 2986 2612; x_wconf 88' lang='lat' dir='ltr'><strong>ipse</strong></span> <span class='ocrx_word' id='word_1_655' title='bbox 3025 2543 3106 2596; x_wconf 87' lang='lat' dir='ltr'><strong>via</strong></span> <span class='ocrx_word' id='word_1_656' title='bbox 3156 2543 3436 2600; x_wconf 89' lang='lat' dir='ltr'><strong>incedebat</strong></span> <span class='ocrx_word' id='word_1_657' title='bbox 3476 2546 3563 2602; x_wconf 90' lang='lat' dir='ltr'><strong>di-</strong></span> 
     </span>
    </p>
   </div>
   <div class='ocr_carea' id='block_1_86' title="bbox 1957 2625 3562 2710">
    <p class='ocr_par' dir='ltr' id='par_1_86' title="bbox 1957 2625 3562 2710">
     <span class='ocr_line' id='line_1_86' title="bbox 1957 2625 3562 2710; baseline 0.01 -30"><span class='ocrx_word' id='word_1_658' title='bbox 1957 2637 2090 2680; x_wconf 83' lang='lat' dir='ltr'><strong>cens</strong></span> <span class='ocrx_word' id='word_1_659' title='bbox 2120 2641 2135 2680; x_wconf 90' lang='lat'><strong>:</strong></span> <span class='ocrx_word' id='word_1_660' title='bbox 2168 2625 2427 2710; x_wconf 66' lang='lat' dir='ltr'><strong>Memento</strong></span> <span class='ocrx_word' id='word_1_661' title='bbox 2457 2631 2553 2684; x_wconf 85' lang='lat' dir='ltr'><strong>mei</strong></span> <span class='ocrx_word' id='word_1_662' title='bbox 2577 2632 2629 2684; x_wconf 90' lang='lat' dir='ltr'><strong>in</strong></span> <span class='ocrx_word' id='word_1_663' title='bbox 2654 2649 2812 2704; x_wconf 72' lang='lat' dir='ltr'><strong>regno</strong></span> <span class='ocrx_word' id='word_1_664' title='bbox 2835 2643 2923 2688; x_wconf 83' lang='lat' dir='ltr'><strong>tuo</strong></span> <span class='ocrx_word' id='word_1_665' title='bbox 2951 2633 3103 2707; x_wconf 84' lang='lat' dir='ltr'><strong>(Luc.</strong></span> <span class='ocrx_word' id='word_1_666' title='bbox 3131 2635 3220 2694; x_wconf 74' lang='lat'><strong>25.</strong></span> <span class='ocrx_word' id='word_1_667' title='bbox 3252 2637 3383 2710; x_wconf 71' lang='lat'><strong>42);</strong></span> <span class='ocrx_word' id='word_1_668' title='bbox 3418 2649 3473 2694; x_wconf 89' lang='lat' dir='ltr'><strong>et</strong></span> <span class='ocrx_word' id='word_1_669' title='bbox 3511 2640 3562 2696; x_wconf 87' lang='lat' dir='ltr'><strong>ei</strong></span> 
     </span>
    </p>
   </div>
   <div class='ocr_carea' id='block_1_87' title="bbox 1956 2706 3564 2798">
    <p class='ocr_par' dir='ltr' id='par_1_87' title="bbox 1956 2706 3564 2798">
     <span class='ocr_line' id='line_1_87' title="bbox 1956 2706 3564 2798; baseline 0.014 -31"><span class='ocrx_word' id='word_1_670' title='bbox 1956 2716 2046 2785; x_wconf 90' lang='lat' dir='ltr'><strong>qui</strong></span> <span class='ocrx_word' id='word_1_671' title='bbox 2067 2706 2438 2786; x_wconf 82' lang='lat' dir='ltr'><strong>maledicebat,</strong></span> <span class='ocrx_word' id='word_1_672' title='bbox 2465 2736 2527 2775; x_wconf 88' lang='lat' dir='ltr'><strong>os</strong></span> <span class='ocrx_word' id='word_1_673' title='bbox 2554 2723 2896 2789; x_wconf 89' lang='lat' dir='ltr'><strong>occludebat,</strong></span> <span class='ocrx_word' id='word_1_674' title='bbox 2930 2741 3136 2798; x_wconf 87' lang='lat' dir='ltr'><strong>suaque</strong></span> <span class='ocrx_word' id='word_1_675' title='bbox 3161 2706 3378 2798; x_wconf 82' lang='lat' dir='ltr'><strong>peccata</strong></span> <span class='ocrx_word' id='word_1_676' title='bbox 3391 2733 3564 2789; x_wconf 86' lang='lat' dir='ltr'><strong>conti-</strong></span> 
     </span>
    </p>
   </div>
   <div class='ocr_carea' id='block_1_88' title="bbox 1957 2807 3565 2901">
    <p class='ocr_par' dir='ltr' id='par_1_88' title="bbox 1957 2807 3565 2901">
     <span class='ocr_line' id='line_1_88' title="bbox 1957 2807 3565 2901; baseline 0.014 -39"><span class='ocrx_word' id='word_1_677' title='bbox 1957 2807 2190 2874; x_wconf 88' lang='lat' dir='ltr'><strong>tebatur,</strong></span> <span class='ocrx_word' id='word_1_678' title='bbox 2218 2821 2272 2866; x_wconf 90' lang='lat' dir='ltr'><strong>et</strong></span> <span class='ocrx_word' id='word_1_679' title='bbox 2292 2811 2360 2867; x_wconf 88' lang='lat' dir='ltr'><strong>de</strong></span> <span class='ocrx_word' id='word_1_680' title='bbox 2406 2818 2803 2874; x_wconf 83' lang='lat' dir='ltr'><strong>resurrectione</strong></span> <span class='ocrx_word' id='word_1_681' title='bbox 2845 2819 3322 2893; x_wconf 86' lang='lat' dir='ltr'><strong>pbilosophabatur</strong></span> <span class='ocrx_word' id='word_1_682' title='bbox 3353 2843 3369 2881; x_wconf 90' lang='lat'><strong>:</strong></span> <span class='ocrx_word' id='word_1_683' title='bbox 3399 2827 3565 2901; x_wconf 88' lang='lat' dir='ltr'><strong>idque</strong></span> 
     </span>
    </p>
   </div>
   <div class='ocr_carea' id='block_1_89' title="bbox 1956 2903 3562 2992">
    <p class='ocr_par' dir='ltr' id='par_1_89' title="bbox 1956 2903 3562 2992">
     <span class='ocr_line' id='line_1_89' title="bbox 1956 2903 3562 2992; baseline 0.016 -38"><span class='ocrx_word' id='word_1_684' title='bbox 1956 2914 2080 2955; x_wconf 89' lang='lat' dir='ltr'><strong>cum</strong></span> <span class='ocrx_word' id='word_1_685' title='bbox 2129 2903 2395 2961; x_wconf 85' lang='lat' dir='ltr'><strong>excitatos</strong></span> <span class='ocrx_word' id='word_1_686' title='bbox 2433 2917 2677 2965; x_wconf 89' lang='lat' dir='ltr'><strong>mortuos</strong></span> <span class='ocrx_word' id='word_1_687' title='bbox 2719 2927 2827 2967; x_wconf 89' lang='lat' dir='ltr'><strong>non</strong></span> <span class='ocrx_word' id='word_1_688' title='bbox 2879 2913 3122 2982; x_wconf 87' lang='lat' dir='ltr'><strong>vidisset,</strong></span> <span class='ocrx_word' id='word_1_689' title='bbox 3175 2934 3282 2973; x_wconf 92' lang='lat' dir='ltr'><strong>non</strong></span> <span class='ocrx_word' id='word_1_690' title='bbox 3315 2920 3562 2992; x_wconf 86' lang='lat' dir='ltr'><strong>leprosos</strong></span> 
     </span>
    </p>
   </div>
   <div class='ocr_carea' id='block_1_90' title="bbox 1956 2991 3558 3073">
    <p class='ocr_par' dir='ltr' id='par_1_90' title="bbox 1956 2991 3558 3073">
     <span class='ocr_line' id='line_1_90' title="bbox 1956 2991 3558 3073; baseline 0.016 -27"><span class='ocrx_word' id='word_1_691' title='bbox 1956 2991 2261 3061; x_wconf 80' lang='lat' dir='ltr'><strong>mandatos,</strong></span> <span class='ocrx_word' id='word_1_692' title='bbox 2295 3010 2402 3051; x_wconf 90' lang='lat' dir='ltr'><strong>non</strong></span> <span class='ocrx_word' id='word_1_693' title='bbox 2429 2997 2650 3056; x_wconf 78' lang='lat' dir='ltr'><strong>claudos</strong></span> <span class='ocrx_word' id='word_1_694' title='bbox 2672 3014 2912 3073; x_wconf 88' lang='lat' dir='ltr'><strong>sanatos,</strong></span> <span class='ocrx_word' id='word_1_695' title='bbox 2958 3021 3067 3062; x_wconf 88' lang='lat' dir='ltr'><strong>non</strong></span> <span class='ocrx_word' id='word_1_696' title='bbox 3112 3025 3261 3066; x_wconf 89' lang='lat' dir='ltr'><strong>mare</strong></span> <span class='ocrx_word' id='word_1_697' title='bbox 3310 2991 3558 3070; x_wconf 77' lang='lat' dir='ltr'><strong>refrena—</strong></span> 
     </span>
    </p>
   </div>
   <div class='ocr_carea' id='block_1_91' title="bbox 1957 3087 3557 3177">
    <p class='ocr_par' dir='ltr' id='par_1_91' title="bbox 1957 3087 3557 3177">
     <span class='ocr_line' id='line_1_91' title="bbox 1957 3087 3557 3177; baseline 0.017 -40"><span class='ocrx_word' id='word_1_698' title='bbox 1957 3091 2093 3152; x_wconf 90' lang='lat' dir='ltr'><strong>tum,</strong></span> <span class='ocrx_word' id='word_1_699' title='bbox 2122 3100 2226 3142; x_wconf 90' lang='lat' dir='ltr'><strong>non</strong></span> <span class='ocrx_word' id='word_1_700' title='bbox 2255 3087 2530 3146; x_wconf 66' lang='lat' dir='ltr'><strong>daemones</strong></span> <span class='ocrx_word' id='word_1_701' title='bbox 2555 3092 2779 3162; x_wconf 76' lang='lat' dir='ltr'><strong>eiectos,</strong></span> <span class='ocrx_word' id='word_1_702' title='bbox 2807 3111 2914 3152; x_wconf 91' lang='lat' dir='ltr'><strong>non</strong></span> <span class='ocrx_word' id='word_1_703' title='bbox 2953 3113 3120 3169; x_wconf 89' lang='lat' dir='ltr'><strong>panes</strong></span> <span class='ocrx_word' id='word_1_704' title='bbox 3150 3103 3557 3177; x_wconf 86' lang='lat' dir='ltr'><strong>multiplicatos,</strong></span> 
     </span>
    </p>
   </div>
   <div class='ocr_carea' id='block_1_92' title="bbox 1957 3175 3556 3260">
    <p class='ocr_par' dir='ltr' id='par_1_92' title="bbox 1957 3175 3556 3260">
     <span class='ocr_line' id='line_1_92' title="bbox 1957 3175 3556 3260; baseline 0.016 -32"><span class='ocrx_word' id='word_1_705' title='bbox 1957 3188 2062 3229; x_wconf 91' lang='lat' dir='ltr'><strong>non</strong></span> <span class='ocrx_word' id='word_1_706' title='bbox 2082 3175 2186 3231; x_wconf 85' lang='lat' dir='ltr'><strong>alia</strong></span> <span class='ocrx_word' id='word_1_707' title='bbox 2206 3193 2326 3248; x_wconf 75' lang='lat' dir='ltr'><strong>qua:</strong></span> <span class='ocrx_word' id='word_1_708' title='bbox 2367 3178 2622 3238; x_wconf 87' lang='lat' dir='ltr'><strong>Judaicus</strong></span> <span class='ocrx_word' id='word_1_709' title='bbox 2659 3186 2893 3257; x_wconf 87' lang='lat' dir='ltr'><strong>populus</strong></span> <span class='ocrx_word' id='word_1_710' title='bbox 2939 3199 3308 3260; x_wconf 87' lang='lat' dir='ltr'><strong>spectaverat,</strong></span> <span class='ocrx_word' id='word_1_711' title='bbox 3332 3205 3388 3251; x_wconf 88' lang='lat' dir='ltr'><strong>et</strong></span> <span class='ocrx_word' id='word_1_712' title='bbox 3433 3175 3556 3253; x_wconf 87' lang='lat' dir='ltr'><strong>cum</strong></span> 
     </span>
    </p>
   </div>
   <div class='ocr_carea' id='block_1_93' title="bbox 1953 3276 3561 3361">
    <p class='ocr_par' dir='ltr' id='par_1_93' title="bbox 1953 3276 3561 3361">
     <span class='ocr_line' id='line_1_93' title="bbox 1953 3276 3561 3361; baseline 0.017 -41"><span class='ocrx_word' id='word_1_713' title='bbox 1953 3276 2268 3337; x_wconf 88' lang='lat' dir='ltr'><strong>spectasset,</strong></span> <span class='ocrx_word' id='word_1_714' title='bbox 2298 3287 2420 3328; x_wconf 91' lang='lat' dir='ltr'><strong>eum</strong></span> <span class='ocrx_word' id='word_1_715' title='bbox 2440 3278 2586 3331; x_wconf 89' lang='lat' dir='ltr'><strong>cruci</strong></span> <span class='ocrx_word' id='word_1_716' title='bbox 2612 3278 2881 3335; x_wconf 85' lang='lat' dir='ltr'><strong>aftlxerat.</strong></span> <span class='ocrx_word' id='word_1_717' title='bbox 2907 3282 3005 3338; x_wconf 89' lang='lat' dir='ltr'><strong>llic</strong></span> <span class='ocrx_word' id='word_1_718' title='bbox 3019 3299 3148 3339; x_wconf 92' lang='lat' dir='ltr'><strong>vero</strong></span> <span class='ocrx_word' id='word_1_719' title='bbox 3169 3300 3291 3342; x_wconf 90' lang='lat' dir='ltr'><strong>cum</strong></span> <span class='ocrx_word' id='word_1_720' title='bbox 3316 3291 3561 3361; x_wconf 85' lang='lat' dir='ltr'><strong>patibulo</strong></span> 
     </span>
    </p>
   </div>
   <div class='ocr_carea' id='block_1_94' title="bbox 1951 3359 3560 3452">
    <p class='ocr_par' dir='ltr' id='par_1_94' title="bbox 1951 3359 3560 3452">
     <span class='ocr_line' id='line_1_94' title="bbox 1951 3359 3560 3452; baseline 0.018 -39"><span class='ocrx_word' id='word_1_721' title='bbox 1951 3359 2174 3417; x_wconf 85' lang='lat' dir='ltr'><strong>aflixum</strong></span> <span class='ocrx_word' id='word_1_722' title='bbox 2199 3368 2589 3436; x_wconf 82' lang='lat' dir='ltr'><strong>conspexisset,</strong></span> <span class='ocrx_word' id='word_1_723' title='bbox 2617 3380 2673 3426; x_wconf 90' lang='lat' dir='ltr'><strong>et</strong></span> <span class='ocrx_word' id='word_1_724' title='bbox 2703 3372 2873 3430; x_wconf 89' lang='lat' dir='ltr'><strong>Deum</strong></span> <span class='ocrx_word' id='word_1_725' title='bbox 2910 3375 3057 3431; x_wconf 90' lang='lat' dir='ltr'><strong>illum</strong></span> <span class='ocrx_word' id='word_1_726' title='bbox 3075 3359 3356 3435; x_wconf 75' lang='lat' dir='ltr'><strong>confessus</strong></span> <span class='ocrx_word' id='word_1_727' title='bbox 3375 3392 3479 3452; x_wconf 91' lang='lat' dir='ltr'><strong>est,</strong></span> <span class='ocrx_word' id='word_1_728' title='bbox 3501 3395 3560 3442; x_wconf 87' lang='lat' dir='ltr'><strong>et</strong></span> 
     </span>
    </p>
   </div>
   <div class='ocr_carea' id='block_1_95' title="bbox 1950 3455 3552 3547">
    <p class='ocr_par' dir='ltr' id='par_1_95' title="bbox 1950 3455 3552 3547">
     <span class='ocr_line' id='line_1_95' title="bbox 1950 3455 3552 3547; baseline 0.016 -38"><span class='ocrx_word' id='word_1_729' title='bbox 1950 3455 2104 3525; x_wconf 87' lang='lat' dir='ltr'><strong>regni</strong></span> <span class='ocrx_word' id='word_1_730' title='bbox 2131 3458 2395 3526; x_wconf 90' lang='lat' dir='ltr'><strong>meminit,</strong></span> <span class='ocrx_word' id='word_1_731' title='bbox 2428 3470 2482 3516; x_wconf 91' lang='lat' dir='ltr'><strong>et</strong></span> <span class='ocrx_word' id='word_1_732' title='bbox 2508 3462 2576 3519; x_wconf 88' lang='lat' dir='ltr'><strong>de</strong></span> <span class='ocrx_word' id='word_1_733' title='bbox 2600 3465 2764 3522; x_wconf 90' lang='lat' dir='ltr'><strong>rebus</strong></span> <span class='ocrx_word' id='word_1_734' title='bbox 2786 3466 2982 3525; x_wconf 89' lang='lat' dir='ltr'><strong>futuris</strong></span> <span class='ocrx_word' id='word_1_735' title='bbox 3013 3470 3420 3544; x_wconf 85' lang='lat' dir='ltr'><strong>philosophatus</strong></span> <span class='ocrx_word' id='word_1_736' title='bbox 3447 3489 3552 3547; x_wconf 89' lang='lat' dir='ltr'><strong>est;</strong></span> 
     </span>
    </p>
   </div>
   <div class='ocr_carea' id='block_1_96' title="bbox 1950 3548 3557 3645">
    <p class='ocr_par' dir='ltr' id='par_1_96' title="bbox 1950 3548 3557 3645">
     <span class='ocr_line' id='line_1_96' title="bbox 1950 3548 3557 3645; baseline 0.018 -45"><span class='ocrx_word' id='word_1_737' title='bbox 1950 3556 2007 3602; x_wconf 91' lang='lat' dir='ltr'><strong>at</strong></span> <span class='ocrx_word' id='word_1_738' title='bbox 2032 3548 2106 3602; x_wconf 91' lang='lat' dir='ltr'><strong>illi</strong></span> <span class='ocrx_word' id='word_1_739' title='bbox 2138 3550 2228 3620; x_wconf 88' lang='lat' dir='ltr'><strong>qtti</strong></span> <span class='ocrx_word' id='word_1_740' title='bbox 2253 3553 2506 3609; x_wconf 88' lang='lat' dir='ltr'><strong>miracula</strong></span> <span class='ocrx_word' id='word_1_741' title='bbox 2535 3555 2820 3615; x_wconf 89' lang='lat' dir='ltr'><strong>facientem</strong></span> <span class='ocrx_word' id='word_1_742' title='bbox 2853 3577 3276 3633; x_wconf 82' lang='lat' dir='ltr'><strong>conspexerant,</strong></span> <span class='ocrx_word' id='word_1_743' title='bbox 3321 3578 3375 3625; x_wconf 85' lang='lat' dir='ltr'><strong>et</strong></span> <span class='ocrx_word' id='word_1_744' title='bbox 3418 3586 3557 3645; x_wconf 86' lang='lat' dir='ltr'><strong>quos</strong></span> 
     </span>
    </p>
   </div>
   <div class='ocr_carea' id='block_1_97' title="bbox 1951 3640 3556 3734">
    <p class='ocr_par' dir='ltr' id='par_1_97' title="bbox 1951 3640 3556 3734">
     <span class='ocr_line' id='line_1_97' title="bbox 1951 3640 3556 3734; baseline 0.018 -42"><span class='ocrx_word' id='word_1_745' title='bbox 1951 3640 2150 3710; x_wconf 90' lang='lat' dir='ltr'><strong>partim</strong></span> <span class='ocrx_word' id='word_1_746' title='bbox 2170 3642 2374 3712; x_wconf 86' lang='lat' dir='ltr'><strong>verbis,</strong></span> <span class='ocrx_word' id='word_1_747' title='bbox 2395 3648 2592 3716; x_wconf 89' lang='lat' dir='ltr'><strong>partim</strong></span> <span class='ocrx_word' id='word_1_748' title='bbox 2624 3653 2881 3720; x_wconf 89' lang='lat' dir='ltr'><strong>operibus</strong></span> <span class='ocrx_word' id='word_1_749' title='bbox 2928 3654 3060 3725; x_wconf 91' lang='lat' dir='ltr'><strong>ipsis</strong></span> <span class='ocrx_word' id='word_1_750' title='bbox 3087 3657 3354 3719; x_wconf 64' lang='lat' dir='ltr'><strong>doctrinae</strong></span> <span class='ocrx_word' id='word_1_751' title='bbox 3382 3640 3556 3734; x_wconf 71' lang='lat' dir='ltr'><strong>parti-</strong></span> 
     </span>
    </p>
   </div>
   <div class='ocr_carea' id='block_1_98' title="bbox 1949 3733 3553 3828">
    <p class='ocr_par' dir='ltr' id='par_1_98' title="bbox 1949 3733 3553 3828">
     <span class='ocr_line' id='line_1_98' title="bbox 1949 3733 3553 3828; baseline 0.019 -42"><span class='ocrx_word' id='word_1_752' title='bbox 1949 3733 2098 3802; x_wconf 89' lang='lat' dir='ltr'><strong>cipes</strong></span> <span class='ocrx_word' id='word_1_753' title='bbox 2126 3733 2472 3803; x_wconf 84' lang='lat' dir='ltr'><strong>fecerat,nou</strong></span> <span class='ocrx_word' id='word_1_754' title='bbox 2501 3741 2661 3796; x_wconf 92' lang='lat' dir='ltr'><strong>modo</strong></span> <span class='ocrx_word' id='word_1_755' title='bbox 2693 3744 2828 3800; x_wconf 89' lang='lat' dir='ltr'><strong>nihil</strong></span> <span class='ocrx_word' id='word_1_756' title='bbox 2855 3747 2980 3805; x_wconf 89' lang='lat' dir='ltr'><strong>inde</strong></span> <span class='ocrx_word' id='word_1_757' title='bbox 3006 3751 3250 3819; x_wconf 87' lang='lat' dir='ltr'><strong>utilitatis</strong></span> <span class='ocrx_word' id='word_1_758' title='bbox 3269 3733 3553 3828; x_wconf 84' lang='lat' dir='ltr'><strong>ceperunt,</strong></span> 
     </span>
    </p>
   </div>
   <div class='ocr_carea' id='block_1_99' title="bbox 1949 3824 3552 3907">
    <p class='ocr_par' dir='ltr' id='par_1_99' title="bbox 1949 3824 3552 3907">
     <span class='ocr_line' id='line_1_99' title="bbox 1949 3824 3552 3907; baseline 0.019 -30"><span class='ocrx_word' id='word_1_759' title='bbox 1949 3824 2042 3878; x_wconf 89' lang='lat' dir='ltr'><strong>sed</strong></span> <span class='ocrx_word' id='word_1_760' title='bbox 2073 3840 2196 3879; x_wconf 91' lang='lat' dir='ltr'><strong>cum</strong></span> <span class='ocrx_word' id='word_1_761' title='bbox 2243 3831 2298 3882; x_wconf 89' lang='lat' dir='ltr'><strong>in</strong></span> <span class='ocrx_word' id='word_1_762' title='bbox 2346 3845 2562 3886; x_wconf 91' lang='lat' dir='ltr'><strong>crucem</strong></span> <span class='ocrx_word' id='word_1_763' title='bbox 2597 3834 2747 3890; x_wconf 92' lang='lat' dir='ltr'><strong>illum</strong></span> <span class='ocrx_word' id='word_1_764' title='bbox 2780 3840 3116 3906; x_wconf 88' lang='lat' dir='ltr'><strong>sustulerint,</strong></span> <span class='ocrx_word' id='word_1_765' title='bbox 3153 3845 3207 3899; x_wconf 93' lang='lat' dir='ltr'><strong>in</strong></span> <span class='ocrx_word' id='word_1_766' title='bbox 3249 3824 3552 3907; x_wconf 71' lang='lat' dir='ltr'><strong>extremum</strong></span> 
     </span>
    </p>
   </div>
   <div class='ocr_carea' id='block_1_100' title="bbox 1948 3913 3550 4011">
    <p class='ocr_par' dir='ltr' id='par_1_100' title="bbox 1948 3913 3550 4011">
     <span class='ocr_line' id='line_1_100' title="bbox 1948 3913 3550 4011; baseline 0.019 -43"><span class='ocrx_word' id='word_1_767' title='bbox 1948 3913 2268 3984; x_wconf 77' lang='lat' dir='ltr'><strong>perditidnis</strong></span> <span class='ocrx_word' id='word_1_768' title='bbox 2294 3930 2418 3976; x_wconf 92' lang='lat' dir='ltr'><strong>sunt</strong></span> <span class='ocrx_word' id='word_1_769' title='bbox 2437 3923 2750 3982; x_wconf 85' lang='lat' dir='ltr'><strong>barathrum</strong></span> <span class='ocrx_word' id='word_1_770' title='bbox 2771 3927 3208 3992; x_wconf 81' lang='lat' dir='ltr'><strong>devoluti.Vides</strong></span> <span class='ocrx_word' id='word_1_771' title='bbox 3235 3947 3292 3993; x_wconf 92' lang='lat' dir='ltr'><strong>ut</strong></span> <span class='ocrx_word' id='word_1_772' title='bbox 3320 3939 3550 4011; x_wconf 90' lang='lat' dir='ltr'><strong>improbi</strong></span> 
     </span>
    </p>
   </div>
   <div class='ocr_carea' id='block_1_101' title="bbox 1947 4011 3552 4093">
    <p class='ocr_par' dir='ltr' id='par_1_101' title="bbox 1947 4011 3552 4093">
     <span class='ocr_line' id='line_1_101' title="bbox 1947 4011 3552 4093; baseline 0.019 -29"><span class='ocrx_word' id='word_1_773' title='bbox 1947 4019 2002 4065; x_wconf 89' lang='lat' dir='ltr'><strong>et</strong></span> <span class='ocrx_word' id='word_1_774' title='bbox 2027 4011 2243 4069; x_wconf 86' lang='lat' dir='ltr'><strong>desides</strong></span> <span class='ocrx_word' id='word_1_775' title='bbox 2270 4030 2340 4071; x_wconf 85' lang='lat' dir='ltr'><strong>ne</strong></span> <span class='ocrx_word' id='word_1_776' title='bbox 2365 4032 2431 4072; x_wconf 90' lang='lat' dir='ltr'><strong>ex</strong></span> <span class='ocrx_word' id='word_1_777' title='bbox 2464 4018 2625 4075; x_wconf 90' lang='lat' dir='ltr'><strong>rebus</strong></span> <span class='ocrx_word' id='word_1_778' title='bbox 2650 4022 2869 4091; x_wconf 88' lang='lat' dir='ltr'><strong>quidem</strong></span> <span class='ocrx_word' id='word_1_779' title='bbox 2919 4027 3144 4086; x_wconf 88' lang='lat' dir='ltr'><strong>utilibus</strong></span> <span class='ocrx_word' id='word_1_780' title='bbox 3187 4028 3420 4090; x_wconf 89' lang='lat' dir='ltr'><strong>fructum</strong></span> <span class='ocrx_word' id='word_1_781' title='bbox 3450 4036 3552 4093; x_wconf 88' lang='lat' dir='ltr'><strong>ali-</strong></span> 
     </span>
    </p>
   </div>
   <div class='ocr_carea' id='block_1_102' title="bbox 1947 4110 3537 4197">
    <p class='ocr_par' dir='ltr' id='par_1_102' title="bbox 1947 4110 3537 4197">
     <span class='ocr_line' id='line_1_102' title="bbox 1947 4110 3537 4197; baseline 0.017 -36"><span class='ocrx_word' id='word_1_782' title='bbox 1947 4119 2107 4176; x_wconf 86' lang='lat' dir='ltr'><strong>quem</strong></span> <span class='ocrx_word' id='word_1_783' title='bbox 2139 4110 2436 4179; x_wconf 87' lang='lat' dir='ltr'><strong>perciplant</strong></span> <span class='ocrx_word' id='word_1_784' title='bbox 2467 4129 2484 4169; x_wconf 89' lang='lat'><strong>:</strong></span> <span class='ocrx_word' id='word_1_785' title='bbox 2516 4115 2667 4184; x_wconf 91' lang='lat' dir='ltr'><strong>probi</strong></span> <span class='ocrx_word' id='word_1_786' title='bbox 2703 4127 2883 4175; x_wconf 88' lang='lat' dir='ltr'><strong>autem</strong></span> <span class='ocrx_word' id='word_1_787' title='bbox 2914 4134 2979 4177; x_wconf 85' lang='lat' dir='ltr'><strong>ac</strong></span> <span class='ocrx_word' id='word_1_788' title='bbox 3005 4122 3213 4194; x_wconf 87' lang='lat' dir='ltr'><strong>vigiles,</strong></span> <span class='ocrx_word' id='word_1_789' title='bbox 3245 4129 3438 4197; x_wconf 84' lang='lat' dir='ltr'><strong>quibus</strong></span> <span class='ocrx_word' id='word_1_790' title='bbox 3462 4147 3537 4188; x_wconf 69' lang='lat' dir='ltr'><strong>re</strong></span> 
     </span>
    </p>
   </div>
   <div class='ocr_carea' id='block_1_103' title="bbox 1948 4197 3549 4281">
    <p class='ocr_par' dir='ltr' id='par_1_103' title="bbox 1948 4197 3549 4281">
     <span class='ocr_line' id='line_1_103' title="bbox 1948 4197 3549 4281; baseline 0.017 -28"><span class='ocrx_word' id='word_1_791' title='bbox 1948 4197 2048 4254; x_wconf 88' lang='lat' dir='ltr'><strong>bus</strong></span> <span class='ocrx_word' id='word_1_792' title='bbox 2096 4200 2187 4254; x_wconf 87' lang='lat' dir='ltr'><strong>alii</strong></span> <span class='ocrx_word' id='word_1_793' title='bbox 2235 4202 2686 4273; x_wconf 85' lang='lat' dir='ltr'><strong>scandalizantur,</strong></span> <span class='ocrx_word' id='word_1_794' title='bbox 2719 4226 2987 4268; x_wconf 86' lang='lat' dir='ltr'><strong>summam</strong></span> <span class='ocrx_word' id='word_1_795' title='bbox 3023 4229 3091 4271; x_wconf 85' lang='lat' dir='ltr'><strong>ex</strong></span> <span class='ocrx_word' id='word_1_796' title='bbox 3119 4217 3225 4272; x_wconf 89' lang='lat' dir='ltr'><strong>illis</strong></span> <span class='ocrx_word' id='word_1_797' title='bbox 3264 4220 3549 4281; x_wconf 82' lang='lat' dir='ltr'><strong>utilitatem</strong></span> 
     </span>
    </p>
   </div>
   <div class='ocr_carea' id='block_1_104' title="bbox 1947 4289 3547 4372">
    <p class='ocr_par' dir='ltr' id='par_1_104' title="bbox 1947 4289 3547 4372">
     <span class='ocr_line' id='line_1_104' title="bbox 1947 4289 3547 4372; baseline 0.018 -28"><span class='ocrx_word' id='word_1_798' title='bbox 1947 4289 2284 4360; x_wconf 74' lang='lat' dir='ltr'><strong>decerpant?</strong></span> <span class='ocrx_word' id='word_1_799' title='bbox 2314 4294 2425 4349; x_wconf 87' lang='lat' dir='ltr'><strong>lloc</strong></span> <span class='ocrx_word' id='word_1_800' title='bbox 2456 4307 2510 4351; x_wconf 93' lang='lat' dir='ltr'><strong>et</strong></span> <span class='ocrx_word' id='word_1_801' title='bbox 2539 4298 2592 4352; x_wconf 93' lang='lat' dir='ltr'><strong>in</strong></span> <span class='ocrx_word' id='word_1_802' title='bbox 2617 4298 2779 4368; x_wconf 83' lang='lat' dir='ltr'><strong>Juda,</strong></span> <span class='ocrx_word' id='word_1_803' title='bbox 2803 4313 2858 4357; x_wconf 89' lang='lat' dir='ltr'><strong>et</strong></span> <span class='ocrx_word' id='word_1_804' title='bbox 2883 4304 2935 4359; x_wconf 93' lang='lat' dir='ltr'><strong>in</strong></span> <span class='ocrx_word' id='word_1_805' title='bbox 2983 4305 3089 4362; x_wconf 93' lang='lat' dir='ltr'><strong>Job</strong></span> <span class='ocrx_word' id='word_1_806' title='bbox 3135 4323 3361 4369; x_wconf 90' lang='lat' dir='ltr'><strong>cernere</strong></span> <span class='ocrx_word' id='word_1_807' title='bbox 3399 4315 3547 4372; x_wconf 91' lang='lat' dir='ltr'><strong>licet.</strong></span> 
     </span>
    </p>
   </div>
   <div class='ocr_carea' id='block_1_105' title="bbox 1944 4381 3553 4469">
    <p class='ocr_par' dir='ltr' id='par_1_105' title="bbox 1944 4381 3553 4469">
     <span class='ocr_line' id='line_1_105' title="bbox 1944 4381 3553 4469; baseline 0.016 -32"><span class='ocrx_word' id='word_1_808' title='bbox 1944 4381 2078 4439; x_wconf 89' lang='lat' dir='ltr'><strong>Nam</strong></span> <span class='ocrx_word' id='word_1_809' title='bbox 2099 4385 2268 4443; x_wconf 86' lang='lat' dir='ltr'><strong>Judas</strong></span> <span class='ocrx_word' id='word_1_810' title='bbox 2291 4404 2360 4445; x_wconf 91' lang='lat' dir='ltr'><strong>ne</strong></span> <span class='ocrx_word' id='word_1_811' title='bbox 2381 4405 2412 4443; x_wconf 86' lang='lat' dir='ltr'><strong>a</strong></span> <span class='ocrx_word' id='word_1_812' title='bbox 2432 4389 2649 4448; x_wconf 89' lang='lat' dir='ltr'><strong>Christo</strong></span> <span class='ocrx_word' id='word_1_813' title='bbox 2678 4394 2916 4465; x_wconf 91' lang='lat' dir='ltr'><strong>quidem,</strong></span> <span class='ocrx_word' id='word_1_814' title='bbox 2947 4399 3041 4469; x_wconf 88' lang='lat' dir='ltr'><strong>qui</strong></span> <span class='ocrx_word' id='word_1_815' title='bbox 3066 4403 3322 4459; x_wconf 87' lang='lat' dir='ltr'><strong>mundum</strong></span> <span class='ocrx_word' id='word_1_816' title='bbox 3346 4406 3553 4464; x_wconf 85' lang='lat' dir='ltr'><strong>instan-</strong></span> 
     </span>
    </p>
   </div>
   <div class='ocr_carea' id='block_1_106' title="bbox 1946 4478 3550 4568">
    <p class='ocr_par' dir='ltr' id='par_1_106' title="bbox 1946 4478 3550 4568">
     <span class='ocr_line' id='line_1_106' title="bbox 1946 4478 3550 4568; baseline 0.015 -36"><span class='ocrx_word' id='word_1_817' title='bbox 1946 4478 2106 4545; x_wconf 87' lang='lat' dir='ltr'><strong>ravit,</strong></span> <span class='ocrx_word' id='word_1_818' title='bbox 2136 4480 2317 4537; x_wconf 88' lang='lat' dir='ltr'><strong>salvus</strong></span> <span class='ocrx_word' id='word_1_819' title='bbox 2345 4481 2461 4538; x_wconf 80' lang='lat' dir='ltr'><strong>fieri</strong></span> <span class='ocrx_word' id='word_1_820' title='bbox 2489 4486 2662 4556; x_wconf 88' lang='lat' dir='ltr'><strong>potuit</strong></span> <span class='ocrx_word' id='word_1_821' title='bbox 2696 4504 2712 4542; x_wconf 89' lang='lat'><strong>:</strong></span> <span class='ocrx_word' id='word_1_822' title='bbox 2736 4487 2840 4544; x_wconf 94' lang='lat' dir='ltr'><strong>Job</strong></span> <span class='ocrx_word' id='word_1_823' title='bbox 2866 4500 3046 4547; x_wconf 91' lang='lat' dir='ltr'><strong>autem</strong></span> <span class='ocrx_word' id='word_1_824' title='bbox 3074 4509 3174 4551; x_wconf 88' lang='lat' dir='ltr'><strong>nec</strong></span> <span class='ocrx_word' id='word_1_825' title='bbox 3200 4497 3269 4552; x_wconf 91' lang='lat' dir='ltr'><strong>ab</strong></span> <span class='ocrx_word' id='word_1_826' title='bbox 3294 4496 3412 4568; x_wconf 92' lang='lat' dir='ltr'><strong>ipso</strong></span> <span class='ocrx_word' id='word_1_827' title='bbox 3428 4500 3550 4556; x_wconf 81' lang='lat' dir='ltr'><strong>dia-</strong></span> 
     </span>
    </p>
   </div>
   <div class='ocr_carea' id='block_1_107' title="bbox 1945 4567 3550 4652">
    <p class='ocr_par' dir='ltr' id='par_1_107' title="bbox 1945 4567 3550 4652">
     <span class='ocr_line' id='line_1_107' title="bbox 1945 4567 3550 4652; baseline 0.018 -30"><span class='ocrx_word' id='word_1_828' title='bbox 1945 4567 2093 4637; x_wconf 92' lang='lat' dir='ltr'><strong>bolo,</strong></span> <span class='ocrx_word' id='word_1_829' title='bbox 2122 4571 2212 4642; x_wconf 92' lang='lat' dir='ltr'><strong>qui</strong></span> <span class='ocrx_word' id='word_1_830' title='bbox 2242 4583 2347 4628; x_wconf 88' lang='lat' dir='ltr'><strong>tam</strong></span> <span class='ocrx_word' id='word_1_831' title='bbox 2385 4579 2582 4631; x_wconf 89' lang='lat' dir='ltr'><strong>multos</strong></span> <span class='ocrx_word' id='word_1_832' title='bbox 2627 4580 2894 4649; x_wconf 88' lang='lat' dir='ltr'><strong>perdidit,</strong></span> <span class='ocrx_word' id='word_1_833' title='bbox 2952 4584 3114 4641; x_wconf 63' lang='lat' dir='ltr'><strong>laesus</strong></span> <span class='ocrx_word' id='word_1_834' title='bbox 3159 4599 3262 4646; x_wconf 89' lang='lat' dir='ltr'><strong>est.</strong></span> <span class='ocrx_word' id='word_1_835' title='bbox 3318 4567 3424 4647; x_wconf 87' lang='lat' dir='ltr'><strong>Sed</strong></span> <span class='ocrx_word' id='word_1_836' title='bbox 3461 4593 3550 4652; x_wconf 83' lang='lat' dir='ltr'><strong>hic</strong></span> 
     </span>
    </p>
   </div>
   <div class='ocr_carea' id='block_1_108' title="bbox 1944 4661 3548 4750">
    <p class='ocr_par' dir='ltr' id='par_1_108' title="bbox 1944 4661 3548 4750">
     <span class='ocr_line' id='line_1_108' title="bbox 1944 4661 3548 4750; baseline 0.019 -37"><span class='ocrx_word' id='word_1_837' title='bbox 1944 4661 2159 4729; x_wconf 90' lang='lat' dir='ltr'><strong>quidem</strong></span> <span class='ocrx_word' id='word_1_838' title='bbox 2210 4664 2361 4720; x_wconf 89' lang='lat' dir='ltr'><strong>mille</strong></span> <span class='ocrx_word' id='word_1_839' title='bbox 2390 4665 2671 4724; x_wconf 89' lang='lat' dir='ltr'><strong>divexatus</strong></span> <span class='ocrx_word' id='word_1_840' title='bbox 2704 4674 2862 4728; x_wconf 87' lang='lat' dir='ltr'><strong>malis</strong></span> <span class='ocrx_word' id='word_1_841' title='bbox 2914 4675 3144 4745; x_wconf 88' lang='lat' dir='ltr'><strong>palmam</strong></span> <span class='ocrx_word' id='word_1_842' title='bbox 3204 4690 3500 4750; x_wconf 84' lang='lat' dir='ltr'><strong>reportavit</strong></span> <span class='ocrx_word' id='word_1_843' title='bbox 3533 4707 3548 4745; x_wconf 89' lang='lat'><strong>:</strong></span> 
     </span>
    </p>
   </div>
   <div class='ocr_carea' id='block_1_109' title="bbox 1946 4751 3549 4848">
    <p class='ocr_par' dir='ltr' id='par_1_109' title="bbox 1946 4751 3549 4848">
     <span class='ocr_line' id='line_1_109' title="bbox 1946 4751 3549 4848; baseline 0.019 -43"><span class='ocrx_word' id='word_1_844' title='bbox 1946 4751 2036 4807; x_wconf 93' lang='lat' dir='ltr'><strong>ille</strong></span> <span class='ocrx_word' id='word_1_845' title='bbox 2064 4768 2196 4808; x_wconf 90' lang='lat' dir='ltr'><strong>vero</strong></span> <span class='ocrx_word' id='word_1_846' title='bbox 2233 4756 2323 4826; x_wconf 90' lang='lat' dir='ltr'><strong>qui</strong></span> <span class='ocrx_word' id='word_1_847' title='bbox 2373 4760 2524 4828; x_wconf 87' lang='lat' dir='ltr'><strong>signa</strong></span> <span class='ocrx_word' id='word_1_848' title='bbox 2553 4775 2929 4831; x_wconf 75' lang='lat' dir='ltr'><strong>conspexerat,</strong></span> <span class='ocrx_word' id='word_1_849' title='bbox 2959 4776 3016 4822; x_wconf 92' lang='lat' dir='ltr'><strong>et</strong></span> <span class='ocrx_word' id='word_1_850' title='bbox 3044 4768 3161 4838; x_wconf 89' lang='lat' dir='ltr'><strong>ipse</strong></span> <span class='ocrx_word' id='word_1_851' title='bbox 3194 4771 3416 4843; x_wconf 85' lang='lat' dir='ltr'><strong>fecerat,</strong></span> <span class='ocrx_word' id='word_1_852' title='bbox 3457 4780 3549 4848; x_wconf 88' lang='lat' dir='ltr'><strong>qui</strong></span> 
     </span>
    </p>
   </div>
   <div class='ocr_carea' id='block_1_110' title="bbox 1945 4850 3548 4942">
    <p class='ocr_par' dir='ltr' id='par_1_110' title="bbox 1945 4850 3548 4942">
     <span class='ocr_line' id='line_1_110' title="bbox 1945 4850 3548 4942; baseline 0.02 -45"><span class='ocrx_word' id='word_1_853' title='bbox 1945 4853 2191 4900; x_wconf 86' lang='lat' dir='ltr'><strong>mortuos</strong></span> <span class='ocrx_word' id='word_1_854' title='bbox 2234 4850 2540 4916; x_wconf 82' lang='lat' dir='ltr'><strong>suscitarat,</strong></span> <span class='ocrx_word' id='word_1_855' title='bbox 2595 4862 2651 4908; x_wconf 90' lang='lat' dir='ltr'><strong>et</strong></span> <span class='ocrx_word' id='word_1_856' title='bbox 2687 4853 2964 4913; x_wconf 76' lang='lat' dir='ltr'><strong>dzemones</strong></span> <span class='ocrx_word' id='word_1_857' title='bbox 3006 4863 3284 4930; x_wconf 89' lang='lat' dir='ltr'><strong>expulerat</strong></span> <span class='ocrx_word' id='word_1_858' title='bbox 3309 4867 3458 4938; x_wconf 89' lang='lat' dir='ltr'><strong>(nam</strong></span> <span class='ocrx_word' id='word_1_859' title='bbox 3493 4883 3548 4942; x_wconf 85' lang='lat' dir='ltr'><strong>ct</strong></span> 
     </span>
    </p>
   </div>
   <div class='ocr_carea' id='block_1_111' title="bbox 1945 4936 3547 5034">
    <p class='ocr_par' dir='ltr' id='par_1_111' title="bbox 1945 4936 3547 5034">
     <span class='ocr_line' id='line_1_111' title="bbox 1945 4936 3547 5034; baseline 0.019 -44"><span class='ocrx_word' id='word_1_860' title='bbox 1945 4936 2084 4992; x_wconf 84' lang='lat' dir='ltr'><strong>hanc</strong></span> <span class='ocrx_word' id='word_1_861' title='bbox 2106 4938 2221 5009; x_wconf 89' lang='lat' dir='ltr'><strong>ipse</strong></span> <span class='ocrx_word' id='word_1_862' title='bbox 2248 4950 2570 5010; x_wconf 87' lang='lat' dir='ltr'><strong>potestatem</strong></span> <span class='ocrx_word' id='word_1_863' title='bbox 2602 4948 2871 5021; x_wconf 88' lang='lat' dir='ltr'><strong>accepit),</strong></span> <span class='ocrx_word' id='word_1_864' title='bbox 2922 4953 3014 5023; x_wconf 89' lang='lat' dir='ltr'><strong>qui</strong></span> <span class='ocrx_word' id='word_1_865' title='bbox 3053 4954 3122 5009; x_wconf 89' lang='lat' dir='ltr'><strong>de</strong></span> <span class='ocrx_word' id='word_1_866' title='bbox 3171 4936 3338 5029; x_wconf 73' lang='lat' dir='ltr'><strong>regno</strong></span> <span class='ocrx_word' id='word_1_867' title='bbox 3359 4977 3424 5019; x_wconf 90' lang='lat' dir='ltr'><strong>ac</strong></span> <span class='ocrx_word' id='word_1_868' title='bbox 3449 4939 3547 5034; x_wconf 82' lang='lat' dir='ltr'><strong>ge-</strong></span> 
     </span>
    </p>
   </div>
   <div class='ocr_carea' id='block_1_112' title="bbox 1945 5031 3544 5129">
    <p class='ocr_par' dir='ltr' id='par_1_112' title="bbox 1945 5031 3544 5129">
     <span class='ocr_line' id='line_1_112' title="bbox 1945 5031 3544 5129; baseline 0.018 -43"><span class='ocrx_word' id='word_1_869' title='bbox 1945 5031 2123 5088; x_wconf 90' lang='lat' dir='ltr'><strong>henna</strong></span> <span class='ocrx_word' id='word_1_870' title='bbox 2154 5035 2357 5090; x_wconf 80' lang='lat' dir='ltr'><strong>inﬁnita</strong></span> <span class='ocrx_word' id='word_1_871' title='bbox 2407 5039 2712 5109; x_wconf 90' lang='lat' dir='ltr'><strong>audiverat,</strong></span> <span class='ocrx_word' id='word_1_872' title='bbox 2741 5046 2834 5115; x_wconf 90' lang='lat' dir='ltr'><strong>qui</strong></span> <span class='ocrx_word' id='word_1_873' title='bbox 2863 5047 3157 5117; x_wconf 84' lang='lat' dir='ltr'><strong>spiritualis</strong></span> <span class='ocrx_word' id='word_1_874' title='bbox 3184 5069 3386 5112; x_wconf 64' lang='lat' dir='ltr'><strong>mensae</strong></span> <span class='ocrx_word' id='word_1_875' title='bbox 3415 5031 3544 5129; x_wconf 80' lang='lat' dir='ltr'><strong>par-</strong></span> 
     </span>
    </p>
   </div>
   <div class='ocr_carea' id='block_1_113' title="bbox 1944 5125 3549 5206">
    <p class='ocr_par' dir='ltr' id='par_1_113' title="bbox 1944 5125 3549 5206">
     <span class='ocr_line' id='line_1_113' title="bbox 1944 5125 3549 5206; baseline 0.017 -28"><span class='ocrx_word' id='word_1_876' title='bbox 1944 5125 2112 5195; x_wconf 90' lang='lat' dir='ltr'><strong>ticeps</strong></span> <span class='ocrx_word' id='word_1_877' title='bbox 2128 5127 2322 5192; x_wconf 83' lang='lat' dir='ltr'><strong>fuerat,</strong></span> <span class='ocrx_word' id='word_1_878' title='bbox 2350 5131 2438 5201; x_wconf 91' lang='lat' dir='ltr'><strong>qui</strong></span> <span class='ocrx_word' id='word_1_879' title='bbox 2466 5135 2807 5191; x_wconf 89' lang='lat' dir='ltr'><strong>tremendum</strong></span> <span class='ocrx_word' id='word_1_880' title='bbox 2836 5139 2903 5193; x_wconf 92' lang='lat' dir='ltr'><strong>ad</strong></span> <span class='ocrx_word' id='word_1_881' title='bbox 2936 5140 3065 5195; x_wconf 90' lang='lat' dir='ltr'><strong>illud</strong></span> <span class='ocrx_word' id='word_1_882' title='bbox 3118 5125 3431 5203; x_wconf 79' lang='lat' dir='ltr'><strong>convivium</strong></span> <span class='ocrx_word' id='word_1_883' title='bbox 3452 5151 3549 5206; x_wconf 85' lang='lat' dir='ltr'><strong>ad-</strong></span> 
     </span>
    </p>
   </div>
   <div class='ocr_carea' id='block_1_114' title="bbox 1942 5219 3549 5300">
    <p class='ocr_par' dir='ltr' id='par_1_114' title="bbox 1942 5219 3549 5300">
     <span class='ocr_line' id='line_1_114' title="bbox 1942 5219 3549 5300; baseline 0.018 -28"><span class='ocrx_word' id='word_1_884' title='bbox 1942 5219 2140 5274; x_wconf 88' lang='lat' dir='ltr'><strong>missus</strong></span> <span class='ocrx_word' id='word_1_885' title='bbox 2161 5220 2355 5287; x_wconf 89' lang='lat' dir='ltr'><strong>fuerat,</strong></span> <span class='ocrx_word' id='word_1_886' title='bbox 2409 5240 2536 5295; x_wconf 88' lang='lat' dir='ltr'><strong>erga</strong></span> <span class='ocrx_word' id='word_1_887' title='bbox 2581 5243 2741 5297; x_wconf 90' lang='lat' dir='ltr'><strong>quem</strong></span> <span class='ocrx_word' id='word_1_888' title='bbox 2779 5237 2983 5286; x_wconf 84' lang='lat' dir='ltr'><strong>tantam</strong></span> <span class='ocrx_word' id='word_1_889' title='bbox 3028 5234 3460 5296; x_wconf 88' lang='lat' dir='ltr'><strong>benevolentiam</strong></span> <span class='ocrx_word' id='word_1_890' title='bbox 3492 5255 3549 5300; x_wconf 91' lang='lat' dir='ltr'><strong>et</strong></span> 
     </span>
    </p>
   </div>
   <div class='ocr_carea' id='block_1_115' title="bbox 1941 5314 3546 5403">
    <p class='ocr_par' dir='ltr' id='par_1_115' title="bbox 1941 5314 3546 5403">
     <span class='ocr_line' id='line_1_115' title="bbox 1941 5314 3546 5403; baseline 0.015 -39"><span class='ocrx_word' id='word_1_891' title='bbox 1941 5327 2124 5365; x_wconf 88' lang='lat' dir='ltr'><strong>curam</strong></span> <span class='ocrx_word' id='word_1_892' title='bbox 2153 5314 2490 5380; x_wconf 77' lang='lat' dir='ltr'><strong>exhibuerat,</strong></span> <span class='ocrx_word' id='word_1_893' title='bbox 2520 5329 2771 5388; x_wconf 87' lang='lat' dir='ltr'><strong>quantam</strong></span> <span class='ocrx_word' id='word_1_894' title='bbox 2789 5322 2916 5393; x_wconf 78' lang='lat' dir='ltr'><strong>erg&#39;a</strong></span> <span class='ocrx_word' id='word_1_895' title='bbox 2935 5324 3174 5392; x_wconf 91' lang='lat' dir='ltr'><strong>Petrum,</strong></span> <span class='ocrx_word' id='word_1_896' title='bbox 3193 5329 3546 5403; x_wconf 88' lang='lat' dir='ltr'><strong>etJacobum,</strong></span> 
     </span>
    </p>
   </div>
   <div class='ocr_carea' id='block_1_116' title="bbox 1941 5405 3550 5497">
    <p class='ocr_par' dir='ltr' id='par_1_116' title="bbox 1941 5405 3550 5497">
     <span class='ocr_line' id='line_1_116' title="bbox 1941 5405 3550 5497; baseline 0.017 -39"><span class='ocrx_word' id='word_1_897' title='bbox 1941 5414 1994 5459; x_wconf 91' lang='lat' dir='ltr'><strong>et</strong></span> <span class='ocrx_word' id='word_1_898' title='bbox 2024 5405 2308 5473; x_wconf 83' lang='lat' dir='ltr'><strong>Joannem,</strong></span> <span class='ocrx_word' id='word_1_899' title='bbox 2357 5410 2466 5466; x_wconf 90' lang='lat' dir='ltr'><strong>imo</strong></span> <span class='ocrx_word' id='word_1_900' title='bbox 2515 5429 2646 5469; x_wconf 90' lang='lat' dir='ltr'><strong>vero</strong></span> <span class='ocrx_word' id='word_1_901' title='bbox 2697 5417 2958 5486; x_wconf 88' lang='lat' dir='ltr'><strong>majorem</strong></span> <span class='ocrx_word' id='word_1_902' title='bbox 2995 5423 3011 5477; x_wconf 75' lang='lat'><strong>:&#39;</strong></span> <span class='ocrx_word' id='word_1_903' title='bbox 3042 5423 3306 5492; x_wconf 89' lang='lat' dir='ltr'><strong>siquidem</strong></span> <span class='ocrx_word' id='word_1_904' title='bbox 3354 5439 3550 5497; x_wconf 75' lang='lat' dir='ltr'><strong>pneter</strong></span> 
     </span>
    </p>
   </div>
   <div class='ocr_carea' id='block_1_117' title="bbox 1941 5498 3548 5583">
    <p class='ocr_par' dir='ltr' id='par_1_117' title="bbox 1941 5498 3548 5583">
     <span class='ocr_line' id='line_1_117' title="bbox 1941 5498 3548 5583; baseline 0.017 -35"><span class='ocrx_word' id='word_1_905' title='bbox 1941 5498 2100 5552; x_wconf 87' lang='lat' dir='ltr'><strong>aliam</strong></span> <span class='ocrx_word' id='word_1_906' title='bbox 2125 5501 2541 5559; x_wconf 85' lang='lat' dir='ltr'><strong>sollicitudinem</strong></span> <span class='ocrx_word' id='word_1_907' title='bbox 2567 5516 2623 5560; x_wconf 89' lang='lat' dir='ltr'><strong>et</strong></span> <span class='ocrx_word' id='word_1_908' title='bbox 2648 5507 3037 5579; x_wconf 88' lang='lat' dir='ltr'><strong>dignationem,</strong></span> <span class='ocrx_word' id='word_1_909' title='bbox 3063 5530 3166 5583; x_wconf 91' lang='lat' dir='ltr'><strong>qua</strong></span> <span class='ocrx_word' id='word_1_910' title='bbox 3213 5517 3361 5571; x_wconf 86' lang='lat' dir='ltr'><strong>illum</strong></span> <span class='ocrx_word' id='word_1_911' title='bbox 3395 5535 3548 5575; x_wconf 89' lang='lat' dir='ltr'><strong>eom-</strong></span> 
     </span>
    </p>
   </div>
   <div class='ocr_carea' id='block_1_118' title="bbox 1941 5590 3549 5669">
    <p class='ocr_par' dir='ltr' id='par_1_118' title="bbox 1941 5590 3549 5669">
     <span class='ocr_line' id='line_1_118' title="bbox 1941 5590 3549 5669; baseline 0.014 -25"><span class='ocrx_word' id='word_1_912' title='bbox 1941 5590 2132 5660; x_wconf 87' lang='lat' dir='ltr'><strong>plexus</strong></span> <span class='ocrx_word' id='word_1_913' title='bbox 2161 5601 2297 5656; x_wconf 89' lang='lat' dir='ltr'><strong>erat,</strong></span> <span class='ocrx_word' id='word_1_914' title='bbox 2332 5596 2575 5665; x_wconf 73' lang='lat' dir='ltr'><strong>pecunia:</strong></span> <span class='ocrx_word' id='word_1_915' title='bbox 2591 5613 2891 5669; x_wconf 89' lang='lat' dir='ltr'><strong>pauperum</strong></span> <span class='ocrx_word' id='word_1_916' title='bbox 2934 5603 3108 5659; x_wconf 85' lang='lat' dir='ltr'><strong>fuerat</strong></span> <span class='ocrx_word' id='word_1_917' title='bbox 3146 5607 3218 5661; x_wconf 92' lang='lat' dir='ltr'><strong>illi</strong></span> <span class='ocrx_word' id='word_1_918' title='bbox 3261 5611 3549 5667; x_wconf 86' lang='lat' dir='ltr'><strong>commissa</strong></span> 
     </span>
    </p>
   </div>
   <div class='ocr_carea' id='block_1_119' title="bbox 1940 5683 3521 5765">
    <p class='ocr_par' dir='ltr' id='par_1_119' title="bbox 1940 5683 3521 5765">
     <span class='ocr_line' id='line_1_119' title="bbox 1940 5683 3521 5765; baseline 0.013 -30"><span class='ocrx_word' id='word_1_919' title='bbox 1940 5683 2212 5750; x_wconf 88' lang='lat' dir='ltr'><strong>custodia;</strong></span> <span class='ocrx_word' id='word_1_920' title='bbox 2242 5695 2354 5741; x_wconf 91' lang='lat' dir='ltr'><strong>tum</strong></span> <span class='ocrx_word' id='word_1_921' title='bbox 2393 5703 2526 5743; x_wconf 86' lang='lat' dir='ltr'><strong>vero</strong></span> <span class='ocrx_word' id='word_1_922' title='bbox 2569 5690 2672 5746; x_wconf 88' lang='lat' dir='ltr'><strong>iste</strong></span> <span class='ocrx_word' id='word_1_923' title='bbox 2699 5702 2820 5762; x_wconf 88' lang='lat' dir='ltr'><strong>post</strong></span> <span class='ocrx_word' id='word_1_924' title='bbox 2861 5707 3076 5765; x_wconf 87' lang='lat' dir='ltr'><strong>accepta</strong></span> <span class='ocrx_word' id='word_1_925' title='bbox 3116 5699 3372 5756; x_wconf 89' lang='lat' dir='ltr'><strong>benelicia</strong></span> <span class='ocrx_word' id='word_1_926' title='bbox 3421 5701 3521 5756; x_wconf 88' lang='lat' dir='ltr'><strong>fttri</strong></span> 
     </span>
    </p>
   </div>
   <div class='ocr_carea' id='block_1_120' title="bbox 1941 5773 3551 5856">
    <p class='ocr_par' dir='ltr' id='par_1_120' title="bbox 1941 5773 3551 5856">
     <span class='ocr_line' id='line_1_120' title="bbox 1941 5773 3551 5856; baseline 0.014 -28"><span class='ocrx_word' id='word_1_927' title='bbox 1941 5773 2118 5829; x_wconf 90' lang='lat' dir='ltr'><strong>bunda</strong></span> <span class='ocrx_word' id='word_1_928' title='bbox 2142 5778 2371 5846; x_wconf 88' lang='lat' dir='ltr'><strong>quadam</strong></span> <span class='ocrx_word' id='word_1_929' title='bbox 2423 5780 2704 5839; x_wconf 88' lang='lat' dir='ltr'><strong>insolentia</strong></span> <span class='ocrx_word' id='word_1_930' title='bbox 2754 5788 2919 5856; x_wconf 69' lang='lat' dir='ltr'><strong>coepit</strong></span> <span class='ocrx_word' id='word_1_931' title='bbox 2943 5787 3144 5856; x_wconf 79' lang='lat' dir='ltr'><strong>efferri,</strong></span> <span class='ocrx_word' id='word_1_932' title='bbox 3186 5806 3250 5847; x_wconf 87' lang='lat' dir='ltr'><strong>ac</strong></span> <span class='ocrx_word' id='word_1_933' title='bbox 3293 5793 3551 5850; x_wconf 87' lang='lat' dir='ltr'><strong>Satanam</strong></span> 
     </span>
    </p>
   </div>
   <div class='ocr_carea' id='block_1_121' title="bbox 1951 5868 3550 5955">
    <p class='ocr_par' dir='ltr' id='par_1_121' title="bbox 1951 5868 3550 5955">
     <span class='ocr_line' id='line_1_121' title="bbox 1951 5868 3550 5955; baseline 0.014 -34"><span class='ocrx_word' id='word_1_934' title='bbox 1951 5881 2048 5936; x_wconf 84' lang='lat' dir='ltr'><strong>per</strong></span> <span class='ocrx_word' id='word_1_935' title='bbox 2067 5868 2344 5925; x_wconf 83' lang='lat' dir='ltr'><strong>avaritiam</strong></span> <span class='ocrx_word' id='word_1_936' title='bbox 2377 5871 2432 5927; x_wconf 88' lang='lat' dir='ltr'><strong>in</strong></span> <span class='ocrx_word' id='word_1_937' title='bbox 2455 5874 2690 5930; x_wconf 86' lang='lat' dir='ltr'><strong>animum</strong></span> <span class='ocrx_word' id='word_1_938' title='bbox 2741 5890 2895 5933; x_wconf 87' lang='lat' dir='ltr'><strong>suum</strong></span> <span class='ocrx_word' id='word_1_939' title='bbox 2940 5879 3260 5951; x_wconf 85' lang='lat' dir='ltr'><strong>admittens,</strong></span> <span class='ocrx_word' id='word_1_940' title='bbox 3309 5885 3550 5955; x_wconf 74' lang='lat' dir='ltr'><strong>proditar</strong></span> 
     </span>
    </p>
   </div>
  </div>
