4142 6500
599 469 704 524 ΰίὄ

600 580 772 633 factus
797 582 900 638 est,
932 581 987 626 et
1014 566 1154 639 quod
1193 571 1352 633 caput
1387 569 1470 615 est
1521 556 1781 610 malorum
1816 543 2182 639 perpetravit,

601 672 760 724 talem
792 663 1102 735 sanguinem
1129 658 1343 727 triginta
1369 648 1641 722 argenteis
1683 638 1940 700 vendidit,
1985 649 2049 690 ac
2080 633 2186 735 Do-

599 761 803 815 minum
854 725 1038 810 osculo
1085 725 1319 820 prodidit
1369 741 1724 798 fraudulento.
1773 733 1940 799 Quam
1993 725 2189 820 multos

602 859 755 919 putas
787 847 888 900 hoc
912 816 1491 897 etiam-scandalizatus
1519 843 1638 884 esse
1663 868 1678 891 ,
1704 823 1844 894 quod
1873 836 1903 875 a
1930 816 2192 886 discipulo

602 909 829 1008 proditio
852 936 921 989 sit
946 929 1222 986 admissa?
1247 925 1380 995 Quid
1406 937 1531 976 vero
1555 919 1752 975 deserti
1779 913 1972 977 incola,
1997 909 2192 964 sterilis

603 1005 802 1102 proles,
836 1025 1106 1082 Zachariae
1139 1021 1298 1085 ﬁlius,
1330 1017 1422 1089 qui
1468 1024 1710 1070 sanctum
1743 1025 1806 1062 ac
1854 1005 2190 1061 tremendum

602 1121 735 1176 illud
761 1130 920 1190 caput
951 1117 1145 1173 meruit
1169 1114 1460 1182 baptizare,
1497 1107 1685 1176 suique
1717 1101 1924 1156 Domini
1958 1111 2192 1166 praecur-

601 1231 694 1269 sor
725 1215 863 1277 ﬁeri,
887 1227 1008 1266 cum
1039 1209 1092 1262 in
1124 1220 1340 1260 carcere
1371 1199 1672 1261 habitabat,
1699 1209 1818 1249 cum
1849 1190 2022 1260 capite
2049 1198 2196 1241 trun-

605 1307 843 1368 cabatur,
878 1314 931 1359 et
959 1304 1010 1356 in
1040 1297 1358 1354 meretricia:
1387 1291 1686 1349 saltationis
1716 1285 1992 1357 prmmium
2021 1279 2196 1334 ett-des

607 1394 1033 1465 permittebatur,
1067 1405 1222 1461 quam
1249 1387 1446 1442 multos
1473 1380 1859 1438 scandalizatos
1887 1384 1996 1430 tum
2032 1371 2198 1426 fuisse

610 1461 929 1542 arbitraris?
983 1482 1118 1550 Quid
1169 1481 1290 1534 dico
1331 1489 1438 1532 tum
1493 1469 1784 1541 temporis?
1823 1468 1992 1536 Quatn
2046 1461 2196 1516 multi

609 1593 748 1633 nunc
771 1586 889 1646 post
920 1584 1122 1629 tantum
1152 1582 1361 1641 tempus
1388 1567 1648 1635 elapsum,
1667 1563 1793 1617 dum
1822 1559 1936 1613 huic
1955 1556 2195 1616 audiunt,

609 1665 1070 1723 scandalizantur?
1091 1663 1225 1732 Quid
1252 1661 1372 1715 dico
1401 1659 1684 1721 Joannem,
1716 1663 1769 1708 et
1803 1663 2095 1711 carcerem,
2146 1653 2201 1699 et

610 1758 812 1814 eaedem
842 1758 1005 1822 illam,
1029 1764 1084 1810 et
1108 1754 1246 1808 circa
1275 1764 1462 1806 servos
1482 1761 1736 1816 occupor,
1768 1758 1888 1797 cum
1912 1742 1978 1794 ad
2020 1732 2201 1794 Demi-

609 1866 733 1904 num
762 1851 930 1918 ipsum
961 1860 1236 1902 recurrere
1263 1841 1578 1912 oporteret?

677 1940 806 1995 Car.
839 1938 954 1992 XV.
996 1937 1303 2004 fnsipientes
1343 1934 1495 1986 etiam
1535 1946 1598 1984 ea:
1633 1945 1690 1982 eo
1720 1927 1855 1998 quod
1890 1933 2042 1994 caput
2089 1930 2200 1974 erat

614 2032 878 2092 bonorum,
910 2030 1002 2081 hoc
1032 2038 1103 2080 est
1129 2042 1190 2080 ex
1211 2040 1357 2078 cruce
1376 2064 1391 2088 ,
1436 2038 1526 2092 per
1552 2037 1705 2090 quam
1743 2018 1912 2072 salvus
1938 2019 2104 2086 factus
2131 2024 2202 2068 est

611 2122 744 2174 orbis
774 2132 1056 2183 terrarum,
1088 2116 1385 2171 scandalum
1429 2129 1603 2184 passos
1643 2128 1767 2166 esse.
1795 2139 1865 2150 -—
1889 2110 2028 2163 Crux
2058 2108 2201 2162 enim

608 2212 824 2278 Christi,
854 2227 972 2282 qua:
1007 2209 1260 2263 mundum
1290 2209 1592 2261 universum
1613 2204 1802 2263 erexit,
1822 2217 1940 2271 qua:
1961 2214 2200 2256 errorem

612 2305 846 2370 sustulit,
872 2320 991 2374 qua:
1015 2313 1210 2358 terram
1243 2303 1292 2354 in
1318 2300 1507 2355 caelum
1531 2297 1824 2361 convertit,
1858 2310 1977 2364 qua:
2011 2307 2204 2347 nervos

614 2397 804 2451 mortis
823 2394 1037 2460 excidit,
1073 2409 1191 2463 quae
1229 2391 1494 2447 infernum
1533 2386 1772 2443 inutilem
1805 2385 2054 2450 reddidit,
2083 2399 2204 2454 qua:

612 2488 806 2542 diaboli
834 2503 1010 2542 arcem
1057 2486 1271 2550 evertit,
1321 2500 1440 2554 qua:
1467 2482 1802 2536 daemonibus
1847 2495 1909 2535 os
1956 2477 2202 2543 occlusit,

611 2596 729 2649 qut:
759 2580 999 2633 homines
1028 2577 1244 2646 angelos
1267 2575 1533 2644 reddidit,
1557 2589 1676 2644 qua:
1706 2572 1888 2626 altaria
1919 2569 2203 2634 subvertit,

611 2682 666 2725 et
695 2670 956 2724 idolorum
995 2668 1189 2736 templa
1224 2665 1490 2720 destruxit
1517 2706 1531 2729 ,
1579 2679 1696 2733 qua:
1739 2677 1928 2716 novam
1958 2671 2012 2715 et
2042 2661 2207 2715 inusi-

618 2771 780 2816 tatam
842 2761 980 2816 hanc
1035 2758 1428 2829 philosophiam
1471 2757 1523 2811 in
1570 2766 1766 2812 terram
1812 2755 2032 2821 invexit,
2088 2768 2208 2823 qua:

617 2855 752 2907 bona
778 2851 980 2921 peregit
1026 2851 1320 2914 innumera,
1367 2849 1481 2902 haec
1512 2845 1809 2911 tremenda,
1852 2845 2104 2914 ingentia,
2156 2851 2211 2898 et

613 2944 880 3007 sublimia,
929 2956 1106 2994 nonne
1155 2939 1334 2994 multis
1389 2937 1699 2992 scandalum
1751 2936 1969 2990 attulit?
2020 2935 2209 2990 Nonne

613 3035 848 3106 quotidie
868 3036 1060 3089 clamat
1082 3034 1271 3086 Paulus
1288 3031 1494 3096 dicens,
1530 3045 1702 3100 neque
1726 3028 2050 3084 erubescens
2073 3026 2210 3081 :Nos

613 3136 779 3182 autem
806 3126 1141 3196 praedicamus
1168 3124 1421 3177 Christum
1443 3122 1764 3189 cruci/unm,
1783 3119 1982 3173 Iudaeis
2009 3119 2212 3188 quidem

617 3219 934 3284 scandalum,
973 3216 1213 3271 Gentibus
1253 3226 1419 3270 atttem
1469 3215 1736 3268 stultitiam
1777 3211 1853 3284 (Ι.
1879 3211 1997 3267 Cor.
2026 3209 2214 3281 [εὖγ’

617 3308 754 3380 Quid
779 3309 950 3380 igitur,
977 3307 1082 3372 dic,
1105 3307 1310 3376 quaeso?
1327 3321 1431 3360 non
1453 3305 1690 3373 oportuit
1707 3303 1830 3357 ferri
1849 3316 2084 3364 crucem,
2117 3317 2212 3354 nc-

618 3417 721 3471 que
735 3401 1066 3456 tremendum
1092 3399 1218 3454 illud
1241 3398 1558 3454 sacriﬁcium
1580 3395 1781 3460 olferri,
1801 3410 1973 3463 neque
1990 3403 2067 3446 tot
2082 3409 2215 3462 prte-

622 3497 766 3551 clara
788 3496 1022 3550 facinora
1043 3494 1259 3564 patrari,
1286 3500 1564 3560 propterea
1585 3488 1728 3558 quod
1760 3502 1844 3542 res
1871 3487 1960 3541 illa
1985 3501 2214 3555 pereun-

623 3589 763 3644 tibus
789 3599 904 3642 erat
932 3585 1262 3650 scandalum,
1286 3593 1340 3638 et
1368 3592 1501 3648 tum,
1533 3589 1587 3636 et
1604 3580 1874 3648 deinceps,
1896 3588 1949 3631 et
1970 3578 2213 3648 sequenti

623 3678 811 3749 quovis
839 3675 1116 3744 tempore?
1141 3674 1272 3742 Quis
1301 3672 1436 3727 adeo
1468 3671 1700 3725 furiosus
1728 3679 1831 3735 est,
1868 3667 2004 3722 adeo
2036 3675 2215 3722 mente

624 3777 830 3838 captus,
859 3777 921 3821 ut
941 3767 1042 3820 hoc
1070 3765 1253 3819 dicat?
1281 3765 1352 3820 Ut
1398 3763 1559 3833 igitur
1600 3761 1704 3816 hoc
1749 3761 1871 3815 loco
1899 3775 2003 3813 non
2030 3773 2214 3813 eorum

625 3870 711 3915 est
767 3857 1010 3914 habenda
1052 3857 1187 3910 ratio
1215 3855 1304 3924 qui
1347 3853 1798 3917 scandalizantur,
1833 3849 2044 3904 tametsi
2087 3849 2216 3902 lauti

629 3953 735 4006 sint
763 3965 1005 4014 nutnero,
1038 3949 1131 4004 sed
1152 3963 1337 4002 eorum
1367 3946 1458 4016 qui
1489 3945 1618 4000 salvi
1639 3943 1763 3998 facti
1786 3953 1928 4033 sput,
1955 3942 2044 4013 qui
2079 3958 2222 4012 prte-

629 4045 773 4100 clare
797 4051 1094 4114 gesserunt,
1135 4041 1223 4110 qui
1267 4056 1359 4109 per
1389 4049 1591 4092 tantam
1635 4037 1950 4106 sapientiam
1981 4037 2222 4106 profece-

631 4143 756 4189 runt
779 4150 794 4197 ;
824 4147 999 4202 neque
1025 4131 1308 4187 dicendum
1330 4139 1414 4186 est
1433 4130 1591 4199 objici
1625 4143 1782 4198 posse
1812 4127 1931 4181 illos
1958 4129 2046 4197 qui
2069 4142 2222 4183 scan-

631 4226 841 4282 dalizati
873 4233 1016 4289 sunt,
1042 4239 1162 4280 eum
1189 4224 1287 4278 sibi
1312 4224 1504 4278 merito
1528 4222 1626 4291 ipsi
1650 4223 1861 4291 possint
1892 4221 2018 4275 illud
2047 4223 2222 4289 impu-

637 4328 750 4373 tare
805 4337 818 4372 :
877 4318 945 4372 ita
994 4317 1243 4371 nimirum
1288 4331 1460 4386 neque
1497 4315 1599 4370 hoc
1642 4326 1900 4383 tempore.
1950 4314 2222 4383 Siquidem

632 4411 942 4466 scandalum
967 4426 1070 4465 non
1091 4424 1157 4463 ex
1181 4417 1364 4460 natura
1383 4407 1556 4461 crucis
1577 4404 1792 4470 accidit,
1816 4405 1910 4459 sed
1937 4421 2002 4459 ex
2032 4420 2216 4459 eorum

636 4502 859 4556 stultitia
881 4502 966 4570 qui
992 4499 1332 4554 scaudalizati
1351 4508 1511 4563 sunt;
1544 4514 1700 4567 quam
1721 4499 1790 4551 ob
1811 4512 2024 4551 causam
2046 4497 2227 4565 adjicit

637 4598 795 4651 etiam
820 4593 1013 4646 Paulus
1043 4609 1055 4644 :
1091 4590 1224 4661 Ipsis
1241 4605 1407 4645 autem
1431 4591 1638 4654 vocatis,
1667 4587 1868 4643 Iudicis
1889 4599 2038 4659 atque
2077 4586 2225 4642 στω-

637 4687 728 4750 cis,
761 4684 1013 4739 Christum
1037 4681 1129 4736 Dei
1153 4682 1383 4735 virtutem
1404 4691 1450 4734 et
1475 4679 1568 4734 Dei
1592 4681 1892 4750 sapientiam
1912 4681 1960 4752 (1
1970 4683 2015 4734 b.
2036 4696 2084 4734 υ.
2108 4679 2224 4750 24);

637 4776 1066 4848 quandoquidem
1094 4774 1173 4828 sol
1195 4787 1406 4843 quoque
1432 4773 1639 4827 debiles
1667 4773 1850 4827 oculos
1888 4773 2051 4828 lzcdit.
2091 4772 2227 4839 Quid

640 4869 804 4938 ergo?
845 4881 949 4921 non
993 4866 1229 4935 oportuit
1271 4878 1391 4918 esse
1430 4863 1640 4918 solem?
1672 4863 1772 4917 Mel
1799 4879 2010 4933 quoque
2040 4864 2230 4918 morbo

644 4951 1007 5006 laborantibus
1052 4964 1291 5004 amarunt
1321 4946 1548 5001 videtur.
1580 4947 1718 5014 Quid
1733 4946 1903 5018 ergo?
1932 4965 2055 5002 num
2101 4949 2231 5004 illud

641 5063 671 5101 e
716 5043 893 5101 medie
924 5043 1214 5097 tollendum
1267 5040 1385 5094 est?
1426 5040 1531 5110 Ipsi
1584 5041 1837 5110 apostoli,
1887 5057 2064 5095 nonne
2112 5042 2232 5096 aliis

640 5135 855 5203 quidem
885 5134 1017 5189 odor
1043 5134 1228 5187 mortis
1252 5135 1302 5186 iu
1331 5141 1580 5197 mortem,
1610 5132 1728 5186 aliis
1757 5141 1934 5186 autem
1953 5111 2086 5186 odor
2108 5133 2233 5186 vitre

643 5233 694 5283 in
728 5229 889 5283 vitam
931 5226 1144 5279 fuerunt
1191 5225 1266 5291 (2.
1298 5223 1414 5278 Cor.
1444 5225 1498 5277 2.
1533 5223 1660 5294 16)?
1701 5226 1786 5278 An
1825 5224 1981 5294 igitur
2016 5233 2235 5294 propter

642 5337 734 5375 eos
765 5318 852 5389 qui
883 5323 1297 5389 pereunt,‘tanta
1340 5315 1496 5383 p0tiri
1541 5330 1667 5369 cura
1715 5331 1822 5370 non
1865 5317 2100 5385 oportuit
2143 5331 2235 5370 eos

645 5413 729 5482 qui
759 5409 983 5466 vivunt?
1013 5409 1128 5477 Ipse
1155 5423 1282 5461 vero
1321 5405 1516 5460 Christi
1556 5408 1834 5474 adventus,
1875 5418 1930 5464 et
1962 5410 2106 5464 salus
2137 5426 2233 5463 no-

647 5516 774 5566 stra,
809 5503 929 5557 fons
971 5502 1263 5565 bonorunt,
1305 5509 1360 5555 et
1389 5499 1520 5565 vita,
1551 5499 1685 5555 bona
1733 5501 2014 5554 innumera
2038 5543 2052 5564 ,
2077 5513 2234 5569 quam

649 5596 826 5650 multis
854 5595 1030 5665 gravia
1065 5595 1277 5648 fuerunt
1305 5603 1361 5650 et
1396 5592 1662 5646 molesta?
1689 5607 1847 5662 quam
1897 5593 2095 5646 inultos
2139 5607 2236 5646 ex-

649 5687 922 5740 cusatione
952 5700 1014 5738 ac
1035 5687 1184 5740 venia
1213 5684 1520 5755 privarunt?
1549 5681 1664 5737 Non
1695 5683 1845 5737 audis
1873 5683 1998 5753 quid
2045 5684 2111 5737 dc
2146 5683 2238 5736 lu-

651 5776 779 5832 dans
796 5777 1039 5832 Christus
1059 5778 1240 5833 dicat?
1270 5777 1328 5832 Si
1357 5794 1460 5831 non
1485 5777 1750 5843 venissem,
1774 5786 1818 5830 et
1848 5779 2085 5845 loquutus
2102 5777 2231 5844 fuis-

657 5881 760 5920 sem
781 5869 871 5938 eis,
897 5878 1158 5941 peccatum
1185 5887 1282 5925 non
1306 5868 1540 5925 haberent
1568 5885 1586 5924 :
1610 5885 1744 5926 nunc
1760 5878 1927 5924 autem
1953 5869 2233 5925 excusatio-

1306 451 1362 505 S.
1402 443 1682 503 JOANNIS
1722 427 2195 492 (LIIRYSOSTOMI
2235 421 2554 479 ABClllEl’.
2593 411 3131 472 CONSTANTINOP.

3783 405 3888 461 5l5

2301 551 2416 588 nem
2452 549 2552 587 non
2583 530 2765 584 habent
2807 529 2871 582 de
2897 531 3102 597 peccato
3128 537 3218 578 suo
3243 521 3263 592 (
3285 519 3443 574 Joan.
3474 520 3561 574 15.
3588 518 3660 572 22
3682 518 3725 587 ).
3754 517 3893 585 Quid

2297 624 2464 692 ergo?
2495 639 2559 676 an
2588 622 2711 691 quia
2735 627 2854 689 post
2877 617 3167 671 adventum
3189 609 3566 667 inexcusabilis
3601 607 3740 664 facta
3768 618 3897 662 sunt

2299 731 2482 771 eorum
2506 721 2742 783 peccata,
2769 724 2874 764 non
2924 705 3161 777 oportuit
3211 703 3363 758 illum
3395 700 3649 756 advenire
3676 709 3900 770 propter

2298 823 2392 864 eos
2423 807 2509 876 qui
2537 805 2678 858 bono
2708 801 2847 856 male
2872 810 2997 854 sunt
3024 797 3144 852 usi?
3167 795 3297 864 Quis
3338 794 3441 848 hoc
3479 791 3663 847 dicat?
3703 789 3897 856 Nemo,

2298 913 2473 968 neque
2519 897 2562 950 si
2591 895 2745 965 plano
2789 893 2859 948 sit
2903 899 3082 946 mente
3108 896 3314 958 captus.
3337 884 3475 953 Quid
3507 897 3636 940 vero
3657 897 3723 937 ex
3754 880 3902 936 Scri-

2301 989 2491 1059 pturis,
2524 1001 2725 1058 quaeso,
2751 999 2908 1055 quam
2967 981 3119 1036 multi
3165 978 3472 1035 scandalum
3529 971 3899 1044 acceperunt?

2300 1095 2460 1150 quam
2493 1079 2672 1132 multa:
2722 1077 2955 1130 haereses
2984 1073 3108 1128 inde
3134 1071 3472 1126 occasionem
3515 1065 3902 1138 arripuerunt?

2302 1175 2383 1226 An
2408 1171 2566 1241 igitur
2586 1169 2824 1238 oportuit
2854 1167 3035 1223 delere
3050 1165 3358 1234 Scripturas
3390 1162 3460 1216 ob
3481 1174 3576 1216 eos
3603 1160 3692 1230 qui
3739 1173 3902 1214 scan-

2301 1263 2514 1318 dalizati
2550 1260 2716 1316 sunt?
2742 1271 2833 1316 aut
2859 1275 2926 1315 ne
2950 1260 3018 1314 ab
3042 1258 3195 1313 initio
3233 1255 3448 1326 quidem
3489 1253 3664 1308 tradi?
3688 1252 3903 1322 Nequa-

2301 1371 2458 1428 quam
2493 1373 2506 1407 :
2539 1357 2646 1409 imo
2677 1369 2805 1418 vero
2846 1353 3078 1407 maxime
3108 1351 3345 1420 oportuit
3373 1347 3508 1403 tradi
3538 1356 3758 1416 propter
3782 1360 3899 1410 eos,

2302 1449 2367 1502 ad
2424 1462 2559 1516 quos
2609 1461 2798 1515 magna
2839 1444 2962 1498 inde
3007 1442 3190 1497 debuit
3243 1441 3445 1496 utilitas
3487 1439 3785 1493 dimanare.
3820 1436 3902 1490 Illi

2303 1540 2446 1594 enim
2478 1537 2713 1607 sibiipsis
2751 1535 2769 1605 (
2803 1549 2975 1604 neque
3022 1543 3268 1603 repetere
3307 1530 3494 1587 eadem
3532 1545 3618 1584 me
3659 1528 3903 1599 pigebit)

2303 1630 2554 1684 scandala
2599 1629 2864 1696 imputent
2893 1644 2906 1679 :
2938 1626 3030 1697 qui
3082 1639 3212 1679 vero
3252 1625 3540 1678 maximam
3598 1619 3723 1675 inde
3772 1631 3900 1674 sunt

2305 1721 2587 1777 utilitatem
2617 1720 2938 1790 percepturi,
2960 1733 3066 1773 non
3095 1715 3419 1772 mediocrem
3437 1715 3704 1785 jacturam
3733 1709 3899 1767 fecis-

2304 1824 2444 1881 sent,
2487 1814 2531 1868 si
2569 1821 2785 1884 propter
2830 1811 3055 1866 aliorum
3097 1808 3493 1878 improbitatem
3525 1820 3588 1860 ac
3632 1806 3905 1878 negligen-

2305 1908 2434 1962 tiam
2469 1905 2563 1970 illi,
2595 1903 2788 1975 quibus
2816 1917 3002 1958 earum
3032 1901 3243 1970 largitio
3279 1899 3556 1968 profutura
3593 1907 3729 1961 erat,
3760 1904 3905 1950 tanta

2306 1996 2532 2052 fuissent
2552 1995 2780 2050 utilitate
2807 1991 3052 2050 fraudati.
3075 1989 3195 2046 Noli
3222 2003 3350 2058 ergo
3379 1988 3509 2043 mihi
3551 2000 3646 2042 eos
3667 1999 3906 2041 comme—

2307 2104 2519 2144 morare
2549 2088 2639 2158 qui
2667 2094 2893 2157 pereunt
2927 2083 3105 2154 :quod
3134 2081 3275 2138 enim
3309 2083 3361 2136 in
3402 2080 3568 2151 priori
3596 2078 3732 2134 libro
3770 2077 3903 2144 dixi,

2307 2179 2487 2234 nullus
2511 2195 2578 2234 ex
2600 2180 2665 2233 iis
2689 2178 2778 2248 qui
2805 2177 3012 2247 seipsos
3043 2175 3235 2244 injuria
3265 2187 3372 2228 non
3402 2171 3664 2235 afficiunt,
3692 2171 3759 2226 ab
3785 2169 3908 2224 aliis

2309 2271 2428 2326 laedi
2459 2281 2652 2341 potest,
2686 2270 2933 2341 quamvis
2955 2267 3022 2324 de
3043 2269 3150 2322 vita
3183 2267 3298 2338 ipsa
3333 2267 3405 2321 sit
3446 2263 3744 2336 periculum
3775 2260 3906 2316 sub-

2309 2363 2564 2418 eundum.

2381 2455 2508 2510 CAP.
2555 2454 2694 2509 XVI.
2749 2454 2848 2520 Qui
2874 2453 3095 2523 seipsum
3139 2450 3330 2519 injuria
3368 2466 3471 2504 non
3525 2448 3737 2520 eliciat,
3793 2463 3910 2501 eum

2311 2563 2341 2600 a
2368 2547 2565 2599 nemine
2600 2546 2717 2599 (adi
2757 2559 2922 2614 posse.
2950 2572 3024 2584 —
3052 2541 3190 2609 Quid
3228 2525 3371 2597 enim
3412 2542 3569 2596 lat-sus
3608 2548 3694 2595 est
3730 2539 3864 2594 Abel
3893 2581 3908 2604 ,

2311 2637 2454 2708 quod
2487 2636 2722 2692 fraterna
2750 2652 2910 2691 manu
2955 2637 3026 2690 sit
3067 2636 3276 2691 occisus
3303 2677 3318 2702 ,
3363 2645 3417 2689 et
3460 2635 3800 2688 immaturam
3843 2647 3908 2686 ac

2312 2729 2602 2784 violentam
2636 2738 2862 2782 mortem
2887 2729 2957 2782 sit
2982 2727 3208 2796 passus?
3239 2726 3426 2780 Nonne
3458 2725 3632 2794 potius
3655 2724 3708 2779 id
3737 2724 3916 2778 lucra-

2315 2827 2403 2874 tus
2443 2827 2560 2882 est,
2613 2828 2669 2872 ut
2713 2816 3133 2888 splendidiorem
3165 2831 3419 2871 coronam
3464 2815 3730 2870 referret?
3774 2814 3914 2880 Quid

2315 2927 2475 2982 porro
2501 2911 2690 2977 Jacob,
2721 2911 2808 2980 qui
2840 2910 2997 2963 tantis
3021 2925 3050 2962 a
3079 2910 3243 2964 fratre
3276 2907 3630 2964 incommodis
3660 2917 3744 2964 est
3770 2907 3909 2963 all'e-

2315 3014 2456 3071 ctus,
2484 3015 2538 3058 et
2564 3004 2683 3058 loco
2714 3004 2921 3073 pulsus,
2943 3002 3119 3067 exsul,
3144 3003 3397 3066 extorris,
3419 3015 3483 3054 ac
3504 3014 3693 3055 servus
3715 3000 3914 3065 factus,

2316 3096 2381 3150 ad
2412 3105 2705 3151 extremam
2724 3094 2920 3148 famem
2950 3103 3034 3149 est
3055 3093 3341 3148 redactus?
3369 3092 3506 3161 Quid
3533 3108 3663 3148 vero
3687 3091 3914 3163 Joseph,

2317 3191 2406 3260 qui
2440 3189 2550 3260 pari
2594 3189 2800 3243 ratione
2847 3189 2968 3242 loco
3012 3186 3282 3256 domoque
3311 3188 3527 3257 pulsus,
3559 3187 3834 3257 captivus,
3863 3197 3920 3241 et

2320 3295 2525 3342 servus,
2555 3290 2608 3333 et
2652 3281 2858 3333 vinctus
2881 3279 3087 3343 evasit,
3133 3279 3184 3332 in
3229 3289 3530 3333 extremum
3573 3279 3695 3332 vita:
3727 3279 3921 3332 discri-

2322 3387 2442 3428 men
2473 3370 2764 3433 adductus,
2807 3380 2860 3424 et
2889 3385 3008 3424 cum
3043 3371 3094 3422 in
3127 3371 3333 3440 patria,
3379 3378 3494 3423 tum
3539 3383 3763 3439 peregre
3807 3378 3918 3422 tam

2321 3463 2500 3516 multis
2527 3474 2610 3518 est
2645 3462 2926 3517 calumniis
2960 3463 3275 3531 appetitus?
3314 3462 3450 3529 Quid
3496 3471 3674 3516 autem
3705 3460 3921 3532 Moyses

2320 3570 2349 3609 a
2376 3563 2525 3609 tanto
2549 3556 2748 3624 p0pulo
2779 3553 2976 3609 millies
3003 3552 3299 3622 lapidatus,
3329 3562 3381 3606 ct
3411 3552 3477 3607 ab
3506 3552 3599 3616 iis,
3629 3552 3700 3608 de
3724 3552 3922 3623 quibus

2321 3645 2460 3701 bene
2490 3647 2716 3701 meritus
2743 3654 2879 3709 erat,
2910 3645 3133 3700 insidias
3159 3645 3382 3716 passus?
3411 3643 3548 3712 Quid
3575 3659 3764 3699 omnes
3795 3660 3922 3715 pro-

2324 3737 2520 3808 phetae,
2552 3739 2742 3808 quibus
2769 3747 2848 3793 tot
2872 3737 3100 3792 intulere
3121 3737 3258 3791 mala
3279 3736 3486 3791 Judaei?
3501 3736 3639 3805 Quid
3659 3737 3760 3792 Job
3783 3739 3919 3808 ipse.

2324 3848 2481 3902 quem
2509 3832 2804 3888 innumeris
2830 3831 3077 3887 diabolus
3100 3829 3363 3886 machinis
3389 3829 3754 3899 oppugnavit?
3776 3831 3921 3897 Quid

2327 3932 2433 3978 tres
2463 3923 2653 3993 pueri?
2677 3923 2813 3993 Quid
2836 3923 3041 3990 Daniel,
3066 3923 3154 3992 qui
3180 3923 3323 3989 vitm,
3346 3921 3630 3988 libertatis,
3655 3931 3708 3976 et
3729 3923 3926 3993 capitis

2325 4032 2592 4072 summum
2633 4017 2847 4071 subiere
2885 4016 3210 4070 discrimen?
3239 4015 3375 4081 Quid
3410 4030 3536 4070 vero
3575 4016 3755 4070 lli-[ias
3781 4059 3794 4082 ,
3828 4018 3923 4086 qui

2327 4123 2534 4164 summa
2564 4123 2783 4178 pressus
2809 4097 3009 4178 in0pia,
3039 4107 3251 4163 sedibus
3273 4109 3385 4163 suis
3407 4108 3615 4178 pulsus,
3647 4109 3922 4179 fugitivus,

2330 4201 2500 4257 incola
2527 4201 2762 4266 deserti,
2803 4215 3018 4270 semper
3056 4201 3213 4254 exsul
3257 4209 3312 4254 et
3351 4200 3582 4255 extorris
3607 4211 3690 4255 est
3716 4201 3927 4257 factus?

2328 4296 2465 4364 Quid
2496 4296 2708 4350 tandem
2739 4294 2924 4357 David,
2948 4294 3036 4362 qui
3069 4303 3196 4347 tota
3221 4292 3384 4347 Saule
3409 4293 3586 4358 malis,
3621 4303 3697 4348 tot
3721 4294 3927 4350 deinde

2329 4403 2358 4440 a
2396 4387 2614 4458 proprio
2643 4370 2751 4438 filio
2789 4394 2870 4440 est
2913 4383 3178 4439 aﬂ'ectus‘!
3210 4399 3388 4439 nonne
3430 4383 3691 4439 illustrior
3717 4385 3926 4452 evasit,

2331 4478 2555 4534 summis
2583 4489 2872 4547 oppressus
2898 4476 3248 4530 incommodis
3275 4517 3290 4541 ,
3319 4491 3479 4546 quam
3507 4491 3630 4531 cum
3660 4490 3926 4547 prospere

2331 4580 2524 4625 cuncta
2569 4568 2959 4624 succederent?
3007 4566 3146 4633 Quid
3192 4566 3410 4620 demum
3467 4566 3700 4623 Joannes
3749 4569 3930 4639 capite

2335 4662 2640 4718 truncatus?
2665 4661 2801 4730 Quid
2827 4659 3075 4732 apostoli,
3104 4675 3332 4730 quorum
3373 4659 3463 4713 alii
3491 4661 3666 4729 capite
3695 4664 3929 4719 truncati

2336 4764 2489 4822 sunt,
2519 4755 2607 4810 alii
2639 4756 2850 4811 caeteris
2888 4754 3164 4824 suppliciis
3205 4753 3419 4808 affecti?
3443 4752 3583 4821 Quid
3625 4765 3927 4826 martyres,

2334 4850 2503 4920 quiin
2539 4849 2728 4904 mediis
2768 4848 3050 4902 tormentis
3090 4847 3424 4916 gravissimis
3452 4847 3686 4902 animam
3731 4863 3934 4918 posue-

2337 4943 2493 4997 runt?
2517 4955 2693 4996 nonne
2714 4955 2903 4995 omnes
2925 4940 3006 4994 isti
3040 4949 3149 4994 tum
3179 4939 3412 4994 maxime
3433 4939 3669 4994 illustres
3691 4937 3937 5007 fuerunt,

2339 5049 2457 5089 cum
2477 5032 2864 5104 appetebantur
2885 5031 3118 5100 injuriis,
3143 5046 3262 5085 cum
3289 5029 3496 5085 insidiis
3520 5029 3936 5094 obsidebantur,

2338 5142 2455 5181 cum
2488 5125 2672 5180 ultima
2694 5125 2873 5178 omnia
2906 5123 3048 5192 passi
3072 5133 3383 5177 constanter
3414 5123 3694 5177 ferebant?

2407 5220 2538 5275 CAP.
2596 5217 2761 5272 XVII.
2854 5207 3102 5270 Maxima
3146 5215 3511 5284 providentiae,
3557 5214 3834 5280 bonitatis,
3892 5225 3941 5269 et

2339 5313 2563 5368 caritatis
2608 5311 2704 5365 Dei
2745 5311 3100 5365 documentum
3137 5325 3244 5363 esse
3281 5326 3502 5362 crucem.
3545 5339 3614 5349 —
3638 5309 3771 5364 Cum
3805 5325 3943 5366 vero

2339 5419 2680 5461 communem
2716 5403 2996 5458 Dominum
3040 5411 3280 5457 nostrum
3322 5401 3392 5455 ob
3431 5401 3534 5455 alia
3561 5410 3752 5456 cuncta
3783 5403 3936 5456 cclc-

2343 5499 2579 5562 bratnus,
2613 5511 2794 5550 nonne
2819 5497 2888 5550 ob
2912 5495 3011 5550 hoc
3038 5494 3309 5564 praecipue
3335 5493 3694 5555 celebramus,
3726 5493 3940 5562 gloriﬁ-

2343 5605 2546 5654 camus,
2576 5598 2628 5641 et
2655 5587 2995 5657 suspicimus,
3025 5584 3168 5655 quod
3197 5599 3436 5650 crucem,
3461 5593 3516 5637 et
3538 5593 3766 5638 mortem
3790 5584 3942 5642 illam

2340 5682 2726 5761 “exsecrabilem
2763 5695 2950 5750 passus
2995 5680 3116 5734 est?
3157 5679 3341 5733 Nonne
3392 5678 3493 5732 hoc
3537 5692 3734 5748 susque
3765 5677 3942 5747 deqm

2344 5786 2520 5831 versat
2557 5775 2751 5829 l'aulus
2778 5774 3015 5828 caritatis
3055 5773 3220 5844 ipsius
3253 5775 3303 5825 in
3338 5788 3436 5825 nos
3461 5771 3713 5829 indicium
3739 5814 3754 5836 ,
3787 5776 3937 5842 quod

2350 5869 2419 5924 sit
2456 5869 2733 5923 mortuus?
2762 5867 2901 5938 quod
2943 5883 3038 5937 pro
3066 5866 3328 5937 ejusmodi
3358 5866 3428 5921 sit
3459 5865 3766 5923 hominibus
3795 5880 3940 5922 mor-
