4142 6506
634 451 738 507 519

627 564 717 620 alii
765 558 1108 632 compedibus
1151 565 1422 625 tamquam
1467 550 1838 606 malefactores
1883 546 2084 612 vincti,
2125 542 2212 597 alii

627 654 801 725 patria
828 650 969 723 pulsi
993 655 1139 713 sunt,
1162 646 1248 701 alii
1281 658 1432 698 suam
1457 640 1811 697 substantiam
1843 635 2213 725 perdiderunt,

628 724 718 800 alii
735 758 958 817 peregre
974 748 1100 796 sunt
1123 735 1364 808 relegati,
1382 735 1472 788 alii
1514 730 1814 798 interempti
1836 737 1981 794 sunt,
1999 724 2213 796 quidam

628 851 691 892 re
730 836 841 905 ipsa
867 875 882 898 ,
909 831 1124 904 quidam
1167 829 1280 883 sola
1325 827 1615 880 voluntate.
1659 821 1794 875 Cum
1833 819 1974 873 enim
2017 818 2215 870 lanceae

627 926 1010 998 expedirentur
1029 964 1045 989 ,
1081 929 1402 977 acuerentur
1427 930 1584 972 enses
1609 955 1624 981 ,
1655 913 1810 966 mina:
1854 910 2074 980 singulis
2103 908 2215 962 die-

633 1019 730 1073 bus
761 1019 1171 1078 intentarentur,
1202 1020 1256 1066 et
1278 1009 1367 1080 qui
1394 1007 1734 1077 magistratus
1763 1001 2050 1073 gerebant,
2083 999 2213 1052 iram

632 1111 901 1180 spirarent
920 1151 934 1173 ,
962 1104 1136 1161 credes
1166 1103 1497 1158 minarentur
1525 1107 1576 1152 et
1609 1109 1803 1166 genera
1833 1092 2214 1161 suppliciorum

633 1200 912 1254 innumera
938 1239 952 1263 ,
983 1195 1200 1249 minime
1224 1199 1535 1253 cesserunt,
1582 1200 1752 1256 neque
1780 1184 2173 1238 succubuerunt
2199 1219 2213 1242 ,

631 1290 726 1346 sed
770 1290 821 1343 in
868 1301 1000 1359 rupe
1043 1292 1308 1342 steterunt
1353 1279 1691 1350 immobiles,
1721 1285 1775 1330 et
1815 1274 1995 1328 omnia
2044 1271 2217 1324 facere

631 1382 848 1454 patique
885 1379 1223 1440 maluerunt,
1252 1387 1410 1445 quam
1454 1379 1512 1426 ut
1537 1370 1590 1424 in
1620 1366 1947 1422 consortium
1976 1362 2219 1416 venerint

632 1490 818 1531 eorum
859 1473 953 1544 qui
989 1471 1190 1526 scelera
1223 1475 1365 1522 tanta
1394 1469 1762 1536 patraverant,
1795 1473 1966 1527 neque
1999 1456 2096 1508 viri
2126 1468 2217 1507 so-

632 1570 740 1624 lum
767 1611 782 1636 ,
809 1566 904 1623 sed
929 1572 985 1622 et
1009 1563 1276 1619 mulieres.
1308 1559 1439 1614 Nam
1479 1565 1533 1611 et
1576 1554 1828 1609 mulieres
1863 1550 1964 1604 hoc
2011 1547 2220 1601 inivere

636 1670 931 1720 certamen,
957 1667 1011 1711 et
1033 1652 1258 1724 amplius
1285 1665 1427 1720 saepe
1456 1662 1612 1717 quam
1643 1644 1743 1698 viri
1770 1659 1828 1698 se
1855 1640 2076 1695 viriliter
2107 1637 2219 1692 for-

635 1753 865 1821 titerque
906 1754 1202 1818 gesserunt.
1243 1741 1426 1812 Neque
1465 1740 1719 1794 mulieres
1760 1743 1962 1790 tantum
1987 1773 2001 1798 ,
2035 1730 2128 1787 sed
2167 1739 2223 1787 et

634 1841 1035 1903 adolescentes,
1083 1844 1136 1892 et
1174 1832 1458 1889 admodum
1494 1831 1738 1898 juvenes.
1780 1827 1860 1880 An
1907 1824 2066 1893 igitur
2105 1821 2222 1876 hac

635 1931 812 2003 exigui
838 1939 961 1986 sunt
988 1927 1241 1983 momenti
1272 1935 1347 1980 tot
1373 1932 1664 1994 martyrum
1695 1929 1897 1974 turmas
1927 1915 2221 1970 Ecclesium

635 2021 1005 2079 lucrifacisse?
1035 2019 1170 2075 Sunt
1207 2017 1348 2072 enim
1381 2024 1645 2084 martyres
1671 2011 1757 2065 isti
1783 2022 1994 2064 omnes.
2041 2005 2222 2076 Neque

635 2116 778 2171 enim
827 2112 902 2167 ilh
942 2111 1114 2166 solum
1159 2109 1246 2179 qui
1295 2105 1360 2161 ad
1402 2104 1660 2174 judicium
1703 2112 1826 2157 sunt
1869 2098 2121 2164 adducti,
2170 2107 2226 2151 et

635 2205 938 2260 sacriﬁcare
956 2201 1112 2272 jussi,
1141 2214 1314 2269 neque
1340 2201 1664 2268 paruerunt,
1691 2193 1814 2263 quia
1840 2191 1978 2261 passi
2007 2198 2132 2243 sunt
2157 2202 2221 2242 ea

637 2314 758 2369 qua:
787 2305 910 2352 sunt
951 2295 1089 2365 passi
1111 2334 1126 2356 ,
1167 2301 1428 2362 martyres
1464 2297 1587 2342 sunt
1625 2283 1849 2340 vocandi
1884 2301 1896 2336 :
1927 2282 2020 2337 sed
2060 2282 2222 2337 etiam

639 2390 710 2444 illi
739 2389 828 2458 qui
858 2387 926 2440 ob
953 2400 1064 2440 rem
1089 2381 1362 2454 quamvis,
1393 2395 1512 2449 quae
1557 2378 1668 2432 Deo
1713 2376 1979 2446 placeret,
2025 2372 2226 2442 aliquid

639 2479 747 2549 pati
803 2479 942 2532 ultro
993 2475 1315 2540 voluerunt;
1377 2481 1430 2526 et
1490 2470 1534 2524 si
1602 2470 1720 2539 quis
1773 2484 1884 2522 rem
1948 2467 2228 2536 diligenter

636 2568 1060 2632 examinaverit,
1107 2566 1161 2620 hi
1205 2573 1329 2620 sunt
1378 2563 1550 2633 potius
1596 2577 1753 2631 quam
1803 2559 1896 2613 illi.
1933 2558 2049 2613 Non
2081 2559 2224 2612 enim

637 2659 857 2730 aequalis
884 2666 966 2712 est
989 2655 1188 2721 meriti,
1205 2668 1325 2709 cum
1342 2650 1600 2723 ejusmodi
1622 2651 1869 2704 interitus
1888 2659 1939 2701 et
1963 2647 2227 2718 pernicies

639 2753 832 2804 animze
849 2747 916 2802 sit
935 2745 1547 2817 proposita,contentum
1569 2756 1688 2796 esse
1704 2738 1898 2808 aliquid
1917 2739 2104 2808 pati,et
2121 2751 2226 2791 non

643 2841 857 2911 perire,
899 2846 1057 2907 atque
1100 2838 1170 2892 ob
1212 2835 1388 2890 minus
1427 2829 1643 2902 aliquod
1708 2830 1904 2883 bonum
1953 2844 2086 2896 Opus
2131 2827 2233 2882 hoc

638 2931 814 3000 ipsum
847 2927 1164 2998 supplicium
1208 2924 1494 2980 sustinere.
1525 2923 1708 2992 Neque
1751 2936 1880 2975 vero
1925 2921 2098 2975 solum
2138 2934 2232 2974 eos

637 3022 728 3092 qui
755 3020 915 3075 occisi
943 3029 1087 3084 sunt,
1115 3017 1209 3072 sed
1239 3018 1399 3072 etiam
1442 3031 1536 3070 eos
1575 3015 1664 3085 qui
1707 3013 1876 3084 parati
1907 3015 2151 3079 fuerunt,
2178 3023 2234 3068 et

637 3115 704 3168 ad
736 3115 840 3168 hoc
865 3112 1100 3183 prompti
1126 3153 1141 3178 ,
1176 3109 1415 3180 martyrii
1447 3122 1698 3163 coronam
1738 3105 1960 3175 adeptos
1988 3119 2141 3170 esse,
2179 3112 2234 3159 et

639 3207 741 3261 hoc
767 3206 961 3276 ipsum,
994 3213 1048 3259 et
1073 3202 1211 3272 quod
1245 3201 1390 3274 prius
1418 3199 1549 3259 dixi.
1576 3213 1697 3254 eum
1721 3198 1808 3267 qui
1837 3197 1907 3251 ob
1937 3212 2022 3250 res
2050 3196 2229 3250 mino-

640 3315 734 3372 res.
758 3300 970 3356 occisus
995 3299 1081 3361 sit,
1121 3305 1413 3368 martyrem
1437 3309 1556 3349 esse
1586 3291 1899 3362 perfectum,
1927 3291 2234 3346 testimonio

641 3392 792 3449 Pauli
819 3391 1058 3447 conabor
1086 3388 1333 3459 probare.
1364 3385 1495 3441 Cum
1526 3386 1668 3439 enim
1698 3383 1950 3451 coepisset
1977 3397 2072 3437 eos
2097 3398 2234 3436 enu-

642 3497 851 3539 merare
918 3482 1105 3536 beatus
1153 3479 1390 3541 Paulus.
1443 3478 1533 3546 qui
1588 3475 1850 3544 majorum
1909 3473 2236 3543 temporibus

643 3576 877 3632 illustres
902 3573 1152 3637 fuerant,
1186 3581 1346 3641 atque
1371 3569 1440 3624 ab
1466 3570 1580 3639 ipso
1606 3568 1774 3622 Abele
1815 3567 2018 3620 initium
2057 3566 2236 3620 duxis-

641 3678 745 3732 set,
763 3667 954 3723 deinde
975 3666 1040 3720 ad
1063 3664 1174 3720 Noe
1195 3677 1526 3734 progressus,
1551 3660 1839 3723 Abraham,
1862 3659 2025 3721 Isaac,
2046 3658 2232 3724 Jacob,

641 3760 878 3832 Moysem
900 3799 914 3822 ,
942 3757 1135 3821 Iosue,
1165 3755 1414 3810 Davidem
1435 3795 1450 3821 ,
1495 3752 1798 3809 Samuelem
1823 3793 1836 3814 ,
1886 3751 2052 3805 Etiam
2077 3794 2090 3816 ,
2123 3751 2236 3804 Eli-

644 3869 810 3908 saium
830 3895 845 3917 ,
873 3850 1063 3905 Jobum
1085 3891 1099 3910 ,
1129 3849 1325 3918 adjecit
1349 3847 1534 3902 dicens
1559 3865 1571 3900 :
1602 3844 1827 3914 Ideoque
1853 3854 1899 3898 et
1928 3861 2019 3898 nos
2047 3853 2238 3898 tantam

648 3943 878 3997 ‘tabentes
902 3941 1185 4011 impositam
1204 3940 1383 3993 nubem
1408 3948 1686 4007 martyrum
1708 3935 1890 4009 (Hebr.
1918 3934 2006 3990 η.
2039 3936 2114 4006 1).
2144 3937 2240 3991 Αι-

642 4035 735 4102 qui
763 4048 867 4088 non
895 4045 1083 4086 omnes
1110 4029 1186 4084 illi
1218 4029 1401 4094 occisi,
1429 4029 1537 4082 imo
1565 4045 1633 4082 ne
1660 4043 1796 4082 unus
1824 4027 2040 4097 quidem
2061 4067 2075 4091 ,
2107 4029 2242 4081 dno-

647 4125 749 4178 bus
795 4133 886 4177 aut
933 4121 1103 4176 tribus
1151 4119 1428 4190 exceptis,
1472 4119 1640 4173 Abcle
1679 4118 1884 4172 scilicet
1909 4125 1966 4172 et
1992 4116 2238 4172 Joanne:

645 4215 826 4271 θέειοτί
857 4227 987 4268 vero
1017 4211 1241 4265 naturali
1268 4219 1440 4264 morte
1468 4209 1628 4264 vitam
1660 4209 1933 4266 ﬁnierunt.
1954 4208 2242 4263 Enimvero

646 4309 883 4364 Joannes
910 4306 1023 4374 ipse
1045 4321 1149 4359 non
1172 4319 1295 4358 cum
1326 4301 1629 4358 sacriﬁcare
1653 4300 1837 4371 jussus
1860 4311 2041 4365 esset,
2071 4316 2243 4370 neque

647 4401 932 4472 paruisset,
966 4397 1173 4452 occisus
1202 4406 1302 4457 est,
1341 4410 1514 4464 neque
1539 4393 1605 4447 ad
1636 4395 1802 4448 altare
1825 4392 2084 4448 deductus
2105 4433 2121 4456 ,
2147 4407 2243 4446 ne-

651 4506 752 4560 que
801 4489 866 4544 ad
917 4488 1116 4542 idolum
1165 4495 1496 4557 pertractus,
1551 4485 1644 4539 sed
1686 4483 1756 4538 ob
1801 4501 1964 4539 unum
1997 4483 2240 4538 verbum.

651 4581 788 4636 Nam
818 4579 1066 4649 quoniam
1099 4576 1307 4632 dixerat
1343 4575 1538 4630 llerodi
1570 4592 1584 4628 :
1620 4573 1740 4628 Non
1783 4576 1896 4628 licet
1935 4575 2020 4627 tibi
2064 4575 2247 4627 habere

655 4688 868 4727 uxorem
905 4669 1140 4738 Philippi
1173 4669 1346 4738 fratris
1375 4670 1448 4720 tui
1478 4667 1704 4737 (Matth.
1732 4668 1816 4720 Η.
1846 4669 1879 4720 4
1899 4666 1942 4738 ),
1970 4680 2022 4719 et
2051 4667 2099 4719 in
2129 4683 2247 4721 car-

653 4776 780 4818 cere
815 4759 1091 4822 habitavit,
1140 4768 1194 4812 et
1242 4757 1441 4812 caedem
1472 4757 1613 4810 illam
1639 4758 1906 4812 sustinuit.
1952 4757 2102 4825 Quod
2127 4757 2172 4812 si
2202 4758 2247 4813 is

652 4855 740 4924 qui
775 4849 1171 4906 matrimonium
1202 4858 1387 4903 contra
1418 4848 1561 4917 leges
1587 4858 1916 4902 contractum
1957 4850 2098 4902 ultus
2129 4859 2241 4917 est,

655 4950 914 5011 quantum
947 4942 998 4994 in
1031 4941 1146 5010 ipso
1171 4939 1385 5009 quidem
1417 4937 1514 4992 fuit
1541 4937 1752 5011 (neque
1781 4939 1921 4992 enim
1950 4940 2089 5008 quod
2120 4956 2246 5008 per-

659 5047 842 5102 peram
872 5041 1077 5102 gestutn
1105 5039 1187 5085 est
1213 5028 1536 5092 emendavit,
1562 5028 1654 5082 sed
1677 5027 1811 5081 dixit
1832 5037 2054 5091 tantum,
2077 5045 2248 5098 neque

657 5125 827 5193 potuit
855 5121 1154 5192 impedire),
1183 5122 1227 5176 si
1253 5136 1387 5190 ergo
1413 5136 1533 5174 cum
1565 5119 1792 5175 dixisset
1823 5129 2051 5185 tantum,
2076 5137 2248 5191 neque

664 5215 814 5270 aliud
846 5230 909 5269 ex
942 5229 1000 5268 se
1025 5212 1355 5275 contulisset,
1379 5228 1444 5266 eo
1471 5211 1612 5282 quod
1641 5213 1813 5281 capite
1843 5221 2138 5266 trunctatus
2159 5214 2247 5280 sit,

661 5318 864 5378 martyr
890 5316 941 5360 et
972 5313 1265 5375 martyrum
1300 5304 1498 5372 primus
1526 5313 1607 5358 est
1636 5321 1649 5357 :
1681 5305 1771 5374 qui
1802 5314 1907 5357 tam
1940 5306 2118 5358 multis
2144 5319 2250 5359 cae-

660 5398 815 5455 dibus
844 5412 902 5452 se
931 5398 1265 5466 objecerunt,
1297 5409 1470 5462 neque
1490 5396 1600 5458 jam
1632 5394 1827 5448 Herodi
1848 5435 1864 5459 ,
1892 5395 1985 5449 sed
2013 5395 2248 5450 universi

661 5492 808 5547 orbis
853 5501 1113 5544 terrarum
1156 5485 1484 5557 principibus
1535 5501 1593 5540 se
1637 5498 2029 5555 opposuerunt,
2081 5502 2252 5557 neque

664 5579 900 5652 conjugii
945 5580 1102 5633 unius
1132 5577 1330 5647 injuste
1375 5576 1526 5640 initi,
1557 5576 1650 5631 sed
1680 5577 1964 5645 patriarum
1999 5578 2172 5647 legum
2201 5589 2255 5633 et

669 5671 924 5728 Ecclesiae
952 5671 1145 5724 rituum
1177 5668 1542 5724 defensionem
1576 5677 1965 5737 susceperunt,
2001 5683 2136 5737 quos
2164 5670 2252 5724 alii

666 5764 1088 5827 insectabantur,
1115 5773 1170 5818 et
1209 5775 1328 5816 cum
1372 5760 1550 5815 verbis
1588 5771 1700 5814 tum
1729 5760 1977 5830 operibus
2006 5759 2252 5815 fiduciam

680 5870 791 5926 pra
815 5871 874 5916 se
903 5857 1174 5924 tulerunt,
1205 5869 1325 5910 cum
1356 5853 1573 5924 singulis
1599 5851 1785 5908 diebus
1817 5860 2170 5924 morerentur,
2202 5862 2257 5911 et

1341 439 1398 496 S.
1436 433 1715 496 JOANNIS
1738 427 2211 492 CHRYSOSTOMI
2252 425 2566 483 ARCHIEP.
2610 424 3146 482 CONSTANTINOP.

3803 423 3910 476 590

2320 543 2445 610 viri,
2471 552 2526 598 et
2552 543 2824 607 mulieres,
2847 554 2902 598 et
2927 544 3098 614 pueri,
3124 558 3300 598 nonne
3322 542 3514 599 millies
3545 545 3593 598 in
3617 554 3915 620 martyrum

2323 650 2602 689 numerum
2643 635 2872 690 adscribi
2915 635 3227 690 merentur?
3254 635 3693 706 Quandoquidem
3739 638 3914 691 Abra~

2323 725 2443 779 ham
2474 741 2701 797 quoque,
2737 742 2858 782 cum
2887 742 2993 782 non
3021 729 3192 798 reipsa
3224 728 3388 781 filium
3421 738 3728 795 mactasset,
3752 729 3914 783 animi

2322 823 2594 891 proposito
2641 821 2806 876 ﬁlium
2839 823 3125 889 mactavit,
3156 831 3210 876 et
3240 839 3424 878 vocem
3458 825 3604 879 illam
3645 827 3917 881 caelestem

2322 912 2590 969 dicentem
2633 914 2880 968 audivit:
2917 913 3036 968 Non
3081 916 3347 985 pepercisti
3381 917 3639 988 unigenito
3684 918 3792 986 ﬁlio
3835 929 3920 973 tuo

2323 1017 2529 1075 propter
2556 1023 2635 1061 me
2661 1006 2810 1074 (Gen.
2842 1007 2930 1061 22.
2960 1007 3070 1080 12).
3094 1007 3169 1063 lta
3194 1009 3270 1074 fit,
3297 1018 3355 1064 ut
3376 1009 3573 1079 ubique
3601 1011 3764 1064 animi
3798 1027 3920 1080 pre»

2323 1097 2552 1163 positum
2579 1138 2594 1160 ,
2628 1098 2713 1150 ubi
2747 1097 3039 1166 perfectum
3087 1098 3244 1153 fuerit
3284 1099 3335 1152 in
3379 1100 3573 1154 virtute
3597 1142 3612 1164 ,
3660 1101 3919 1170 integram

2321 1200 2576 1240 coronam
2605 1189 2851 1256 accipiat.
2883 1187 3036 1254 Quod
3061 1189 3105 1243 si
3140 1189 3229 1244 ille
3248 1231 3262 1255 ,
3295 1203 3416 1244 cum
3442 1190 3549 1245 ﬁlio
3576 1207 3674 1245 suo
3701 1208 3806 1246 non
3832 1208 3920 1261 pe-

2325 1276 2619 1344 percisset,
2657 1279 2725 1330 ita
2754 1278 3052 1334 celebratus
3083 1289 3196 1344 est,
3237 1279 3291 1332 bi
3334 1295 3454 1334 cum
3502 1281 3603 1336 sibi
3645 1281 3774 1351 ipsis
3817 1297 3923 1336 non

2324 1367 2679 1435 pepercerim,
2707 1370 2878 1438 cogita
2901 1378 3152 1439 quantam
3175 1370 3280 1424 sint
3301 1373 3565 1440 recepturi
3589 1373 3921 1438 mercedem,

2324 1459 2412 1528 qui
2445 1473 2548 1513 non
2581 1476 2744 1515 unum
2776 1472 2829 1514 et
2869 1461 3004 1517 duos
3025 1504 3040 1527 ,
3091 1471 3267 1516 tresve
3309 1462 3426 1517 dies
3447 1504 3464 1530 ,
3501 1465 3597 1520 sed
3629 1481 3724 1534 per
3753 1475 3924 1540 totum

2323 1551 2446 1605 vita:
2474 1567 2584 1604 suae
2615 1562 2824 1622 tempus
2847 1554 2898 1606 in
2923 1553 3021 1607 hac
3040 1555 3154 1608 acie
3177 1565 3463 1620 steterunt,
3487 1557 3764 1623 conviciis,
3796 1573 3927 1612 cou-

2327 1644 2576 1710 tumeliis,
2607 1645 2834 1714 injuriis,
2858 1647 3139 1700 calumniis
3164 1647 3420 1701 divexati.
3447 1647 3629 1718 Neque
3648 1651 3795 1704 enim
3823 1650 3927 1705 hoe

2325 1735 2499 1806 exigui
2530 1747 2610 1791 est
2641 1737 2914 1791 momenti.
2939 1737 3196 1804 Quocirca
3228 1737 3406 1791 laudat
3438 1738 3538 1793 hoc
3565 1755 3780 1811 quoque
3810 1757 3927 1795 ma-

2326 1842 2462 1896 gnus
2493 1828 2688 1883 Paulus
2717 1829 2900 1884 dicens
2928 1847 2940 1882 :
2979 1829 3043 1883 Et
3075 1831 3127 1882 in
3151 1829 3312 1884 altera
3342 1831 3545 1898 quidem
3572 1834 3862 1902 approbriis
3885 1845 3931 1889 et

2329 1919 2736 1974 tribulationibus
2759 1922 3100 1989 spectaculum
3125 1922 3248 1988 [acti
3275 1938 3294 1974 :
3320 1923 3371 1975 in
3401 1923 3560 1976 altera
3597 1935 3767 1978 autem
3805 1927 3934 1980 socii

2328 2011 2495 2063 taliter
2520 2013 2918 2065 conversantium
2941 2011 3112 2079 effecti
3137 2013 3155 2082 (
3182 2011 3342 2066 Hebr.
3376 2014 3460 2068 i0.
3486 2015 3557 2070 53
3577 2015 3620 2086 ).
3651 2016 3769 2071 Jam
3802 2019 3931 2087 quid

2329 2100 2521 2155 attinet
2552 2116 2646 2156 eos
2674 2117 3099 2158 commemorare
3125 2105 3213 2172 qui
3243 2115 3294 2159 et
3329 2106 3427 2174 ipsi
3458 2116 3584 2160 sunt
3609 2111 3844 2175 mortui,
3879 2121 3934 2165 et

2329 2191 2417 2271 qui
2449 2206 2544 2246 eos
2569 2193 2886 2259 incitarunt,
2916 2210 2947 2248 a
2977 2195 3166 2263 quibus
3195 2195 3317 2250 talia
3350 2198 3784 2268 suscipiebantur
3809 2216 3932 2257 eer-

2329 2283 2526 2334 tamina
2553 2324 2566 2346 ,
2594 2297 2713 2336 cum
2745 2283 2888 2338 viros
2909 2325 2924 2349 ,
2954 2294 3065 2339 tum
3096 2285 3392 2340 mulieres?
3419 2286 3584 2343 Recte
3623 2300 3806 2344 autem
3834 2290 3934 2347 hos

2329 2386 2540 2440 quoque
2568 2372 2764 2426 laudat.
2795 2372 2925 2426 Nam
2955 2384 3008 2428 et
3036 2373 3318 2430 facultates
3343 2390 3468 2431 suas
3498 2391 3797 2449 exposuere
3820 2396 3934 2451 per-

2332 2463 2507 2530 multi,
2528 2472 2587 2518 ut
2611 2464 2770 2520 etiam
2800 2465 2961 2520 vincti
2983 2474 3037 2521 et
3064 2468 3278 2522 exsules
3307 2477 3466 2523 tantae
3492 2471 3815 2526 calamitatis
3833 2474 3936 2528 ali-

2331 2570 2437 2624 quo
2466 2557 2658 2610 solatio
2694 2557 3023 2624 fruerentur,
3055 2568 3109 2614 et
3133 2560 3283 2628 juxta
3312 2560 3512 2616 dictum
3546 2562 3674 2618 illud
3701 2566 3936 2634 apostoli

2336 2645 2455 2717 (Ib.
2496 2663 2544 2706 υ.
2574 2645 2704 2718 δι),
2736 2663 2854 2702 cum
2897 2649 3091 2719 gaudio
3136 2651 3375 2720 rapinam
3421 2652 3684 2708 bonorum
3712 2669 3937 2712 suorum

2333 2741 2668 2809 susciperent
2694 2759 2706 2793 :
2735 2742 2822 2795 alii
2859 2745 3048 2810 partim
3079 2745 3244 2812 patria
3267 2787 3282 2810 ,
3317 2747 3506 2814 partim
3536 2748 3640 2801 vita
3677 2749 3792 2817 ipsa
3822 2751 3932 2818 pri-

2334 2833 2440 2887 vati
2485 2844 2624 2887 sunt.
2674 2833 2805 2888 Cum
2851 2837 3008 2904 igitur
3054 2845 3226 2891 tantas
3264 2853 3394 2908 opes
3448 2840 3667 2906 videas,
3722 2852 3935 2899 tantum

2338 2925 2565 2991 lucrum,
2602 2936 2803 2980 tantum
2835 2938 3096 2997 quaestum
3123 2929 3377 2984 Ecclesia:
3409 2933 3727 2998 obvenisse,
3760 2943 3942 2990 tantos

2335 3017 2631 3085 aequisitos
2661 3033 2783 3073 esse
2826 3019 3108 3075 thesauros
3132 3063 3145 3080 .
3175 3037 3271 3077 eos
3299 3025 3386 3092 qui
3419 3025 3564 3094 prius
3590 3027 3774 3081 animo
3804 3043 3938 3083 cou-

2336 3105 2577 3161 ciderant
2600 3150 2613 3172 ,
2645 3107 2767 3177 igne
2796 3110 3132 3167 ardentiores
3162 3128 3282 3168 esse
3330 3115 3496 3169 factos
3517 3156 3535 3181 ,
3574 3131 3671 3172 eos
3705 3119 3799 3187 qui
3846 3119 3941 3174 toti

2338 3196 2558 3252 theatris
2606 3199 2751 3253 afﬁxi
2797 3211 2984 3266 erant,
3033 3202 3242 3258 deserta
3291 3205 3544 3273 petiisse,
3587 3223 3649 3262 ac
3689 3209 3861 3264 saltus
3889 3219 3942 3264 et

2339 3299 2548 3342 montes
2578 3289 2630 3342 in
2664 3287 2933 3344 Ecclesias
2961 3293 3291 3349 convertisse
3315 3335 3330 3359 ,
3378 3310 3439 3350 ac
3481 3298 3697 3352 nemine
3722 3314 3939 3370 gregem

2340 3379 2620 3444 educente,
2645 3397 2769 3437 oves
2801 3398 3072 3452 paStornm
3103 3402 3324 3442 munere
3351 3387 3562 3445 functas
3587 3405 3727 3456 esse,
3755 3407 3821 3447 ac
3849 3395 3942 3450 mi-

2342 3471 2460 3526 lites
2487 3472 2612 3527 item
2647 3475 2981 3545 imperatoris
3005 3493 3068 3533 ac
3092 3478 3265 3545 ducis,
3292 3497 3413 3536 cum
3444 3493 3641 3538 tantam
3664 3486 3943 3542 conﬁden-

2342 3565 2467 3619 tiam
2495 3581 2557 3620 ac
2586 3565 2946 3622 fortitudinem
2981 3585 3090 3639 pra:
3121 3588 3179 3626 se
3221 3573 3451 3636 ferrent,
3493 3592 3788 3648 omnesque
3817 3596 3938 3636 eum

2341 3670 2407 3708 eo
2431 3671 2536 3724 quo
2568 3671 2664 3726 par
2701 3671 2817 3712 erat
2847 3659 3041 3716 ardore
3065 3702 3080 3726 ,
3118 3662 3296 3717 studio
3319 3706 3334 3730 ,
3378 3665 3644 3736 diligentia
3686 3670 3944 3727 collectas

2341 3747 2614 3803 celebrare
2645 3767 2658 3802 :
2689 3765 2791 3804 non
2814 3751 3154 3821 obstupescis
3179 3764 3231 3807 et
3256 3755 3490 3823 miraris,
3513 3762 3785 3828 negotium
3809 3763 3945 3819 adeo

2343 3837 2564 3894 feliciter
2603 3842 2970 3898 successisse?
3009 3843 3125 3898 Non
3173 3847 3312 3900 enim
3361 3849 3522 3904 modo
3559 3851 3652 3920 qui
3701 3855 3944 3910 moribus

2345 3931 2524 4000 probis
2555 3943 2726 3997 erant,
2759 3934 2852 3988 sed
2882 3946 2936 3990 et
2964 3937 3114 3990 multi
3148 3939 3236 4006 qui
3271 3937 3599 3996 theatrorum
3628 3944 3836 3999 insania
3868 3947 3944 4000 la-

2345 4023 2623 4089 borabant,
2667 4035 2716 4080 et
2769 4027 2904 4081 ludis
2946 4027 3289 4085 Circensibus
3333 4033 3530 4088 addicti
3585 4047 3779 4103 erant,
3825 4041 3945 4094 zelo

2345 4114 2572 4182 quodam
2606 4115 2725 4184 igne
2754 4117 3140 4174 vehementiori
3167 4124 3412 4176 succensi
3439 4134 3602 4180 totam
3633 4127 3778 4184 illam
3802 4130 3946 4184 ins-t-

2348 4207 2488 4259 niam
2532 4206 2840 4274 abjecerunt
2867 4251 2881 4275 ,
2921 4220 2974 4264 et
3018 4227 3114 4280 per
3143 4212 3284 4282 ipsos
3315 4217 3699 4284 propemodum
3739 4222 3946 4290 gladios

2347 4298 2662 4352 exsilierunt
2682 4342 2697 4365 ,
2735 4303 3074 4370 magistratus
3097 4304 3353 4362 audacter
3375 4325 3439 4364 ac
3466 4309 3632 4366 libere
3656 4327 3780 4368 sunt
3805 4315 3942 4370 allo-

2347 4391 2526 4459 quuti,
2572 4401 2836 4448 tormenta
2881 4407 3235 4464 spreverunt,
3271 4403 3444 4457 minas
3480 4411 3750 4474 aspernati
3780 4421 3938 4474 sunt,

2349 4493 2544 4550 quanta
2578 4483 2786 4538 virtutis
2811 4486 2881 4540 sit
2910 4488 2990 4542 vis
3020 4489 3398 4558 ostenderunt,
3427 4505 3482 4549 et
3509 4471 3617 4566 quo
3647 4510 3802 4567 pacto
3827 4471 3944 4558 ﬁeri

2349 4575 2520 4642 possit
2561 4585 2619 4629 ut
2659 4578 2821 4631 etiam
2866 4579 3023 4635 valde
3074 4581 3315 4650 perditus
3361 4584 3522 4640 homo
3573 4591 3942 4658 pmuitentiam

2353 4680 2517 4734 agens
2548 4677 2601 4722 et
2628 4684 2921 4727 conversus
2956 4673 3126 4742 ipsum
3174 4678 3335 4731 etiam
3381 4679 3644 4751 fastigium
3689 4686 3945 4742 calorum

2353 4757 2596 4828 attingat.
2627 4760 2759 4815 Cum
2805 4777 2932 4832 ergo
2978 4774 3084 4820 tam
3132 4769 3297 4822 multa
3342 4772 3559 4839 praemia
3595 4774 3806 4840 videas,
3837 4787 3948 4835 tam

2353 4850 2547 4903 multas
2577 4865 2807 4906 coronas
2832 4857 3117 4924 acquisitas
3143 4898 3157 4918 ,
3192 4869 3390 4914 tantam
3420 4876 3660 4932 sparsam
3688 4881 3810 4924 esse
3851 4870 3952 4925 du-

2353 4940 2599 5005 ctrinam,
2635 4944 2778 4998 unde
2800 4986 2816 5009 ,
2858 4961 3041 5014 qutcso
3062 4989 3077 5012 ,
3121 4948 3203 5013 ﬁt,
3248 4960 3306 5004 ut
3337 4955 3748 5014 scandalizeris?
3776 4961 3859 5017 Ex
3881 4979 3952 5018 eo

2353 5032 2495 5097 quod
2516 5034 2753 5088 nonnulli
2784 5047 3027 5104 pereant,
3062 5040 3249 5109 inquit.
3281 5045 3347 5096 At
3372 5046 3515 5100 enim
3539 5092 3553 5112 ,
3579 5060 3637 5103 ut
3661 5049 3773 5119 jam
3808 5053 3945 5120 dixi.

2355 5135 2529 5189 neque
2554 5123 2735 5180 dicere
2758 5126 3020 5193 desinam,
3051 5129 3103 5184 bi
3133 5133 3448 5200 perditionis
3475 5152 3585 5193 suze
3609 5145 3952 5202 occasionem

2354 5214 2451 5267 sibi
2475 5215 2608 5283 ipsis
2647 5217 2844 5273 debent
2870 5221 3151 5291 imputare.
3180 5225 3317 5282 Nihil
3359 5231 3502 5284 enim
3543 5231 3682 5290 aliud
3713 5246 3824 5292 toto
3852 5240 3953 5296 de-

2356 5320 2513 5400 cursu
2542 5311 2800 5400 orationis
2826 5312 3053 5380 probare
3077 5318 3349 5374 contendi.
3376 5320 3555 5377 Dicam
3579 5335 3631 5378 et
3656 5326 3798 5382 aliud
3825 5345 3959 5400 pra-

2355 5399 2557 5453 clarum
2591 5399 2794 5456 facinus
2823 5403 2944 5458 inde
2970 5415 3174 5461 natum.
3196 5409 3366 5476 Quam
3399 5414 3548 5468 multi
3574 5415 3717 5470 larva
3742 5399 3959 5488 pietatis

2355 5488 2593 5581 obtecti,
2624 5507 2782 5560 quam
2823 5494 2975 5549 multi
3006 5497 3312 5554 simulatam
3343 5508 3810 5568 mansuetudinem
3845 5528 3958 5581 [me

2355 5594 2414 5672 se
2441 5579 2675 5636 ferentes
2694 5621 2710 5648 ,
2759 5598 2920 5653 quam
2949 5588 3106 5642 multi
3131 5631 3147 5656 ,
3175 5591 3265 5660 qui
3295 5593 3392 5647 viri
3423 5597 3602 5666 magni
3648 5614 3771 5656 esse
3798 5579 3955 5672 puta-

2357 5670 2567 5737 bantur,
2601 5687 2699 5728 nec
2737 5686 2927 5742 erant,
2960 5678 3241 5736 confestim
3292 5682 3395 5739 hoc
3435 5695 3676 5758 tempore
3719 5670 3956 5751 convicti

2359 5763 2590 5829 fuerunt,
2625 5765 2943 5838 illorumque
2972 5769 3179 5827 fallacia
3209 5773 3443 5844 detecta,
3471 5781 3611 5849 quod
3640 5795 3798 5838 erant
3816 5828 3832 5851 ,
3857 5801 3957 5858 ap-

2365 5866 2684 5928 paruerunt,
2711 5873 2816 5915 non
2851 5861 2992 5932 quod
3025 5878 3120 5934 per
3159 5878 3424 5924 summam
3465 5869 3708 5929 fraudem
3745 5891 3807 5934 se
3832 5887 3958 5935 esse
