4192 6498
217 431 323 488 5Ϊ9

216 546 602 619 περιέκειντο,
639 549 689 601 οί
721 547 778 602 δι
823 546 1082 619 πατρίδος
1113 546 1398 611 ἐξέπεσον,
1443 546 1495 599 οί
1525 544 1582 598 δέ
1627 543 1817 599 οὐσίαν

213 639 524 704 ἀπέϐαλον,
548 643 600 695 οί
624 640 683 694 δέ
723 639 860 712 πρὸς
903 639 1004 712 τὴν
1037 639 1343 713 ὑπερορίαν
1370 637 1813 710 μετῳκίσθησαν,

212 731 266 785 οί
299 731 358 786 δέ
391 733 740 803 ἐσφάγησαν,
765 733 814 785 οί
845 731 946 802 μὲν
972 733 1068 786 καὶ
1089 734 1155 805 τῇ
1188 733 1380 804 πείρᾳ,
1403 733 1453 786 οί
1476 731 1534 785 δὲ
1556 731 1652 784 καὶ
1678 729 1814 800 μόνῃ

214 826 282 896 τῇ
309 823 529 898 γνώμῃ.
548 825 661 879 Καὶ
685 827 796 898 γὰρ
818 825 1063 898 δοράτων
1083 825 1500 898 γυμνουμένων,
1525 825 1619 878 καὶ
1645 823 1816 893 ξιφῶν

211 917 614 989 ὴκονημένων,
676 919 772 971 καὶ
830 917 1073 973 ἀπειλῶν
1132 917 1256 972 καθ’
1315 917 1557 989 ἐκάστην
1600 917 1814 988 ἡμέραν

219 1007 543 1077 γινομένων,
573 1006 669 1059 καὶ
696 1006 806 1060 τῶν
840 1007 900 1060 ἐν
939 1007 1138 1077 ἀρχαῖς
1170 1005 1347 1078 θυμοῦ
1383 1008 1655 1061 πνεόντων
1675 1045 1690 1070 ,
1721 1006 1814 1060 καὶ

213 1098 394 1167 φόνων
420 1097 954 1169 ἐπανατειναμένων,
981 1098 1080 1153 καὶ
1106 1098 1321 1171 μυρίων
1347 1098 1506 1152 εἰδῶν
1534 1098 1812 1153 κολάσεων

211 1189 309 1243 καὶ
337 1189 644 1261 τιμωριῶν,
665 1191 768 1244 οὐκ
808 1185 982 1257 είξαν,
1010 1190 1134 1245 οὐδὲ
1173 1190 1467 1252 ἐνέδωκαν,
1499 1189 1618 1245 ἀλλ’
1645 1190 1810 1262 έστη-

213 1296 315 1334 σαν
362 1281 458 1334 ἐπὶ
509 1280 613 1352 τῆς
644 1281 851 1352 πέτρας
897 1279 1147 1354 ἀκίνητοι
1171 1323 1187 1348 ,
1221 1281 1402 1336 πάντα
1440 1281 1538 1335 καὶ
1584 1281 1810 1351 ποιῆσαι

209 1370 307 1424 καὶ
349 1370 546 1425 παθείν
578 1371 918 1444 αἱρούμενοι,
945 1371 1087 1428 ὥστε
1128 1373 1204 1444 μὴ
1239 1373 1568 1445 κοινωνῆσαι
1597 1375 1664 1444 τῇ
1700 1391 1808 1427 πα-

213 1461 452 1534 ρανομία
481 1462 595 1516 τῶν
630 1462 697 1516 τά
729 1463 956 1518 τοιαῦτα
990 1466 1409 1539 τετολμηκότων
1428 1504 1444 1529 ,
1483 1467 1585 1520 οὐκ
1614 1466 1809 1538 ἀνδρες

204 1551 267 1606 δὶ
305 1552 490 1625 μόνον,
516 1553 656 1608 ἀλλὰ
687 1555 782 1608 καὶ
812 1558 1093 1624 γυναῖκες.
1129 1558 1241 1612 Καὶ
1276 1557 1388 1631 γὰρ
1423 1553 1519 1612 καὶ
1548 1560 1809 1628 γυναῖκες

205 1639 345 1713 πρὸς
368 1641 464 1696 τδν
489 1641 679 1711 ἀγῶνα
713 1643 1055 1700 ἀπεδύσαντο
1079 1644 1291 1712 τοῦτον,
1322 1646 1418 1701 καὶ
1445 1645 1658 1718 ἀνδρῶν
1682 1645 1809 1700 πολ-

203 1733 374 1805 λαχοῦ
441 1734 644 1806 μᾶλλον
666 1769 673 1778 ε
696 1736 1041 1807 ἠνδρίσαντο.
1081 1738 1156 1795 Οὐ
1205 1741 1464 1809 γυναῖκες
1503 1739 1559 1793 δὲ
1605 1739 1803 1811 μόνον,

203 1823 345 1878 ἀλλά
375 1826 473 1879 καὶ
503 1825 614 1880 νέοι
642 1827 738 1882 καὶ
778 1829 1042 1899 μειράκια
1073 1829 1295 1903 κομιδῆ.
1327 1829 1493 1884 Ταῦτ’
1523 1825 1638 1897 οῦν,
1679 1830 1803 1885 είπέ

207 1932 320 1985 μοι,
353 1916 554 1988 μικρὰ,
585 1915 840 1971 τοσοῦτον
877 1919 1051 1990 δῆμον
1089 1921 1386 1992 μαρτύρων
1413 1922 1675 1994 κερδᾶναι
1703 1921 1808 1995 τὴν

215 2007 582 2079 ἐκκλησίαν;
615 2009 910 2083 Μάρτυρες
949 2011 1064 2084 γάρ
1103 2012 1344 2078 ἀπαντες
1377 2008 1544 2070 οὗτοι.
1582 2015 1657 2069 Οὐ
1689 2015 1800 2087 γὰρ

199 2099 265 2170 δὴ
302 2100 470 2172 μόνον
502 2101 702 2156 ἐκεῖνοι
731 2104 781 2155 οί
811 2103 893 2166 είς
921 2103 1276 2178 δικαστήριον
1300 2105 1679 2170 ἐλκυσθέντες,
1704 2103 1800 2161 καὶ

203 2191 364 2245 θῦσαι
394 2192 785 2270 κελευσθέντες
810 2236 826 2259 ,
873 2195 966 2248 καὶ
1024 2195 1100 2266 μὴ
1155 2197 1501 2264 πεισθέντες,
1533 2198 1800 2262 παθόντες

199 2282 343 2354 άπερ
378 2283 608 2348 ἔπαθον,
645 2284 924 2356 μάρτυρες
958 2284 1024 2339 ἂν
1068 2282 1182 2340 εἶεν
1266 2289 1404 2343 ἀλλά
1448 2290 1695 2345 κάκεῖνοι
1744 2291 1795 2344 οἱ

199 2376 341 2448 ὑπὲρ
369 2375 596 2430 ὁτουοῦν
627 2376 734 2430 τῶν
766 2377 845 2448 τῷ
889 2376 1010 2450 Θεῷ
1050 2379 1354 2435 δοκούντων
1381 2382 1575 2437 παθεῖν
1608 2401 1662 2436 τι
1690 2399 1795 2438 κα·-

197 2468 558 2540 ταδεξάμενοι
581 2487 594 2499 ·
623 2470 720 2524 καὶ
755 2469 808 2523 εἴ
835 2488 920 2535 τις
963 2471 1101 2543 μετά
1132 2472 1419 2544 ἀκριδείας
1459 2472 1791 2542 ἐξετάσειεν,

195 2551 343 2613 οῦτοι
376 2558 605 2630 μᾶλλον,
635 2560 669 2630 ἢ
715 2563 936 2616 ἐκεῖνοι.
973 2561 1048 2615 υύ
1078 2561 1189 2633 γάρ
1221 2565 1369 2617 ἐστιν
1413 2564 1526 2617 ἴσον
1566 2565 1792 2638 ὀλέθρου

195 2651 440 2706 τοιούτου
473 2653 572 2706 καὶ
619 2653 898 2717 ἀπωλείας
928 2651 1109 2725 ψυχῆς
1148 2657 1578 2728 προτεινομένης
1617 2676 1790 2712 κατα-

193 2745 456 2811 δέξασθαι
496 2745 690 2799 παθεῖν
722 2763 777 2799 τι
806 2747 900 2798 καὶ
931 2745 1008 2817 μὴ
1047 2745 1482 2817 παραπολέσθαι,
1521 2748 1615 2804 καὶ
1646 2749 1790 2822 ὑπὲρ

193 2836 478 2900 ἐλάττονος
500 2835 930 2907 κατορθώματος
959 2835 1058 2909 τὴν
1079 2836 1252 2908 αὐτὴν
1269 2837 1476 2909 ταύτην
1498 2841 1788 2909 ὑπομείναι

191 2930 485 3001 τιμωρίαν.
516 2930 641 2982 Ὅτι
667 2928 724 2982 δέ
753 2928 851 2999 ούχ
879 2930 927 2982 οί
965 2929 1268 2998 σφαγέντες
1301 2931 1485 3000 μόνον,
1526 2931 1663 2988 ἀλλά
1691 2933 1788 2987 καὶ

189 3024 238 3076 οί
261 3020 779 3095 παρεσκευασμένοι
802 3022 896 3074 καὶ
915 3020 1198 3092 γενόμενοι
1217 3022 1353 3093 πρὸς
1376 3023 1535 3076 τοῦτο
1553 3024 1784 3097 ἕτοιμοι,

193 3112 501 3184 μαρτυρίου
541 3111 811 3181 στέφανον
850 3112 1201 3184 ἀνεδήσαντο,
1234 3112 1395 3168 τοῦτό
1422 3132 1482 3168 τε
1509 3116 1662 3180 αὐτὸ,
1691 3118 1786 3171 καὶ

188 3203 216 3256 δ
255 3203 526 3275 πρότερον
570 3203 790 3273 είρηκα,
821 3202 903 3255 ὅτι
957 3204 986 3256 ὁ
1013 3203 1153 3275 ὑπὲρ
1198 3204 1496 3260 ἐλαττόνων
1530 3210 1782 3277 σφαγεὶς,

191 3293 403 3364 μάρτυς
433 3293 587 3345 ἐστὶν
619 3294 1056 3364 ἀπηρτισμένος,
1090 3293 1197 3347 ἀπὺ
1230 3295 1326 3367 τῆς
1353 3295 1575 3351 Παύλου
1600 3300 1785 3370 φωνῆς

187 3383 473 3450 ἀποδεῖξαι
507 3382 666 3436 τοῦτο
694 3384 1050 3454 πειράσομαι.
1087 3384 1420 3457 ’Δρξάμενος
1448 3387 1558 3459 γάρ
1585 3389 1784 3460 ἀπαρι-

188 3473 446 3546 θμεϊσθαι
479 3475 610 3539 τοὺς
641 3476 735 3528 ἐπὶ
762 3475 871 3528 τῶν
893 3476 1176 3545 προγόνων
1200 3476 1522 3548 λάμψαντας
1543 3481 1570 3533 δ
1602 3481 1781 3552 μακά-

189 3584 302 3638 ριος
330 3568 571 3633 Παῦλος,
606 3569 701 3621 καὶ
727 3566 826 3638 τὴν
862 3567 1037 3640 ἀρχὴν
1077 3569 1187 3621 ἀπὸ
1228 3569 1324 3623 τοῦ
1360 3570 1528 3624 Ἀεελ
1554 3574 1784 3645 ποιησά-

187 3675 382 3730 μενος,
427 3655 546 3713 εἷτα
595 3659 872 3732 προελθὼν
923 3663 1003 3724 είς
1030 3661 1122 3713 τὸν
1161 3661 1320 3727 Νῶε,
1351 3662 1445 3715 τὸν
1493 3662 1778 3735 Ἀϐραὰμ,

182 3749 275 3803 τὸν
315 3750 537 3817 Ἰσαάκ,
581 3751 674 3803 τὸν
720 3749 936 3816 Ἰακὼϐ,
973 3751 1063 3804 τὸν
1107 3753 1378 3818 Μωῦσέα,
1407 3753 1498 3806 τὸν
1550 3755 1778 3827 Ἰησοῦν,

181 3847 274 3898 τὸν
309 3843 497 3908 Δαυΰ,
522 3843 617 3898 τὸν
654 3844 928 3915 Σαμουὴλ,
960 3844 1054 3897 τὸν
1088 3845 1296 3906 Ἠλίαν,
1328 3846 1421 3900 τὸν
1456 3848 1776 3912 Ἐλισσαῖον,

181 3935 272 3990 τὸν
307 3935 453 4001 Ἰὼϐ,
487 3937 735 4006 ἐπήγαγε
763 3935 936 4004 λέγων
955 3954 968 3966 ο
1009 3939 1332 4006 Τοιγαροῦν
1358 3940 1456 3992 καί
1486 3941 1656 4009 ἡμεῖς
1680 3959 1776 3995 τοο

180 4028 413 4081 σοῦτον
439 4027 688 4096 ἔχοντες
716 4028 1129 4096 περικείμενον
1163 4031 1311 4098 ἡμῖν
1341 4034 1523 4100 νέφος
1553 4035 1777 4101 μαρτύ-

174 4136 317 4186 ρων.
355 4119 618 4187 Καίτοιγε
653 4121 714 4172 ού
760 4120 962 4185 πάντες
1009 4123 1326 4193 ἐσφάγησαν
1366 4117 1533 4185 οὗτοι,
1574 4124 1776 4194 μᾶλλον

177 4211 236 4264 δέ
261 4209 388 4264 οῦδέ
423 4205 526 4274 εἷς,
573 4211 716 4282 πλὴν
745 4212 891 4266 δυοῖν
925 4213 958 4284 ἦ
1003 4213 1192 4286 τριῶν,
1215 4215 1312 4270 τοῦ
1347 4217 1514 4269 Ἀδελ
1547 4220 1642 4272 καὶ
1678 4220 1772 4273 τοῦ

192 4302 440 4355 Ἰωάννου
459 4318 472 4331 ·
509 4303 560 4354 οί
589 4302 647 4356 δὲ
675 4302 823 4357 ἄλλοι
858 4305 1260 4378 πάντεςοίκεία
1283 4307 1508 4380 τελευτῇ
1538 4311 1629 4366 τὸν
1659 4310 1775 4381 βίον

178 4393 503 4447 κατέλυσαν.
537 4395 648 4448 Καὶ
683 4396 935 4469 Ἰωάννης
973 4397 1030 4451 δὲ
1072 4399 1236 4464 αὐτὸς
1275 4401 1336 4454 οὺ
1380 4401 1539 4456 θῦσαι
1581 4402 1771 4456 κελευ-

182 4479 329 4546 σθεὶς
360 4484 456 4536 καὶ
483 4484 561 4555 μὴ
597 4485 1036 4558 καταδεξάμενος
1066 4490 1304 4562 ἐσφάγη,
1327 4492 1449 4546 οὐδὲ
1479 4496 1560 4557 εἰς
1588 4495 1772 4566 βωμὸν

178 4575 389 4644 ἁχθεξ,
417 4576 542 4629 ούδέ
574 4577 712 4648 πρὸς
755 4579 974 4632 εἴδωλον
1010 4581 1313 4647 ἐλκυσθεὶς,
1342 4585 1457 4637 ἀλλ’
1491 4588 1634 4659 ύπέρ
1672 4591 1772 4661 ρή.

181 4683 348 4734 ματος
390 4668 530 4731 ἐνός.
567 4668 787 4741 Ἐπειδὴ
820 4673 928 4743 γὰρ
958 4669 1078 4725 εἷπε
1117 4674 1194 4745 τῷ
1230 4674 1467 4751 Ἡρώδῃ.
1509 4682 1631 4735 Οὐκ
1668 4681 1769 4744 ἕε-

176 4761 308 4812 an!
327 4775 430 4813 σοι
447 4759 612 4827 ἔχειν
637 4760 750 4828 τὴν
777 4763 1031 4830 γυναῖκα
1048 4767 1350 4822 Φιλίππου
1367 4771 1474 4824 τοῦ
1498 4772 1767 4842 ἀδελφοῦ

175 4865 315 4912 σου,
357 4850 454 4902 καὶ
501 4850 564 4903 τὸ
605 4850 980 4925 δεσμωτήριον
1012 4856 1226 4928 ᾠκησε,
1274 4861 1369 4913 καὶ
1408 4861 1507 4933 τὴν
1553 4866 1766 4937 σφαγὴν

176 4941 394 5010 ἐκείνην
428 4941 744 5012 ὑπέμεινεν.
796 4946 859 4998 Εἰ
907 4946 964 4999 δὲ
994 4948 1022 4999 ὁ
1052 4950 1229 5020 γάμον
1278 4956 1765 5027 παρανομούμενον

175 5031 493 5103 ὲκδικήσας,
526 5034 591 5087 τό
621 5051 684 5102 γε
710 5036 790 5098 είς
825 5037 985 5091 αὐτὸν
1017 5035 1152 5110 ἧκον
1181 5043 1328 5113 (οὐδὲ
1357 5045 1466 5117 γὰρ
1486 5045 1763 5119 διώρθωσε

171 5123 234 5176 τὺ
266 5122 455 5188 κακῶς
490 5126 879 5195 γεγενημένον,
910 5127 1064 5203 [506]
1100 5131 1212 5203 ἀλλ’
1251 5130 1372 5187 εἷπε
1411 5137 1596 5207 μόνον,
1622 5140 1761 5194 παῦ-

174 5230 264 5268 σαι
291 5216 349 5269 δὲ
387 5216 488 5269 οὐκ
523 5217 799 5287 ἴσχυσεν),
846 5222 894 5272 εί
925 5223 1107 5275 τοίνυν
1150 5226 1177 5276 ό
1231 5225 1390 5295 μόνον
1422 5230 1626 5295 είπὼν,
1668 5235 1762 5286 καὶ

173 5308 342 5377 μηδὲν
365 5307 579 5362 οίκοθεν
608 5312 638 5380 ἢ
666 5311 829 5366 τοῦτο
851 5315 1202 5383 εἰσενεγκὼν,
1227 5318 1414 5391 ἐπειδὴ
1442 5323 1758 5397 ἀπετμήθη,

171 5403 408 5473 μάρτυς,
467 5405 561 5457 καὶ
609 5406 907 5477 μαρτύρων
950 5408 1066 5460 ἐστὶ
1107 5409 1356 5482 πρῶτοςο
1403 5415 1453 5467 οἱ
1492 5421 1759 5483 τοσαύτας

169 5496 386 5562 σφαγάς
437 5495 907 5567 προσδοκήσαντες
929 5539 943 5559 ,
995 5502 1088 5554 καὶ
1139 5504 1260 5573 οὐχὶ
1308 5506 1445 5576 πρὸς
1488 5508 1755 5582 Ἡρώδην,

331 5586 471 5657 πρὸς
495 5588 622 5646 τοὺς
663 5590 1003 5658 κρατοῦντας
1039 5595 1139 5665 τῆς
1171 5596 1498 5670 οίκουμένης
1539 5603 1758 5674 ἀπάσης

164 5670 592 5743 ἀποδυσάμενοι,
621 5677 717 5729 καὶ
748 5679 870 5750 οὐχὶ
899 5681 1062 5753 γάμῳ
1097 5690 1593 5760 παρανομουμένῳ,
1621 5670 1757 5746 ἀλλὰ

166 5762 353 5858 νόμοις
401 5766 680 5838 πατρῴοις
725 5771 820 5824 καὶ
864 5771 1089 5844 θεσμοῖς
1136 5776 1461 5849 Ἐκκλησίας
1513 5785 1754 5858 ἐπηρεα-

167 5854 336 5911 σθτῐσι
389 5861 797 5929 παραστάντες.
823 5867 915 5918 καὶ
948 5866 1036 5920 διά
1076 5869 1184 5921 τῶν
1219 5872 1482 5943 ρημάτων
1531 5854 1636 5930 καί*
1665 5881 1750 5935 διὰ

454 5953 734 6016 Pyram.
777 5955 898 6019 Gn.
942 5956 1072 6017 LII.

1008 6179 1042 6199 ο

1071 424 1167 489 AD
1204 430 1338 490 EOS
1384 424 1507 500 QUI
1540 409 2052 486 SCANDALIZATI
2093 419 2301 481 SUNT.
2334 421 2465 476 LIB.
2511 418 2724 478 UNUS.

3415 417 3529 476 520

1921 536 2032 592 τῶν
2065 537 2410 608 πραγμάτων
2441 531 2760 606 παρρησίαν
2806 529 3212 602 ἐπιδειξάμενοι
3233 573 3247 595 ,
3274 529 3372 584 καὶ
3399 530 3526 585 καθ’

1921 626 2158 698 ἑκάστην
2197 624 2415 697 ἡμέραν
2449 621 2908 693 ἀποθνήσκοντες,
2941 619 3033 673 καὶ
3069 619 3266 692 ἀνδρες
3299 619 3398 674 καὶ
3425 637 3525 688 γυ-

1919 723 2101 779 ναῖκες
2130 716 2223 768 καὶ
2255 714 2470 776 παῖδες,
2497 712 2615 775 πῶς
2646 711 2747 764 ούκ
2782 709 2850 764 ἂν
2879 706 2990 764 εἷεν
3019 709 3220 763 δίκαιοι
3259 710 3523 781 μυριάκις

1921 811 2001 871 είς
2028 805 2123 860 τὸν
2141 805 2252 860 τῶν
2282 802 2579 876 μαρτύρων
2608 801 2979 872 καταλεγῆναι
3012 800 3208 872 χορόν;
3243 800 3398 854 Ἐπεὶ
3425 801 3521 854 καὶ

1917 896 1946 949 ὁ
1986 894 2261 966 Ἀϐραὰμ.
2299 894 2374 966 μὴ
2407 892 2619 963 σφάξας
2649 892 2716 962 τῇ
2772 891 2940 962 πείρα
2968 889 3062 943 τὸν
3101 890 3239 947 υἱὸν.
3278 890 3344 960 τῇ
3383 905 3518 961 προ-

1919 985 2065 1039 θέσει
2095 983 2317 1054 έσφαξε,
2355 981 2449 1038 καὶ
2481 983 2666 1052 φωνῆς
2699 981 2934 1051 ἤκουσεν
2969 977 3178 1034 ἀνωθεν
3225 977 3516 1047 λεγούσης,

1915 1077 1999 1129 δτι
2029 1076 2149 1129 Οὐκ
2190 1073 2415 1143 ἐφείσω
2453 1071 2560 1126 τοῦ
2605 1070 2743 1126 υίοῦ
2783 1084 2902 1124 σου
2943 1067 3052 1123 τοῦ
3093 1067 3407 1137 ἀγαπητοῦ
3445 1066 3522 1120 δι’

1917 1162 2040 1232 ἐμέ.
2069 1162 2227 1216 Οῦτω
2249 1160 2530 1232 πανταχοῦ
2555 1158 2650 1214 καὶ
2671 1159 2706 1230 ὴ
2727 1156 2946 1229 γνώμη,
2968 1157 3097 1210 ὅταν
3129 1155 3521 1227 ἀπηρτισμένη

1914 1247 1948 1323 ᾗ
1976 1251 2070 1304 ἐπὶ
2102 1250 2204 1320 τῆς
2231 1249 2455 1320 ἀρετῆς,
2482 1247 2778 1318 ὁλόκληρον
2806 1245 3077 1317 λαμὸἀνει
3105 1243 3199 1299 τὸν
3228 1244 3517 1315 στέφανον.

1915 1342 1978 1394 EI
2023 1341 2080 1395 δὲ
2129 1342 2358 1403 ἐκεῖνος.
2393 1337 2512 1393 υἱοῦ
2563 1339 2637 1409 μὴ
2692 1337 3048 1409 φεισάμενος,
3083 1333 3259 1400 οὓτως
3308 1337 3516 1404 ἀνεκη-

1923 1429 2148 1501 ρύττετο
2183 1441 2234 1490 ι,
2268 1421 2417 1482 οὗτοι
2473 1426 2685 1480 ἑαυτῶν
2719 1426 2795 1498 μὴ
2847 1425 3170 1496 φεισάμενοι
3194 1463 3210 1487 ,
3260 1423 3518 1494 ἐννόησον

1914 1518 2079 1571 πόσον
2123 1516 2385 1588 λήψονται
2428 1514 2619 1586 μισθὸν
2640 1555 2655 1578 ,
2691 1514 2752 1568 ού
2787 1514 2939 1585 μίαν,
2989 1513 3052 1566 ού
3097 1509 3211 1576 δύο,
3239 1512 3335 1566 καὶ
3364 1513 3518 1582 τρεῖς

1908 1606 2149 1677 ἡμέρας,
2171 1605 2288 1658 ἀλλ’
2320 1605 2615 1678 ὁλόκληρον
2639 1603 2731 1657 τὸν
2756 1602 2870 1674 βίον
2896 1603 2988 1657 ἐπὶ
3017 1601 3117 1672 τῆς
3151 1600 3515 1674 παρατάξεως

1912 1692 2195 1764 ἱστάμενοι
2236 1691 2478 1764 ταύτης,
2523 1691 2842 1764 βαλλόμενοι
2890 1689 3222 1763 λοιδορίαις,
3264 1688 3510 1761 ὕϐρεσιν,

1908 1785 2219 1854 ἐπηρείαις,
2253 1782 2662 1853 συκοφαντίαις.
2688 1781 2824 1835 Ούδέ
2849 1780 2960 1851 γὰρ
2991 1779 3150 1834 τοῦτο
3175 1777 3391 1851 μικρόν.
3418 1774 3513 1829 Διδ

1908 1873 2003 1926 καὶ
2048 1871 2125 1935 ὼς
2159 1871 2305 1941 μέγα
2347 1871 2560 1936 Παῦλος
2599 1869 2733 1924 αὐτὸ
2767 1867 3038 1940 θαυμάζει
3075 1867 3281 1936 λέγων’
3330 1864 3514 1920 Τοῦτο

1900 1958 2018 2030 μὲν
2038 1953 2407 2030 ὀνειδισμοῖς
2437 1960 2537 2012 καί
2568 1958 2823 2028 θλίψεσι
2850 1954 3303 2026 θεατριζόμενοι,
3330 1952 3510 2008 τοῦτο

1903 2047 1973 2101 δὲ
2004 2048 2280 2102 κοινωνοί
2323 2045 2443 2101 τῶν
2469 2047 2628 2102 οὕτω
2670 2047 3042 2114 πασχόντων
3075 2042 3432 2115 γενηθέντες
3453 2040 3503 2095 δ.

1903 2135 1970 2188 Τί
2000 2135 2066 2190 ἀν
2098 2153 2186 2200 τις
2219 2135 2366 2190 είποι
2387 2138 2515 2200 τοὺς
2545 2135 2642 2189 καὶ⁸
2671 2135 2873 2199 αὐτοὺς
2901 2135 3376 2206 ἀποθνήσκοντας,
3410 2129 3507 2185 καὶ

1899 2225 2028 2288 τοὺς
2061 2223 2129 2278 τά
2165 2222 2394 2278 τοιαῦτα
2436 2223 2738 2288 ἀθλοῦντας
2771 2223 3128 2290 ἀλείψαντας,
3173 2221 3268 2275 καὶ
3303 2220 3508 2292 ἄνδρας

1867 2341 1873 2347 ε
1901 2314 1998 2366 καὶ
2021 2316 2325 2382 γυναῖκαςς
2355 2310 2554 2377 Καλῶς
2582 2313 2639 2366 δὲ
2681 2313 2882 2377 αὐτοὺς
2928 2312 3024 2366 καὶ
3067 2309 3361 2380 θαυμάζει.
3393 2308 3507 2363 Καὶ

1898 2398 2008 2472 γάρ
2038 2401 2133 2455 καὶ
2159 2399 2350 2464 οὐσίας
2380 2400 2662 2454 ἐπέδωκαν
2677 2399 2910 2464 πολλοὶ,
2944 2398 3086 2452 ὥστε
3128 2399 3256 2462 τοὺς
3291 2394 3506 2468 δεσμώ-

1897 2504 1997 2552 τας
2031 2488 2128 2542 καὶ
2160 2489 2289 2552 τοὺς
2318 2488 2632 2561 ἐξορίστους
2661 2487 2807 2559 ἔχειν
2850 2494 2955 2542 τιν’
3005 2485 3362 2558 παραμυθίαν
3400 2484 3503 2555 τῆς

1895 2575 2169 2648 τοσαύτης
2207 2577 2610 2649 ταλαιπωρίας,
2640 2577 2737 2630 καὶ
2761 2576 2860 2649 τὴν
2893 2576 3153 2647 ἁρπαγὴν
3180 2573 3290 2628 τῶν
3323 2574 3502 2642 ὕπαρ-

1895 2661 2100 2732 χόντων
2135 2663 2310 2734 ἡδέως
2341 2663 2612 2731 ἐδέξαντο,
2639 2665 2782 2718 κατά
2825 2665 2887 2718 τὸ
2919 2662 3278 2718 ἀποστολικδν
3321 2662 3503 2714 ἐκεῖνο

1892 2751 2075 2820 λόγιον
2099 2768 2114 2782 ο
2151 2752 2353 2825 ἕτεροι,
2383 2755 2433 2806 οί
2464 2753 2565 2824 μὲν
2600 2755 2882 2825 πατρίδος,
2909 2757 2957 2807 οἱ
2989 2753 3046 2806 δὲ
3077 2752 3173 2806 καὶ
3213 2751 3384 2821 αὐτῆς
3415 2748 3502 2815 ἐξ-

1889 2839 2199 2911 εϐλήθησαν
2221 2842 2322 2912 τῆς
2355 2839 2524 2912 ζωῆς.
2558 2841 2732 2913 Ὁρῶν
2755 2842 2935 2895 τοίνυν
2964 2841 3220 2896 τοσοῦτον
3244 2841 3497 2903 πλοῦτον,

1890 2929 2143 2983 τοσοῦτον
2174 2929 2388 3000 κέρδος,
2431 2928 2708 3001 τοσαύτην
2755 2929 3029 3001 ἐμπορίαν
3072 2931 3139 3000 τῇ
3193 2927 3498 2997 Ἐκκλησία

1892 3017 2275 3091 συνηγμένην,
2312 3017 2608 3081 τοσούτους
2656 3019 2970 3090 θησαυροὺς
3023 3016 3494 3087 ἀποτιθεμένους,

1892 3107 2064 3177 πυρὸς
2101 3107 2494 3178 σφοδροτέρους
2526 3109 2848 3177 γινομένους
2893 3107 3019 3168 τοὺς
3065 3106 3332 3177 πρότερον
3363 3106 3496 3159 ἀνα⁹

1890 3197 2277 3262 πεπτωκότας,
2323 3198 2419 3250 καὶ
2459 3198 2586 3260 τοὺς
2621 3197 2872 3269 θεάτροις
2915 3194 3383 3266 προσηλωμένους
3413 3197 3496 3257 είς

1887 3283 1986 3347 τὰς
2021 3284 2259 3357 ἐρημίας
2294 3285 2559 3350 ἐξιόντας,
2620 3285 2717 3339 καὶ
2756 3285 2856 3348 τὰς
2898 3285 3079 3347 νάπας
3126 3285 3224 3337 καὶ
3273 3283 3344 3336 τὰ
3389 3283 3492 3356 ὅρη

1888 3369 2181 3435 ποιοῦντας
2205 3373 2526 3444 ἐκκλησίας,
2553 3374 2646 3427 καὶ
2674 3372 2891 3436 οὐδενὸς
2913 3372 3201 3441 ἐξάγοντος
3227 3370 3328 3442 τὴν
3362 3371 3492 3440 ἀγέ-

1886 3459 2005 3530 λην,
2033 3463 2112 3523 εἰς
2136 3461 2236 3532 τὴν
2265 3459 2375 3514 τῶν
2409 3464 2686 3532 ποιμένων
2715 3461 2868 3526 τάξιν
2897 3462 3242 3533 μεταστάντα
3268 3459 3337 3514 τά
3364 3460 3494 3530 πρό-

1886 3548 2048 3611 ϐατα,
2087 3551 2182 3603 καὶ
2213 3551 2342 3614 τοὺς
2387 3549 2728 3622 στρατιώτας
2765 3551 2846 3614 είς
2876 3551 2974 3622 τὴν
3002 3550 3099 3603 τοῦ
3151 3548 3489 3621 στρατηγοῦ,

1886 3637 2200 3708 παρρησίας
2243 3638 2432 3690 ἕνεκεν
2485 3639 2579 3692 καὶ
2633 3639 2927 3711 ἀνδρείας,
2966 3641 3062 3692 καὶ
3095 3640 3306 3702 πάντας
3348 3639 3491 3709 μετά

1882 3727 1984 3795 τῆς
2029 3728 2414 3799 προσηκούσης
2450 3728 2805 3800 θερμότητος,
2851 3730 3117 3800 σπουδῆς,
3162 3729 3486 3800 ἐμμελείας.

1881 3818 1981 3880 τὰς
2009 3819 2258 3884 συνάξεις
2283 3819 2690 3885 ἐπιτελοῦντας,
2714 3823 2815 3875 οὐκ
2843 3822 3125 3894 ἐκπλήττῃ
3154 3811 3249 3875 κάὶ
3273 3823 3488 3893 θαυμά⁴

1882 3907 2016 3969 ζεις,
2041 3907 2166 3960 ὅσον
2198 3911 2264 3961 ἐκ
2296 3908 2488 3962 τούτου
2518 3909 2856 3984 κατόρθωμα
2886 3911 3144 3980 γέγονεν;
3173 3913 3250 3965 Οὐ
3275 3911 3388 3983 γὰρ
3417 3912 3484 3985 δὴ

1883 3993 2046 4063 μόνον
2083 3997 2130 4048 οί
2163 3995 2342 4068 ὀρθῶς
2383 3996 2652 4066 βιοῦντες,
2696 3999 2838 4053 ἀλλά
2868 3999 3055 4053 πολλοὶ
3088 4001 3184 4054 καὶ
3212 4001 3322 4055 τῶν
3353 4004 3484 4073 περὶ

1879 4083 1946 4136 τὰ
1997 4083 2202 4154 θέατρα
2245 4087 2570 4156 μεμηνότων
2621 4088 2718 4140 καὶ
2769 4089 3137 4160 ἱπποδρομίας
3181 4089 3484 4160 προσεχόν-

1878 4186 2009 4235 των,
2044 4171 2148 4224 ύπὸ
2171 4172 2265 4225 τοῦ
2297 4174 2462 4244 ζήλου
2499 4175 2672 4247 πυρὸς
2711 4177 3074 4249 σφοδροτέρου
3106 4179 3478 4249 πυρωθέντες,

1879 4261 2058 4314 πᾶσαν
2088 4261 2307 4332 ἐκείνην
2336 4261 2602 4316 ἀπέθεντο
2629 4265 2730 4334 τὴν
2763 4265 2984 4335 μανίαν,
3010 4268 3107 4320 καὶ
3142 4271 3266 4320 κατ’
3296 4269 3480 4322 αὐτῶν

1876 4346 1986 4399 τῶν
2008 4345 2180 4416 ξιφῶν
2208 4350 2395 4419 σχεδὸν
2434 4349 2916 4424 ἐπήδησανμτῑρὸς
2943 4355 3214 4425 ἄρχοντας
3256 4359 3478 4429 παρρη-

1879 4434 2214 4505 σιαζόμενοι,
2243 4438 2496 4507 βασάνων
2523 4443 3017 4512 καταφρονοῦντες,
3043 4445 3284 4500 ἀπειλῶν
3315 4464 3480 4500 κατα-

1877 4523 2164 4590 γελῶντες,
2188 4526 2496 4592 δεικνύντες
2526 4530 2651 4583 ὅσον
2691 4532 2840 4584 ἐστὶν
2876 4531 3071 4604 ἀρετὴ,
3110 4535 3348 4599 καὶπῶς
3396 4536 3476 4591 ενι

1873 4612 1964 4664 τὸν
2001 4613 2207 4684 σφόδρα
2251 4613 2662 4685 ἀπολλύμενον,
2700 4623 3115 4690 μετανοήσαντα
3163 4624 3258 4675 καὶ¹
3311 4641 3474 4693 μετα-

1876 4703 2078 4756 στάντα
2096 4702 2248 4775 [507]
2274 4705 2447 4773 αὐτῆς
2473 4706 2718 4776 ἅψασθαι
2735 4709 2845 4762 τῶν
2867 4711 3116 4781 οὐρανῶν
3136 4711 3238 4782 τῆς
3259 4715 3468 4783 ἁψῖδος.

1874 4785 2126 4839 Τοσαῦτα
2153 4784 2246 4841 οὖν
2274 4788 2506 4860 βραδεῖα
2531 4791 2697 4862 ὁρῶν,
2715 4793 3005 4857 τοσούτους
3031 4797 3328 4865 στεφάνους
3352 4799 3474 4852 πλε-

1871 4875 2134 4943 κομένους
2156 4917 2170 4938 ,
2201 4877 2473 4949 τοσαύτην
2508 4879 2861 4936 διδασκαλίαν
2896 4886 3192 4956 γινομένην
3213 4927 3228 4950 ,
3267 4887 3431 4941 πόθεν
3452 4928 3467 4950 ,

1869 4960 1990 5011 εἰπέ
2025 4977 2138 5028 μοι,
2170 4962 2539 5036 σκανδαλίζῃ,
2577 4965 2711 5017 Ἀπὸ
2731 4966 2842 5019 τῶν
2864 4968 3246 5033 ἀπολωλότων,
3277 4974 3444 5043 φησίν

1887 5042 2048 5106 Ἀλλ’,
2078 5045 2216 5116 ὅπερ
2238 5045 2398 5117 ἐφην,
2425 5049 2518 5100 καὶ
2547 5048 2722 5118 λέγων
2750 5050 2813 5102 οὐ
2843 5052 3149 5125 παύσομαι,
3174 5049 3320 5110 οῦτοι
3342 5042 3442 5111 ἐαυ

1873 5129 1986 5190 τοῖς
2007 5127 2412 5197 λογιζέσθωσαν
2437 5134 2536 5203 τῆς
2567 5135 2847 5200 ἀπωλείας
2862 5139 2964 5209 τὴν
2995 5140 3272 5197 ὑπόθεσιν.
3297 5143 3470 5199 Τοῦτο

1867 5213 1974 5282 γὰρ
1996 5214 2062 5267 δι’
2092 5215 2213 5268 ὅλου
2237 5219 2265 5269 ό
2294 5217 2453 5286 λόγος
2478 5221 2612 5289 ἡμῖν
2636 5222 3045 5292 ἀγωνιζόμενος
3069 5225 3292 5291 ἔδειξεν.
3314 5229 3468 5283 Εἴπω

1866 5298 1959 5349 καὶ
1991 5299 2176 5370 ἕτερον
2210 5302 2562 5374 κατόρθωμα.
2598 5305 2764 5359 Πόσοι
2798 5314 3142 5378 προσωπεῖον
3175 5312 3466 5379 εὐλαϐείας

1866 5384 2263 5454 περικείμενοι,
2299 5388 2457 5440 πόσοι
2485 5390 2878 5464 πεπλασμένην
2914 5396 3199 5467 πραότητα
3226 5397 3461 5467 ἔχοντες.

1865 5468 2020 5520 πόσοι
2047 5470 2273 5538 μεγάλοι
2301 5474 2444 5537 τινὲς
2471 5472 2610 5528 εἶναι
2640 5478 3009 5548 νομιζόμενοι,
3037 5482 3132 5534 καὶ
3162 5484 3264 5535 οὐκ
3288 5485 3464 5548 ὄντες,

1862 5551 2059 5639 ἀθρόον
2089 5555 2183 5606 ἐπὶ
2225 5555 2318 5608 τοῦ
2359 5560 2630 5629 παρόντος
2669 5562 3071 5636 διηλέγχθησαν
3116 5568 3336 5639 καιροῦ,
3371 5573 3468 5624 καὶ

1862 5637 1958 5725 τὰ-
1992 5637 2092 5707 τῆς
2146 5639 2363 5710 ἀπάτης
2411 5643 2592 5707 αὐτοῖς
2637 5644 2862 5720 διερρύη
2891 5691 2906 5714 ,
2966 5652 3060 5703 καὶ
3106 5637 3246 5722 ὅπερ
3285 5649 3465 5725 ἦσαν,

1861 5721 2164 5791 ἐφάνησαν,
2211 5725 2311 5796 οὐχ
2361 5726 2498 5797 ὅπερ
2549 5728 2910 5803 ὑπεκρίνοντο
2945 5740 3040 5789 καὶ
3075 5721 3335 5808 ἡπάτωνξ
3386 5739 3464 5796 Οὐ

1923 5832 1946 5859 ⁸
1971 5832 2008 5879 Α
2019 5832 2067 5880 lii
2091 5832 2482 5890 ἀνακηρύττετοιι.

1925 5893 1949 5931 b
1979 5895 2070 5941 .llii
2094 5897 2188 5940 τῶν
2216 5893 2366 5950 οὕτως
2387 5896 2808 5961 ἀναστρεφομένων
2833 5904 3117 5968 γενηθέντες.

3044 5987 3086 6046 9
