4192 6530
687 407 783 463 521

684 549 880 622 μικρὸν
921 549 977 604 δὲ
1029 552 1216 614 τοῦτο.
1272 554 1406 608 ἀλλά
1458 559 1552 612 καὶ
1604 560 1807 631 σφόδρα
1865 562 2117 632 μέγιστον
2176 560 2253 621 είς

681 648 945 718 ὑφέλειαν
980 649 1090 702 τῶν
1146 650 1439 707 ἐθελόντων
1488 656 1810 727 προσέχειν,
1865 657 1923 709 τὸ
1962 655 2256 724 διαγνῶναι

678 746 804 809 τοὺς
835 744 1059 817 ἔχοντας
1088 745 1197 799 τῶν
1239 749 1530 817 προόάτων
1560 751 1659 817 τάς
1687 753 1870 825 δοράς,
1901 753 1995 806 καὶ
2026 751 2102 823 μή
2128 753 2257 805 ἀνα-

680 840 972 911 μίγνυσθαι
1002 844 1126 907 τοῦς
1152 846 1349 909 λύκους
1376 849 1502 911 τοὺς
1533 846 1675 901 οὕτω
1704 849 2115 921 κρυπτομένους
2144 854 2256 916 τοῖς

675 940 843 1005 ὅντως
874 942 1187 1014 προϐάτοις.
1215 946 1324 999 Καὶ
1353 946 1462 1017 γάρ
1492 946 1719 1017 κάμινος
1748 948 1972 1015 γέγονεν
2004 950 2033 1001 6
2065 950 2257 1020 καιρὸς

675 1030 851 1101 οὗτος,
883 1039 950 1092 τά
989 1039 1189 1109 χαλκὸν
1216 1040 1409 1112 ἔχοντα
1441 1042 1545 1095 τῶν
1567 1044 1919 1114 νομισμάτων
1943 1045 2254 1116 διελέγχων,

674 1133 767 1185 τὴν
802 1134 1051 1203 μόλιϐδον
1090 1139 1438 1207 κατατήκων,
1486 1141 1587 1209 τὴν
1621 1139 1875 1212 καλάμην
1919 1142 2251 1206 κατακαίων,

674 1230 775 1293 τὰς
804 1232 990 1301 τιμίας
1022 1232 1151 1298 ὔλας
1187 1235 1520 1307 τιμιωτέρας
1547 1237 1887 1306 ἀποφαίνων.
1913 1239 1956 1291 Τ
1959 1239 2086 1293 οῦτο
2109 1243 2203 1293 καὶ
2229 1244 2257 1294 6

678 1328 887 1392 Παῦλος
920 1332 1201 1399 σημαίνων
1232 1331 1417 1400 ἐλεγε-
1448 1332 1549 1386 Δεῖ
1566 1332 1635 1386 δὲ
1666 1334 1763 1388 καὶ
1792 1336 2054 1404 αἱρέσεις
2081 1332 2253 1402 εἶναι,

675 1428 773 1480 ἵνα
799 1431 849 1481 οί
882 1427 1109 1497 δόκιμοι
1140 1431 1386 1499 φανεροὶ
1415 1429 1705 1501 γένωνται
1725 1432 1795 1485 ἐν
1826 1433 1987 1502 ὑμῖν.

745 1545 885 1613 Κεφ.
912 1550 977 1598 κ’.
1014 1545 1193 1614 Μηδὲν
1213 1546 1308 1600 οῦν
1334 1563 1389 1599 σε
1410 1548 1612 1601 τούτων
1642 1535 2053 1613 σκανδαλιζέτω,
2086 1550 2161 1622 μὴ
2185 1553 2259 1603 ἱε-

679 1642 804 1712 ρεὺς
825 1640 918 1695 νῦν
940 1641 1137 1710 φαῦλος
1154 1644 1538 1714 γεγενημένος,
1552 1645 1645 1699 καὶ
1661 1644 1822 1699 λύκου
1846 1646 2044 1710 παντὸς
2060 1646 2259 1719 ἀγριώο

674 1755 831 1808 τερον
860 1739 1137 1810 ὲπιπηδῶν
1157 1743 1222 1811 τῇ
1246 1742 1435 1813 ἀγέλῃ,
1465 1742 1539 1813 μὴ
1582 1742 1688 1795 τῶν
1708 1744 2002 1814 ἀρχόντων,
2042 1745 2115 1817 μὴ
2145 1745 2255 1799 τῶν

677 1838 1021 1905 κρατούντων
1050 1856 1132 1903 τις
1162 1839 1362 1911 πολλὴν
1390 1841 1646 1912 ὠμότητα
1675 1842 2100 1912 ἐνδεικνύμενος.
2131 1844 2252 1898 Ἕν-

676 1937 865 2007 νόησον
881 1937 1011 2005 γοῦν
1038 1939 1120 1992 ὅτι
1146 1939 1239 1994 καὶ
1255 1940 1346 1993 ἐπὶ
1372 1942 1477 1994 τῶν
1494 1942 1804 1996 ἀποστόλων
1828 1945 2023 2014 συνέϐη
2052 1945 2255 1998 τούτων

676 2033 1048 2107 χαλεπώτερα.
1075 2037 1145 2091 '0
1173 2054 1233 2090 τε
1261 2037 1371 2109 γὰρ
1396 2040 1615 2110 κρατῶν
1648 2040 1767 2094 τότε
1794 2041 1857 2094 τὸ
1882 2043 2257 2113 σκῆπτρον,τδ

678 2134 975 2204 μυστήριον
996 2134 1094 2204 τῆς
1131 2136 1361 2205 ἀνομίας
1380 2132 1447 2207 ἦν
1477 2136 1641 2207 (οὓτω
1662 2136 1772 2208 γάρ
1806 2138 1970 2192 αὐτὸν
1994 2142 2023 2193 6
2045 2139 2255 2203 Παῦλος

675 2231 956 2302 ἐκάλεσε),
1011 2233 1118 2288 πᾶν
1161 2228 1298 2298 εἶδος
1352 2235 1552 2297 κακίας
1601 2234 1862 2301 ἐπελθὼν,
1912 2240 2005 2291 καί
2044 2241 2253 2302 πάντας

674 2328 999 2399 ἀποκρύψας
1026 2332 1089 2402 τῇ
1120 2332 1373 2403 πονηρίᾳ,
1416 2332 1529 2386 ἀλλ’
1550 2332 1705 2387 οὐδὲν
1729 2333 1851 2387 οὕτε
1879 2335 1978 2406 τὴν
2024 2336 2253 2407 Ἐκκλη-

678 2428 821 2493 σίαν,
838 2427 959 2482 οὔτε
980 2430 1104 2490 τοὺς
1125 2430 1404 2498 γενναίους
1431 2430 1672 2497 ἐκείνους
1688 2432 1885 2504 ἀνδρας
1932 2432 2090 2487 τοῦτο
2114 2450 2256 2505 παρ·
2282 2504 2287 2509 κ

676 2526 933 2597 έῦλαψεν,
983 2527 1121 2582 ἀλλά
1170 2528 1263 2583 καὶ
1286 2528 1701 2602 λαμπροτέρους
1754 2532 2061 2603 ἀπέφηνεν·
2109 2533 2255 2585 οἵτε

678 2626 843 2695 ἱερεῖς
876 2625 984 2677 τῶν
1024 2626 1288 2680 Ἰουδαίων
1320 2627 1463 2680 οὕτω
1496 2628 1690 2699 φαῦλοι
1725 2630 1816 2683 καὶ
1839 2629 2064 2701 πονηροί
2110 2646 2256 2693 τινες

674 2716 834 2792 ἦσαν.
865 2722 938 2785 Lb;
964 2723 1279 2778 κελεύεσθαι
1306 2738 1330 2765 ι
1360 2724 1449 2778 16v
1479 2724 1639 2798 ζῆλον
1666 2725 1845 2780 αὐτῶν
1874 2726 1968 2779 τοῦ
2001 2726 2116 2797 βίου
2135 2727 2257 2796 φεύ-

681 2836 815 2887 γειν·
846 2820 967 2873 Ἐπί
990 2822 1099 2893 γὰρ
1122 2822 1234 2890 τῆς
1256 2821 1549 2888 Μωῠσέως
1570 2822 1885 2891 καθέδρας,
1914 2825 2099 2894 φησὶν,
2116 2823 2244 2878 ἐκάη

647 2904 650 2907 ’
680 2925 862 2975 θισαν
888 2924 941 2975 οἱ
961 2920 1315 2991 γραμματεῖς
1336 2920 1432 2975 καὶ
1453 2922 1507 2974 οἱ
1528 2920 1837 2989 Φαρισαῖοι
1857 2940 1870 2953 σ
1898 2920 2096 2976 πάντα
2118 2917 2253 2989 οὖν,

676 3016 794 3072 ὅσα
816 3018 1169 3088 ἂνλέγωσιν
1193 3018 1337 3087 ὑμῖν
1370 3017 1581 3082 ποιεῖν,
1619 3018 1868 3074 ποιεῖτε·
1904 3020 2057 3074 κατὰ
2082 3019 2150 3073 δὲ
2183 3020 2256 3075 τὰ

676 3116 821 3185 ἔργα
849 3114 1048 3170 αὐτῶν
1073 3116 1160 3185 μὴ
1200 3115 1419 3170 ποιεῖτε
1438 3132 1451 3147 ο
1496 3118 1667 3170 καίτοι
1694 3116 1746 3170 τί
1770 3118 1965 3185 γένοιτ’
1995 3117 2060 3172 ἀν
2092 3135 2257 3190 πονη-

678 3212 899 3285 ρότερον
935 3212 1145 3284 ίερέων,
1196 3205 1271 3266 ὧν
1305 3215 1334 3265 6
1358 3212 1520 3284 ζῆλος
1567 3213 1855 3267 ἀπολλύειν
1910 3214 2099 3285 ἔμελλε
2131 3214 2256 3278 τοὺς

683 3310 1078 3381 μιμουμένουςς
1105 3308 1242 3363 Ἀλλ’
1266 3310 1411 3379 ὅμως
1445 3310 1539 3364 καὶ
1558 3309 1813 3364 τοιούτων
1831 3311 1999 3365 ὄντων
2015 3310 2120 3365 τῶν
2136 3312 2255 3365 τότε

680 3409 1044 3479 κρατούντων,
1085 3410 1133 3461 οῖ
1170 3407 1501 3479 λάμψαντες,
1554 3408 1605 3461 οἱ
1637 3409 2073 3477 στεφανωθέντες
2106 3408 2258 3463 οὐδὲν

682 3506 1127 3580 παρεόλάόησαν,
1155 3506 1292 3560 ἀλλά
1320 3506 1579 3577 μειζόνως
1603 3505 2063 3577 ὲδοξάσθησαν.ού
2079 3504 2258 3558 τοίνυν

684 3604 983 3672 ξενίζεσθαι
1010 3608 1115 3679 χρὴ
1143 3608 1253 3668 τοῖς
1286 3604 1609 3676 γινομένοις.
1631 3603 1913 3675 Πανταχοῦ
1938 3604 2045 3675 γάρ
2074 3621 2261 3675 πειρα-

684 3708 810 3776 σμοὶ
835 3707 948 3769 τοῖς
997 3704 1256 3777 νήφουσὶν
1304 3705 1409 3758 εισι
1444 3702 1882 3775 παρεζευγμένοι
1912 3703 2021 3755 ἀπὸ
2046 3702 2153 3755 τῶν
2184 3706 2261 3756 οἱ·-

682 3805 864 3871 κειων,
896 3804 1004 3858 ἀπὸ
1027 3803 1134 3856 τῶν
1155 3802 1469 3873 ἀλλοτρίων.
1495 3801 1595 3855 Διά
1621 3801 1778 3855 τοῦτο
1805 3802 1898 3856 καί
1925 3800 2138 3865 Παῦλος
2162 3801 2259 3867 τὰς

683 3901 909 3971 νιφάδας
939 3899 1083 3972 ὁρῶν
1110 3898 1224 3954 οὖν
1266 3898 1528 3953 κινδύνων
1549 3897 1647 3961 τάς
1683 3898 2029 3969 ἐπαγομένας
2055 3899 2258 3962 αὐτοῖς,

681 4001 778 4053 καὶ
828 3996 1077 4060 δεδοικὼς
1107 3997 1180 4067 μή
1214 4012 1357 4059 τινες
1378 3995 1483 4048 τῶν
1523 3994 1782 4065 μαθητῶν
1818 3994 2065 4048 ἐντεῦθεν
2104 3995 2263 4063 θορυ-

686 4097 915 4169 ϐηθῶσι,
948 4094 1176 4167 γράφων
1210 4093 1393 4161 ἔλεγεν
1413 4108 1425 4119 ·
1481 4093 1767 4160 Ἐπεμψα
1804 4090 1947 4161 ὑμῖν
1979 4089 2264 4160 Τιμόθεον

682 4199 769 4261 είς
785 4194 852 4248 τὸ
861 4191 1093 4263 μηδένα
1119 4189 1435 4244 σαίνεσθαι
1467 4188 1538 4241 ἐν
1566 4189 1695 4254 ταῖς
1712 4189 1960 4256 θλίψεσι
1988 4188 2258 4253 ταύταις”

683 4291 853 4347 αὐτοὶ
878 4289 988 4359 γὰρ
1011 4288 1211 4341 οῖδατε
1241 4285 1330 4340 ὅτι
1360 4288 1448 4352 είς
1477 4283 1652 4339 τοῦτο
1677 4284 1936 4355 κείμεθα.
1962 4287 2028 4339 Ὃ
2041 4285 2097 4338 δὲ
2110 4285 2260 4355 λέγει

683 4389 919 4444 τοιοῦτόν
953 4368 1099 4439 ἐστιν
1121 4403 1131 4415 ·
1161 4376 1329 4447 Οὗτος
1355 4382 1511 4453 ήμῶν
1531 4385 1560 4436 6
1583 4380 1717 4453 βίος,
1743 4381 1881 4452 αῦτη
1906 4382 2002 4453 τῆς
2025 4383 2259 4437 ἀποστο-

684 4490 840 4557 λικῆς
868 4482 1140 4545 πολιτείας
1169 4483 1202 4551 ή
1233 4478 1542 4541 ἀκολουθία,
1568 4479 1630 4532 16
1660 4479 1825 4548 μυρία
1847 4479 2074 4550 πάσχειν
2092 4478 2257 4533 κακά.

684 4585 786 4651 Εἰς
820 4583 995 4637 τοῦτο
1020 4581 1128 4652 γὰρ
1152 4578 1411 4647 κείμεθα,
1430 4575 1586 4647 φησί.
1646 4576 1710 4627 Τί
1737 4577 1901 4640 ἐστιν,
1934 4579 2037 4642 Εἰς
2084 4575 2262 4631 τοῦτο

687 4683 965 4751 κείμεθα;
991 4679 1199 4745 Ὥσπερ
1238 4674 1305 4728 τά
1330 4672 1464 4726 ὤνια
1488 4672 1566 4735 είς
1588 4671 1748 4725 τοῦτο
1776 4674 2071 4744 παρῆκται,
2102 4677 2181 4740 είς
2202 4675 2262 4728 τὸ

687 4779 836 4854 [508]
868 4774 1183 4838 πωλεῖσθαι,
1205 4772 1348 4825 οὕτω
1380 4770 1476 4825 καὶ
1504 4771 1532 4822 6
1555 4770 1909 4834 ἁποστολικὸς
1952 4771 2064 4842 βίος
2093 4776 2172 4836 εἰς
2202 4773 2262 4826 τδ

684 4874 1040 4951 λοιδορεῖσθαι
1073 4872 1165 4927 καὶ
1198 4872 1278 4935 εἰς
1306 4870 1366 4923 16
1391 4869 1620 4941 πάσχειν
1650 4867 1857 4932 κακῶς,
1902 4869 1982 4933 εἰς
2005 4870 2065 4923 τὸ
2096 4870 2261 4941 μηδέ.

686 4992 817 5031 ποτε
849 4973 1125 5034 ἀναπνεῖν,
1152 4971 1229 5034 είς
1253 4968 1313 5021 τὸ
1339 4965 1615 5037 μηδεμίαν
1644 4966 1787 5037 ἔχειν
1814 4967 2119 5039 ἀνακωχήν.
2156 4970 2263 5023 Καὶ

685 5074 799 5125 ὅσοι
831 5071 1114 5140 νήφουσιν,
1140 5066 1203 5119 ού
1234 5064 1392 5135 μόνον
1432 5063 1585 5116 οὐδέν
1625 5062 1876 5117 ἐντεῦθεν
1912 5064 2259 5134 βλάπτονται,

687 5167 823 5223 ἀλλὰ
847 5166 941 5219 καὶ
963 5162 1220 5235 μειζόνως
1245 5162 1604 5234 κερδαίνουσι.
1636 5162 1725 5215 Διὸ
1748 5162 1842 5215 καὶ
1857 5162 2095 5227 τούτους,
2128 5164 2263 5235 μετά

687 5264 751 5318 16
770 5263 976 5335 μαθεῖν,
1005 5262 1085 5313 ὃτι
1103 5260 1364 5332 ἑστήκασι
1393 5258 1676 5327 γενναίως,
1696 5257 2001 5329 θαυμάζει·
2022 5262 2116 5313 καὶ
2138 5261 2263 5333 περὶ

690 5360 892 5433 ἑτέρων
922 5359 979 5413 δὲ
1010 5356 1184 5413 ταῦτα
1210 5356 1379 5425 λέγει,
1401 5358 1483 5411 ὃτι
1512 5358 1650 5428 μετά
1679 5357 1749 5411 τά
1780 5357 1954 5428 δεσμὰ
1986 5358 2150 5411 αὑτοῦ
2171 5358 2265 5411 καὶ

686 5460 786 5523 τάς
821 5457 1036 5520 ἁλύσεις
1058 5454 1459 5528 περισσοτέρως
1485 5455 1726 5527 ἐτόλμων
1747 5454 1965 5524 ἀφόϐως
1996 5454 2089 5509 τὸν
2110 5455 2265 5523 λόγον

686 5555 886 5611 λαλεῖν.
922 5554 987 5609 Τί
1015 5555 1103 5609 δαὶ
1135 5554 1228 5607 ἐπὶ
1250 5554 1550 5619 Μωῦσέως,
1582 5554 1700 5608 είπέ
1738 5572 1856 5624 μοι;
1886 5556 1942 5607 ἐν
1968 5554 2109 5627 μέσῃ
2132 5554 2259 5625 βαρ-

689 5653 872 5725 ὕάρων
899 5650 1051 5723 χώρᾳ
1069 5650 1171 5705 οὐκ
1193 5651 1402 5721 ἀφῆκεν
1424 5654 1452 5705 6
1476 5650 1608 5715 Θεὸς
1636 5652 1728 5705 καὶ
1755 5651 1965 5721 μάγους
1993 5652 2061 5705 τὰ
2088 5651 2266 5704 αὐτῶν

689 5748 1089 5817 ἰπιδείξασθαις
1118 5747 1241 5819 οὐχὶ
1262 5748 1355 5802 καὶ
1371 5747 1574 5817 ταύτης
1600 5747 1870 5818 μέμνηται
1895 5748 1995 5818 τῆς
2027 5748 2265 5818 ἱστορίας

754 5882 779 5911 ³
804 5881 949 5931 Savil.
973 5884 1022 5931 in
1044 5895 1195 5946 marg.
1219 5882 1349 5931 addit
1375 5882 1481 5939 τοὺς
1518 5883 1675 5938 λαούς.

1396 415 1451 469 S.
1492 416 1782 476 JOANNIS
1821 418 2319 477 CIIRYSOSTOMI
2354 420 2679 482 ARCIIIEP.
2714 422 3267 482 CONSTANTINOI‘.

3840 425 3945 481 522

2354 559 2383 610 6
2414 559 2659 629 Παῦλος;
2699 564 2811 616 Ὃν
2833 565 3056 633 τρόπον
3104 563 3172 615 δὲ
3221 562 3461 631 Ἰαννῆς
3485 562 3581 615 καί
3627 561 3940 631 Ἰαμϐρῆς.

2356 658 2539 728 φησὶν,
2572 659 2962 728 ἀντέστησαν
2980 659 3240 721 Μωῦσεῖ,
3273 660 3430 713 οὕτω
3452 657 3551 712 καί
3581 654 3748 719 οὗτοι
3779 661 3946 714 dru-

2356 754 2687 823 στήσονται
2725 754 2799 825 τῇ
2836 756 3105 825 ἀληθείᾳ.
3155 748 3325 819 Οὗτος
3388 754 3646 808 οὐδέποτε
3678 756 3944 810 ὶπέλιπεν

2356 850 2479 905 οὔτε
2514 851 2580 905 τὰ
2615 852 2909 921 σκάνδαλα,
2935 853 3057 907 οὔτε
3085 854 3134 905 οἱ
3151 851 3572 923 στεφανούμενοι
3601 853 3689 906 διά
3711 852 3941 908 τούτων.

2355 948 2519 1001 Ταῦτ’
2542 943 2635 1002 οῦν
2674 950 2888 1003 ἅπαντα
2919 949 3154 1018 λογίζου,
3175 950 3270 1003 καὶ
3298 948 3372 1021 μὴ
3400 948 3577 1003 ταῦτα
3595 949 3774 1019 μόνον,
3804 949 3944 1003 ἀλλὰ

2357 1045 2451 1098 καὶ
2482 1046 2605 1100 ὅσον
2630 1045 2819 1118 κέρδος
2840 1046 2949 1100 ἀπὺ
2972 1045 3065 1100 τοῦ
3096 1046 3423 1117 πράγματος
3453 1046 3668 1115 γέγονε.
3701 1048 3943 1101 Κάκεῖνο

2358 1143 2580 1208 σκόπει,
2625 1142 2711 1195 ὅτι
2755 1144 2852 1197 καὶ
2890 1141 3067 1214 ἕτεροί
3107 1142 3253 1207 τινές
3280 1144 3420 1196 εἰσιν
3450 1141 3755 1214 ἀπόρρητοι
3790 1142 3943 1210 λόγοι

2354 1238 2588 1293 τούτων·
2622 1240 2682 1292 ού
2710 1239 2819 1312 γάρ
2846 1240 3024 1293 πάντα
3052 1239 3251 1294 ειδέναι
3274 1242 3423 1310 ἡμᾶς
3450 1239 3673 1293 δυνατόν
3693 1257 3707 1271 ’
3741 1239 3836 1293 καὶ
3858 1242 3940 1292 ὅτι

2355 1336 2421 1390 τὰ
2449 1338 2789 1412 χρηστότερα
2823 1340 3195 1411 ἀπαντήσεται
3232 1339 3370 1408 μετά
3393 1338 3589 1401 ταῦτα,
3618 1339 3713 1391 καὶ
3740 1338 3943 1391 πλείων

2357 1435 2877 1507 ήπαραδοξοποιία·
2917 1435 3103 1509 ὥσπερ
3143 1431 3236 1491 οῦν
3263 1438 3356 1490 ἐπὶ
3402 1437 3495 1491 τοῦ
3540 1437 3737 1507 Ἰωσὴφ
3772 1439 3804 1504 ή
3839 1434 3940 1505 μὲν

2354 1532 2498 1605 ἀρχή
2549 1533 2831 1586 δυσκολίαν
2876 1530 3023 1604 εἶχε,
3084 1534 3177 1588 καὶ
3215 1534 3375 1605 μέχρι
3421 1533 3617 1587 πολλοῦ
3654 1533 3844 1605 προῄει
3874 1532 3943 1586 τά

2356 1631 2676 1701 πράγματα,
2708 1630 3039 1695 ἀπεναντίας
3068 1627 3205 1684 εἶναι
3229 1631 3488 1685 δοκοῦντα
3515 1634 3581 1702 τῇ
3612 1631 3937 1700 ὑποσχέσει·

2356 1726 2583 1798 ὕστερον
2629 1728 2687 1780 δὲ
2728 1722 2947 1799 μείζὸνα
2999 1729 3108 1781 τῶν
3166 1728 3645 1798 προσδοκηθέντων
3692 1728 3936 1797 ἐγένετο.

2355 1823 2464 1877 Καὶ
2498 1823 2590 1878 ἐπὶ
2618 1822 2711 1877 τοῦ
2747 1823 2981 1895 σταυροῦ
3019 1825 3076 1879 δὲ
3110 1825 3210 1878 οὐκ
3246 1824 3471 1889 εὐθέως,
3514 1825 3636 1879 οὐδὲ
3667 1828 3725 1878 ὲν
3752 1842 3935 1896 προοι-

2357 1921 2501 1992 μίοις
2541 1922 2636 1975 καὶ
2664 1923 2722 1974 ὲν
2749 1923 2894 1993 ἀρχῇ
2928 1922 2987 1975 16
3022 1921 3351 1993 κατόρθωμα
3391 1922 3538 1976 ἀπαν
3574 1921 3937 1993 ἐϐλάστησεν.

2353 2017 2489 2072 ἀλλά
2512 2020 2571 2071 16
2601 2018 2700 2089 μὲν
2728 2018 3024 2072 σκάνδαλον
3046 2018 3262 2090 προῄει,
3293 2020 3385 2072 καὶ
3410 2019 3568 2088 ὀλίγα
3595 2018 3718 2072 τινὰ
3742 2018 3938 2087 γέγονε

2354 2120 2554 2189 σημεῖα
2608 2117 2885 2187 θαύματος
2930 2118 3114 2170 ἕνεκεν
3167 2116 3259 2169 καὶ⁵
3289 2117 3386 2187 τῆς
3432 2116 3770 2187 διορθώσεως
3828 2115 3941 2167 τῶν

2351 2214 2524 2269 ταῦτα
2550 2216 2959 2287 τολμησάντων,
3008 2216 3102 2268 καὶ
3158 2214 3359 2278 εὐθέως
3404 2214 3619 2269 ἅπαντα
3658 2215 3934 2287 παρεδραο

2356 2331 2475 2383 μεν.
2503 2312 2563 2365 El
2593 2311 2700 2385 γάρ
2742 2312 2834 2366 καὶ
2862 2312 2923 2367 16
2953 2312 3353 2384 καταπέτασμα
3397 2314 3621 2385 ἐσχίσθη
3672 2313 3767 2366 τοῦ
3807 2312 3941 2365 ναοῦ

2351 2411 2493 2473 τότε,
2543 2410 2638 2463 καὶ
2686 2412 2886 2480 πέτραι
2915 2410 3257 2481 ἐρράγησαν,
3287 2410 3379 2463 καὶ
3430 2410 3585 2479 ἥλιος
3624 2410 3939 2479 ἐσκοτίσθη,

2354 2508 2491 2563 ἀλλὰ
2524 2508 2699 2562 ταῦτα
2730 2510 2788 2560 ἐν
2829 2509 2929 2579 μιᾷ
2958 2508 3145 2579 ἡμέρᾳ
3174 2508 3268 2562 καὶ
3308 2510 3366 2561 ὲν
3391 2508 3531 2580 λήθῃ
3561 2508 3753 2575 γέγονε
3785 2508 3942 2578 παρὰ

2352 2606 2465 2668 τοῖς
2490 2604 2722 2667 πολλοῖς.
2757 2604 2911 2659 Μετὰ
2937 2604 2994 2658 δὲ
3014 2604 3187 2657 ταῦτα
3217 2603 3419 2666 εὐθέως
3448 2606 3505 2657 ὲν
3546 2607 3689 2676 φυγῇ
3716 2606 3765 2656 οἱ
3796 2603 3939 2657 ἀπό·

2356 2701 2551 2759 στολοι.
2576 2702 2634 2753 ὲν
2661 2700 2864 2767 διώξει,
2896 2701 2955 2753 ὲν
3002 2700 3283 2771 πολέμοις,
3316 2702 3373 2754 ὲν
3407 2700 3743 2765 ἐπιδουλαῖς,
3803 2698 3938 2751 λαν-

2355 2800 2627 2863 θάνοντες,
2684 2800 3072 2870 κρυπτόμενοι,
3113 2798 3433 2865 δεδοικότες,
3487 2799 3940 2869 καταλευόμενοι,

2352 2895 2496 2949 οὕτω
2525 2894 2618 2949 τὸν
2649 2894 2807 2964 λόγον
2844 2895 3142 2965 ἐκήρυττον
3163 2911 3175 2925 ·
3214 2896 3307 2949 καὶ
3351 2896 3408 2948 ὲν
3436 2896 3724 2966 δυναστείᾳ
3768 2894 3941 2966 πολλῇ

2353 2990 2461 3045 τῶν
2518 2992 2787 3046 Ἰουδαίων
2842 2994 2870 3045 6
2916 2991 3122 3063 δῆμος,
3179 2993 3421 3061 ἀγόντων
3449 3033 3461 3051 ,
3517 2991 3895 3063 περιαγόντων
3926 3032 3940 3050 .

2358 3087 3087 3163 ἑλκόντων,σπαραττόντων
3105 3090 3231 3153 τοὺς
3275 3088 3648 3152 πιστεύοντας.
3688 3087 3796 3141 Καὶ
3830 3086 3944 3157 γὰρ

2352 3184 2481 3248 τοὺς
2517 3184 2783 3255 ἄρχοντας
2825 3184 2944 3254 μεθ’
2986 3184 3197 3238 ἑαυτῶν
3246 3184 3458 3255 ἔχοντες
3482 3227 3496 3252 ,
3542 3186 3660 3239 καθ’
3702 3186 3945 3253 ἑκάστην

2353 3276 2490 3352 ἦγον
2540 3282 2633 3335 καὶ
2675 3280 2941 3351 περιῆγον
2984 3282 3112 3345 τοὺς
3155 3282 3508 3345 ἀποστόλους.
3550 3282 3662 3335 Καὶ
3706 3282 3757 3334 τί
3798 3281 3947 3349 λέγω

2354 3378 2465 3431 τῶν
2498 3377 2763 3433 Ἰουδαίων
2796 3378 2887 3432 16v
2915 3377 3085 3449 δῆμον
3125 3379 3219 3433 καὶ
3247 3379 3546 3450 άρχοντας;
3580 3374 3675 3442 Εἷς
3709 3379 3949 3449 σκηνορο

2359 3474 2550 3542 ράφος,
2605 3473 2734 3543 περὶ
2784 3474 3031 3545 δέρματα
3082 3474 3490 3546 ἠσχολημένος,
3527 3476 3557 3528 6
3601 3473 3815 3537 Παῦλος
3854 3473 3947 3545 (τί

2356 3569 2413 3622 δὲ
2444 3571 2822 3641 αηπρῤάφου
2874 3570 3321 3642 εύτελέστερονς)
3378 3571 3615 3643 τοσαύτῃ
3673 3570 3948 3641 ἐκέχρητο

2356 3670 2424 3737 τῇ
2457 3667 2646 3737 μανία,
2663 3667 2738 3730 ώς
2769 3665 2954 3739 σύρειν
2979 3666 3177 3738 ἄνδρας
3204 3668 3296 3720 καὶ
3324 3670 3611 3735 γυναῖκας,
3640 3668 3736 3720 καὶ
3759 3683 3945 3738 παρα-

2356 3764 2556 3817 διδόναι
2576 3766 2655 3827 εις
2685 3764 2936 3835 φυλακήν
2950 3782 2962 3796 ·
2992 3765 3085 3818 καὶ
3100 3766 3128 3818 6
3153 3764 3488 3835 σταυρωθεὶς
3504 3764 3751 3835 ἠνείχετο
3768 3764 3950 3816 ταῦτα

2356 3864 2520 3935 όρῶν.
2560 3864 2724 3918 Ἀλλά
2744 3866 2846 3935 ὅρα
2880 3865 2997 3930 πῶς
3030 3866 3170 3937 μετά
3192 3865 3369 3920 ταῦτα
3386 3856 3543 3929 οὗτός
3569 3882 3628 3918 τε
3654 3867 3684 3918 6
3706 3863 3951 3934 διώκτης

2359 3961 2567 4024 πάντας
2623 3962 3052 4035 ὑπερηκόντισε,
3094 3962 3190 4016 καὶ
3244 3964 3308 4017 16
3363 3964 3597 4035 πρᾶγμα
3651 3962 3793 4033 ὑπὲρ
3853 3963 3951 4017 τὸν

2357 4057 2509 4130 ἥλιον
2537 4058 2817 4130 διέλαμψε,
2854 4060 2945 4112 καὶ
2977 4060 3156 4113 πᾶσαν
3186 4059 3418 4130 κατέσχε
3460 4059 3558 4131 τήν
3591 4059 3949 4129 οἰκουμένην.

2433 4182 2573 4251 Κεφ.
2603 4179 2709 4236 καί,
2741 4182 2803 4235 El
2829 4181 2887 4234 δὲ
2918 4181 3115 4250 λέγοις,
3144 4182 3255 4236 Καὶ
3288 4184 3431 4246 τίνος
3451 4183 3636 4239 ἕνεκεν
3666 4184 3759 4237 καὶ
3793 4184 3853 4235 έν
3878 4187 3949 4255 τῇ

2360 4277 2576 4348 Παλαιᾷ
2610 4278 2703 4332 καὶ
2729 4279 2787 4331 ὲν
2819 4280 2884 4348 τῇ
2922 4280 3096 4349 Καινῇ
3126 4278 3371 4337 τοσοῦτοι
3417 4278 3669 4346 κίνδυνοι,
3699 4280 3952 4334 τοσοῦτοι

2359 4375 2677 4445 πειρασμοὶ,
2732 4373 2992 4428 τοσαῦται
3040 4374 3365 4440 ὲπιϐουλαί;
3416 4375 3653 4445 μάνθανε
3709 4377 3805 4429 καὶ
3846 4375 3951 4447 τὴν

2360 4472 2560 4524 αἰτίαν.
2582 4471 2678 4535 Τίς
2693 4467 2785 4525 οὖν
2804 4473 2838 4542 ή
2864 4471 3040 4539 αἰτίας
3075 4472 3388 4541 Παλαίστρα
3417 4476 3445 4527 6
3460 4472 3651 4543 παρὼν
3670 4472 3784 4544 βίος
3806 4476 3951 4539 ἐστὶ,

2359 4571 2663 4640 γυμνάσιον
2691 4571 2785 4624 καὶ
2814 4570 2983 4639 ἀγὼν,
3026 4573 3408 4644 χωνευτήριον.
3465 4572 3687 4642 βαφεῖον
3718 4572 3946 4643 ἀρετῆς.

2364 4668 2575 4739 Ὠσπερ
2602 4664 2695 4723 οὖν
2727 4670 2775 4722 οἱ
2809 4667 3133 4737 σκυτοδέψαι
3168 4668 3238 4721 τά
3285 4668 3531 4739 δέρματα
3572 4666 3950 4739 λαμϐάνοντες

2365 4764 2631 4836 στύφουσι
2662 4767 2950 4838 πρότερον,
2987 4766 3388 4829 κατατείνουσι,
3422 4765 3644 4818 παίουσι
3667 4766 3762 4818 καὶ
3792 4764 3953 4837 [509]

2362 4873 2562 4941 τοίχοις
2583 4868 2676 4920 καὶ
2692 4866 2861 4929 λίθοις
2883 4865 3356 4935 προσαράσσοντες
3379 4865 3471 4917 καὶ
3489 4865 3702 4936 ἑτέραις
3724 4865 3958 4935 μυρίαις

2364 4966 2682 5039 θεραπείαις
2713 4963 2850 5016 αύτά
2880 4964 3204 5032 ποιήσαντες
3228 4963 3511 5033 ἐπιτήδεια
3529 4962 3665 5034 πρὸς
3694 4964 3795 5034 τὴν
3825 4965 3959 5018 ὑπο-

2361 5066 2526 5137 δοχὴν
2557 5068 2653 5135 τῆς
2686 5063 2886 5133 βαφῆς,
2925 5062 3067 5116 οὕτω
3097 5063 3158 5114 16
3185 5063 3381 5133 χρῶμα
3411 5062 3472 5115 16
3497 5062 3679 5132 τίμιον
3707 5064 3956 5133 ἐπάγου-

2368 5181 2482 5216 σιν·
2532 5163 2586 5215 οῖ
2631 5179 2661 5213 τ
2743 5160 3029 5233 χρυσοχόοι
3058 5160 3121 5212 τὸ
3150 5160 3373 5229 χρυσίον
3402 5162 3481 5223 εἰς
3507 5159 3569 5214 τὸ
3597 5159 3709 5233 πῦρ
3748 5163 3959 5231 ἐμϐάλ..

2364 5264 2568 5327 λοντες,
2596 5266 2661 5333 τῇ
2696 5262 2912 5333 βασάνῳ
2941 5262 3038 5331 τῆς
3081 5262 3313 5331 καμίνου
3356 5261 3766 5333 παραδιδόασιν,
3809 5262 3957 5318 ὥστε

2368 5362 2591 5433 ποιῆσαι
2625 5359 3015 5431 καθαρώτατον
3036 5377 3047 5388 ·
3082 5360 3133 5411 οἴ
3160 5377 3217 5411 τε
3247 5360 3615 5431 παιδοτρίϐαι,
3664 5361 3723 5413 ἐν
3751 5364 3819 5432 τῇ
3848 5379 3957 5417 πα-

2366 5461 2597 5530 λαίστρᾳ
2626 5458 2843 5522 πολλοῖς
2880 5457 3066 5520 πόνοις
3094 5459 3220 5521 τοὺς
3249 5458 3550 5521 ἀθλοῦντας
3581 5460 3952 5530 γυμνάζουσι,

2367 5557 2473 5610 τῶν
2501 5554 2811 5609 ἀντιπάλων
2834 5554 3191 5626 σφοδρότερον
3219 5555 3405 5619 αὐτοῖς
3437 5556 3834 5626 ἐμπίπτοντες,
3864 5559 3957 5612 ἵνα

2367 5656 2426 5707 ὲν
2473 5656 2539 5725 τῇ
2576 5654 2853 5724 γυμνασίᾳ.
2890 5653 2950 5707 16
2982 5655 3088 5707 πᾶν
3128 5654 3574 5727 κατορθώσαντες
3606 5656 3665 5709 ὲν
3698 5656 3813 5718 τοῖς
3843 5654 3959 5708 τῶν

2367 5752 2702 5807 διδασκάλων
2725 5752 2993 5823 σώμασιν,
3029 5751 3255 5805 ἐπὶτῶν
3288 5751 3514 5819 ἀγώνων
3551 5753 3836 5824 εὐτρεπεῖς
3852 5748 3958 5809 ὦσι

2373 5852 2468 5905 καὶ
2497 5850 3010 5921 παρεσκευασμένοι
3044 5850 3182 5921 πρὸς
3216 5850 3314 5913 τὰς
3361 5849 3531 5913 λαϐὰς
3578 5848 3688 5903 τῶν
3716 5846 3952 5922 ἐχθρῶν,
