4142 6494
144 427 225 485 5!!
948 426 1043 483 AD
1080 424 1211 483 EOS
1247 422 1364 494 QUI
1403 418 1899 481 SCANDALIZATI
1928 418 2128 479 SUNT.
2172 419 2304 478 LIB.
2346 420 2549 480 UNUS.

140 541 472 598 simulabant?
491 540 681 613 Neque
705 559 834 599 vero
863 544 912 599 id
946 544 1122 615 exigui
1164 541 1422 597 momenti
1465 550 1586 603 est,
1616 538 1712 595 sed

140 618 457 704 Summopere
483 634 711 705 prodest
735 636 837 692 illis
867 637 956 707 qui
989 636 1157 692 velint
1179 634 1482 699 attendere,
1508 641 1564 686 nt
1596 632 1717 686 illos

141 726 429 797 dignoscant
444 728 535 798 qui
559 727 791 799 pellibus
812 729 991 783 ovium
1016 728 1139 783 tecti
1171 738 1312 788 sunt.
1345 741 1413 781 ne
1441 725 1519 780 sic
1537 723 1717 778 occul-

142 818 343 888 tatilupi
371 834 496 875 cum
532 822 677 875 veris
704 822 897 876 ovibus
934 823 1282 877 misceantur.
1314 820 1409 874 Est
1435 819 1579 872 enim
1609 816 1718 871 for-

140 925 225 964 nas
251 910 493 980 quaedam
522 921 735 982 tempus
776 913 945 977 istud,
988 928 1108 983 quae
1145 912 1441 966 subatratos
1467 923 1716 963 nummos

140 1000 402 1071 patefacit,
450 1017 573 1072 qua:
623 1003 895 1074 plumbum
941 988 1269 1074 liquel'acit‘,I
1296 1003 1478 1072 paleas
1514 1003 1712 1063 exurit,

140 1096 344 1162 pretiosa
375 1098 600 1153 metalla
630 1098 947 1166 pretiosiora
976 1096 1169 1152 reddit.
1195 1096 1307 1151 lloc
1346 1094 1508 1148 etiam
1550 1092 1713 1163 signi-

139 1184 278 1240 ﬁcans
296 1186 494 1244 Paulus
519 1188 734 1244 dicebat
761 1207 775 1242 :
813 1188 1022 1259 Oportet
1049 1198 1218 1242 autem
1245 1197 1291 1242 et
1328 1186 1543 1239 hereses
1574 1202 1709 1249 esse,

139 1287 183 1330 st
202 1278 282 1347 qui
306 1280 509 1350 probati
546 1291 694 1347 sunt,
727 1281 982 1351 manifesti
1017 1282 1144 1351 ﬁant
1187 1281 1240 1333 in
1286 1279 1422 1333 vobis
1454 1278 1471 1349 (
1499 1279 1549 1333 l.
1590 1276 1710 1331 Cor.

140 1370 350 1442 “.19).

192 1460 307 1517 CAP.
377 1463 502 1521 XX.
567 1464 895 1536 Temporibus
949 1462 1295 1535 apostolorum
1364 1479 1442 1516 res
1491 1462 1713 1517 evenisse

135 1556 358 1623 graviores
395 1571 418 1621 ;
488 1557 606 1611 vitae
650 1555 943 1627 apostolica:
1022 1556 1357 1627 prmogativa
1422 1556 1607 1627 qualis.
1640 1585 1712 1596 -ι

136 1643 251 1700 Nihil
278 1661 404 1717 ergo
429 1649 658 1703 istorum
693 1658 744 1703 te
772 1647 1117 1710 scandalizet,
1147 1662 1252 1701 non
1281 1647 1537 1703 sacerdos
1566 1662 1710 1702 nunc

136 1738 456 1807 depravatus,
500 1750 557 1797 et
602 1743 729 1811 lupo
765 1741 955 1812 quovis
1007 1742 1200 1795 smvius
1244 1744 1297 1795 in
1327 1757 1542 1811 gregem
1576 1741 1707 1795 insi-

137 1827 266 1895 liens,
318 1846 423 1884 non
468 1846 534 1886 ex
575 1831 976 1901 magistratibus
1023 1840 1114 1885 aut
1156 1832 1487 1902 principibus
1528 1832 1702 1897 ullus,

134 1919 207 1989 qui
233 1936 469 1991 magnam
500 1923 870 1978 crudelitatem
917 1938 1026 1993 pra:
1065 1932 1126 1979 se
1172 1923 1324 1979 ferat.
1374 1923 1563 1979 Veniat
1610 1924 1703 1979 tibi

134 2009 176 2061 in
210 2023 430 2068 mentem
482 2014 847 2083 apostolorum
892 2018 1225 2086 temporibus
1265 2033 1351 2072 res
1393 2017 1560 2072 multo
1586 2034 1708 2088 gra-

134 2102 282 2158 viores
322 2105 438 2159 istis
480 2106 766 2162 accidisse.
809 2106 941 2161 Nam
974 2118 1027 2162 et
1053 2109 1118 2173 is,
1169 2111 1256 2180 qui
1288 2120 1397 2163 tum
1429 2123 1701 2179 sceptrum

133 2197 318 2263 gerebat
357 2197 679 2269 Imperator,
729 2203 1043 2274 mysterium
1084 2213 1201 2257 erat
1251 2205 1550 2275 iniquitatis
1600 2206 1702 2277 (sic

133 2290 247 2342 enim
274 2306 390 2345 eum
424 2292 623 2347 l’aulus
648 2295 938 2363 appellavit
962 2292 1037 2367 [2.
1068 2294 1249 2350 Thess.
1277 2296 1331 2349 2.
1366 2295 1420 2369 7]
1450 2299 1490 2367 ),
1522 2300 1701 2355 omnia

132 2395 294 2450 genera
335 2385 590 2440 vitiorum
645 2397 976 2455 pervaserat,
1022 2397 1078 2443 et
1121 2404 1308 2445 omnes
1362 2392 1702 2460 improbitate

131 2486 459 2543 superaverat,
506 2488 560 2532 at
615 2479 749 2533 nihil
797 2479 898 2534 hoc
926 2489 1018 2534 aut
1048 2481 1364 2548 Ecclesium,
1411 2494 1503 2537 aut
1531 2500 1699 2553 gene-

131 2581 256 2621 rosos
281 2569 393 2624 illos
422 2572 571 2625 viros
603 2571 761 2639 latsit,
796 2572 906 2627 imo
935 2575 1453 2632 etiam‘illustriorcs
1473 2576 1648 2632 ell'ecit
1682 2598 1696 2632 :

130 2669 172 2714 et
204 2660 499 2717 Judteorum
531 2666 844 2721 sacerdotes
875 2664 946 2719 ita
974 2668 1119 2736 pravi
1151 2678 1204 2722 et
1243 2669 1472 2739 improbi
1523 2669 1697 2725 homi-

130 2766 204 2805 nes
240 2764 402 2818 erant,
451 2765 509 2810 ut
540 2756 860 2825 juberentur
905 2758 1086 2828 populi
1118 2774 1305 2815 eorum
1350 2762 1473 2816 vita:
1522 2761 1699 2817 imita-

132 2842 295 2899 tionem
315 2847 487 2903 vitare
518 2867 531 2901 :
570 2846 740 2919 Super
761 2849 1057 2904 cathedram
1082 2854 1225 2906 cnitn
1255 2852 1471 2924 Moysis,
1502 2854 1693 2926 inquit,

130 2938 325 2993 aderant
354 2939 555 2997 Scriba:
585 2952 631 2996 et
662 2941 914 2998 Pharisari
946 2960 965 2997 :
995 2946 1166 2999 omnia
1196 2963 1315 3019 ergo
1341 2964 1453 3017 quae
1477 2948 1697 3003 dixerint

130 3034 237 3087 vobis
261 3036 510 3106 facienda,
543 3039 715 3110 facite,
747 3042 1023 3095 secundum
1062 3060 1215 3112 opera
1246 3062 1361 3099 vero
1407 3064 1579 3102 eorum
1606 3064 1697 3103 ιιο-

128 3125 196 3179 lite
221 3131 371 3197 facere
427 3130 649 3205 (Matth.
681 3133 771 3189 25.
802 3134 856 3189 2.
890 3135 945 3206 '5)
978 3155 993 3193 :
1028 3141 1239 3192 tameLsi
1283 3140 1411 3209 quid
1470 3142 1696 3211 nequius

129 3214 207 3271 illis
224 3222 581 3278 sacerdotibus
610 3224 734 3295 fingi
769 3236 963 3296 potest,
1012 3244 1240 3299 quorum
1282 3232 1507 3287 imitatio
1550 3245 1697 3303 pote-

128 3318 190 3361 rat
226 3313 437 3379 perdere
476 3325 776 3372 sectatores
821 3319 1081 3376 illorum?
1127 3325 1376 3379 Attamen
1410 3326 1531 3380 licet
1562 3328 1694 3383 tales

127 3412 275 3456 essent
299 3406 567 3477 principes
594 3408 737 3462 illius
764 3412 1021 3480 temporis
1045 3453 1061 3479 ,
1110 3415 1199 3483 qui
1228 3415 1555 3473 celebriores
1580 3427 1691 3473 tum

126 3488 325 3561 fuerunt,
356 3509 519 3570 atque
573 3502 818 3556 coronati
844 3515 1150 3571 evaserunt,
1201 3508 1350 3562 nullo
1394 3524 1481 3563 mo
1499 3510 1553 3564 lo
1582 3510 1690 3565 lzesi

126 3598 252 3656 sunt,
302 3594 405 3647 imo
467 3596 651 3665 potius
699 3597 955 3652 clariores
998 3598 1120 3653 facti
1169 3611 1313 3657 sunt.
1371 3602 1486 3657 Non
1533 3604 1693 3674 igitur

126 3690 297 3747 oportet
340 3689 408 3740 ob
454 3702 542 3750 ea,
594 3702 714 3756 qua:
762 3689 1029 3754 accidunt,
1086 3692 1493 3763 obstupescere.
1548 3695 1683 3751 Nam

127 3770 643 3843 ubiquctentationes
674 3781 759 3846 iis,
811 3782 902 3852 qui
951 3784 1137 3855 vigiles
1180 3798 1235 3841 et
1282 3791 1471 3844 attenti
1520 3803 1686 3858 sunt,

125 3864 375 3931 adurerent,
432 3874 551 3927 sive
599 3888 631 3925 a
675 3872 1005 3941 domesticis,
1054 3878 1169 3933 sive
1212 3880 1279 3934 ab
1313 3881 1525 3937 alienis.
1558 3884 1691 3939 Pro-

126 3964 271 4023 pterea
314 3961 509 4018 Paulus
547 3964 735 4030 etiam,
786 3983 906 4021 cum
940 3968 1206 4038 ingentem
1240 3990 1521 4029 numerum
1548 3978 1689 4047 peri-

125 4047 325 4105 culorum
370 4055 478 4109 illis
504 4068 759 4111 cerneret
809 4058 1114 4126 imminere,
1164 4078 1229 4118 ac
1275 4078 1572 4132 vereretur,
1621 4087 1688 4125 ne

125 4141 191 4207 qui
215 4142 439 4216 discipuli
470 4148 599 4203 inde
629 4150 990 4217 turbarentur,
1040 4155 1090 4208 in
1136 4156 1251 4211 hrec
1280 4159 1440 4214 verba
1478 4163 1685 4219 scribe-

126 4232 222 4287 bat:
250 4237 360 4293 list
384 4243 451 4294 ad
472 4260 560 4298 vos
586 4240 929 4313 Timotheum,
972 4258 1024 4301 tu
1051 4266 1197 4303 nemo
1229 4264 1488 4307 moveatur
1512 4255 1566 4309 in
1597 4260 1685 4311 tri-

124 4322 412 4387 balatiom'bus
450 4334 561 4389 istis
594 4350 613 4388 :
637 4337 737 4400 ipsi
768 4338 900 4391 enim
948 4340 1084 4393 scitis
1121 4343 1257 4411 quod
1302 4344 1355 4397 in
1397 4346 1491 4400 hoc
1536 4350 1687 4415 positi

123 4428 259 4471 mnus
296 4422 387 4491 (ι.
430 4423 616 4481 Thess.
655 4428 708 4481 5.
735 4428 838 4498 2).
894 4432 1131 4497 Quorum
1181 4435 1267 4489 hic
1320 4452 1511 4493 sensus
1558 4451 1679 4496 est:

124 4504 219 4565 Hec
246 4525 321 4569 est
360 4518 463 4572 vita
508 4530 720 4587 nostra,
770 4520 884 4577 hac
923 4525 1228 4593 apostolica:
1258 4532 1684 4587 conversationis

122 4610 183 4654 est
208 4608 439 4675 conditio,
482 4621 542 4665 ιιι
569 4611 803 4669 ferendis
829 4616 983 4670 malis
1014 4618 1311 4675 innumeris
1341 4622 1405 4676 sit
1428 4624 1677 4679 obnoxia.

124 4687 172 4743 Ιιι
195 4694 275 4750 hoc
299 4702 437 4755 enim
471 4704 629 4774 positi
658 4720 849 4773 sumus,
895 4708 1085 4778 inquit.
1127 4711 1263 4777 Quid
1314 4723 1430 4775 est,
1479 4713 1544 4769 In
1586 4718 1681 4771 hoc

124 4787 241 4849 positi
258 4796 462 4849 sumus?
488 4795 955 4863 Quemadmodum
992 4817 1075 4855 res
1106 4804 1319 4857 venales
1352 4805 1401 4857 iu
1434 4806 1535 4861 hoc
1555 4788 1712 4863 sunt~

122 4881 350 4950 exposita,
392 4897 449 4941 ut
492 4888 802 4943 vendantur
843 4892 967 4946 :sic
1009 4903 1064 4947 et
1106 4896 1396 4961 apostolica
1442 4900 1570 4965 vita,
1618 4910 1676 4955 ut

120 4973 673 5044 conviciisinccssatur,
720 4990 775 5034 ut
815 4983 952 5036 mala
999 4986 1250 5053 patiatur,
1298 5002 1357 5042 ut
1384 5007 1673 5062 numquam

122 5063 324 5133 respiret,
364 5078 422 5122 ut
465 5070 644 5124 nullas
676 5071 915 5129 inducias
958 5078 1317 5133 nanciscatur.
1370 5081 1539 5137 Porro
1582 5086 1673 5155 qui

122 5150 266 5221 tigiles
303 5168 355 5214 et
394 5165 588 5217 attenti
621 5174 767 5230 sum,
814 5183 917 5221 non
950 5169 1111 5224 modo
1138 5172 1271 5226 nihil
1307 5174 1429 5229 inde
1456 5150 1673 5247 capiunt

120 5239 395 5320 detrimenti,
446 5256 543 5309 sed
587 5257 818 5323 amplius
867 5258 991 5315 inde
1031 5262 1321 5319 lucrantur.
1370 5267 1542 5335 Quam
1602 5271 1672 5326 ob

120 5344 290 5393 mtuam
330 5353 384 5398 ct
429 5344 567 5401 istos
620 5346 705 5401 ubi
750 5358 1058 5406 constanter
1085 5357 1346 5413 restitisse
1383 5364 1666 5429 cognovit,

120 5433 407 5489 commendat
434 5454 447 5489 :
476 5446 534 5492 et
562 5438 633 5492 de
663 5442 783 5493 aliis
810 5442 909 5496 ista
939 5443 1089 5508 dicit,
1132 5462 1227 5501 eos
1257 5460 1377 5519 post
1405 5452 1522 5522 ejus
1550 5455 1667 5508 via-

121 5516 207 5569 mla
259 5532 308 5577 et
345 5542 566 5584 catenas
606 5532 967 5590 abundantius
996 5552 1155 5591 ausos
1181 5555 1302 5597 esse
1327 5544 1442 5599 sine
1476 5546 1667 5604 timore

119 5607 294 5668 Verbum
328 5616 419 5673 Dei
467 5621 615 5692 loqui
655 5624 673 5693 (
704 5622 935 5695 Philipp.
970 5630 1019 5681 l.
1055 5630 1179 5700 14).
1209 5632 1344 5699 Quid
1373 5651 1499 5691 vero
1534 5647 1667 5693 tetu-

119 5707 218 5762 [⁸οη
237 5702 438 5781 onsis,
467 5715 700 5784 quaeso?
742 5732 920 5772 nonne
948 5718 998 5773 in
1023 5722 1193 5776 media
1227 5727 1444 5797 regione
1474 5729 1665 5787 barba-

119 5801 259 5851 ὀτῑιω
293 5815 470 5875 mgna
513 5808 678 5863 etiam
731 5810 974 5880 permisit
1021 5812 1162 5870 Deus
1206 5834 1387 5874 rerum
1446 5839 1661 5881 suarum

118 5897 336 5953 ηδεοιιιιιιιι
381 5904 687 5959 exhibere?
731 5919 907 5961 nonne
956 5906 1113 5980 ltttjtts
1158 5926 1369 5982 quoque
1415 5922 1657 5977 meminit

3333 419 3443 475 5‘32

1827 535 2065 593 historia:
2124 537 2360 593 Paulus?
2417 534 2859 605 Quenmdmodum
2911 545 3083 594 autem
3124 537 3324 594 Jannes
3393 545 3445 592 et

1822 627 2079 695 Imbres,
2129 630 2322 699 inquit,
2366 631 2657 684 restiterunt
2708 629 2903 701 Moysi,
2954 632 3028 685 ita
3056 640 3101 685 et
3126 631 3181 685 hi
3204 632 3440 687 resistent

1823 721 2024 774 ueritati
2069 720 2148 791 (2.
2176 719 2309 775 Tim.
2341 722 2395 777 3.
2426 721 2502 792 8).
2529 721 2601 776 Ita
2630 738 2922 794 numquam
2949 722 3238 779 defuerunt
3263 738 3437 795 neque

1822 812 2099 877 scandala,
2128 828 2305 883 neque
2333 813 2424 883 qui
2451 815 2736 871 occasione
2774 814 2990 871 illorum
3025 831 3225 873 corona
3266 817 3429 873 dona-

1824 914 2028 960 rentur.
2091 905 2217 961 Hazc
2262 907 2427 977 igitur
2472 910 2652 963 omnia
2697 924 2818 965 cum
2863 910 3047 966 animo
3084 920 3176 977 tuo
3220 920 3425 982 reputa,

1823 1012 1998 1068 neque
2022 998 2141 1053 haec
2168 1007 2397 1068 tantum,
2429 1000 2525 1056 sed
2555 1011 2609 1056 et
2632 1013 2889 1073 quantum
2916 1019 2984 1061 ex
3009 1002 3111 1060 hac
3134 1020 3194 1061 re
3223 1003 3437 1062 lucrum

1821 1089 2123 1145 obvenerit.
2174 1088 2312 1146 illud
2358 1106 2574 1163 quoque
2621 1093 2943 1161 considera,
2989 1096 3251 1167 quasdam
3298 1098 3436 1154 alias

1820 1180 1985 1238 etiam
2031 1182 2257 1237 istorum
2304 1198 2529 1240 arcanas
2567 1200 2691 1243 esse
2740 1188 3016 1256 rationes;
3063 1205 3241 1262 neque
3286 1191 3434 1248 enim

1821 1273 1937 1329 fieri
1971 1285 2165 1343 potest,
2210 1286 2268 1331 ut
2309 1279 2488 1334 omnia
2536 1280 2809 1346 sciamus;
2856 1296 2921 1337 ac
2974 1297 3066 1338 res
3103 1285 3274 1341 multo
3308 1299 3437 1355 pro-

1819 1367 2089 1436 speriorcs
2136 1379 2423 1425 eventuras
2467 1380 2692 1440 postea,
2767 1374 3045 1445 multoque
3111 1376 3262 1446 plura
3334 1392 3435 1433 nos

1819 1460 2075 1517 miracula
2136 1472 2472 1533 spectaturos
2549 1483 2563 1519 :
2634 1470 3087 1536 quemadmodum
3152 1483 3205 1527 ct
3274 1484 3434 1528 artate

1816 1550 2019 1620 Joscph
2070 1554 2398 1625 principium
2433 1557 2650 1629 quidem
2694 1560 3101 1619 difficultatibus
3143 1565 3431 1637 obseptum

1818 1644 1932 1709 fuit,
1979 1646 2180 1717 diuque
2226 1664 2312 1704 res
2353 1651 2737 1719 succedebant,
2768 1671 2889 1726 qum
2936 1663 3148 1727 penitus
3196 1662 3430 1732 promis-

1815 1738 1951 1792 sioni
1998 1743 2281 1796 contraria:
2307 1743 2627 1801 videbantur
2680 1765 2693 1800 :
2753 1760 2935 1817 postea
2984 1763 3160 1808 tamen
3190 1772 3428 1827 omnem

1813 1833 2269 1899 exspectationem
2297 1838 2572 1904 superavit
2598 1849 2840 1895 eventus.
2865 1841 3155 1901 Enimvero
3185 1857 3429 1916 tempore
3518 1875 3523 1879 ο

1816 1924 2079 1991 passionis
2106 1925 2305 1981 Christi
2335 1944 2441 1983 non
2470 1931 2668 1994 statim,
2703 1949 2876 2005 neque
2910 1937 2961 1991 in
2991 1939 3215 1993 exordio
3243 1944 3430 2004 etini-

1814 2016 1888 2071 tio
1918 2020 2160 2089 prosperi
2191 2034 2475 2079 successus
2503 2038 2695 2082 omnes
2718 2030 3113 2098 germinarunt,
3148 2034 3242 2089 sed
3271 2051 3430 2093 scan-

1810 2112 1990 2168 dalum
2018 2114 2233 2185 quidem
2262 2119 2481 2188 prodiit,
2526 2131 2583 2177 et
2627 2137 2795 2192 pauca
2831 2126 3076 2196 qumdam
3120 2128 3259 2186 facta
3300 2144 3429 2187 sunt

1811 2205 2093 2275 miracula,
2121 2220 2179 2263 ut
2207 2212 2609 2283 corrigerentur
2632 2217 2720 2286 qui
2751 2218 2866 2273 haec
2893 2221 3100 2278 scelera
3120 2224 3423 2295 patrabant,

1808 2311 1872 2351 ac
1896 2298 2076 2354 subito
2100 2311 2293 2358 cuncta
2318 2308 2717 2375 praeterierunt.
2743 2310 3001 2379 Quamvis
3022 2316 3166 2370 enim
3192 2318 3423 2374 scissqu

1810 2388 1969 2446 fuerit
1996 2400 2105 2447 tum
2135 2398 2318 2467 templi
2353 2399 2555 2467 velum,
2590 2413 2642 2457 et
2667 2413 2837 2474 petrae
2864 2408 3053 2463 scissae
3075 2410 3201 2475 sint,
3247 2422 3303 2467 et
3340 2415 3423 2469 sol

1808 2485 2127 2543 obscuratus
2161 2508 2173 2542 :
2209 2488 2325 2546 bzcc
2356 2502 2533 2549 tamen
2564 2496 2702 2552 intra
2729 2515 2892 2555 unum
2922 2502 3065 2558 diem
3088 2506 3420 2576 acciderunt,

1807 2585 1859 2631 et
1890 2578 1941 2631 in
1970 2580 2296 2637 oblivionem
2332 2585 2473 2657 vulgi
2507 2601 2787 2646 venerunt.
2838 2593 3029 2651 Postea
3062 2613 3193 2654 vero
3230 2602 3423 2658 confe-

1805 2670 1929 2724 stim
1979 2670 2031 2726 in
2078 2671 2255 2745 fugam
2285 2679 2428 2733 versi
2490 2692 2617 2735 sunt
2664 2686 2920 2755 apostoli,
2978 2694 3418 2762 perscqnutione.

1805 2759 2000 2828 bellis,
2054 2765 2263 2821 insidiis
2311 2768 2567 2841 divexati,
2603 2775 2853 2846 latentes,
2898 2759 3220 2849 absconditi,
3272 2800 3420 2845 metu

1804 2856 2081 2925 correpti,
2141 2859 2408 2929 lapidibus
2468 2868 2691 2935 appetiti
2738 2872 2961 2927 verbum
3016 2876 3106 2932 Dei
3157 2880 3422 2947 praedica-

1806 2945 1932 3000 bant
1976 2967 1990 3002 :
2035 2959 2253 3021 tumque
2294 2956 2583 3025 plurimum
2624 2960 3006 3037 dominabatur
3055 2945 3287 3039 populus
3324 2975 3420 3029 Ju-

1803 3037 2082 3109 dacorum,
2142 3046 2229 3115 qui
2290 3046 2374 3101 fidi
2398 3048 2477 3106 les
2527 3053 2906 3121 abducebant,
2957 3037 3416 3137 circumagebant,

1804 3132 2124 3204 trahebant,
2200 3141 2541 3211 torquebant.
2622 3146 2757 3202 Cum
2821 3153 2964 3205 enim
3023 3155 3125 3209 illis
3175 3132 3420 3215 l‘averent

1803 3224 2167 3293 magistratus,
2200 3233 2440 3300 quotidie
2490 3236 2835 3296 abducebant
2863 3253 2919 3299 et
2945 3248 3423 3309 circumduce-bant

1801 3318 2095 3384 apostolos.
2148 3320 2286 3389 Quid
2336 3324 2459 3381 dico
2508 3332 2765 3399 pepulum
2795 3332 3104 3393 Judmorum
3155 3352 3210 3396 et
3246 3347 3417 3414 magi-

1800 3412 2043 3465 Stratus?
2096 3412 2247 3471 Unus
2294 3419 2471 3487 opifex
2526 3422 3019 3497 tabernaculorum,
3066 3433 3208 3488 circa
3251 3412 3419 3506 pelles

1800 3516 2116 3571 occupatus,
2150 3509 2345 3566 Paulus
2386 3512 2550 3583 (quid
2600 3532 2763 3586 porro
2792 3523 3255 3583 tabernaculorum
3295 3533 3417 3602 opi~

1801 3596 1900 3653 tice
1942 3600 2180 3672 vilius?)
2237 3614 2380 3660 tanta
2432 3609 2690 3665 szeviebat
2740 3612 2986 3682 insania,
3045 3628 3104 3673 ut
3158 3623 3302 3677 viros
3354 3640 3419 3681 ac

1800 3691 2054 3749 mulieres
2110 3697 2385 3763 traheret,
2435 3711 2483 3755 et
2534 3703 2587 3757 in
2640 3720 2915 3764 carcerem
2970 3714 3261 3782 conjiceret
3291 3759 3306 3781 ,
3356 3731 3413 3774 et

1800 3781 1902 3839 hoc
1942 3784 2242 3851 Crucilixus
2291 3808 2413 3845 cum
2462 3808 2733 3879 cerneret,
2793 3781 3137 3871 permittebat
3162 3808 3303 3879 (Act.
3355 3815 3414 3867 9.

1800 3876 1850 3930 l.
1910 3877 1989 3950 2).
2035 3880 2103 3935 At
2152 3890 2204 3935 tu
2259 3884 2380 3938 vide
2431 3901 2540 3956 quo
2588 3871 2747 3958 pacio
2801 3893 3002 3951 deinde
3058 3871 3181 3954 tum‘
3219 3917 3412 3973 persc-

1796 3982 1994 4042 quutor
2024 3976 2123 4031 iste
2152 3991 2338 4034 omnes
2368 3985 2725 4050 superaverit,
2765 3997 2821 4041 et
2865 4005 2953 4046 res
2996 3993 3095 4048 ista
3135 3996 3252 4052 sole
3296 3998 3414 4068 ipso

1796 4065 1996 4121 clarius
2040 4068 2341 4139 refulserit,
2389 4084 2664 4148 totumque
2710 4074 2899 4139 orbem
2948 4096 3211 4145 terrarum
3254 4108 3413 4149 occu-

1798 4158 1954 4227 parit.

1894 4250 2024 4308 Car.
2071 4253 2212 4310 XXI.
2280 4258 2383 4314 Cur
2441 4270 2546 4316 tam
2594 4264 2646 4318 in
2711 4265 2879 4322 Veteri
2929 4287 3085 4342 quant
3133 4275 3186 4330 in
3254 4276 3407 4335 Novo

1798 4340 2116 4401 Testamento
2142 4350 2317 4405 multa:
2343 4354 2532 4423 fuerint
2558 4357 2873 4427 afﬂictiones.
2905 4340 2977 4405 -έ-
3005 4366 3158 4433 Quod
3185 4370 3230 4424 si
3262 4369 3405 4429 forte

1794 4432 1959 4499 dicas,
1990 4453 2148 4507 quam
2179 4441 2248 4495 ob
2276 4457 2491 4500 causam
2524 4459 2578 4501 et
2608 4449 2659 4503 in
2694 4450 2871 4508 Veteri
2914 4467 2967 4511 et
3010 4432 3061 4514 in
3098 4459 3249 4517 Novo
3298 4463 3407 4521 Te-

1792 4535 2061 4583 stamento
2095 4539 2201 4586 tam
2232 4535 2396 4589 multa
2425 4540 2682 4608 pericula,
2718 4555 2823 4599 tam
2851 4549 3033 4604 multa:
3062 4551 3403 4623 afllictiones,

1793 4625 1898 4671 tam
1944 4620 2125 4676 multa:
2173 4625 2378 4681 insidiae
2422 4628 2643 4698 fuerint,
2686 4650 2903 4694 causam
2933 4655 3219 4712 cognosce.
3250 4648 3409 4717 Qum-

1791 4726 1912 4764 nam
1960 4728 2090 4784 ergo
2139 4732 2297 4773 causa
2348 4723 2467 4776 est?
2518 4725 2777 4783 Palmstra
2836 4734 3080 4802 quzedam
3134 4750 3220 4794 est
3287 4742 3405 4800 bace

1790 4803 1918 4868 vita,
1962 4811 2299 4877 gymnasium
2349 4823 2405 4868 et
2456 4826 2754 4887 certamen,
2798 4823 2989 4881 fornax
3040 4830 3353 4888 conllatoria
3387 4879 3403 4899 ,

1786 4908 1841 4954 et
1871 4902 2115 4957 tinctoria
2146 4905 2358 4962 virtutis
2387 4910 2622 4965 officina.
2656 4914 2726 4969 Ut
2760 4916 2919 4987 igitur
2946 4921 3116 4990 pelles
3150 4936 3403 4997 acceptas

1787 4991 2145 5064 adstringunt,
2199 5000 2516 5069 extendunt,
2564 5009 2906 5075 percutiunt,
2975 5028 3039 5069 ac
3105 4991 3402 5086 parietibus

1786 5095 1839 5135 et
1897 5086 2040 5139 saxis
2090 5088 2317 5145 allidunt
2359 5095 2609 5163 coriarii,
2650 5108 2706 5153 et
2754 5102 2873 5156 aliis
2920 5106 3217 5163 innumeris
3264 5114 3397 5167 arti-

1787 5174 1919 5229 liciis
1967 5177 2033 5232 ad
2079 5181 2475 5251 suscipiendam
2526 5188 2813 5245 tincturam
2858 5196 3086 5253 reddunt
3148 5201 3395 5271 idoneas,

1784 5281 1847 5321 ac
1893 5268 2088 5326 deinde
2128 5275 2419 5342 pretiosum
2458 5280 2694 5338 colorem
2724 5284 3023 5354 inducunt;
3056 5302 3112 5346 et
3145 5295 3393 5351 aurilir-es

1782 5546 2057 5606 laboribus
2098 5553 2148 5606 in
2207 5556 2453 5625 palaestra
2494 5574 2748 5619 exercent
2776 5568 3029 5635 athletas,
3058 5571 3183 5627 dum
3214 5575 3395 5630 acrius

1780 5658 1940 5713 quam
1986 5645 2281 5704 adversarii
2330 5654 2381 5706 in
2423 5670 2521 5710 eos
2564 5661 2819 5727 impetum
2865 5664 3093 5733 lacittnt,
3161 5680 3218 5721 ιιι
3267 5687 3388 5725 cum

1780 5735 1831 5789 in
1865 5738 2343 5799 exercitationibus
2369 5759 2558 5804 cuncta
2583 5756 2907 5823 peregerint,
2933 5774 3163 5829 corpore
3188 5761 3388 5817 decoro

1777 5832 1885 5884 sint
1914 5841 1967 5885 et
1993 5833 2223 5903 eleganti
2256 5840 2306 5893 in
2335 5845 2737 5911 certaminibus,
2779 5857 2836 5903 et
2876 5851 2943 5905 ita
2972 5857 3287 5923 comparati,
3334 5869 3387 5910 ut

1781 5925 1934 5981 facile
1986 5927 2321 5987 inimicorum
2368 5938 2654 6005 petitiones
2717 5955 2910 6000 omnes
2973 5950 3190 6005 cludant
3238 5968 3250 6005 :
3314 5949 3387 6003 ita
