4142 6488
720 397 826 452 523

715 527 936 590 quoque
977 511 1105 570 facit
1152 511 1207 568 in
1254 511 1353 568 hac
1394 511 1502 568 vita
1535 511 1705 576 Deus,
1763 513 1890 568 dum
1948 514 2180 570 animam
2227 513 2294 568 ad

727 606 965 660 iirtutem
990 614 1166 674 aptam
1195 603 1308 659 vult
1334 603 1558 659 reddere
1594 621 1608 658 :
1638 602 1938 677 adstringit,
1981 615 2036 660 et
2079 603 2295 670 conﬁat,

722 706 774 750 et
814 694 1159 751 amictionum
1197 693 1360 749 tradit
1398 694 1662 758 examini,
1720 703 1778 748 ut
1821 694 2184 766 pusillanimes
2234 710 2297 748 ac

719 783 927 840 remissi
966 784 1376 854 adstringantur,
1405 793 1463 840 et
1497 785 1586 854 qui
1617 785 1823 855 probati
1862 794 1987 840 sunt
2025 785 2295 856 probatio-

719 890 806 930 res
850 875 1112 941 evadant,
1166 890 1266 932 nec
1302 875 1371 931 ab
1414 877 1536 931 ullis
1578 877 1878 931 daemonum
1923 877 2161 940 insidiis,
2206 885 2298 931 aut

717 967 911 1023 diaboli
958 968 1160 1039 laqueis
1203 968 1444 1039 superari
1473 968 1695 1038 possint,
1745 968 1838 1023 sed
1883 981 2070 1023 omnes
2108 968 2295 1023 admo-

714 1065 842 1118 dum
892 1064 1067 1120 tdOuei
1110 1063 1176 1118 ad
1219 1064 1390 1118 l'utura
1434 1064 1570 1118 bona
1612 1061 1945 1132 suscipienda
1986 1061 2291 1116 reddantur.

718 1156 810 1212 Vir
851 1156 1013 1221 enim,
1039 1155 1231 1227 inquit,
1274 1156 1361 1226 qui
1413 1169 1516 1209 non
1565 1161 1648 1208 est
1691 1162 1940 1218 tentatus,
1970 1168 2075 1208 non
2107 1153 2294 1222 proba-

715 1259 799 1304 tus
824 1256 908 1302 est
939 1265 952 1302 :
986 1258 1041 1304 et
1083 1247 1296 1310 Paulus,
1346 1245 1388 1300 Τ
1389 1246 1624 1300 n‘bulatio
1670 1245 1963 1314 patientiam
2008 1254 2247 1316 operatur
2274 1258 2294 1298 :

716 1341 956 1409 patientia
986 1354 1102 1393 vero
1129 1337 1474 1409 probationem
1521 1337 1696 1407 (Rom.
1731 1336 1785 1392 5.
1818 1338 1870 1392 5.
1903 1337 1983 1406 4).
2035 1336 2292 1391 Toleran-

715 1435 877 1489 tiores
905 1433 1063 1504 igitur
1087 1440 1142 1488 et
1170 1432 1514 1500 patientiores
1541 1430 1726 1486 volens
1752 1429 1996 1496 reddere,
2028 1429 2291 1484 numisma

711 1527 840 1583 sinit
863 1526 1113 1582 omnibus
1128 1524 1300 1580 modis
1324 1523 1605 1595 explorari.
1632 1522 1738 1578 liae
1766 1522 1834 1578 de
1852 1537 2012 1578 causa
2039 1521 2140 1577 Job
2162 1535 2294 1592 quo-

712 1635 817 1690 que
836 1620 942 1691 pati
973 1617 1214 1690 permisit
1242 1631 1303 1672 ea
1333 1631 1453 1686 quae
1483 1630 1668 1686 passus
1695 1619 1796 1679 est,
1827 1624 1886 1669 ut
1911 1613 2181 1683 probatior
2199 1628 2295 1682 ap-

713 1720 961 1782 pareret,
1014 1719 1070 1766 et
1111 1707 1307 1764 diaboli
1355 1724 1414 1762 os
1457 1707 1800 1771 occluderet;
1840 1714 2120 1777 propterea
2174 1721 2296 1776 per-

712 1805 858 1860 misit
895 1813 948 1859 et
995 1800 1286 1872 apostolos,
1335 1808 1391 1855 ut
1439 1808 1496 1855 et
1536 1799 1611 1854 illi
1664 1798 1912 1854 fortiores
1966 1799 2290 1864 evaderent,

712 1908 766 1952 ct
826 1895 1014 1950 virium
1064 1907 1279 1948 suarum
1333 1892 1431 1946 hac
1473 1891 1677 1946 ratione
1732 1891 2000 1961 specimen
2050 1891 2290 1946 ederent.

713 1987 843 2042 Nam
886 1995 940 2041 et
980 1986 1093 2040 haec
1124 1994 1400 2041 estcausa
1445 1997 1552 2038 non
1589 1983 1797 2055 exigua.
1839 1984 2192 2050 Quamobrem
2240 1993 2296 2038 et

711 2077 876 2134 Paulo
914 2078 1145 2146 quietem
1196 2089 1259 2131 ac
1303 2074 1683 2129 relaxationem
1730 2087 1760 2126 a
1804 2075 1960 2128 malis
2007 2075 2293 2144 postulanti

712 2170 914 2226 dicebat
940 2212 953 2235 ,
997 2167 1192 2239 Sit/ﬁcit
1241 2166 1330 2220 tibi
1353 2167 1519 2237 gratia
1546 2183 1656 2219 mea
1683 2182 1702 2219 :
1733 2182 1853 2220 nam
1881 2167 2036 2221 virtus
2083 2183 2196 2221 mea
2240 2166 2292 2220 in

712 2263 1001 2333 inﬁrmitate
1025 2260 1283 2332 perﬁcitur
1312 2258 1388 2327 (Ξ.
1417 2257 1537 2314 Cor.
1575 2260 1660 2314 i2.
1693 2259 1771 2330 θ).

784 2355 914 2412 Cu.
971 2353 1134 2410 XXII.
1183 2353 1484 2425 Afﬂictiones
1524 2369 1624 2406 non
1680 2352 1830 2406 modo
1894 2369 1992 2407 non
2041 2352 2295 2407 scandali-

717 2467 850 2516 sare,
881 2449 968 2504 sed
993 2457 1040 2502 et
1065 2445 1301 2517 prodesse
1333 2445 1434 2500 illis
1461 2445 1546 2513 qui
1571 2461 1635 2499 ex
1662 2460 1805 2514 a‘quo
1825 2453 1870 2497 et
1896 2445 2024 2498 bono
2039 2444 2292 2514 judicent,

712 2548 812 2597 sint
837 2542 950 2597 licet
980 2539 1221 2596 Gentiles.
1261 2568 1321 2580 —
1356 2537 1628 2608 Siquidem
1656 2537 1728 2590 illi
1757 2537 1844 2607 qui
1873 2536 2109 2592 nondum
2137 2537 2294 2592 iidem

715 2633 1071 2689 Christianam
1117 2639 1240 2685 sunt
1287 2628 1537 2697 amplexi,
1583 2628 1810 2698 amplius
1839 2628 1963 2684 inde
2003 2629 2292 2692 lucrantur,

715 2726 758 2781 si
791 2725 974 2796 vigiles
1011 2723 1206 2778 fuerint
1231 2733 1286 2778 et
1314 2721 1521 2776 attenti.
1553 2720 1686 2776 Cum
1717 2720 1856 2775 enim
1885 2735 1980 2776 eos
2009 2722 2215 2790 injuriis
2244 2730 2298 2776 et

713 2815 1051 2874 contumeliis
1078 2813 1217 2870 allici
1244 2812 1505 2880 viderent,
1535 2813 1588 2866 in
1617 2826 1884 2867 carcerem
1915 2811 2128 2881 conjici,
2171 2828 2296 2881 pro-

715 2910 826 2966 bris
883 2906 1130 2970 onerari,
1182 2905 1384 2960 insidiis
1427 2903 1752 2974 oppugnari,
1804 2903 1978 2974 capite
2022 2905 2290 2970 truncari,

715 2998 894 3062 exuri,
929 2998 981 3053 in
1022 3011 1170 3051 mare
1211 2995 1469 3065 demergi,
1513 3010 1684 3064 neque
1709 2994 1831 3048 ullis
1860 2995 2120 3064 ejusmodi
2144 2996 2296 3050 malis

716 3090 930 3154 cedere,
961 3088 1132 3158 cogita
1162 3094 1413 3155 quantam
1447 3086 1498 3139 in
1524 3085 1928 3140 admirationem
1961 3085 2298 3143 traducerent

716 3187 1047 3252 spectatores
1073 3191 1200 3232 suos
1225 3191 1344 3231 cum
1367 3175 1526 3238 illius,
1556 3185 1664 3229 tum
1697 3173 1854 3245 hujus
1881 3177 2134 3246 temporis
2162 3192 2297 3247 pra:-

717 3269 1030 3325 stantissimi
1061 3267 1273 3322 athleta:
1308 3266 1416 3322 isti.
1462 3266 1642 3336 itaque
1672 3280 1777 3320 non
1802 3266 1962 3322 modo
1988 3267 2296 3324 scandalum

719 3365 921 3420 nullum
951 3363 1163 3435 pariunt
1192 3360 1293 3416 illis
1317 3359 1406 3431 qui
1434 3360 1614 3430 vigiles
1639 3368 1762 3416 sunt
1788 3369 1842 3415 ct
1866 3362 2072 3426 attenti,
2097 3376 2158 3416 ea
2179 3378 2297 3433 quae

719 3456 986 3521 accidunt,
1037 3453 1128 3509 sed
1180 3454 1340 3508 etiam
1386 3451 1644 3507 doctrina:
1691 3452 1909 3519 majoris
1945 3454 2298 3524 adipiscenda:

718 3551 1055 3606 occasiOnem
1085 3547 1188 3600 illis
1211 3543 1478 3599 adferunt.
1529 3543 1729 3598 Idcirco
1759 3543 1953 3599 Paulus
1995 3546 2153 3600 etiam
2198 3546 2299 3601 hoc

719 3643 815 3697 sibi
867 3641 1066 3694 dictum
1109 3638 1347 3702 audivit,
1416 3635 1581 3689 Virtus
1612 3651 1720 3688 mea
1764 3636 1815 3688 in
1846 3637 2139 3703 inﬁrmitate
2181 3619 2296 3707 pe;-

721 3737 908 3803 ﬁcitur.
946 3732 1056 3787 Hoc
1083 3742 1138 3785 et
1167 3732 1224 3785 in
1255 3729 1432 3784 Veteri
1461 3740 1514 3784 et
1544 3728 1595 3782 in
1626 3727 1773 3782 Novo
1801 3727 2146 3784 Testamento
2173 3747 2297 3801 spe-

719 3838 864 3881 ctare
915 3827 1053 3879 licet.
1122 3822 1395 3892 Perpende
1447 3837 1673 3882 namque
1723 3821 1991 3890 quomodo
2050 3822 2294 3878 affectum

721 3921 884 3974 luisse
933 3916 1502 3973 Nabuchodonosorem
1565 3913 1848 3969 verisimile
1896 3915 2003 3980 sit,
2057 3931 2085 3968 a
2135 3915 2302 3969 trihus

725 4012 921 4078 pueris,
969 4009 1156 4071 servis,
1221 4009 1457 4074 captivis,
1507 4006 1850 4075 compedibus
1889 4008 2098 4070 vinctis,
2153 4008 2301 4061 llam-

724 4106 825 4158 tnis
871 4101 1145 4170 expositis,
1197 4108 1342 4152 tanto
1385 4099 1616 4152 exercitu
1662 4106 1933 4166 spectante
1973 4108 2298 4167 superatum,

723 4206 779 4248 nt
801 4196 889 4263 qui
935 4193 1028 4246 tria
1069 4205 1289 4258 corpora
1321 4188 1636 4257 mancipata,
1663 4189 1897 4248 subacta,
1934 4192 2099 4257 patria
2132 4190 2299 4259 pulsa,

723 4287 993 4346 libertate,
1023 4281 1244 4343 honore,
1286 4291 1567 4349 potestate,
1608 4281 1846 4349 pecuniis
1877 4282 2116 4348 spoliata,
2151 4283 2303 4353 longe

719 4399 748 4432 a
811 4377 1117 4447 prOpinquis
1157 4375 1439 4429 constituta
1485 4391 1588 4428 non
1634 4383 1838 4441 poterat
1895 4378 2121 4432 vincere.
2150 4378 2301 4446 Quod

725 4473 767 4524 si
803 4469 1060 4539 permissa
1089 4468 1173 4520 illa
1217 4483 1319 4520 non
1367 4467 1552 4519 fuisset
1581 4468 1808 4532 exustio,
1855 4477 1958 4522 tam
1987 4471 2301 4539 prmclarum

725 4560 1005 4630 praemium
1036 4573 1138 4610 non
1164 4557 1534 4618 obtinuissent,
1586 4572 1683 4612 nec
1726 4557 1795 4611 ita
1843 4560 2172 4627 splendidam
2215 4579 2307 4617 co-

725 4666 912 4706 ronam
957 4649 1131 4719 adepti
1181 4657 1379 4702 essent.
1434 4647 1708 4716 Perpende
1749 4653 2014 4720 quomodo
2059 4653 2301 4708 allectum

729 4744 892 4798 luisse
933 4741 1217 4795 verisimile
1255 4751 1336 4794 est
1378 4739 1640 4794 llerodem
1692 4742 2070 4808 reprehensum
2118 4760 2144 4797 a
2186 4746 2303 4800 viu-

725 4851 834 4905 cto,
879 4852 998 4891 cum
1045 4845 1284 4891 cerneret
1321 4836 1450 4888 nihil
1497 4850 1616 4890 eum
1658 4834 1724 4889 de
1773 4835 2017 4905 loquendi
2062 4840 2305 4894 libertate

729 4938 946 4998 propter
996 4937 1232 4981 catenam
1281 4926 1571 4989 remittere,
1613 4925 1707 4979 sed
1743 4928 1911 4981 occidi
1941 4930 2116 4996 malle,
2148 4947 2303 5001 quam

735 5018 1138 5088 pulcherrimam
1172 5017 1312 5070 illan:
1341 5015 1504 5071 libere
1530 5017 1778 5087 loquendi
1812 5020 2110 5075 facultatem
2152 5028 2308 5077 amit-

732 5121 861 5165 tere.
895 5110 1077 5179 Cogita
1108 5108 1221 5178 quis
1247 5125 1310 5162 ex
1335 5109 1635 5164 hominibus
1662 5111 1800 5164 illius
1827 5115 2017 5178 astatis,
2042 5116 2119 5168 vel
2143 5117 2302 5172 etiam

731 5201 1105 5271 consequentis
1145 5200 1240 5252 mvi
1268 5241 1279 5261 ,
1338 5216 1455 5252 cum
1503 5201 1616 5255 hmc
1670 5214 1913 5258 cerneret
1964 5215 2016 5258 et
2058 5207 2302 5277 audiret,

733 5293 1072 5366 quantumvis
1120 5293 1276 5346 deses
1329 5307 1391 5346 ac
1435 5293 1687 5348 remissus
1715 5304 1877 5360 esset,
1915 5307 1970 5350 at
2003 5299 2194 5369 exiguo
2226 5313 2303 5356 ta—

734 5403 854 5441 meo
883 5384 1084 5454 judicio
1136 5383 1353 5443 valeret,
1411 5399 1513 5436 non
1554 5399 1815 5441 summam
1857 5388 2135 5444 utilitatem
2187 5394 2305 5449 inde

733 5478 1059 5544 decerperet.
1113 5472 1226 5527 Noli
1281 5473 1422 5526 enim
1483 5474 1608 5528 mihi
1669 5491 2090 5536 commemorare
2139 5485 2308 5540 scele-

739 5579 880 5624 ratos
929 5578 981 5621 et
1030 5567 1218 5620 stultos
1267 5563 1529 5630 homines,
1582 5567 1854 5634 socordes,
1911 5579 2051 5627 totos
2098 5579 2306 5644 corpori

737 5660 999 5714 curandos
1027 5657 1283 5721 addictos,
1338 5671 1398 5711 ac
1424 5656 1562 5712 loliis
1593 5659 1836 5715 leviores.
1880 5661 1968 5718 isti
2017 5669 2158 5719 enim
2203 5684 2307 5724 non

742 5749 826 5809 his
850 5751 1040 5816 solum,
1068 5749 1159 5803 sed
1181 5764 1239 5802 re
1261 5748 1463 5818 quavis,
1495 5763 1613 5819 qua:
1643 5751 1913 5818 acciderit,
1939 5755 2304 5814 oll'enduntur:

739 5859 844 5898 non
870 5840 1022 5896 aliter
1048 5854 1108 5895 ac
1135 5841 1361 5911 populus
1388 5839 1714 5908 Judaaorum,
1768 5845 1854 5913 qui
1882 5856 1935 5902 et
1960 5863 2081 5902 cum
2111 5865 2305 5906 manna

1447 396 1505 453 S.
1542 395 1818 454 JOANNIS
1854 395 2324 456 CHRYSOSTOMI
2362 394 2675 454 ARCHIEP.
2717 393 3250 453 CONS‘I'ANTINOP.

3889 393 3999 448 εει

2410 513 2733 577 comederet,
2785 523 2841 569 et
2894 528 3016 570 eum
3064 527 3277 582 panem,
3338 511 3537 581 pariter
3581 525 3829 566 morosus
3878 517 4000 564 erat

2407 613 2460 659 et
2503 603 2892 671 oll‘endebatur,
2921 604 3035 660 slve
3063 604 3115 658 in
3137 601 3369 674 Egypto
3397 612 3558 667 esset,
3589 602 3704 658 sive
3725 600 3795 655 ab
3821 599 3997 673 Egy—

2411 705 2502 764 pto
2546 694 2823 758 liberatus,
2897 695 3012 750 sive
3059 694 3272 750 adesset
3310 693 3549 765 Moyses,
3603 693 3716 748 sive
3759 693 3997 746 abesset.

2411 785 2600 840 Verum
2638 787 2755 841 illos
2796 786 2848 841 in
2897 785 3131 841 medium
3171 785 3300 839 mihi
3344 784 3642 854 producito,
3688 784 3778 854 qui
3827 784 3996 837 sobrii

2405 891 2557 934 erant
2586 890 2640 934 et
2669 879 2892 950 vigiles;
2950 892 3002 935 et
3029 895 3148 934 cum
3175 879 3355 932 animo
3383 887 3472 932 tuo
3503 889 3710 948 reputa,
3738 888 3995 946 quautam

2405 969 2548 1039 ipsos
2592 970 2974 1040 probabile-sit
3011 971 3294 1025 utilitatem
3333 970 3456 1024 inde
3497 969 3818 1039 percepisse,
3868 983 3995 1022 cum

2404 1061 2634 1114 animam
2680 1070 3016 1116 constantem
3063 1071 3366 1127 cernerent,
3417 1070 3650 1116 mentem
3697 1060 3993 1125 invictam,

2404 1150 2637 1222 linguam
2668 1154 2900 1207 maxima
2925 1153 3170 1208 libertate
3196 1153 3444 1223 loquendi
3475 1153 3780 1223 praeditam,
3811 1152 3994 1207 homi-

2403 1257 2523 1296 nem
2552 1241 2749 1298 deserti
2796 1244 3042 1309 incolam,
3070 1259 3248 1314 regem
3276 1260 3549 1315 superare,
3589 1245 3820 1300 vinctum
3844 1258 3995 1305 eam.

2404 1347 2501 1387 nec
2545 1343 2722 1388 tamen
2771 1335 2964 1391 cedere
2996 1337 3048 1401 ⁸,
3089 1337 3262 1406 capite
3310 1337 3578 1399 truncari,
3630 1352 3731 1392 nec
3779 1337 3994 1391 silere:

2400 1422 2496 1479 sed
2536 1440 2604 1479 ne
2657 1424 2746 1481 hic
2770 1427 2980 1495 quidem
3011 1427 3265 1494 subsiste,
3298 1443 3481 1483 verum
3510 1443 3572 1484 ea
3613 1444 3733 1498 qua:
3763 1438 3996 1498 sequuta

2400 1525 2564 1581 sunt,
2611 1516 2878 1571 examina.
2931 1516 3102 1586 Caput
3145 1520 3440 1588 amputavit
3479 1519 3756 1583 Herodes,
3814 1519 3998 1588 capite

2403 1617 2674 1664 truncatus
2715 1620 2799 1664 est
2831 1609 3086 1665 Joannes.
3119 1609 3250 1676 Quis
3275 1625 3401 1679 ergo
3433 1610 3622 1665 beatus
3649 1611 3716 1665 ab
3741 1610 3998 1664 omnibus

2403 1701 2756 1770 medicatur?
2783 1704 2901 1770 quis
2928 1702 3214 1759 imitandus
3241 1703 3583 1772 prolionitur?
3609 1704 3728 1772 quis
3753 1702 3968 1757 celebra

2403 1794 2530 1848 tur?
2569 1794 2687 1863 quis
2708 1798 3039 1849 coronatur?
3081 1795 3198 1864 quis
3242 1796 3530 1868 pmconiis
3573 1797 3839 1850 ornatur?
3872 1803 3999 1866 quis

2404 1884 2688 1940 laudatur?
2737 1887 2857 1955 quis
2904 1887 3357 1942 commendatur?
3401 1887 3522 1958 quis
3560 1888 3611 1942 in
3663 1887 3801 1942 hunc
3825 1904 4001 1958 usque

2401 1976 2541 2032 diem
2594 1977 2980 2048 reprehendit?
3028 1979 3217 2034 Nonne
3257 1980 3312 2035 in
3338 1981 3559 2051 singulis
3605 1981 3857 2036 Ecclesiis
3909 1984 4003 2036 hic

2400 2074 2610 2145 quidem
2641 2075 2855 2138 clamat,
2891 2074 3011 2128 Non
3040 2077 3155 2129 licet
3183 2075 3272 2128 tibi
3302 2076 3488 2130 habere
3522 2092 3731 2130 uxorem
3763 2075 4002 2147 Philippi

2403 2169 2576 2238 fratris
2611 2169 2683 2221 tui
2723 2167 2933 2238 (Matth.
2968 2169 3055 2224 Η.
3087 2169 3146 2235 4)
3181 2186 3195 2222 :
3228 2168 3318 2223 ille
3345 2184 3472 2224 vero
3498 2167 3810 2224 dill'amatur
3830 2171 4001 2224 etiam

2404 2269 2524 2329 post
2549 2259 2754 2314 obitum
2791 2260 2861 2314 ob
2882 2260 3221 2325 adulterium,
3254 2261 3538 2326 insaniam,
3591 2270 3646 2315 et
3671 2261 3955 2316 audaciam
3977 2262 4003 2315 ?

2404 2349 2700 2406 Considera
2742 2366 2870 2405 vero
2917 2361 3111 2420 praiter
3154 2366 3218 2406 ea
3265 2367 3387 2421 qua:
3430 2351 3570 2407 dicta
3609 2361 3754 2415 sunt,
3797 2361 4004 2422 quanta

2404 2445 2570 2499 virtus
2599 2453 2744 2499 esset
2768 2445 2985 2516 captivi,
3014 2454 3208 2515 quanta
3235 2447 3445 2516 tyranni
3475 2445 3828 2502 imbecillitas.
3859 2443 4004 2500 Nam

2404 2534 2490 2590 hic
2517 2533 2731 2606 quidem
2771 2551 2877 2590 non
2929 2536 3099 2606 potuit
3141 2536 3372 2605 linguam
3425 2552 3586 2590 unam
3625 2551 4002 2608 compescere,

2403 2627 2496 2683 sed
2528 2643 2588 2682 ea
2619 2628 2822 2682 sublata
2845 2667 2860 2693 ,
2889 2639 3135 2684 sexcenta
3168 2643 3264 2698 pro
3291 2629 3380 2684 illa
3406 2639 3460 2684 et
3488 2645 3609 2684 cunt
3644 2631 3730 2684 illa
3765 2647 3859 2685 ora
3907 2647 4004 2686 re-

2404 2721 2601 2775 seravit
2635 2739 2646 2774 :
2682 2721 2769 2776 ille
2799 2738 2926 2777 vero
2952 2733 3007 2777 et
3033 2732 3141 2776 tum
3175 2724 3323 2778 illum
3350 2734 3466 2794 post
3492 2725 3695 2779 caedem
3727 2734 4004 2794 perterre-

2405 2811 2528 2865 l’ecit
2550 2809 2707 2884 (adeo
2746 2813 2942 2882 quippe
2972 2815 3356 2869 conscientiam
3383 2816 3500 2884 ejus
3527 2816 3855 2886 percellebat
3879 2833 4003 2872 me-

2405 2910 2508 2964 tus,
2560 2912 2616 2955 ut
2655 2903 2826 2972 ipsum
2863 2915 2972 2959 tum
3022 2907 3278 2975 temporis
3322 2907 3724 2964 arbitraretura
3765 2913 4005 2965 mortuis

2403 2993 2687 3047 excitatum
2716 2996 2969 3049 miracula
2999 2999 3232 3066 patrare)
3254 3039 3267 3059 ,
3321 3008 3374 3053 ct
3403 3014 3533 3053 vero
3564 3016 3704 3055 nunc
3729 3011 3782 3055 et
3810 3017 3875 3057 ex
3907 3003 4010 3058 illo

2405 3093 2664 3156 tempore,
2716 3097 2970 3158 perpetuo
3023 3105 3118 3157 per
3162 3090 3468 3146 universum
3511 3093 3695 3147 orbem
3733 3102 4008 3149 terrarum

2403 3189 2458 3234 et
2496 3195 2592 3250 per
2620 3196 2678 3236 se
2724 3191 2778 3236 et
2809 3198 2904 3251 per
2930 3183 3064 3236 alios
3108 3183 3471 3253 reprehendit.
3518 3185 3790 3256 Siquidem
3835 3203 4012 3242 unus.

2403 3270 2628 3342 quisque
2653 3273 2778 3326 dum
2809 3275 3137 3345 evangelium
3166 3275 3303 3329 istud
3337 3277 3490 3345 legit,
3531 3277 3659 3332 dicit
3687 3293 3704 3330 :
3741 3277 3860 3333 Non
3890 3281 4012 3335 licet

2405 3363 2492 3416 tibi
2534 3364 2716 3418 habere
2745 3382 2952 3419 uxorem
2985 3365 3222 3437 Philippi
3245 3369 3420 3437 fratris
3451 3370 3523 3422 tui
3557 3385 3576 3422 :
3602 3379 3657 3424 et
3686 3371 3800 3424 sine
3831 3387 4007 3426 evan-

2404 3455 2543 3526 gelio
2587 3457 2637 3508 in
2687 3459 2931 3523 metilius,
2987 3459 3036 3511 in
3070 3462 3468 3529 congressibus,
3522 3461 3634 3517 sive
3681 3463 3770 3534 qui
3813 3463 4009 3530 domi,

2406 3547 2520 3600 sive
2566 3549 2654 3616 qtti
2703 3549 2753 3601 in
2785 3549 2918 3613 l'oro,
2969 3551 3082 3603 sive
3110 3552 3196 3619 qui
3230 3551 3424 3620 uhique
3461 3551 3613 3616 liunt,
3660 3555 3910 3623 quamvis
3937 3557 4007 3610 ad

2411 3639 2576 3708 ipsam
2629 3657 2817 3711 pergas
2857 3644 3126 3711 regionem
3182 3643 3481 3706 Persarum,
3531 3648 3772 3715 quamvis
3815 3648 3872 3702 in
3916 3648 4009 3702 In-

2409 3733 2572 3798 diam,
2620 3736 2860 3803 quamvis
2912 3737 2960 3788 iu
3005 3735 3406 3802 Mauritaniam,
3459 3740 3699 3807 quamvis
3748 3740 3800 3792 in
3845 3755 4010 3810 quaso

2409 3839 2636 3893 cumque
2693 3835 2860 3878 terras
2931 3826 3010 3878 sol
3065 3828 3292 3896 aspicit,
3359 3836 3439 3882 vel
3507 3831 3666 3884 etiam
3717 3831 3782 3884 ad
3861 3834 4012 3901 ipsos

2409 3915 2620 3968 ultimos
2682 3917 2862 3969 mundi
2911 3918 3127 3982 limites,
3206 3919 3340 3973 hanc
3400 3935 3583 3976 vocem
3639 3922 3871 3988 audies,
3954 3933 4011 3978 et

2405 4007 2605 4077 justum
2659 4007 2807 4062 illum
2842 4010 3048 4063 videbis
3074 4013 3364 4065 etiamnum
3416 4017 3761 4078 clamantem,
3829 4017 4009 4069 incul-

2410 4108 2663 4161 cantem.
2709 4111 2762 4155 et
2812 4103 3101 4170 nequitiam
3150 4106 3357 4174 tyranni
3409 4105 3840 4173 redarguentem,
3895 4124 4000 4163 nec

2411 4207 2657 4260 umquam
2722 4193 3008 4257 silentem,
3091 4212 3263 4264 neque
3315 4207 3390 4249 tot
3449 4214 3713 4252 annorum
3778 4215 4012 4255 numero

2411 4285 2882 4352 reprehensionem
2963 4287 3248 4340 debilitari.
3323 4290 3458 4354 Quid
3518 4305 3645 4359 ergo
3696 4290 4010 4346 detrimenti

2410 4377 2550 4444 cepit
2591 4392 2655 4429 ex
2697 4378 2841 4428 obitu
2888 4378 3060 4444 justus
3101 4379 3227 4432 ille?
3266 4380 3390 4448 quid
3424 4395 3486 4432 ex
3536 4391 3710 4434 morte
3739 4381 4012 4436 violenta?

2410 4469 2536 4537 quid
2591 4486 2654 4522 ex
2701 4473 2933 4524 eatena?
2977 4472 3099 4539 quid
3171 4488 3235 4524 ex
3301 4476 3567 4528 carcere?
3620 4475 3768 4541 Quos
3825 4485 4010 4530 autem

2414 4574 2518 4611 non
2545 4560 2793 4623 correxit,
2823 4562 3012 4629 quibus
3060 4579 3154 4615 cur
3203 4573 3435 4631 saperet.
3487 4580 3548 4619 ex
3602 4565 3664 4619 iis
3692 4581 3813 4634 qua:
3846 4566 4008 4629 dixit,

2412 4667 2476 4704 ex
2523 4651 2584 4706 iis
2631 4668 2747 4722 quze
2785 4669 2970 4721 passus
3006 4665 3107 4714 est,
3176 4672 3240 4709 ex
3294 4657 3358 4710 iis
3397 4673 3514 4726 qua:
3559 4673 3701 4712 nunc
3727 4657 4012 4727 prmdicat,

2414 4742 2597 4796 eadem
2650 4759 2887 4812 prorsus,
2931 4761 3050 4814 qua:
3094 4763 3214 4800 cum
3269 4747 3514 4802 viveret?
3567 4747 3685 4802 Noli
3737 4763 3871 4818 ergo
3921 4750 4006 4804 di-

2413 4849 2573 4899 cere,
2639 4835 2806 4903 Quam
2852 4837 2922 4892 ob
2961 4853 3177 4892 causam
3228 4839 3360 4893 mori
3393 4841 3686 4911 permissus
3715 4843 3846 4897 est?
3891 4841 4010 4898 Non

2413 4927 2556 4982 enim
2612 4929 2741 4983 illud
2776 4940 2890 4983 erat
2936 4932 3092 4992 mori.
3149 4933 3242 4986 sed
3273 4947 3528 4988 coronam
3556 4933 3778 5007 adipisci
3827 4952 3843 4990 :
3903 4952 4012 4992 non

2415 5018 2655 5085 interire,
2706 5021 2799 5074 sed
2832 5021 3106 5076 meliorem
3134 5022 3312 5078 vitam'
3347 5025 3630 5095 auspicari.
3685 5026 3843 5082 Disce.
3889 5029 4011 5098 phi-

2419 5109 2709 5180 losophari,
2760 5122 2813 5165 et
2865 5129 2970 5167 non
3025 5114 3187 5169 modo
3229 5115 3359 5170 nihil
3402 5128 3452 5171 te
3497 5117 3595 5172 ista
3645 5117 3864 5185 laedent,
3919 5121 4012 5175 sed

2421 5214 2474 5258 et
2523 5205 2818 5258 commodis
2863 5209 3043 5260 multis
3090 5208 3390 5277 augeberis.

2483 5295 2708 5364 Josepho
2751 5297 2879 5351 nihil
2919 5300 3088 5353 nocuit
3133 5298 3387 5372 Egyptia
3416 5319 3433 5367 ;
3464 5303 3679 5374 Joseplti
3718 5304 4011 5374 exemplum

2414 5403 2566 5456 quam
2587 5391 2727 5443 utile.
2757 5419 2826 5429 -
2857 5391 2992 5458 Quid
3017 5406 3146 5446 vero
3171 5394 3362 5448 mulier
3379 5392 3628 5465 Egyptia
3657 5395 3681 5448 ‘i
3711 5394 3905 5450 Nonne
3925 5411 3987 5448 ac

2413 5481 2636 5542 cusavit,
2693 5489 2745 5535 et
2791 5483 3108 5538 ealumuiata
3161 5487 3280 5540 est?
3333 5501 3512 5542 nonne
3545 5487 3747 5556 justum
3789 5487 4011 5542 vinxit?

2417 5587 2594 5626 nonne
2644 5572 2693 5626 in
2751 5587 3018 5628 carcerem
3072 5579 3378 5649 compegit?
3421 5595 3600 5634 nonne
3642 5581 3694 5634 in
3739 5595 4009 5637 summum

2417 5663 2603 5731 capitis
2631 5663 2913 5720 discrimen
2963 5667 3227 5722 adduxit?
3281 5686 3456 5726 nonne
3495 5681 3756 5742 quantum
3810 5673 3864 5727 in
3897 5673 4006 5743 ipsa

2419 5751 2513 5805 fuit
2542 5753 2720 5815 situm.
2754 5755 3064 5812 interemit?
3093 5776 3268 5816 nonne
3297 5761 3527 5818 infamiae
3555 5773 3738 5820 notam
3766 5763 4005 5821 inussit?

2487 5867 2500 5896 ι
2532 5865 2632 5925 alii,
2657 5881 2741 5918 nec
2765 5876 2922 5921 tamen
2946 5877 3121 5925 tacere.
