4192 6498
186 453 288 513 525
1004 456 1098 511 AD
1135 454 1271 512 EOS
1311 453 1432 524 QUI
1476 448 1988 509 SCANDALIZATI
2029 447 2235 507 SUNT.
2271 448 2402 506 LIB.
2439 445 2650 507 UNUS.

185 572 274 627 καὶ
300 569 505 641 ῥᾳδίως
531 569 706 634 αύτάς
742 568 1065 624 διαλύσωσιν
1083 587 1097 600 ⁸
1129 568 1273 624 οὕτω
1300 567 1586 631 καὶόΘεὸς
1615 567 1674 620 ἐν
1695 563 1776 635 τῷ

185 660 408 733 παρόντι
434 660 538 732 βίῳ
561 663 738 714 ποιεῖ·
773 662 910 733 πρὸς
939 662 1144 734 ἀρετὴν
1171 661 1484 732 ἐπιτηδείαν
1517 659 1778 730 βουλόμε-

182 769 266 818 νος
287 753 704 826 μετασκευάσαι
720 753 819 824 τὴν
839 752 1039 825 ψυχὴν,
1063 754 1158 808 καὶ
1181 753 1396 823 στύφει,
1411 752 1506 805 καὶ
1524 749 1773 821 χωνεύει,

183 845 272 898 καὶ
302 841 529 915 βασάνῳ
563 841 890 914 πειρασμῶν
921 843 1312 915 παραδίδωσιν,
1348 842 1492 897 ὥστε
1537 839 1664 905 τούς
1713 857 1776 894 τε

182 934 654 999 ἀναπεπτωκότας
685 935 780 988 καὶ
809 935 1232 1006 διαλελυμένους
1272 935 1574 1004 σφιγγῆναι
1597 975 1610 997 ,
1646 930 1775 997 τούς

181 1043 240 1081 τε
266 1027 535 1098 δοκίμους
564 1026 966 1099 δοκιμωτέρους
991 1028 1248 1097 γενέσθαι
1272 1068 1287 1093 ,
1316 1027 1411 1081 καὶ
1440 1023 1775 1096 ἀχειρώτους

183 1123 302 1184 ταῖς
322 1119 436 1174 τῶν
464 1118 741 1190 δαιμόνων
770 1118 1088 1184 ἐπιϐουλαῖς
1114 1120 1210 1173 καὶ
1249 1122 1370 1182 ταῖς
1400 1117 1497 1172 τοῦ
1524 1116 1774 1170 διαϐόλου

186 1208 400 1277 παγίσι,
432 1207 531 1261 καὶ
576 1205 784 1278 σφόδρα
827 1206 1165 1278 ἐπιτηδείους
1195 1208 1334 1279 πρὸς
1363 1205 1462 1277 τὴν
1494 1205 1602 1261 τῶν
1651 1204 1778 1276 μελ-

183 1296 383 1351 λόντων
403 1295 628 1365 ἀγαθῶν
657 1296 924 1369 ὑποδοχὴν
947 1295 1216 1360 ἃπαντας.
1247 1295 1409 1367 ’Δνὴρ
1427 1293 1560 1367 γὰρ,
1585 1294 1775 1365 φησὶν,

183 1387 541 1460 ἀπείραστος,
555 1388 815 1458 ἀδόκιμος
833 1405 848 1420 ο
869 1389 965 1442 καὶ
989 1390 1018 1446 6
1047 1387 1278 1452 Παῦλος,
1308 1385 1379 1441 Ἠ
1398 1387 1609 1455 θλίψις
1627 1389 1776 1441 ὑπο-

179 1479 382 1550 μονὴν
396 1477 808 1551 κατεργάζεται
828 1493 842 1509 ⁹
861 1481 901 1548 ἡ
934 1478 1002 1534 δὲ
1023 1477 1300 1549 ὑπομονὴ
1318 1479 1596 1549 δοκιμήν.
1621 1478 1775 1544 Καρ-

181 1573 439 1643 τερικοὺς
492 1567 590 1626 οὖν
647 1571 740 1624 καὶ
788 1571 1230 1643 ὑπομονητικοὺς
1269 1571 1493 1642 ποιῆσαι
1555 1569 1728 1624 θέλων
1758 1607 1774 1634 ,

182 1663 378 1736 ἀφίησι
410 1665 473 1718 τὸ
513 1663 763 1735 νόμισμα
797 1664 1297 1729 διακωδωνίζεσθαι
1355 1666 1519 1719 παντὶ
1565 1662 1772 1737 τρόπῳ.

184 1751 405 1824 ταύτης
427 1753 616 1808 ἐνεκεν
635 1755 736 1826 τῆς
763 1755 942 1817 αίτίας
975 1756 1071 1808 καὶ
1091 1755 1182 1808 τὸν
1226 1756 1345 1809 Ἰὼϐ
1374 1757 1553 1827 ἀφῆκε
1581 1754 1775 1811 παθεῖν

185 1846 329 1918 άπερ
380 1847 609 1912 ἐπαθεν,
659 1848 800 1902 ῶστε
843 1850 938 1904 καὶ
967 1848 1339 1920 δοκιμώτερον
1381 1849 1642 1920 φανῆναι,
1679 1847 1775 1903 καὶ

183 1939 463 2011 ἐμφράξαι
496 1940 594 1995 τοῦ
623 1942 874 1996 διαϐόλου
900 1943 963 1996 τὺ
991 1945 1167 2014 στόμα
1192 1957 1205 1971 ⁸
1237 1943 1326 1998 διά
1350 1943 1508 1996 τοῦτο
1535 1944 1775 2006 καὶτοὺς

181 2033 520 2097 ἀποστόλους
570 2035 804 2106 ἀφῆκεν,
849 2034 992 2090 ὥστε
1034 2037 1322 2100 κάκείνους
1364 2037 1774 2108 ἀνδρειοτέρους

181 2124 458 2194 γενέσθαι,
492 2126 588 2179 καὶ
612 2126 711 2198 τὴν
745 2130 955 2183 οίκείαν
1005 2129 1240 2200 δύναμιν
1271 2128 1447 2204 ταύτῃ
1499 2127 1774 2193 ἐπιδείξα-

180 2217 329 2271 σθαι.
367 2219 478 2271 Καὶ
506 2219 618 2290 γάρ
648 2219 742 2272 καὶ
789 2219 930 2291 αὕτη
978 2222 1128 2275 αιτία
1185 2223 1247 2275 οὑ
1296 2222 1493 2294 μικρά.
1529 2221 1621 2274 Διὸ
1678 2220 1774 2275 καὶ

178 2310 380 2382 Παύλῳ
423 2311 578 2380 ἔλεγε
634 2311 886 2384 ζητοῦντι
919 2315 1106 2370 ἄνεσιν
1155 2314 1250 2369 καὶ
1300 2315 1627 2386 ἀπαλλαγὴν
1662 2313 1774 2369 τῶν

177 2406 521 2475 κατεχόντων
545 2406 754 2472 κακῶν,
801 2408 998 2476 Ἀρκεῖ
1023 2426 1123 2464 σοι
1150 2410 1190 2478 ἡ
1213 2407 1385 2480 χάρις
1410 2427 1531 2480 μου
1550 2425 1565 2440 ⁸
1601 2409 1642 2478 ἡ
1663 2408 1774 2480 γηάρ

175 2495 436 2566 δύναμις
455 2515 580 2566 μου
601 2498 674 2552 ἐν
689 2499 975 2570 ἀσθενείᾳ
1006 2502 1361 2557 τελειοῦται.

244 2613 388 2679 Κεφ.
413 2610 518 2682 κβ’.
533 2611 645 2667 Kal
668 2613 776 2684 γάρ
796 2615 845 2667 οί
878 2614 1110 2685 μηδέπω
1133 2614 1211 2686 τῷ
1235 2613 1378 2687 λόγῳ
1398 2613 1490 2669 τοῦ
1509 2617 1769 2688 Χριστια·

177 2702 373 2773 νισμοῦ
406 2702 934 2776 προσελθόντες,καὶ
963 2704 1213 2758 ἐντεῦθεν
1236 2706 1522 2776 μειζόνως,
1555 2707 1649 2762 ἐάν
1678 2708 1770 2778 νήο

175 2811 338 2863 φωσι,
355 2794 722 2867 κερδαίνουσι.
743 2797 855 2851 Καὶ
878 2795 987 2868 γάρ
1001 2797 1132 2852 ὅταν
1156 2797 1338 2853 ίδωσιν
1353 2799 1767 2866 ἀδικουμένους,

175 2884 639 2958 λοιδορουμένους,
662 2884 1038 2962 δεσμωτήριον
1067 2887 1372 2956 οἰκοῦντας,
1392 2889 1770 2963 ἐπηρεαζομέο

176 2995 323 3045 νους,
347 2978 890 3051 ἐπιϐουλευομένους,
907 2983 1403 3054 ἀποτεμνομένους,
1421 2984 1767 3055 καιομένους,

173 3071 768 3143 καταποντιζομένους,
795 3073 891 3126 καὶ
918 3073 1110 3145 μηδενὶ
1133 3073 1243 3128 τῶν
1278 3074 1468 3130 δεινῶν
1497 3074 1775 3142 εἴκοντας,

174 3162 434 3233 ἐννόησον
464 3163 590 3217 ὅσον
641 3161 858 3234 ἔχοντες
904 3163 1092 3238 θαῦμα
1139 3165 1250 3220 τῶν
1287 3167 1610 3238 παραδόξων
1645 3181 1770 3223 του·

173 3271 284 3309 των
332 3252 587 3324 ἀθλητῶν
624 3254 940 3327 ἀπήρχοντο
989 3257 1083 3310 καὶ
1130 3259 1180 3311 οί
1225 3258 1379 3323 τότε,
1414 3259 1510 3313 καὶ
1547 3260 1598 3313 οί
1647 3259 1766 3314 νῦν.

176 3347 340 3401 ἀστε
368 3347 433 3402 οὐ
467 3346 630 3418 μόνον
660 3347 761 3402 οὐκ
793 3347 1089 3419 ἐργάζεται
1119 3349 1416 3405 σκάνδαλον
1445 3351 1519 3406 τά
1546 3368 1772 3424 γεγενη·

175 3441 313 3512 μένα
335 3442 452 3504 τοῖς
482 3440 770 3511 νήφουσιν,
814 3440 952 3495 ἀλλά
982 3443 1078 3496 καὶ
1123 3442 1370 3508 πλείονος
1420 3443 1769 3511 διδασκαλίας

175 3531 432 3596 ὑπόθεσις
460 3531 695 3600 γίνεται.
725 3533 818 3586 Διὸ
841 3533 937 3588 καὶ
960 3533 1172 3599 Παῦλος
1193 3536 1396 3606 ήκουσε
1439 3536 1634 3603 ταῦτα,
1685 3540 1769 3593 δτι

185 3626 258 3679 Ἡ
281 3624 542 3693 δύναμις
563 3640 688 3693 μου
707 3623 778 3678 ἐν
792 3624 1078 3692 ἀσθενείᾳ
1108 3627 1458 3684 τελειοῦται.
1477 3629 1647 3684 Τοῦτο
1675 3629 1770 3683 καὶ

172 3716 262 3769 ἐπί
283 3716 382 3786 τῆς
405 3713 653 3778 Παλαιὰ
679 3715 772 3768 καὶ
793 3715 887 3768 ἐπὶ
909 3715 1008 3788 τῆς
1036 3717 1248 3789 Καινῆς
1263 3717 1412 3772 ἐστιν
1434 3720 1633 3792 εὑρεῖν.
1654 3723 1770 3778 Ἐν.

173 3809 363 3880 νόησον
395 3807 507 3880 γάρ
539 3807 594 3860 τί
640 3807 872 3877 πάσχειν
903 3807 1054 3872 εἰκὸς
1070 3803 1140 3880 ἦν
1166 3811 1259 3865 τὸν
1292 3809 1769 3887 Ναϐουχοδονόσορ

174 3902 275 3955 ὑπὸ
309 3899 483 3973 τριῶν
511 3899 742 3965 παίδων,
761 3899 987 3965 δούλων,
1014 3901 1410 3973 αίχμαλώτων,
1441 3903 1766 3976 δεδεμένων,

173 3989 639 4065 πυρπολουμένων
659 4031 677 4057 ,
737 3989 1000 4044 τοσούτου
1061 3991 1430 4064 στρατοπέδου
1499 3994 1768 4062 παρόντος

173 4083 518 4154 ἡττώμενον,
571 4081 668 4136 κα)⁸
711 4079 787 4154 μὴ
827 4081 1131 4154 δυνάμενον
1173 4083 1342 4154 τριῶν
1379 4088 1767 4158 περιγενέσθαι

176 4177 443 4248 σωμάτων
463 4174 904 4245 δεδουλωμένων,
939 4175 1340 4247 ὑποκειμένων,
1385 4180 1646 4253 πατρίδος
1671 4182 1766 4236 ἐκ-

174 4269 567 4335 πεπτωκότων,
598 4267 935 4340 ἐλευθερίας,
956 4269 1149 4341 τιμῆς,
1180 4269 1523 4335 δυναστείας,
1545 4291 1650 4346 χρη
1659 4276 1766 4347 μά-

173 4381 294 4428 των,
340 4363 540 4434 πόρρω
587 4359 702 4414 τῶν
749 4361 969 4416 οίκείων
996 4363 1426 4435 ἀπῳκισμένων.
1475 4367 1536 4420 Εί
1580 4367 1648 4440 δὴ
1689 4370 1766 4441 μή

175 4455 526 4529 συνεχωρήθη
579 4455 610 4508 6
661 4455 994 4528 ἐμπρησμὸς
1046 4458 1294 4522 ἐκεῖνος,
1345 4461 1449 4514 οὐκ
1505 4460 1572 4515 ἂν
1623 4462 1768 4518 οὓτω

173 4547 421 4619 λαμπρὸν
453 4546 518 4600 τὸ
542 4544 796 4617 βραϐεῖον
824 4547 1068 4615 ἐγένετο,
1097 4549 1198 4602 οὐκ
1232 4548 1301 4603 ἀν
1324 4549 1471 4604 οὕτω
1493 4553 1766 4628 φαιδρδςὸ

175 4639 456 4707 στέφανος.
484 4636 775 4707 Ἐννόησον
793 4638 849 4692 τί
866 4639 1102 4711 πάσχειν
1121 4641 1270 4705 είκὸς
1297 4639 1367 4715 ἦν
1393 4645 1489 4699 τὸν
1518 4646 1767 4720 Ἡρώδην

173 4731 271 4786 ὑπὸ
299 4729 587 4802 δεσμώτου
617 4729 996 4803 ἐλεγχόμενον,
1015 4735 1110 4787 καὶ
1135 4734 1348 4806 ὁρῶντα
1379 4737 1502 4792 ούδέ
1530 4739 1640 4794 ἀπὺ
1665 4743 1766 4813 τῆς

174 4822 410 4886 ἁλύσεως
432 4819 589 4895 [510]
619 4821 889 4877 ἐνδιδόντα
917 4826 983 4895 τῇ
1015 4826 1322 4899 παρρησίᾳ,
1361 4827 1477 4882 ἀλλ’
1500 4831 1764 4904 αἱρούμε-

171 4933 256 4969 νον
311 4915 593 4986 σφαγῆναι
646 4914 871 4986 μάλλον,
922 4917 1264 4988 ἢ,προέσθαι
1309 4920 1411 4992 τήν
1469 4922 1765 4997 καλλίστην

171 5005 660 5077 ἐλευθεροστομίαν
695 5007 937 5079 ἐκείνην.
977 5005 1265 5080 Ἐννόησον
1305 5011 1386 5075 τίς
1415 5013 1563 5085 ὀρῶν
1592 5015 1764 5071 ταῦτα

171 5097 261 5149 καὶ
286 5095 502 5152 ἀκούων
531 5095 756 5152 καὶτῶν
783 5099 902 5153 τότε
921 5098 1141 5164 ζώντων
1165 5100 1260 5155 καὶ
1285 5103 1393 5156 τῶν
1422 5104 1566 5175 μετὰ
1589 5107 1764 5162 ταῦτα

169 5187 496 5260 γενομένων,
546 5187 653 5244 κάν
703 5189 910 5263 σφόδρα
965 5192 1387 5258 ἀναπεπτωκὼς
1432 5193 1500 5270 ᾖ,
1551 5198 1677 5253 νοῦν
1704 5201 1763 5256 δέ

169 5298 289 5335 τινα
320 5281 460 5352 ἔχων
486 5281 719 5354 βραχὺν,
752 5283 870 5348 πῶς
892 5286 962 5340 τὰ
987 5287 1221 5357 μέγιστα
1251 5292 1517 5362 κερδάνας
1547 5292 1760 5350 ἄπεισι.

169 5371 257 5442 Μὴ
292 5371 403 5442 γάρ
437 5389 528 5443 μοι
554 5373 624 5427 τά
655 5373 990 5448 καθάρματα
1021 5377 1134 5433 τῶν
1153 5381 1399 5453 ἀνοήτων
1423 5385 1608 5457 είπῃς,
1634 5388 1763 5452 τοὺς

170 5460 373 5527 βλᾶκας
393 5463 504 5552 καὶ
529 5463 881 5536 αύτόσαρκας
907 5466 1090 5534 δντας,
1127 5471 1224 5524 καὶ⁵
1246 5471 1463 5542 φύλλων
1493 5475 1761 5552 κουφοτέ-

171 5567 314 5620 ρους.
346 5545 510 5608 Οὗτοι
533 5554 646 5628 γάρ
673 5556 793 5628 οὐχὶ
819 5557 1032 5625 τούτοις
1061 5562 1244 5632 μόνον,
1279 5566 1418 5622 ἀλλά
1459 5570 1555 5625 καὶ
1597 5545 1761 5626 παντὶ

170 5641 353 5711 σχεδὸν
377 5647 664 5718 γενομένῳ
691 5651 1126 5720 προσπταίουσιν
1148 5670 1162 5684 ο
1185 5657 1264 5720 ῶς
1295 5659 1391 5713 καὶ
1418 5663 1448 5714 6
1486 5662 1760 5718 Ἰουδαίων

167 5731 332 5826 δῆμος
352 5737 449 5789 καὶ
467 5738 649 5808 μάννα
663 5739 858 5796 ἐσθίων
879 5743 975 5797 καὶ
998 5746 1184 5817 ἄρτον,
1204 5750 1408 5820 ὁμοίως
1429 5752 1761 5826 δυσάρεστος

168 5819 250 5894 ἦν,
281 5829 376 5882 καὶ
417 5831 478 5884 ἐν
507 5831 775 5906 Δίγύπτιρ
804 5835 902 5901 ῶν,
939 5840 1032 5892 καὶ
1078 5819 1416 5913 ἀπαλλαγεὶς
1448 5819 1754 5915 Αἰγύπτου,

169 5919 254 5972 καὶ
284 5923 554 5994 παρόντος
579 5922 880 5992 Μωῦσέως,
925 5930 1017 5984 καὶ
1042 5933 1390 6000 ἀπελθόντος,
1445 5937 1584 5992 Ἀλλ’
1608 5940 1751 5994 ἐκεί-

3369 444 3475 503 526

1884 582 2009 630 νους
2043 567 2124 630 είς
2154 566 2319 636 μέσον
2351 565 2450 634 ἀγε
2485 582 2597 636 μοι,
2628 564 2756 627 τοὺς
2791 561 3086 634 νήφοντας,
3134 559 3262 625 τοὺς
3305 561 3476 634 ἐγρη-

1884 666 2136 739 γορότας,
2183 667 2279 719 καὶ
2328 665 2546 736 λογίζου
2597 665 2772 734 πόσην
2801 663 2950 727 είκὸς
2986 663 3193 728 αὐτοὺς
3225 663 3480 719 ἐντεῦθεν

1886 769 2285 838 καρπώσασθαι
2319 769 2416 842 τὴν
2437 768 2732 836 ὠφέλειαν,
2772 767 3018 840 ὁρῶντας
3048 766 3232 838 ψυχὴν
3275 767 3479 840 ἀπερί-

1883 884 2143 942 τρεπτον,
2162 871 2419 944 φρόνημα
2437 869 2772 934 ἀδούλωτον,
2833 869 3085 942 γλῶτταν
3163 869 3482 941 παρρησίας

1884 972 2186 1044 γέμουσαν,
2216 969 2502 1043 ἄνθρωπον
2532 969 2941 1042 ἐρημοπολίτην
2966 968 3230 1040 βασιλέως
3257 985 3483 1042 περιγεο

1887 1075 2130 1146 νόμενον,
2165 1073 2535 1145 δεσμούμενον
2561 1072 2656 1128 καὶ
2686 1073 2788 1127 οὐκ
2816 1072 3090 1128 ἐνδιδόντα
3106 1081 3148 1138 ⁸,
3178 1072 3485 1144 ἀποτεμνόι

1888 1196 2049 1249 μενον
2079 1179 2172 1230 καὶ
2205 1178 2265 1230 οὐ
2303 1176 2573 1245 σιγῶνταο
2603 1174 2699 1230 καὶ
2728 1175 2863 1246 μηδέ
2896 1175 3058 1247 μέχρι
3081 1171 3288 1229 τούτων
3323 1178 3480 1247 στῇς,

1884 1281 2023 1336 ἀλλά
2073 1281 2169 1335 καὶ
2221 1280 2290 1335 τά
2344 1280 2486 1351 μετά
2548 1281 2726 1336 ταῦτα
2776 1277 3021 1346 ἐξέταζε.
3098 1277 3402 1348 ’Δπέτεμεν
3454 1281 3483 1332 6

1895 1380 2162 1452 Ἡρώδης,
2183 1379 2478 1452 ἀπετμήθη
2501 1382 2530 1434 6
2569 1380 2844 1452 Ἰωάννης.
2873 1379 2970 1443 Τίς
2987 1374 3082 1434 οῦν
3107 1381 3258 1434 ἐστιν
3291 1381 3349 1434 ἐν
3372 1383 3487 1444 τοῖς

1886 1485 2142 1540 ἀπάντων
2174 1485 2583 1555 μακαρισμοῖς;
2615 1481 2701 1543 τίς
2747 1481 3024 1553 ζηλωτόςς
3053 1483 3140 1547 τίς
3166 1483 3484 1555 ἀνακηρύτ-

1884 1603 2075 1649 τεται;
2107 1585 2188 1650 τίς
2219 1583 2616 1655 στεφανοῦταις
2641 1584 2726 1648 τίς
2745 1585 3300 1656 ἐγκωμιάζεται;τίς
3331 1589 3484 1640 ἐπαι-

1884 1689 2055 1741 νεῖται
2081 1704 2095 1753 ;
2121 1687 2208 1751 τίς
2231 1687 2609 1757 θαυμάζεταις
2640 1685 2723 1750 τίς
2761 1686 2924 1759 μέχρι
2947 1688 3194 1759 σήμερον
3227 1688 3440 1759 ἐλέγχει
3467 1705 3482 1749 ;

1885 1790 1960 1843 Οὐ
1992 1788 2113 1843 καθ’
2145 1789 2384 1858 ἑκάστην
2415 1789 2742 1860 Ἐκκλησίαν
2779 1791 2808 1842 6
2841 1789 2941 1860 μὲν
2973 1789 3092 1862 βοᾷ,
3123 1792 3246 1845 Οὐκ
3277 1789 3487 1855 ἔξεστί

1883 1909 1983 1948 σοι
2033 1892 2202 1962 ἔχειν
2248 1891 2366 1961 τὴν
2409 1893 2666 1961 γυναῖκα
2705 1893 3014 1948 Φιλίππου
3069 1892 3177 1947 τοῦ
3210 1891 3486 1961 ἀδελφοῦ

1883 2008 2034 2047 σου·
2069 1996 2098 2048 ό
2127 1993 2185 2048 δέ
2237 1992 2615 2064 στηλιτεύεται
2656 1993 2751 2047 καὶ
2800 1994 2939 2065 μετά
2985 1993 3246 2065 τελευτὴν
3285 1996 3381 2049 ἐπὶ
3417 1997 3484 2066 τῇ

1887 2095 2108 2168 μοιχείᾳ
2143 2095 2238 2148 καὶ
2270 2097 2336 2167 τῇ
2381 2095 2658 2168 παρανοίᾳ
2689 2095 2785 2151 καὶ
2809 2100 2878 2168 τῇ
2914 2095 3251 2170 θρασύτητι;
3279 2099 3486 2152 Σκόπει

1881 2197 1940 2252 δέ
1969 2176 2107 2268 μετά
2125 2196 2232 2251 τῶν
2257 2195 2706 2269 είρημένων,ὃση
2731 2197 2826 2252 τοῦ
2859 2197 3140 2269 δεσμώτου
3164 2201 3198 2270 ή
3228 2197 3486 2270 δύναμις.

1883 2298 2092 2353 καὶτοῦ
2118 2299 2385 2370 τυράννου
2414 2301 2459 2370 η’
2480 2297 2754 2353 ἀσθένεια.
2800 2299 2861 2354 Ὅ
2890 2301 2989 2372 μὲν
3022 2299 3132 2374 γάρ
3162 2301 3263 2355 οὐκ
3295 2300 3488 2371 ἴσχυσε

1885 2401 2014 2475 μίαν
2033 2401 2389 2473 ἐπιστομίσαι
2410 2401 2684 2471 γλῶτταν,
2707 2401 2827 2457 ἀλλ’
2853 2401 3061 2457 ἀνελὼν
3093 2402 3287 2477 αὐτὴν,
3311 2405 3488 2476 μυρίη.

1882 2504 1996 2557 ἀντ’
2032 2503 2249 2576 ἐκείνης
2283 2503 2379 2557 καὶ
2407 2504 2527 2576 μετ’
2557 2504 2778 2577 ἐκείνης
2813 2505 3020 2576 ήνέῳξε
3046 2503 3306 2578 στόματα
3327 2523 3340 2536 ·
3369 2509 3398 2560 6
3427 2505 3486 2560 δέ

1882 2607 1976 2661 καὶ¹
2022 2606 2147 2660 τότε
2192 2606 2358 2660 αὑτὸν
2410 2605 2615 2672 εὐθέως
2655 2607 2894 2679 ἐφόϐησε
2933 2607 3075 2678 μετά
3117 2608 3215 2681 τὴν
3263 2608 3484 2681 σφαγὴν

1881 2710 2049 2780 (οὕτω
2073 2709 2185 2782 γάρ
2233 2707 2403 2765 αὐτοῦ
2437 2711 2501 2765 τὸ
2531 2711 2774 2776 συνειδὸς
2815 2696 3104 2768 κατέσειεν
3128 2714 3157 2767 6
3187 2712 3373 2783 φόϐος,
3406 2711 3504 2778 ώςν

1879 2815 2124 2886 νομίζειν
2151 2813 2322 2868 αὑτὸν
2348 2814 2473 2868 τότε
2501 2814 2597 2868 καὶ
2645 2816 2709 2869 ἐκ
2735 2814 2951 2886 νεκρῶν
2980 2813 3298 2870 ἀναστάντα
3351 2815 3488 2871 θαυ-

1892 2917 2270 2991 ματουργεῖν),
2304 2918 2402 2972 καὶ
2432 2916 2530 2971 νῦν
2558 2918 2616 2972 δέ
2653 2919 2749 2972 καὶ
2798 2918 2861 2984 ἐξ
2911 2917 3126 2972 ἐκείνου
3157 2917 3248 2972 διά
3279 2917 3490 2982 παντὸς.

1878 3019 1973 3074 τοῦ
1997 3020 2193 3091 χρόνου
2221 3018 2363 3074 κατά
2379 3020 2562 3074 πᾶσαν
2584 3019 2750 3074 αὐτὸν
2773 3019 2991 3091 ἐλέγχει
3014 3018 3115 3092 τήν
3128 3019 3481 3090 οίκουμένην,

1879 3123 1973 3175 καὶ
2017 3122 2089 3176 δι’
2137 3122 2356 3189 ἑαυτοῦ,
2411 3122 2506 3176 καὶ
2543 3123 2613 3176 δι’
2649 3121 2877 3195 ἐτέρων.
2935 3121 3212 3186 Ἕκαστος
3259 3119 3371 3191 γὰρ
3419 3120 3490 3174 τὸ

1879 3223 2223 3295 Εὑαγγέλιον
2264 3223 2664 3294 ἀναγινώσκων
2699 3224 2880 3292 τοῦτο,
2912 3223 3084 3293 λέγει,
3118 3225 3242 3279 οὐκ
3273 3223 3484 3290 ἔξεστί

1878 3345 1978 3386 σοι
2019 3328 2187 3399 ἔχειν
2230 3328 2346 3398 τὴν
2383 3328 2648 3400 γυναῖκα
2709 3330 3016 3386 Φιλίππου
3054 3329 3163 3386 τοῦ
3205 3328 3483 3400 ἀδελφοῦ

1878 3446 1998 3485 σου
2024 3447 2040 3461 ο
2071 3430 2168 3486 καὶ
2217 3430 2312 3484 τοῦ
2344 3429 2684 3501 Εὐαγγελίου
2735 3432 2906 3504 χωρὶς
2943 3433 3003 3486 ἐν
3057 3430 3345 3502 συλλόγοις
3385 3433 3488 3486 καὶ

1881 3529 2212 3595 συνουσίαις,
2235 3533 2356 3595 ταῖς
2388 3533 2553 3598 οίκοι,
2586 3535 2708 3597 ταῖς
2743 3534 2802 3587 ἐν
2832 3532 3033 3606 ἀγορᾷ,
3062 3533 3187 3599 ταῖς
3223 3533 3484 3588 ἀπαντα-

1878 3631 1997 3706 χοῦ,
2025 3632 2131 3688 κᾶν
2165 3636 2245 3698 είς
2285 3633 2383 3706 τήν
2435 3634 2668 3706 Περσῶν
2711 3635 2900 3708 χώραν
2933 3635 3200 3709 ἀπέλθῃς,
3251 3637 3358 3692 κάν
3397 3639 3485 3703 είς

1878 3735 1978 3809 τήν
2027 3736 2229 3802 Ἰνδῶν,
2278 3735 2384 3792 κᾶν
2413 3738 2496 3802 είς
2544 3737 2645 3809 τὴν
2692 3737 2960 3810 Μαύρων,
2996 3739 3105 3793 κᾶν
3165 3740 3301 3812 ὅσην
3325 3740 3482 3813 ἥλιος

1881 3839 2054 3911 ἐφορᾷ
2091 3839 2217 3908 γῆν,
2269 3838 2366 3893 καὶ
2399 3838 2538 3912 πρὸς
2587 3838 2760 3904 αύτάς
2797 3837 2900 3904 τάς
2932 3841 3217 3911 ἐσχατιάς,
3273 3842 3488 3915 ταύτης

1877 3940 2120 4014 ἀκούσῃς
2149 3943 2251 4014 τῆς
2285 3941 2494 4014 φωνῆς,
2545 3941 2642 3997 καὶ
2693 3940 2817 4013 ὕψει
2869 3942 2963 3998 τὸν
3008 3943 3218 3999 δίκαιον
3271 3946 3484 4001 ἐκεῖνον

1877 4042 1959 4097 ἔτι
2010 4044 2107 4098 καὶ
2150 4041 2248 4098 νῦν
2293 4042 2528 4116 βοῶντα,
2579 4044 2919 4117 ἐνηχοῦντα,
2974 4047 3072 4102 καὶ
3121 4046 3222 4120 τὴν
3276 4051 3494 4105 κακίαν

1877 4145 2169 4218 ἐλέγχοντα
2196 4145 2293 4221 τοῦ
2323 4146 2615 4221 τυράννου,
2651 4147 2747 4202 καὶ
2771 4148 3033 4204 οὐδέποτε
3059 4149 3326 4220 σιγῶντα,
3354 4152 3480 4207 ούδέ

1875 4245 1956 4318 τῷ
1978 4246 2176 4320 πλήθει
2207 4219 2305 4303 τοῦ
2338 4219 2534 4322 χρόνου
2573 4249 2666 4304 τὸν
2688 4248 2915 4322 ἔλεγχον
2948 4251 3375 4324 μαραινόμενον.
3411 4251 3480 4307 Τί

1875 4347 2054 4403 τοίνυν
2075 4348 2185 4403 ἀπὸ
2204 4348 2304 4420 τῆς
2324 4347 2584 4422 τελευτῆς
2609 4350 2932 4424 παρεϐλάϐη
2957 4354 2987 4406 6
3002 4351 3212 4420 δίκαιος
3233 4355 3442 4420 ἐκεῖνος
3461 4372 3477 4421 ;

1875 4451 1930 4506 τί
1957 4451 2014 4506 δέ
2036 4451 2146 4506 ἀπὸ
2161 4450 2260 4506 τοῦ
2289 4451 2469 4523 βιαίου
2491 4453 2762 4523 θανάτους
2784 4455 2838 4508 τί
2861 4454 2920 4510 δέ
2941 4455 3054 4511 ἀπὸ
3071 4457 3176 4529 τῆς
3200 4455 3477 4523 ἀλύσεως;

1877 4553 1928 4607 τί
1948 4553 2005 4608 δέ
2029 4554 2141 4609 ἀπὺ
2160 4554 2257 4609 τοῦ
2280 4553 2691 4627 δεσμωτηρίου;
2724 4555 2892 4623 Τίνας
2913 4557 3092 4616 δέ,ούκ
3116 4556 3348 4632 ὤρθωσε
3368 4560 3482 4616 τῶν

1874 4655 2004 4710 νοῦν
2035 4657 2293 4728 ἐχόντων,
2332 4657 2428 4728 ἀφ’
2460 4650 2538 4714 ὧν
2577 4652 2759 4725 εἶπεν,
2785 4659 2882 4731 ἀφ’
2908 4653 2985 4717 ὧν
3024 4661 3249 4731 ἔπαθεν,
3282 4663 3378 4736 ἀφ’
3403 4661 3483 4722 ὧν

1875 4759 1957 4812 ἐτι
1977 4759 2073 4814 καὶ
2103 4757 2200 4814 νῦν
2223 4758 2487 4830 κηρύττει
2513 4759 2583 4814 τά
2611 4759 2772 4827 αὐτὰ,
2803 4761 2842 4816 ἀ
2869 4764 2966 4818 καὶ
2991 4763 3114 4819 τότε
3142 4764 3290 4832 (GN;
3321 4764 3409 4839 (5!
3427 4768 3479 4842 ί]

1875 4859 1968 4928 Μὴ
2021 4859 2202 4913 τοίνυν
2233 4857 2384 4927 λέγε,
2408 4858 2508 4914 Διά
2542 4859 2594 4915 τί
2621 4863 2976 4937 συνεχωρήθη
3017 4865 3348 4936 ἀποθανεῖν;
3401 4869 3480 4923 Ού

1876 4959 1986 5032 γὰρ
2038 4959 2271 5024 θάνατος
2305 4957 2393 5034 ἦν,
2436 4961 2576 5016 ἀλλά
2600 4962 2870 5034 στέφανος
2887 4964 2949 5018 τὸ
2983 4969 3380 5040 γεγενημένον,
3415 4971 3479 5025 ού

1873 5063 2123 5136 τελευτή,
2159 5063 2299 5119 ἀλλά
2338 5062 2589 5137 μείζονος
2623 5063 2772 5139 ζωῆς
2808 5070 3093 5143 προοίμια.
3134 5073 3294 5129 Μάθε
3330 5075 3485 5144 φιλο-

1875 5167 2084 5237 σοφεῖν,
2117 5166 2214 5221 καὶ
2235 5167 2298 5222 οὑ
2323 5167 2484 5238 μόνον
2506 5168 2660 5223 οὐδὲν
2690 5170 2758 5225 ἐκ
2780 5171 2892 5225 τῶν
2915 5172 3174 5228 τοιούτων
3202 5173 3478 5250 βλαϐήσῃ,

1873 5265 2010 5323 ἀλλά
2040 5267 2139 5322 καὶ
2165 5267 2236 5321 τά
2267 5269 2505 5340 μέγιστα
2533 5270 2839 5342 κερδανεῖς.

1947 5379 2014 5434 Τί
2073 5379 2130 5433 δὲ
2178 5382 2211 5453 ή
2270 5382 2550 5451 Δίγυπτία
2585 5385 2756 5458 γυνή;
2790 5388 2866 5441 Ού
2909 5391 3329 5463 κατηγόρησεν;
3377 5394 3481 5449 οὐκ

1874 5480 2358 5553 ἐσυκοφάντησεν;
2390 5483 2492 5538 ούκ
2535 5483 2696 5556 ἐδησε
2729 5487 2822 5542 τὸν
2851 5488 3099 5557 δίκαιον;
3141 5493 3244 5550 οὐκ
3279 5496 3360 5560 είς
3392 5495 3479 5552 διο

1875 5585 2196 5657 σμωτήριον
2229 5585 2516 5653 ἐνέϐαλεν;
2547 5588 2610 5642 οὐ
2644 5587 2736 5643 τὸν
2770 5591 2901 5664 περὶ
2931 5591 3042 5646 τῶν
3078 5593 3327 5666 ἐσχάτων
3349 5597 3478 5651 ἐπε-

1874 5688 2158 5761 κρέμασεν
2181 5687 2334 5760 αύτῷ
2364 5689 2634 5758 κίνδυνον;
2661 5691 2763 5747 οὐκ
2790 5693 2992 5760 ἀνεῖλε,
3013 5696 3076 5750 τό
3097 5713 3161 5766 γε
3193 5702 3276 5764 είς
3299 5700 3476 5774 αὐτὴν

1871 5782 2039 5858 ἧκον;
2069 5787 2129 5842 ού
2167 5787 2416 5861 πονηρὰν
2472 5791 2770 5866 περιέθηκε
2829 5793 3024 5866 δόξανς
3054 5797 3118 5852 Τί
3163 5793 3260 5856 οὖν
3309 5796 3475 5856 αὐτὸν

1929 5948 1956 5978 ⁸
1978 5945 2077 6000 Alii
2101 5948 2179 5997 καὶ
2204 5948 2259 5996 ού
2283 5948 2557 5997 σιωπῶντα.
