4192 6486
726 537 1134 611 παρέϐλαψενῆ
1180 540 1340 604 τότε,
1393 543 1424 612 ἢ
1465 541 1593 608 νῦν;
1647 542 1917 614 Καθάπερ
1972 540 2080 612 γάρ
2132 542 2302 609 πυρὸς

721 632 987 703 ἄνθρακες
1021 632 1126 687 ὑπὸ
1180 633 1399 705 ἀχύρων
1437 634 1805 703 καλυφθέντες
1826 676 1840 699 ,
1872 635 2021 705 παρά
2070 636 2169 704 μὲν
2203 634 2301 704 τὴν

718 724 894 793 ἀρχὴν
917 724 1232 789 σκιάζεσθαι
1256 724 1524 790 δοκοῦσιν,
1554 727 1750 796 ἀθρόον
1772 727 1828 781 δὲ
1856 727 2209 795 διαφαγόντες
2233 724 2302 777 τά

718 816 1063 885 ἐπικείμενα,
1083 816 1149 868 δι’
1163 816 1343 871 αὐτῶν
1365 819 1587 872 ἐκείνων
1608 820 1716 874 τῶν
1729 819 1946 891 ἀχύρων
1965 819 2301 889 ὑψηλοτέραν

720 903 1017 957 ἀνάπτουσι
1052 906 1149 976 τὴν
1200 906 1409 975 φλόγα·
1446 907 1589 962 οὕτω
1640 905 1703 980 δὴ
1751 909 1843 962 καὶ
1882 911 1915 980 ἡ
1957 909 2161 979 ἀρετὴ,
2198 908 2301 961 κᾶν

720 994 1124 1064 ἐπηρεάζεσθαι
1161 997 1317 1069 δοκῇ.
1345 998 1569 1071 ὕστερον
1595 999 1658 1071 δὴ
1690 1000 1759 1054 δι’
1786 1000 1966 1054 αὐτῶν
1992 1000 2099 1053 τῶν
2127 1000 2301 1053 κωλυ-

721 1087 913 1156 μάτων
948 1088 1211 1159 μειζόνως
1236 1091 1406 1158 ἀνθεῖ,
1436 1095 1527 1146 καὶ
1558 1096 1637 1157 είς
1670 1092 1835 1147 αὐτὸν
1864 1094 2054 1163 φθάνει
2090 1094 2181 1146 τὸν
2213 1095 2303 1147 οὑο

720 1180 905 1248 ρανόν.
937 1182 1001 1233 Τί
1035 1181 1143 1254 γάρ
1177 1187 1595 1256 μακαριώτερον
1640 1186 1835 1254 γένοιτ’
1889 1186 1956 1240 ἀν
1986 1185 2078 1239 τοῦ
2124 1186 2303 1240 νεανία

722 1289 857 1327 σκου
884 1276 1095 1329 ἐκείνου
1121 1277 1210 1330 διά
1233 1277 1333 1348 τὴν
1353 1280 1739 1346 συκοφαντίαν,
1757 1279 1844 1333 διά
1863 1280 1962 1350 τὴν
1987 1280 2299 1351 ἐπιϐουλὴν,

717 1366 782 1420 οὐ
807 1366 897 1419 διά
920 1368 1011 1420 τὸν
1040 1367 1229 1439 θρόνον
1261 1371 1355 1423 τὸν
1384 1371 1441 1423 έν
1470 1371 1753 1443 Αἰγύπτῳ,
1786 1371 1906 1425 οὐδὲ
1935 1372 2021 1425 διά
2058 1373 2158 1443 τὴν
2185 1374 2304 1425 ἐκεῖ

719 1457 1039 1527 βασιλείαν;
1072 1462 1354 1531 Πανταχοῦ
1384 1464 1492 1534 γάρ
1523 1466 1635 1526 τοῖς
1669 1464 1898 1518 πάθεσιν
1924 1468 1983 1517 αί
2010 1465 2178 1530 δόξαι,
2207 1464 2302 1518 καὶ

723 1552 777 1602 αἱ
816 1551 1217 1623 εὐδοκιμήσεις,
1260 1555 1357 1609 καὶ
1400 1558 1447 1610 οί
1484 1557 1735 1626 στέφανοί
1770 1559 1875 1612 είσι
1914 1558 2301 1630 συγκεκληρω⁸

724 1645 897 1713 μένοι.
922 1647 1057 1717 Οὐχὶ
1098 1648 1191 1701 καὶ
1221 1648 1408 1702 τοῦτον
1446 1651 1646 1715 πάντες
1688 1651 1962 1722 πανταχοῦ
1988 1653 2086 1721 τῆς
2122 1653 2301 1705 οίκου-

726 1738 894 1808 μένης
926 1738 1139 1809 ᾅδουσις
1174 1742 1282 1794 Kal
1309 1742 1499 1813 χρόνου
1526 1743 1779 1797 τοσούτου
1808 1743 2009 1814 πλῆθος
2037 1727 2135 1797 οὐκ
2170 1745 2304 1815 ἐμά-

726 1848 891 1900 ρανεν
918 1832 1083 1885 αὑτοῦ
1111 1832 1208 1901 τὴν
1248 1836 1489 1905 μνήμην,
1529 1834 1665 1887 ἀλλά
1699 1834 1807 1888 τῶν
1838 1833 2132 1904 βασιλικῶν
2162 1834 2304 1888 είκό-

724 1942 831 1976 νων
863 1923 1243 1995 λαμπρότερόν
1278 1943 1335 1978 τε
1361 1928 1455 1979 καὶ
1476 1926 1861 1997 διαρκέστερον
1891 1928 1947 1981 αί
1981 1927 2082 1998 τῆς
2102 1927 2303 1998 ἀρετῆς

727 2017 822 2069 καὶ
855 2016 957 2085 τῆς
981 2016 1335 2087 σωφροσύνης
1354 2015 1519 2070 αὑτοῦ
1553 2017 1827 2087 πανταχοῦ
1849 2018 1948 2088 τῆς
1978 2019 2303 2089 οἶκουμένης

726 2109 1039 2162 ἀνάκεινται
1064 2108 1291 2172 είκόνες,
1321 2112 1376 2162 ἐν
1400 2112 1464 2180 τῇ
1500 2110 1806 2180 Ῥωμαίων,
1831 2110 1888 2161 ἐν
1913 2113 1977 2179 τῇ
2013 2110 2303 2181 βαρϐάρων

727 2201 899 2271 χώρα,
933 2204 989 2254 ἐν
1020 2200 1097 2261 τῷ
1124 2203 1355 2253 ἑκάστου
1390 2201 1671 2264 συνειδότι,
1704 2204 1762 2255 ἐν
1790 2205 1856 2273 τῇ
1881 2202 2109 2255 ἑκάστου
2139 2201 2304 2269 γλώτ-

726 2311 814 2363 τῃ.
858 2294 966 2345 Καὶ
994 2292 1204 2363 ὁρῶμεν
1239 2292 1402 2345 αὐτὸν
1441 2292 1680 2356 ἅπαντες
1718 2294 2103 2364 κατεχόμενον,
2141 2292 2303 2363 ἀρχό-

730 2403 930 2454 μενον,
981 2384 1419 2455 συμϐουλεύοντα
1476 2388 1541 2455 τῇ
1604 2384 1763 2455 ἀθλία
1814 2386 1906 2439 καὶ
1972 2386 2303 2457 ταλαιπώρῳ

737 2466 907 2547 πόρνῃ
936 2476 1005 2529 τά
1034 2477 1243 2540 δέοντα,
1275 2478 1370 2530 καὶ¹
1395 2478 1463 2531 τά
1506 2480 1634 2550 παρ’
1670 2478 1867 2532 ἑαυτοῦ
1908 2478 2084 2531 πάντα
2131 2480 2308 2548 εἰσφέ-

733 2588 791 2640 ρο
807 2587 893 2622 ιτα
927 2572 1005 2631 είς
1049 2569 1145 2639 τὴν
1186 2568 1403 2640 ἐκείνης
1436 2570 1732 2641 σωτηρίαν,
1774 2569 2100 2641 ἐντρέποντα
2139 2572 2306 2642 αὑτῆς

726 2664 824 2733 την
852 2663 1265 2733 ἀναισχυντίαν,
1301 2662 1595 2716 σϐεννύντα
1629 2664 1728 2734 τὴν
1758 2663 2007 2734 κάμινον,
2039 2665 2308 2736 χειμῶνος

623 2780 634 2790 ·
731 2755 1038 2825 ἐξαρπάσαι
1077 2752 1459 2825 ἐπιχειροῦντα
1500 2753 1773 2824 χαλεποῦ,
1824 2755 1918 2807 καὶ
1972 2756 2052 2816 είς
2082 2754 2178 2825 τὴν
2211 2772 2310 2821 γα-

728 2847 895 2917 λήνην
914 2845 1209 2918 ὀρμίζοντα
1231 2864 1241 2875 ’
1273 2844 1391 2899 εἶτα
1412 2846 1595 2917 ἐπειδὴ
1618 2846 1677 2899 τὸ
1703 2845 1989 2899 κλυδώνιον
2013 2847 2181 2916 ὐπερέ
2194 2864 2304 2916 σχε,

731 2942 825 2994 καὶ
858 2926 1189 3011 ὑπέραντλον
1229 2939 1291 2992 τὸ
1323 2939 1505 2993 πλοῖον
1551 2938 1762 3008 γέγονε,
1793 2938 2138 3007 ναυαγούσης
2172 2940 2310 2992 ἐκεί-

730 3049 850 3099 νης,
877 3030 1149 3099 φεύγοντα
1188 3029 1259 3083 τά
1302 3030 1543 3101 κύματα,
1573 3032 1665 3083 καὶ⁵
1704 3031 1797 3083 ἐπὶ
1828 3030 1925 3099 τὴν
1958 3030 2181 3101 στερεὰν
2210 3030 2310 3099 τῆς

734 3122 1090 3193 σωφροσύνης
1127 3123 1327 3193 πέτραν
1359 3123 1643 3193 τρέχοντα,
1663 3123 1755 3174 καὶ
1789 3123 1857 3176 τά
1892 3124 2084 3193 ίμάτια
2112 3124 2168 3177 ἐν
2193 3127 2310 3186 ταῖς

734 3215 947 3283 ἐκείνης
980 3214 1461 3285 καταλιμπάνοντα
1494 3215 1669 3285 χερσὶ,
1713 3215 1806 3267 καὶ
1838 3214 1947 3269 τῶν
1983 3215 2081 3279 τάς
2111 3232 2314 3286 πορφυ-

738 3307 891 3380 ρίδας
926 3324 989 3359 πε
1001 3306 1406 3379 ριϐεϐλημένων
1434 3306 1815 3380 λαμπρότερον
1841 3310 1899 3361 ἐν
1922 3310 1986 3376 τῇ
2013 3309 2311 3378 γυμνότητι

734 3402 1079 3471 φαινόμενον,
1114 3399 1209 3453 καὶ
1249 3399 1501 3472 καθάπερ
1533 3401 1761 3472 ἀριστέα
1808 3401 1931 3456 τινά
1969 3403 2063 3455 καὶ
2094 3418 2313 3473 τροπαι-

734 3493 895 3563 οῦχον
922 3492 1166 3563 φαιδρὸν,
1194 3493 1254 3547 τὸ
1280 3493 1541 3565 τρόπαιον
1563 3494 1796 3550 ἱστῶντα
1815 3498 1913 3567 της
1935 3496 2308 3567 σωφροσύνης.

738 3583 848 3635 Kal
880 3581 1000 3635 οὐδὲ
1040 3583 1097 3635 ἐν
1124 3582 1336 3637 τούτοις
1382 3582 1723 3653 καταλύομεν
1755 3583 1853 3656 τὴν
1894 3585 2131 3655 μνήμην,
2180 3582 2314 3635 ἀλλά

740 3675 1047 3750 περαιτέρω
1086 3677 1398 3750 προϊόντες,
1426 3678 1641 3751 ὁρῶμεν
1692 3675 1854 3729 αὑτὸν
1902 3675 2061 3728 πάλιν
2111 3676 2190 3739 είς
2237 3675 2314 3729 δε-

741 3771 1049 3842 σμωτήριον
1076 3769 1445 3840 ἀπαγόμενον,
1470 3768 1773 3838 δεδεμένον,
1802 3767 2117 3839 αὐχμῶντα,
2150 3766 2315 3821 πολὺν

740 3867 855 3918 ἐκεῖ
878 3864 1175 3935 τηκόμενον
1222 3864 1430 3935 χρόνον.
1470 3862 1581 3916 Kal
1610 3862 1698 3915 διὰ
1725 3860 1896 3915 ταῦτα
1924 3860 2157 3931 μάλιστα
2196 3862 2317 3914 θαυ-

744 3957 985 4027 μάζομεν
1017 3956 1177 4009 πάλιν
1208 3956 1393 4021 αὐτὸν,
1442 3954 1840 4027 μακαρίζομεν,
1878 3954 2316 4024 ἐκπληττόμεθα,

742 4046 1091 4115 ἐπαινοῦμεν.
1129 4047 1249 4101 Κάν
1292 4045 1523 4116 σώφρων
1568 4065 1652 4109 τις
1679 4044 1736 4120 ᾖ,
1773 4047 1967 4101 ἐννοῶν
2016 4048 2177 4099 αὐτὸν
2224 4063 2320 4099 σω.

746 4140 1108 4214 φρονέστερος
1140 4141 1375 4210 γίνεται·
1414 4141 1516 4194 κάν
1548 4140 1864 4204 ἀκόλαστος,
1897 4140 2082 4210 τάχιον
2111 4140 2186 4209 τῷ
2250 4140 2321 4192 δι⁶

742 4236 990 4306 ηγήματι
1020 4234 1153 4305 πρὸς
1184 4232 1536 4304 σωφροσύνην
1573 4232 1913 4303 μεθίσταται,
1952 4234 2044 4285 καὶ
2090 4234 2193 4286 ὑπὸ
2225 4233 2322 4302 τῆς

750 4329 991 4400 ίστορίας
1022 4328 1260 4399 ἀμείνων
1288 4325 1634 4381 καθίσταται,
1671 4327 1854 4381 Ταῦτα
1893 4328 2071 4381 τοίνυν
2109 4328 2321 4381 ἅπαντα

747 4404 1121 4489 ἀναλέγοντες,
1144 4421 1309 4492 μηδὲν
1330 4420 1669 4491 θορυϐεῖσθε,
1709 4421 1847 4475 ἀλλά
1886 4421 1978 4474 καὶ
2009 4421 2322 4492 κερδαίνετε

750 4518 815 4568 ἐκ
842 4513 951 4567 τῶν
997 4514 1333 4583 γινομένων·
1372 4513 1531 4584 καὶή
1576 4512 1685 4567 τῶν
1730 4511 2033 4566 ἀθλούντων
2080 4514 2325 4585 ὑπομονὴ

752 4606 985 4676 γινέσθω
1015 4606 1306 4677 καρτερίας
1337 4607 1465 4675 ὑμῖν
1506 4604 1849 4668 διδάσκαλος,
1890 4606 1983 4658 καὶ
2026 4606 2205 4659 πάντα
2236 4607 2327 4659 τὸν

757 4699 871 4769 βίον
897 4699 1003 4751 τῶν
1024 4698 1305 4767 γενναίων
1339 4698 1430 4751 καὶ
1474 4697 1693 4768 ὑψηλῶν
1725 4696 1931 4767 ἀνδρῶν
1982 4697 2213 4767 ὁρῶντες
2240 4697 2329 4750 διά

756 4791 909 4864 [512]
934 4791 1193 4844 τοιούτων
1226 4790 1606 4860 ὑφαινόμενον,
1634 4789 1709 4861 μὴ
1744 4790 2050 4859 συγχεῖσθε,
2082 4790 2213 4859 μηδέ⁹
2242 4807 2331 4843 τας

758 4886 1037 4958 ράττεσθε,
1074 4885 1210 4956 μήτε
1245 4887 1357 4947 τοῖς
1397 4882 1565 4944 ἰδίοις,
1601 4884 1739 4953 μήτε
1766 4884 1879 4946 τοῖς
1912 4882 2112 4943 κοινοῖς
2147 4898 2332 4951 πειρα-

758 4982 944 5050 σμοῖς·
1000 4976 1229 5047 καὶγὰρ
1279 4976 1371 5029 καὶ
1421 4978 1451 5047 η
1498 4975 1787 5047 Ἐκκλησία
1835 4976 1892 5043 ἐξ
1951 4975 2125 5044 ἀρχῆς
2158 4974 2331 5038 οὕτως

758 5072 991 5142 ἐτράφη,
1028 5070 1201 5131 οὕτως
1248 5068 1476 5138 ηὐξήθη.
1511 5067 1690 5137 Μηδὲν
1728 5062 1821 5120 οὖν
1848 5065 2148 5131 ξενίζεσθε·
2180 5066 2333 5120 οὐδὲν

760 5165 866 5235 γάρ
893 5163 1122 5225 ἀπεικὸς
1147 5163 1388 5230 γέγονεν.
1423 5159 1560 5211 Ἀλλ’
1583 5158 1771 5229 ὥσπερ
1789 5160 1881 5211 ἐπὶ
1910 5160 2017 5211 τῶν
2042 5158 2330 5228 βιωτικῶν,

757 5256 859 5308 οὑκ
892 5255 1021 5309 ἔνθα
1058 5255 1237 5324 ἄχυρα
1281 5253 1373 5305 καὶ
1413 5252 1625 5322 χόρτος,
1660 5253 1780 5305 οὑδέ
1814 5252 1941 5306 ἔνθα
1984 5252 2189 5323 ἄμμος,
2219 5253 2333 5305 ἀλλ’

762 5344 888 5399 ινθα
938 5344 1159 5415 χρυσίον
1215 5345 1309 5395 καὶ
1364 5346 1735 5414 μαργαρῖται,
1769 5345 1887 5395 ἐκεῖ
1936 5345 2193 5414 πειραταὶ
2242 5343 2335 5396 καὶ

762 5436 1186 5490 καταποντισταὶ
1237 5436 1328 5488 καὶ
1378 5435 1570 5505 λῃσταὶ
1604 5437 1699 5489 καὶ
1732 5435 2051 5505 τοιχωρύχοι
2097 5434 2336 5505 συνεχῶς

763 5523 1037 5597 ἐνοχλοῦσι
1071 5527 1166 5580 καὶ
1196 5524 1670 5578 ἐπιϐουλεύουσιν·
1709 5523 1853 5578 οὕτω
1888 5526 1979 5577 κα)⁸
2026 5527 2053 5577 ό
2092 5524 2336 5587 διάϐολος

766 5617 893 5671 ενθα
908 5616 972 5670 ἂν
1000 5617 1079 5689 ἴδῃ
1104 5616 1331 5670 πλοῦτον
1360 5618 1722 5685 συναγόμενον
1744 5616 1833 5669 τὸν
1854 5617 1992 5669 κατὰ
2019 5616 2218 5686 ψυχὴν,
2240 5618 2336 5669 καὶ

774 5710 1030 5782 εὐπορίαν
1074 5708 1356 5771 εὐσεϐείας
1399 5709 1825 5778 ἐπιτεινομένην,
1860 5709 1975 5760 ἐκεῖ
2005 5706 2072 5759 τά
2106 5708 2339 5779 μηχανήο

772 5820 921 5876 ματα
968 5803 1145 5873 ἵστησι
1178 5803 1271 5856 καὶ
1304 5802 1588 5873 προσάγει.
1629 5802 1767 5854 Ἀλλ’
1801 5800 1893 5852 ἐὰν
1915 5804 1962 5853 οί
2003 5800 2341 5853 ἐπιϐουλευό-

774 5914 923 5970 μενοι
952 5897 1211 5966 νήιρωσιν,
1235 5896 1296 5951 οὑ
1331 5895 1490 5965 μόνον
1510 5894 1658 5947 οὑδέν
1692 5891 2037 5947 ἐλαττοῦνται
2070 5892 2336 5958 ἐντεῦθεν,

1481 420 1539 478 S.
1579 420 1869 478 JOANNIS
1904 417 2394 517 CIIR¥SOSTOII
2431 418 2749 477 ARCHIEP.
2795 423 3336 480 CONSTANTINOP.

3886 419 3995 475 326

2406 539 2541 591 ἀλλά
2572 541 2665 592 καὶ
2708 541 2927 611 μείζονα
2978 542 3068 594 τὸν
3105 540 3333 593 πλοῦτον
3367 532 3464 608 τῆς
3500 536 3700 609 ἀρετῆς
3738 535 4000 602 συνάγουο

2382 643 2490 678 ,σιν
2509 644 2521 656 ·
2552 627 2581 680 δ
2605 627 2669 698 δὴ
2700 628 2795 681 καὶ¹
2830 627 2924 682 νῦν
2955 629 3165 697 γέγονε.

2476 717 2615 785 Κεφ.
2659 716 2765 785 κγ’.
2819 719 2927 771 Kal
2966 719 3220 787 μέγιστον
3249 716 3315 770 ἄν
3344 732 3427 779 τις
3456 712 3615 766 τοῦτο
3643 712 3869 782 σημεῖον
3896 710 3993 761 καὶ

2404 802 2496 856 τοῦ
2520 803 2749 857 πλούτου
2771 805 2879 857 τῶν
2904 804 3361 875 κατορθωμάτων,
3385 802 3479 855 καὶ
3499 802 3596 871 τῆς
3614 799 3864 869 ἀνδρείας
3892 797 3991 865 τῆς

2419 891 2743 960 Ἐκκλησίας
2768 894 3067 962 ποιήσειεν.
3099 893 3229 945 Ὅτε
3262 893 3368 962 γὰρ
3398 887 3538 942 εἶδεν
3570 888 3739 957 αὐτὴν
3764 888 3793 939 ὁ
3824 900 3991 955 πονηο

2407 978 2719 1050 ρὸςδαίμων
2732 982 2936 1043 ἐκεῖνος
2956 980 3235 1039 ἀνθοῦσαν,
3253 977 3662 1047 εὑδοκιμοῦσαν,
3684 978 3741 1028 ἐν
3761 972 3995 1044 βραχείᾳ.

2405 1068 2598 1139 καιροῦ
2641 1070 2780 1138 ῥοπῇ
2813 1068 2951 1139 πρὸς
2984 1068 3118 1136 ὕψος
3158 1068 3556 1137 ἀνενεχθεῖσαν,
3594 1063 3795 1134 πολλὴν
3827 1080 3995 1115 σπου-

2402 1156 2497 1227 δὴν
2538 1160 2596 1210 ἐν
2642 1158 2780 1228 αὑτῇ
2824 1158 3137 1228 γινομένην,
3183 1158 3278 1211 καὶ
3312 1158 3411 1229 τὴν
3465 1154 3567 1226 μὲν
3616 1153 3727 1206 τῶν
3768 1152 3995 1205 εὐδοκι-

2408 1245 2653 1316 μούντων
2683 1248 2775 1299 ἐπὶ
2806 1246 2867 1298 τὸ
2915 1244 3123 1314 βέλτιον
3160 1246 3423 1310 ἐπίδοσιν,
3464 1242 3571 1295 τῶν
3605 1243 3662 1294 ἐν
3693 1239 3996 1311 ἁμαρτίαις

2405 1332 2624 1397 ζώντων
2662 1335 2742 1396 εἰς
2778 1334 3063 1402 μετάνοιαν
3093 1333 3446 1402 μετάστασιν,
3475 1331 3659 1383 πᾶσαν
3690 1327 3789 1398 τὴν
3818 1328 3997 1379 οἰκου-

2409 1420 2574 1489 μένην
2602 1421 2711 1472 ἀπο
2742 1420 2841 1490 τῆς
2867 1420 3073 1483 πόλεως
3098 1418 3303 1489 ταύτης
3334 1417 3753 1489 κατηχουμένην
3770 1432 3782 1447 ·
3810 1416 3993 1483 πάντα

2405 1507 2653 1577 ἐκίνησεν
2677 1508 2843 1561 αὐτοῦ
2869 1508 3354 1578 τάξμηχανήματα,
3376 1508 3470 1562 καὶ
3496 1504 3791 1576 ἐμφυλίους
3819 1502 3993 1573 ἀνῆψε

2404 1596 2693 1666 πολέμους.
2740 1595 2850 1649 Καὶ
2882 1595 3136 1666 καθάπερ
3180 1596 3273 1649 ἐπὶ
3302 1594 3396 1647 τοῦ
3435 1593 3579 1658 Ἰὼϐ,
3613 1592 3708 1647 νῦν
3758 1592 3858 1661 μὲν
3896 1591 3997 1660 τὴν

2405 1683 2681 1755 ἀποϐολὴν
2710 1684 2819 1737 τῶν
2866 1686 3189 1756 χρημάτων,
3236 1682 3332 1735 νῦν
3364 1683 3420 1736 δὲ
3450 1682 3549 1753 την
3589 1680 3863 1737 ἀπαιδίαν,
3898 1678 3995 1731 νῦν

2403 1772 2460 1826 δὲ
2492 1774 2589 1842 τὴν
2617 1774 2930 1844 ἀρρωστίαν
2956 1774 3051 1827 τοῦ
3085 1772 3357 1843 σώματος,
3396 1771 3491 1825 νῦν
3518 1771 3573 1824 δὲ
3609 1772 3706 1840 τῆς
3737 1768 3996 1837 γυναικὸς

2404 1861 2501 1930 τὴν
2549 1861 2816 1928 γλῶτταν,
2868 1860 2965 1914 νῦν
3015 1862 3071 1914 δὲ
3106 1860 3213 1913 τῶν
3255 1860 3421 1929 φίλων
3458 1858 3525 1911 τά
3568 1856 3743 1925 ὀνείδη
3797 1858 3891 1907 καὶ
3929 1854 3997 1907 τά

2408 1947 2715 2017 σκώμματα
2742 1949 2833 2001 καὶ
2858 1948 2957 2011 τάς
2980 1948 3247 2020 λοιδορίας
3278 1948 3446 2001 ἐκίνει
3472 1945 3615 1999 κατά
3642 1945 3735 1997 τοῦ
3761 1944 3995 2001 δικαίου,

2406 2036 2501 2088 καὶ
2536 2036 2642 2087 πάν
2701 2031 2840 2097 εἶδος
2893 2037 3305 2107 μηχανημάτων
3346 2034 3656 2105 προσῆγεν·
3707 2032 3851 2086 οὑτω
3902 2031 3997 2083 καί

2405 2124 2496 2175 ἐπί
2527 2123 2625 2192 τῆς
2664 2122 3009 2193 Ἐκκλησίας,
3053 2123 3140 2176 διά
3176 2122 3365 2190 φίλων,
3406 2121 3474 2174 δι’
3508 2120 3741 2191 ἐχθρῶν,
3772 2120 3858 2172 διά
3890 2120 3999 2172 τῶν

2405 2212 2484 2273 εἰς
2517 2210 2718 2281 κλῆρον
2752 2210 3069 2273 τελούντων,
3102 2211 3191 2263 διά
3232 2210 3339 2263 τῶν
3372 2210 3451 2272 είς
3495 2210 3785 2279 στρατείαν
3833 2225 4000 2260 κατα-

2406 2297 2738 2369 λεγομένων,
2765 2299 2852 2352 διά
2880 2299 2988 2350 τῶν
3019 2301 3291 2369 ἐπισκοπῇ
3327 2296 3732 2367 τετιμημένων,
3758 2295 3846 2348 διά
3876 2295 4000 2347 πολο

2407 2385 2513 2437 λῶν
2544 2387 2636 2439 καὶ
2671 2386 3029 2439 παντοδαπῶν
3058 2386 3366 2457 προσώπων
3396 2385 3465 2437 τά
3491 2383 3620 2453 παρ’
3648 2381 3845 2435 ἐαυτοῦ
3884 2381 4000 2434 ἐκί-

2408 2490 2591 2542 νησεν.
2633 2472 2772 2525 Ἀλλ’
2797 2474 2945 2543 ὅμως
2993 2475 3086 2525 καὶ
3127 2472 3366 2539 τοσαῦτα
3418 2472 3897 2542 μηχανησάμενος.
3937 2469 4000 2521 οὗ

2413 2561 2575 2631 μόνον
2622 2561 2791 2632 αὐτὴν
2832 2566 2932 2615 ούκ
2963 2563 3274 2627 ἐσάλευσεν,
3305 2561 3442 2615 ἀλλά
3476 2561 3569 2613 καὶ
3611 2558 4004 2631 λαμπροτέραν

2412 2650 2685 2719 ἐποίησεν.
2714 2650 2791 2702 υύ
2820 2651 2927 2719 γάρ
2963 2650 3106 2702 οὑτω
3132 2650 3250 2703 τότε
3285 2650 3359 2720 μὴ
3400 2647 3763 2718 ἐνοχλουμένη
3794 2648 4007 2709 πάντας

2413 2736 2749 2799 ἐπαίδευσεν,
2779 2738 2854 2799 ώς
2889 2737 2983 2788 νῦν
3019 2738 3119 2809 τὴν
3153 2737 3481 2807 οἰκουμένην
3513 2736 3754 2789 διδάσκει
3800 2752 3997 2806 καρτεο

2415 2830 2547 2898 ρεῖν,
2591 2828 3042 2900 ἐγκρατεύεσθαι,
3086 2829 3273 2899 φέρειν
3320 2829 3683 2899 πειρασμούς,
3721 2827 4007 2897 ὑπομονὴν

2412 2915 2853 2981 ἐπιδείκνυσθαι,
2912 2921 3273 2989 καταφρονεῖν
3325 2917 3434 2971 τῶν
3483 2916 3776 2987 βιωτικῶν.
3834 2916 4009 2986 μηδὲν

2411 3001 2660 3072 ἡγεῖσθαι
2692 3002 2944 3069 πλοῦτον,
2969 3006 3278 3076 καταγελᾷν
3308 3006 3495 3075 τιμῆς,
3528 3005 3807 3075 ὐπερορᾷν
3835 3003 4008 3057 θανά-

2409 3107 2525 3153 του,
2556 3093 2915 3163 καταφρονεῖν
2949 3092 3115 3163 ζωῆς,
3161 3094 3400 3164 πατρίδα
3434 3095 3697 3164 παρορᾷν,
3748 3092 4010 3155 οἰκείους.

2414 3179 2620 3249 φίλους,
2664 3183 2966 3248 συγγενεῖς,
2999 3183 3135 3253 πρὸς
3182 3182 3397 3252 σφαγὰς
3431 3182 3762 3235 ἀποδύεσθαι
3801 3199 4010 3235 παντο-

2412 3268 2620 3332 δαπάς,
2669 3269 2809 3322 κατά
2865 3268 3032 3339 ξιφῶν
3079 3270 3360 3341 κυϐιστᾷν,
3396 3270 3463 3323 τά
3509 3270 3739 3341 λαμπρά
3788 3270 4013 3325 ᾶπαντα

2414 3355 2507 3410 τοῦ
2546 3356 2811 3428 παρόντος
2838 3356 2976 3425 βίου,
3007 3358 3173 3428 τιμάς
3200 3358 3344 3426 λέγω
3386 3360 3481 3411 καὶ
3509 3357 3689 3421 δόξας,
3720 3358 3813 3410 καὶ
3845 3357 4014 3411 δυνα-

2418 3444 2619 3511 στείαν,
2651 3445 2743 3497 καὶ
2774 3445 3003 3515 τρυφὴν,
3039 3446 3147 3497 τῶν
3178 3445 3381 3515 ὴρινῶν
3424 3444 3603 3498 ἀνθῶν
3652 3444 4015 3516 εὐτελέστερα

2417 3527 2555 3584 εἷναι
2592 3531 2855 3603 νομίζειν.
2888 3534 2999 3586 Kal
3035 3533 3207 3587 ταῦτα
3236 3533 3335 3603 οὑχ
3384 3527 3464 3596 εἷς
3519 3531 3767 3585 παιδεύει
3822 3551 4011 3603 μονον,

2416 3620 2535 3674 οὐδὲ
2567 3621 2660 3675 δύο
2688 3623 2783 3676 καὶ
2820 3625 2992 3694 τρεῖς,
3026 3622 3163 3675 ἀλλά
3195 3623 3301 3684 πᾶς
3331 3624 3359 3674 ὁ
3390 3621 3540 3686 λαὸς,
3572 3622 3667 3677 καὶ
3694 3623 3757 3675 οὐ
3792 3622 3880 3675 διά
3914 3624 4017 3694 ρη-

2421 3712 2605 3782 μάτων
2642 3713 2826 3783 μόνον,
2870 3712 3007 3767 άλλά
3038 3714 3129 3766 καὶ
3168 3712 3256 3765 διά
3291 3714 3656 3784 πραγμάτων,
3684 3710 3755 3765 δι’
3786 3704 3861 3765 ὧν
3902 3714 4015 3767 πά-

2420 3817 2629 3869 σχουσι,
2660 3801 2725 3853 δι’
2754 3796 2830 3855 ὧν
2870 3799 3080 3865 νικῶσι,
3110 3800 3179 3854 δι’
3207 3793 3283 3853 ῶν
3323 3799 3695 3871 περιγίνονται
3738 3798 3848 3852 τῶν
3888 3801 4019 3855 ἐπι-

2420 3886 2802 3952 ϐουλευόντων,
2842 3887 2907 3941 δι’
2935 3881 3010 3941 ῶν
3048 3888 3353 3959 ἀδάμαντος
3388 3887 3742 3959 στερῤότερον
3772 3889 3869 3941 καὶ
3907 3888 4016 3942 πέ-

2421 3992 2558 4046 τρας
2606 3976 2953 4046 ἰσχυρότερον
2996 3975 3212 4030 ἃπαντα
3256 3975 3567 4044 στέγουσιν,
3613 3975 3713 4047 οὐχ
3743 3977 3887 4031 ὅπλα
3925 3994 4019 4032 κι-

2425 4063 2661 4126 νοῦντες,
2695 4064 2757 4116 οὑ
2806 4063 3040 4132 πόλεμον
3090 4062 3566 4135 ἀναρριπίζοντες,
3620 4063 3682 4116 οὐ
3733 4063 3910 4128 τόξον,
3950 4065 4017 4121 οὐ

2426 4148 2553 4222 βέλη
2601 4150 2875 4219 ἀφιέντες,
2918 4150 3036 4203 ἀλλ’
3072 4150 3350 4221 ὑπομονῆς
3385 4153 3562 4221 τεῖχος
3591 4151 3823 4215 ἕκαστος
3854 4168 4018 4224 περι-

2423 4238 2792 4309 ϐεϐλημένος,
2841 4238 3170 4309 ἐμμελείας,
3214 4240 3556 4311 πραότητος,
3604 4240 3892 4311 ἀνδρείας,
3937 4240 4023 4311 τῷ

2425 4326 2655 4395 πάσχειν
2673 4326 2860 4386 κακῶς
2888 4327 3015 4389 τοὺς
3033 4325 3325 4389 ποιοῦντας
3368 4328 3433 4378 ἐκ
3473 4325 3673 4379 πολλοῦ
3713 4326 3809 4380 τοῦ
3855 4342 4019 4397 περι-

2425 4430 2576 4478 οντος
2606 4414 3079 4484 καταισχύνοντες.
3602 4420 3605 4423 ’

2500 4555 2650 4627 [513]
2675 4558 2812 4625 Κεφ.
2843 4557 2941 4611 κδ’.
2961 4556 3075 4611 Νῦν
3094 4558 3227 4626 γοῦν
3248 4552 3392 4614 οὗτοι
3411 4556 3509 4631 μὲν
3521 4554 3735 4627 φαιδρῷ
3749 4554 3826 4626 τῷ
3846 4572 4021 4627 προσ-

2425 4636 2559 4710 ώπῳ
2577 4684 2591 4707 ,
2637 4640 2937 4712 ἐλευθέροις
2953 4645 3063 4705 τοῖς
3078 4643 3397 4714 ὀφθαλμοῖς,
3412 4642 3697 4715 παρρησίᾳ
3712 4641 3907 4711 ἀφάτῳ
3920 4656 4021 4693 κε-

2429 4724 2713 4795 χρημένοι,
2735 4724 2813 4787 εἰς
2835 4723 3039 4793 ἀγορὰν
3064 4725 3442 4795 ἐμϐάλλουσιν,
3460 4726 3516 4779 ἐν
3532 4726 3729 4787 οίκίαις
3756 4723 4025 4795 στρέφον-

2430 4824 2543 4869 ται,
2569 4807 2704 4877 πρὸς
2732 4808 2830 4879 τὴν
2864 4806 3080 4874 σύναξιν
3112 4808 3501 4879 αὐτομολοῦσιν
3522 4825 3536 4840 ·
3569 4810 3617 4862 οί
3638 4807 3695 4860 δὲ
3725 4806 3899 4861 ταῦτα
3924 4809 4025 4879 ἐρ-

2432 4891 2756 4959 γασάμενοι,
2784 4889 2906 4943 καθ’
2923 4890 3152 4944 ἕκαστον
3172 4892 3279 4945 τῶν
3309 4894 3737 4963 μηχανημάτων,
3759 4886 3834 4944 ὧν
3857 4907 4027 4960 προσ-

2434 4974 2679 5041 άγουσιν,
2710 4974 3197 5045 ἐγκαλυπτόμενοι,
3232 4978 3323 5029 καὶ
3358 4977 3594 5047 πονηρὸν
3627 4975 3775 5027 ἐνδον
3804 4977 4025 5044 ἔχοντες

2438 5059 2695 5122 συνειδὸς,
2722 5058 3034 5128 τρέμοντες,
3075 5060 3390 5123 δεδοικότες,
3438 5061 3583 5113 οὑτω
3613 5060 3877 5130 περιίασι.
3913 5060 4026 5111 Kal

2437 5143 2689 5214 καθάπερ
2730 5142 2797 5194 τά
2830 5141 3135 5197 δυσθάνατα
3176 5144 3285 5197 τῶν
3323 5144 3527 5215 θηρίων
3571 5144 3709 5214 μετά
3744 5144 4026 5213 προτέραν

2439 5226 2532 5279 καὶ⁵
2566 5227 2821 5296 δευτέραν
2854 5225 3067 5297 πληγὴν
3102 5230 3474 5299 σφοδροτέρως
3509 5228 3875 5282 ἐπιπίπτοντα
3901 5231 4026 5291 ταῖς

2438 5312 2663 5381 αἰχμαῖς
2687 5310 2793 5363 τῶν
2821 5309 3084 5379 δοράτων,
3110 5310 3494 5383 χαλεπωτέραν
3523 5311 3864 5365 καθ’ἐαυτῶν
3893 5311 4030 5363 ὠθεῖ

2437 5392 2536 5462 τὴν
2576 5392 2812 5463 πληγὴν,
2856 5394 2922 5444 τά
2968 5394 3263 5465 τραύματα
3316 5397 3395 5459 εἰς
3428 5396 3568 5449 αύτά
3619 5396 3686 5449 τά
3740 5395 4028 5466 σπλάγχνα

2437 5475 2703 5546 δεχόμενα
2724 5492 2736 5504 ·
2770 5477 2862 5527 καὶ
2901 5477 2969 5529 τὰ
3015 5476 3233 5546 κύματα
3260 5482 3376 5541 ταῖς
3410 5482 3637 5550 πέτραις
3682 5479 4026 5549 ῥηγνύμενα,

2439 5561 2504 5628 τῇ
2541 5559 2872 5630 σφοδροτέρα
2922 5559 3070 5633 ῥύμῃ
3117 5561 3286 5615 ἐαυτά
3338 5563 3590 5632 ἀφανίζει
3641 5563 3735 5615 καὶ
3778 5562 4026 5615 διαλύει·

2441 5643 2583 5697 οὑτω
2628 5644 2691 5714 δὴ
2743 5645 2838 5696 καὶ
2892 5638 3035 5698 οῦτοι
3086 5647 3152 5698 δι’
3181 5641 3256 5700 ὧν
3298 5646 3761 5710 ἐπιϐουλεύουσιν,
3812 5648 4032 5711 ἑαυτοῖς

2448 5728 2645 5798 μᾶλλον
2673 5730 2705 5798 ἢ
2748 5729 2958 5799 ἑτέροις
2992 5731 3060 5784 τά
3095 5732 3347 5804 βάραθρα
3390 5733 3793 5804 ἀνορύττουσιν.
3828 5736 3891 5785 υἱ
3930 5735 4034 5804 μὲν

2448 5812 2555 5883 γάρ
2595 5813 3068 5882 ἐπιϐουλευόμενοι
3098 5816 3195 5884 τὴν
3217 5818 3566 5889 οίκουμένην,
3602 5818 3840 5890 ἐραστάς
3877 5818 4035 5889 ἔχου-

2454 5914 2555 5966 οιν,
2587 5897 2897 5960 ἐπαινέτας,
2930 5896 3266 5972 θαυμαστάς.
3296 5902 3788 5973 ἀνακηρύττοντας,
3830 5918 4031 5975 suam-
