4142 6500
701 439 802 496 527
1484 432 1540 488 S.
1580 429 1857 486 JOANNIS
1884 429 2258 486 CHRYSOST.
2293 427 2607 486 ABCHIEP.
2649 429 3177 490 CONSTANTINOP.

705 570 800 610 eos
827 560 1108 620 noverunt,
1139 549 1228 620 qui
1255 565 1360 604 non
1389 555 1668 612 noverunt,
1701 546 1787 616 qui
1820 561 1876 600 re
1905 549 2038 615 ipsa,
2059 545 2145 615 qui
2168 543 2283 600 sola

707 647 861 699 fama
879 643 1138 698 relatione
1165 642 1372 696 illorum
1397 638 1630 694 didicere
1653 654 1740 693 res
1759 647 1955 708 gestas,
1982 637 2286 692 innumeros

707 736 906 790 habent
929 737 1017 805 qui
1047 733 1336 788 condolent
1359 774 1374 794 ,
1403 733 1492 803 qui
1519 731 1572 786 in
1597 730 1980 786 certaminibus
1999 729 2282 798 adjuvant,

705 829 794 898 qui
833 842 1086 897 prospera
1142 827 1246 880 illis
1290 833 1575 895 precantur
1615 838 1803 878 omnes
1837 840 1849 876 :
1879 822 1955 876 illi
1990 832 2166 876 autem
2197 821 2285 891 qui

705 920 932 977 tendunt
977 919 1218 984 insidias,
1271 918 1395 973 odio
1444 916 1704 972 habentur
1743 930 1772 970 a
1805 925 1910 968 tam
1943 913 2140 977 multis,
2173 923 2228 968 et
2253 928 2286 968 a

707 1013 877 1069 multo
905 1013 1143 1082 pluribus
1179 1021 1514 1076 accusantur,
1536 1017 1825 1079 carpuntur
1844 1049 1858 1073 ,
1887 1005 2285 1077 reprehendun-

709 1115 818 1172 tur,
848 1105 1133 1176 ignominia
1161 1113 1430 1169 notantur,
1459 1103 1589 1159 diris
1612 1101 1904 1157 innumeris
1927 1100 2283 1166 devoventur;

708 1195 838 1250 nihil
869 1195 1134 1264 plerisque
1157 1193 1437 1263 aptabilins
1459 1202 1542 1248 est
1560 1233 1578 1263 ,
1605 1207 1760 1263 quam
1787 1201 1846 1246 ut
1887 1205 1982 1246 eos
1991 1191 2181 1277 penis
2209 1191 2287 1245 vi—

706 1288 871 1342 deant
899 1286 1275 1357 suppliciisque
1302 1285 1604 1341 mulctatos.
1649 1287 1822 1355 Atque
1852 1284 1968 1340 lucc
1991 1284 2204 1355 quidem
2229 1284 2284 1340 in

707 1382 808 1439 bac
829 1384 934 1438 vita
969 1400 982 1435 :
1009 1397 1129 1454 quae
1157 1397 1284 1437 vero
1308 1382 1360 1435 in
1388 1382 1560 1436 futura
1586 1390 1708 1435 sunt
1730 1389 2009 1446 eventura,
2027 1379 2145 1450 quis
2165 1387 2284 1434 tan-

707 1474 830 1531 dem
862 1476 1055 1544 potcrit
1079 1474 1320 1529 oratione
1344 1473 1668 1544 complecti?
1709 1473 1838 1528 Nam
1871 1474 1916 1529 si
1946 1473 1989 1528 is
2012 1473 2100 1544 qui
2123 1488 2282 1528 unum

706 1565 1163 1633 scandalizaverit,
1191 1574 1337 1622 tanto
1362 1565 1622 1635 supplicio
1643 1565 1945 1630 mulctatur,
1969 1573 2026 1619 ut
2042 1563 2286 1634 expediat

702 1660 752 1714 ei
783 1660 974 1714 molam
999 1660 1282 1713 asinariam
1314 1659 1366 1713 in
1388 1658 1502 1728 ejus
1522 1657 1659 1714 collo
1695 1659 1966 1728 suspendi,
1985 1667 2039 1713 ct
2059 1658 2110 1712 in
2138 1673 2284 1713 mare

704 1752 938 1822 demergi
958 1751 1106 1820 (Luc.
1131 1753 1216 1807 l7.
1285 1752 1362 1824 2):
1378 1751 1810 1823 perpendequam
1826 1766 2013 1822 graves
2027 1751 2284 1807 illidaturi

704 1847 808 1899 sint
833 1861 1038 1914 pugnas,
1058 1847 1109 1900 in
1137 1845 1228 1900 illo
1259 1855 1366 1899 tum
1384 1845 1582 1915 judicio
1610 1844 1906 1911 tremendo,
1925 1846 2135 1916 quantis
2157 1859 2284 1914 sup-

706 1937 876 2004 pliciis
902 1935 1556 2006 plectendi,qui,quantum
1577 1939 1628 1990 in
1657 1936 1784 2006 ipsis
1804 1936 2015 2006 quidem
2043 1935 2282 2001 fuit,uni-

707 2044 913 2083 versum
947 2028 1222 2082 turbarunt
1247 2028 1428 2082 orbem
1457 2037 1736 2090 terrarum.
1762 2037 1866 2082 tam
1885 2025 2076 2083 multas
2093 2027 2283 2082 Eccle-

704 2121 812 2174 sias
837 2128 1217 2178 everterunt.ct
1247 2119 1540 2174 innumeris
1560 2119 1753 2189 ubique
1768 2118 2030 2174 scandulis
2041 2119 2284 2174 excitatis

707 2221 903 2265 tantam
927 2227 1108 2280 pacem
1137 2210 1536 2266 disturbat-unt?
1573 2212 1643 2265 At
1670 2211 1739 2265 illi
1762 2211 1849 2281 qui
1883 2219 1960 2266 tot
1985 2210 2189 2280 injuriis
2218 2210 2284 2265 ab

707 2305 809 2360 illis
838 2305 1008 2360 all‘ecti
1026 2315 1170 2371 sunt,
1199 2305 1353 2359 bonis
1368 2304 1640 2374 operibus,
1670 2303 2024 2374 passionibus,
2047 2302 2277 2369 coronis,

707 2396 960 2464 prtemiis,
988 2411 1108 2452 cum
1139 2397 1303 2450 multa
1336 2395 1524 2452 ﬁducia
1553 2394 1912 2467 refulgentes,
1935 2409 2058 2451 cum
2085 2404 2284 2465 marty-

3878 439 3987 496 528

2397 544 2564 608 ribus,
2609 562 2730 600 cum
2768 548 3042 616 apostolis,
3085 563 3205 604 cum
3235 550 3510 620 generosis
3553 561 3609 608 et
3647 550 3989 608 sublimibus

2393 635 2498 690 illis
2526 636 2651 691 viris
2678 638 2954 694 sistentur.
2996 642 3072 696 Ac
3094 641 3268 711 puniri
3297 642 3419 698 illos
3442 643 3658 714 quidem
3685 644 3986 712 videbunt,

2394 725 2515 780 illos
2564 735 2742 782 tamen
2793 731 3065 799 suppliciis
3117 746 3223 786 non
3277 742 3530 803 poterunt
3578 733 3833 803 liberare,
3890 736 3986 792 scd

2393 819 2633 889 quamvis
2678 836 2865 891 preces
2908 824 3134 879 offerant
3159 826 3264 891 isti,
3295 827 3428 882 nihil
3454 828 3574 883 illos
3595 828 3886 899 iuvabunt.
3930 829 3970 885 S

2393 913 2536 968 enim
2577 915 2620 969 is
2659 916 2748 985 qui
2790 915 3047 973 Lazarum
3078 936 3242 973 unum
3288 923 3658 990 praeterierat,
3687 933 3764 978 tot
3790 939 3991 994 pmnas

2391 1005 2662 1069 sustinuit,
2694 1022 2868 1077 neque
2905 1009 3152 1065 solatium
3209 1011 3374 1066 ullum
3423 1013 3681 1078 obtinuit,
3707 1016 3839 1088 quid
3900 1016 3990 1070 isti

2393 1098 2679 1166 patientur,
2710 1101 2798 1170 qni
2828 1109 2932 1155 tam
2958 1101 3152 1156 multos
3173 1106 3669 1174 persequutionibns
3685 1116 3735 1162 et
3752 1105 3992 1162 scanda-

2392 1189 2458 1244 lis
2475 1189 2816 1248 offenderunt
2842 1191 2994 1264 (Luc.
3016 1194 3149 1265 l6)?
3171 1194 3294 1250 Hmc
3316 1197 3472 1266 igitur
3500 1199 3681 1252 omnia
3708 1213 3838 1254 cum
3871 1199 3994 1253 ani-

2391 1281 2495 1338 mis
2539 1283 2730 1339 vestris
2779 1294 3110 1354 reputantes,
3165 1297 3220 1341 et
3257 1303 3609 1359 quacumque
3657 1289 3741 1345 his
3784 1289 3993 1345 similia

2391 1381 2606 1430 suntex
2650 1376 2818 1430 sacris
2848 1374 3042 1431 Literis
3071 1377 3402 1448 colligentes,
3437 1380 3591 1435 vobis
3633 1380 3767 1450 ipsis
3815 1390 3993 1437 tutam

2391 1465 2766 1535 munitionem,
2795 1477 2849 1522 et
2894 1468 2997 1524 illis
3039 1469 3132 1539 qui
3185 1469 3562 1528 imbecilliores
3607 1471 3787 1528 adhuc
3836 1484 3991 1538 sunt,

2391 1559 2781 1616 antedicamenta
2807 1576 2874 1618 ex
2895 1560 2978 1618 bis
2998 1563 3395 1620 narrationibus
3415 1576 3812 1635 comparantes,
3842 1566 3993 1621 [irini

2389 1660 2528 1707 state
2550 1663 2708 1722 atque
2743 1653 3064 1722 immobiles,
3088 1665 3143 1711 et
3163 1656 3300 1711 bona
3325 1657 3478 1712 vobis
3515 1660 3750 1728 reposita
3783 1675 3991 1730 exspe-

2389 1752 2548 1799 ctate.
2589 1744 2823 1800 Omnino
2838 1747 3006 1813 enim,
3034 1747 3254 1803 omnino
3269 1763 3475 1804 merces
3499 1751 3648 1804 vobis
3681 1751 3989 1820 parabitur,

2391 1853 2497 1892 non
2523 1852 2640 1908 quas
2666 1838 2935 1894 laboribus
2953 1848 3155 1896 tantum
3187 1841 3257 1896 sit
3285 1841 3531 1911 aequalis,
3562 1841 3657 1898 sed
3687 1843 3992 1909 immensa,

2390 1947 2510 2001 qua:
2531 1931 2690 2002 longo
2727 1933 2848 1988 illos
2876 1942 3092 2004 superet
3135 1934 3433 1990 intervallo.
3473 1934 3616 1990 Talis
3643 1937 3852 2006 quippe
3901 1937 3998 1994 be-

2391 2024 2581 2094 nignus
2619 2033 2703 2080 est
2731 2025 2872 2080 Dens
2905 2041 3053 2096 :prze
3105 2027 3265 2080 nimia
3317 2041 3414 2081 sua
3469 2027 3794 2084 liberalitate
3845 2028 3992 2093 illos,

2391 2116 2626 2186 quibonl
2654 2116 2922 2187 quidpiam
2947 2128 3199 2189 praestare
3222 2119 3489 2176 voluerint
3529 2131 3620 2176 aut
3665 2120 3852 2191 eﬂ‘ari,
3895 2141 3990 2180 re-

2391 2209 2845 2264 munerationibus
2883 2223 2944 2266 ac
2971 2211 3202 2280 praemiis
3221 2225 3478 2281 superare
3518 2215 3838 2270 contendit:
3870 2231 3995 2286 quae

2392 2303 2590 2358 utinam
2612 2317 3002 2373 consequamur
3033 2304 3087 2359 in
3111 2303 3325 2360 Christo
3349 2303 3479 2360 Jesu
3512 2305 3744 2363 Domino
3769 2319 3987 2374 nostro,

2389 2396 2474 2451 cui
2498 2395 2663 2466 gloria
2694 2395 2744 2452 in
2765 2397 2957 2452 mula
2981 2397 3319 2454 mulorum.
3351 2399 3542 2454 Amen.
