4192 6496
223 581 486 644 νοῦντας,
533 581 662 643 τοὺς
696 578 926 642 είδότας,
974 578 1102 640 τοὺς
1143 577 1244 631 οὐκ
1272 576 1501 642 εἰδότας,
1536 576 1662 637 τοὺς
1710 574 1820 627 ἀπὸ

221 673 332 728 τῶν
371 671 735 742 πραγμάτων,
778 669 906 730 τοὺς
957 667 1068 721 ἀπὸ
1100 668 1200 738 τῆς
1242 668 1433 738 φήμης
1479 665 1548 720 τά
1593 663 1819 719 ἐκείνων

225 763 623 836 μανθάνοντας,
663 762 791 825 τοὺς
823 759 1225 828 συναλγοῦντας
1261 760 1511 831 μυρίους,
1535 758 1661 821 τοὺς
1696 773 1824 810 συνο

222 851 684 923 αγωνιζομένους,
713 851 841 914 τοὺς
881 849 950 903 τά
991 849 1204 922 χρηστά
1252 849 1680 920 συνευχομένους
1723 849 1817 900 αύο

223 945 336 1006 τοῖς
383 942 629 1005 πάντας·
659 942 710 993 οί
767 939 825 994 δὲ
874 940 1317 1004 ἐπιϐουλεύοντες
1363 940 1491 1004 τοὺς
1527 937 1822 1010 μισοῦντας

222 1031 518 1094 τοσούτους
542 1030 637 1084 καὶ
666 1029 850 1101 πολλῷ
877 1029 1115 1094 πλείους,
1145 1033 1271 1094 τοὺς
1306 1030 1668 1101 κατηγόρους,
1693 1029 1821 1093 τοὺς

222 1120 636 1187 διαϐάλλοντας,
659 1122 786 1185 τοὺς
811 1122 1155 1194 ἐλέγχοντας,
1180 1121 1309 1188 τοὺς
1332 1119 1815 1191 καταισχύνοντας,

221 1213 348 1276 τοὺς
374 1211 777 1284 ἐπαρωμένους
802 1212 995 1284 μυρία,
1021 1212 1147 1276 τοὺς
1181 1211 1591 1283 ἐπιθυμοῦντας
1623 1211 1820 1275 αὐτοὺς

225 1301 356 1356 ἰδεῖν
393 1303 453 1355 ἂν
493 1302 713 1356 κολάσει
752 1303 849 1357 καὶ
891 1303 1158 1375 τιμωρίᾳ.
1217 1303 1333 1359 Καὶ
1367 1303 1543 1357 ταῦτα
1585 1304 1685 1375 μὲν
1731 1304 1820 1357 ὲν-

220 1393 426 1448 ταῦθα·
455 1393 526 1447 τὰ
559 1393 617 1447 δὲ
649 1395 766 1448 tu!
792 1396 945 1459 ποῖος
989 1395 1338 1466 παραστήσει
1367 1394 1562 1464 λόγος;
1602 1394 1668 1450 Εί
1704 1395 1814 1469 γάρ

219 1486 318 1539 ινα
345 1502 434 1550 τις
469 1486 831 1551 σκανδαλίσας
861 1486 1102 1561 τοσαύτῃ
1132 1488 1353 1543 κολάσει
1399 1488 1813 1562 κατακρίνεται,

219 1576 298 1641 ὡς
327 1577 634 1648 συμφέρειν
669 1579 838 1650 μύλον
865 1580 1246 1652 κρεμασθῆναι
1282 1581 1376 1635 ἐπὶ
1419 1581 1513 1635 τὸν
1543 1579 1816 1652 τράχηλον

221 1667 413 1735 αὐτοῦ,
463 1670 559 1725 καὶ
588 1672 1087 1743 καταποντισθῆναι
1117 1674 1200 1738 είς
1237 1671 1339 1745 τὴν
1376 1671 1688 1739 θάλασσαν’
1730 1673 1815 1726 ὲν-

218 1757 414 1830 νάησον
455 1761 629 1827 πόσας
677 1761 941 1818 δώσουσιν
967 1757 1114 1819 οὗτοι
1161 1764 1319 1829 δίκας
1364 1765 1425 1817 ιν
1477 1762 1559 1836 τῷ
1601 1763 1817 1836 φοϐερῷ

217 1849 562 1924 δικαστηρίῳ
608 1853 731 1908 τότε
776 1855 995 1927 ἐκείνῳ,
1049 1856 1222 1920 πόσας
1278 1854 1678 1926 ὑποστήσονται
1733 1871 1815 1909 τι·

222 1943 460 2013 μωρίας,
495 1947 557 2000 τό
582 1964 646 2016 γε
673 1948 755 2013 είς
793 1948 992 2014 αὐτοὺς
1024 1942 1183 2022 ἧκον,
1227 1947 1327 2021 τήν
1357 1948 1689 2021 οίκουμένην
1718 1966 1816 2002 τα-

221 2032 488 2100 manu
532 2035 771 2102 ἅπασαν,
810 2040 1079 2104 τοσαύτας
1123 2036 1529 2110 ἀνατρέψαντες
1579 2037 1814 2108 Ἐκκληο

221 2123 364 2189 σίας,
407 2126 651 2201 τοσαύτῃ
687 2128 1095 2202 πολεμήσαντες
1132 2131 1348 2202 εἰρήνῃ,
1393 2132 1564 2203 μυρία
1611 2149 1816 2186 παντα-

221 2213 316 2284 χοῦ
348 2215 628 2269 σκάνδαλα
669 2217 887 2285 θέντες;
927 2221 978 2273 οί
1010 2219 1068 2273 δὲ
1100 2223 1231 2293 παρ’
1260 2221 1483 2277 ἐκείνων
1527 2220 1812 2288 παθόντες,

220 2306 366 2376 ειπερ
403 2305 632 2370 ἔπαθον,
668 2309 807 2377 μετά
849 2309 960 2362 τῶν
995 2311 1314 2384 μαρτύρων,
1349 2312 1501 2384 μετά
1535 2311 1646 2366 τῶν
1675 2314 1813 2367 ἀπο-

220 2395 448 2461 στόλων,
507 2398 649 2468 μετά
702 2399 811 2452 τῶν
865 2403 1130 2468 γενναίων
1185 2405 1279 2460 καὶ
1327 2403 1549 2477 ὑψηλῶν
1600 2403 1812 2477 ἀνδρῶν

234 2487 534 2558 στήσονται
561 2525 577 2553 ,
622 2489 934 2563 λάμποντες
999 2494 1110 2549 ἀπὸ
1159 2496 1271 2552 τῶν
1335 2497 1811 2569 κατορθωμάτων,

1725 457 2111 515 ΕΡΙΒΤοιηΕ.

3425 455 3532 512 528

1929 571 2038 626 ἀπὸ
2099 569 2209 624 τῶν
2269 567 2464 623 παθῶν
2491 608 2507 634 ,
2565 566 2676 622 ἀπὸ
2717 567 2828 622 τῶν
2889 565 3173 637 στεφάνων
3198 609 3212 632 ,
3263 568 3372 622 ἀπὸ
3421 570 3535 626 τῶν

1930 661 2226 734 βραϐείων,
2254 661 2366 717 ἀπὸ
2394 659 2496 731 τῆς
2529 659 2735 732 πολλῆς
2770 657 3108 731 παρρησίας.
3153 660 3265 714 Καὶ
3309 659 3536 728 ὄψονται

1928 756 2028 826 μὲν
2057 755 2261 817 αὐτοὺς
2314 750 2740 823 κολαζομένους,
2791 752 3102 823 ἐξαρπάσαι
3143 751 3231 816 δὲ,
3286 752 3391 806 κᾶν
3430 771 3532 822 μυο

1926 846 2113 916 ριάκις
2140 843 2474 915 βουληθῶσι,
2498 842 2602 912 τῆς
2632 842 2910 908 κολάσεως
2937 843 2999 897 οὐ
3023 843 3370 912 δυνήσονταιο
3397 843 3537 898 ἀλλά

1925 936 2152 1008 θήσουσι
2187 933 2287 1006 μὲν
2333 933 2618 1006 ἱκετηρίαν
2644 928 2812 998 οῦτοι,
2838 932 2990 985 οὐδὲν
3032 931 3089 986 δὲ
3125 931 3432 1002 ὀνήσουσιν.
3469 932 3532 984 El

1924 1026 2034 1098 γὰρ
2058 1028 2087 1080 ό
2121 1027 2332 1097 πένητα
2360 1025 2460 1079 ἕνα
2505 1022 2885 1097 παραδραμὼν
2915 1023 3007 1076 τὸν
3039 1023 3291 1094 Λάζαρον
3335 1021 3531 1076 τοσαύι
3601 1086 3604 1088 γ

1921 1136 2022 1189 την
2050 1118 2312 1189 ὑπέμεινε
2340 1117 2518 1189 δίκην,
2547 1116 2642 1170 καὶ
2671 1115 2930 1187 οὐδεμιᾶς
2960 1114 3120 1186 ἔτυχε
3152 1113 3527 1186 παραμυθίας,

1921 1211 1974 1264 τί
2015 1209 2295 1264 πείσονται
2321 1205 2491 1274 οὗτοι,
2534 1202 2827 1272 τοσούτους
2853 1207 3141 1272 διώξαντες
3167 1208 3262 1262 καὶ⁵
3298 1205 3531 1260 σκανδα-

1922 1300 2206 1367 λίσαντες;
2259 1301 2426 1355 Ταῦτ’
2470 1297 2564 1354 οῦν
2600 1300 2815 1354 ἅπαντα
2860 1297 3232 1370 λογιζόμενοι,
3285 1300 3380 1354 καὶ
3426 1300 3530 1354 ὃσα

1921 1393 2133 1459 τούτοις
2166 1395 2389 1449 ἐοικότα
2415 1393 2522 1449 ἀπὸ
2552 1393 2660 1448 τῶν
2688 1393 2849 1448 θείων
2890 1391 3240 1461 συλλέγοντες
3267 1392 3525 1465 Γραφῶν,

1922 1487 2137 1549 ἑαυτοῖς
2185 1486 2287 1557 μὲν
2335 1487 2515 1556 τεῖχος
2557 1483 2834 1554 ἀσφαλὲς,
2877 1486 2991 1547 τοῖς
3024 1482 3081 1536 δὲ
3115 1482 3529 1555 ἀσθενεστέροις

1920 1578 2002 1632 ἔτι
2030 1579 2305 1650 φάρμακα
2330 1577 2505 1632 ταῦτα
2550 1576 3058 1643 κατασκευάζοντες
3090 1576 3158 1630 τά
3187 1576 3525 1649 διηγήματα,

1923 1671 2153 1740 στήκετε
2207 1669 2436 1742 ἑδραῖοι,
2483 1668 2578 1724 καὶ
2627 1668 3040 1740 ἀμετακίνητοι,
3071 1668 3143 1723 τά
3190 1667 3528 1740 ὑποκείμενα

1923 1761 2054 1832 ὑμῖν
2079 1759 2260 1831 ἀγαθά
2291 1760 2681 1831 ἀναμένοντες.
2736 1759 2963 1826 Πάντως
2995 1759 3128 1831 γὰρ,
3157 1759 3375 1824 πάντως
3411 1759 3526 1814 κεί-

1922 1869 2077 1909 σεται
2113 1854 2242 1925 ύμῖν
2283 1852 2514 1924 ἀμοιϐὴ,
2541 1853 2601 1906 ού
2634 1852 2743 1906 τῶν
2778 1852 2958 1906 πόνων
2993 1852 3106 1922 ίση,
3141 1850 3256 1906 ἀλλ’
3289 1853 3356 1906 ὲκ
3393 1849 3526 1905 πολ·-

1920 1945 2013 2000 λοῦ
2058 1944 2155 1999 τοῦ
2201 1945 2488 2018 περιόντος
2537 1945 2766 2014 ἀφατος.
2817 1943 3072 2009 Τοιοῦτος
3118 1944 3227 2015 γὰρ
3273 1945 3303 1998 ό
3335 1942 3525 2012 φιλάν-

1920 2037 2141 2108 θρωπος
2207 2037 2377 2102 Θεόςο
2434 2036 2574 2109 μετά
2624 2037 2828 2108 πολλῆς
2876 2037 2979 2107 τῆς
3035 2035 3347 2106 φιλοτιμίας
3396 2038 3523 2099 τοὺς

1918 2128 2124 2198 ἀγαθόν
2175 2145 2231 2182 τι
2285 2131 2461 2183 ποιεῖν
2505 2130 2538 2200 ἢ
2596 2127 2781 2202 [514]
2842 2129 3025 2197 λέγειν
3053 2127 3523 2200 προαιρουμένους

1919 2223 2042 2286 ταῖς
2092 2221 2396 2276 ἀντιδόσεσι
2460 2222 2554 2276 καὶ
2608 2224 2730 2286 ταῖς
2789 2221 3047 2294 ἀμοιϐαῖς
3100 2222 3258 2292 νικᾷν
3323 2218 3522 2275 ἐσπού-

1915 2313 2080 2368 δακεν
2102 2329 2116 2344 ·
2145 2307 2220 2368 ὧν
2252 2313 2608 2386 ὲπιτύχοιμεν
2633 2317 2692 2370 ὲν
2718 2313 2947 2388 Χριστῷ
3000 2313 3176 2386 Ἰησοῦ
3207 2312 3286 2384 τῷ
3330 2312 3521 2384 Κυρίῳ

1915 2405 2096 2479 ήμῶν,
2146 2397 2192 2474 ᾧ
2245 2407 2282 2477 ἡ
2341 2406 2470 2474 δόξα
2521 2409 2605 2472 είς
2654 2407 2784 2472 τοὺς
2850 2405 3057 2471 αίῶνας
3109 2404 3222 2460 τῶν
3281 2404 3515 2460 αἰώνων.

1929 2497 2126 2568 Ἀμήν.
