4142 6488
224 447 323 501 529
1671 439 2057 497 ΕΡΙΞΤΟΙΑΕ.
3403 438 3513 493 55η

221 566 281 617 lae
308 562 417 616 line
445 572 883 618 commemorat.
909 561 1101 617 Pulsus
1124 568 1183 615 et
1203 561 1257 615 in
1285 558 1538 615 exsilium
1571 559 1843 614 abductus
1873 559 1977 612 luit
2012 557 2441 628 Chrysostomus
2492 567 2640 606 anno
2685 552 2816 617 404,
2858 566 3047 608 mense
3074 549 3279 617 Junio;
3308 551 3377 605 de
3420 554 3509 606 die

222 653 424 708 mensis
452 664 544 709 est
572 655 830 724 qttzestio,
864 670 983 723 qua:
1012 654 1067 707 in
1099 650 1216 706 Vita
1240 650 1621 723 Cbrysostomi
1648 650 1996 715 excutietur;
2031 647 2145 701 haec
2174 646 2338 717 igitur
2388 643 2617 714 epistola
2658 643 2865 714 scripta
2904 642 3069 697 fuerit
3105 659 3298 699 versus
3343 645 3507 697 linem

218 746 342 799 anui
372 746 509 809 406,
543 761 678 801 cum
711 747 929 800 tertium
960 760 1162 799 annum
1199 744 1251 799 in
1276 743 1472 799 exsilio
1494 750 1680 811 ageret
1709 740 2163 809 Chrysostomns.
2199 735 2399 791 Verum
2426 736 2531 790 hac
2563 734 2630 789 dc
2659 748 2719 790 re
2750 750 2857 789 non
2885 750 3050 805 parva
3084 735 3331 806 exsurgit
3357 734 3508 807 [515]

216 838 507 894 difﬁcultas
538 858 552 893 :
584 842 667 895 ait
692 841 893 909 quippe
925 838 1352 907 Chrysostomus
1374 852 1433 892 se
1460 836 1602 890 hanc
1630 834 1917 903 epistolam
1947 832 2165 885 mittere
2200 824 2585 900 perJoannem
2628 828 3008 900 presbyterum
3034 844 3238 898 perque
3278 828 3507 882 Paulum

215 930 511 985 diaconum
543 951 559 987 :
593 942 650 987 et
685 945 862 987 tamen
898 934 951 985 in
982 931 1211 1001 epistola
1243 931 1365 995 H8,
1394 929 1559 995 infra,
1588 943 1711 997 qua:
1748 940 1831 981 est
1858 927 1925 979 ad
1954 925 2245 996 Cyriacum
2268 965 2284 989 ,
2316 922 2651 977 Demetrium
2682 924 2756 990 {et
2798 931 3049 987 caeteros,
3080 930 3135 975 et
3172 921 3374 989 scripta
3406 935 3509 989 pu-

217 1031 361 1077 tatur
393 1038 549 1078 anno
579 1024 709 1089 J05,
735 1023 813 1076 ait
836 1022 1257 1092 Cbrysostomus
1299 1021 1567 1076 Joannem
1601 1018 1978 1088 presbyterum
2010 1024 2065 1070 et
2105 1014 2334 1069 Paulum
2375 1012 2667 1067 diaconum
2693 1013 2797 1067 iter
2833 1028 3045 1081 parare,
3095 1022 3154 1066 ut
3199 1015 3349 1082 ipsos
3380 1027 3509 1067 con-

218 1116 438 1169 veniant
464 1136 478 1181 ;
515 1116 563 1169 si
604 1125 784 1170 autem
814 1131 880 1168 eo
903 1129 1067 1177 anno.
1107 1131 1301 1186 nempe
1329 1114 1455 1179 L05,
1490 1112 1634 1167 hanc
1660 1111 1947 1180 epistolam
1972 1108 2259 1176 scripserit
2284 1106 2738 1176 Chrysostomus,
2769 1120 2882 1175 quo
2920 1113 3083 1174 pacto
3121 1105 3305 1159 dicere
3333 1105 3511 1175 possit

216 1222 272 1261 se
302 1210 531 1261 tertium
561 1222 769 1261 annum
801 1206 855 1260 in
878 1207 1073 1261 exsilio
1094 1222 1256 1277 agere
1291 1204 1387 1275 qui
1422 1213 1536 1258 tum
1565 1200 1868 1258 secundum
1900 1209 2112 1255 tantum
2140 1199 2278 1252 inire
2324 1196 2574 1267 poterat?
2613 1196 2884 1267 Opinatur
2923 1194 3303 1250 Tillemoutius
3337 1194 3507 1249 Joan-

214 1317 335 1357 nem
364 1311 422 1357 et
454 1302 722 1364 Paulum,
750 1301 843 1371 qui
870 1311 1000 1356 tunc
1023 1300 1128 1355 iter
1148 1298 1435 1372 parabant,
1465 1298 1519 1352 in
1545 1311 1753 1352 annum
1782 1303 2101 1364 sequentem
2134 1290 2439 1362 profectum
2489 1306 2649 1345 suum
2685 1290 2995 1355 distulisse;
3050 1289 3145 1345 sed
3199 1288 3303 1345 hac
3348 1288 3416 1345 de
3449 1304 3509 1345 re

216 1389 460 1458 pluribus
492 1389 553 1444 in
594 1388 717 1442 Vita
738 1388 1139 1460 Chrysostomi.
1178 1387 1234 1442 In
1282 1388 1384 1442 bac
1417 1385 1649 1456 epistola
1691 1385 2122 1455 Chrysostomus
2174 1397 2282 1436 non
2318 1397 2493 1436 unum
2533 1380 2911 1437 Innocentium
2964 1380 3296 1450 alloquitur,
3330 1381 3424 1436 sed
3453 1390 3509 1436 et

214 1483 397 1551 plures
427 1481 673 1538 fortasse
702 1498 989 1554 episcopos
1015 1484 1106 1553 qui
1147 1482 1229 1536 vel
1259 1498 1382 1537 eum
1418 1479 1738 1536 Innocentio
1765 1479 2019 1549 agebant,
2055 1478 2139 1532 vel
2184 1492 2215 1532 e
2252 1478 2432 1532 vicino
2456 1478 2618 1547 positi
2643 1486 2821 1532 erant.
2860 1477 2929 1532 lis
2958 1477 3165 1545 gratias
3192 1476 3305 1547 agit
3333 1475 3514 1546 Chry-

213 1583 498 1631 sostomns
535 1578 605 1632 de
634 1579 903 1633 constanti
931 1594 1055 1647 erga
1082 1594 1138 1633 se
1167 1577 1453 1642 cliaritate,
1481 1576 1659 1641 deque
1689 1572 2074 1638 sollicitudine,
2095 1587 2198 1643 qua
2235 1588 2333 1642 pro
2362 1572 2602 1627 sedanda
2631 1580 2950 1641 tempestate
2980 1581 3128 1626 tanta
3153 1572 3237 1626 usi
3271 1570 3505 1626 Inerant.

282 1667 568 1726 EPISTOLA
622 1672 927 1727 Innocenti
974 1689 1039 1725 Αυ
1082 1671 1330 1725 Joanne!
1374 1671 1835 1736 Cnavsosrouuu,
1863 1684 2027 1739 quam
2078 1668 2317 1723 servavit
2364 1668 2721 1734 Sozomenus,
2770 1678 2882 1723 tota
2920 1667 3287 1723 consolatoria
3317 1675 3422 1733 est,
3452 1679 3508 1722 et

215 1762 593 1819 observantia
624 1766 976 1835 caritatisque
1002 1767 1153 1834 plena
1181 1783 1195 1818 :
1226 1767 1416 1836 paucis
1445 1768 1534 1819 hic
1565 1766 1745 1835 agitur
1771 1765 1838 1818 de
1862 1764 2123 1833 patientia
2152 1764 2206 1817 in
2238 1764 2505 1828 adversis,
2545 1762 2725 1833 deque
2766 1778 2967 1818 corona
2997 1760 3334 1832 patientibus
3378 1776 3510 1817 san-

215 1856 320 1912 etis
347 1871 574 1929 parata.
613 1860 927 1931 Respondet
958 1862 1307 1917 Innocentius
1332 1862 1578 1932 epistolae
1609 1860 2011 1931 Chrysostomi,
2041 1875 2071 1914 a
2099 1860 2339 1929 quodam
2370 1859 2600 1928 Cyriaco
2625 1859 2857 1912 diacono
2886 1858 2990 1911 sibi
3020 1856 3219 1911 allatae.

285 1952 569 2011 Eptsrou
602 1956 909 2012 lsnocsuru
941 1974 1007 2011 AI)
1037 1973 1247 2012 CLeuun
1281 1956 1976 2012 Cousrmrmoeomnuuu
2024 1964 2108 2008 est
2139 1954 2424 2022 reSponsio
2466 1953 2530 2005 ad
2562 1952 2849 2022 epistolam
2887 1950 3131 2020 ejusdem
3163 1950 3295 2004 cleri
3324 1958 3377 2003 et
3406 1961 3506 2016 po-

216 2046 347 2117 puli,
380 2063 413 2102 a
445 2048 729 2104 Germano
760 2048 1079 2118 presbytero
1107 2060 1159 2102 et
1188 2049 1451 2103 Cassiano
1500 2048 1733 2100 diacono
1784 2044 1849 2097 ad
1892 2042 2269 2098 hmocentium
2320 2042 2560 2105 allatam,
2596 2042 2649 2095 in
2682 2057 2787 2109 qua
2836 2039 3172 2094 calamitates
3222 2037 3507 2093 orientalis

218 2141 480 2197 Ecclesia:
509 2142 759 2211 deplorat
795 2143 1158 2197 Innocentius.
1196 2143 1282 2196 Ait
1313 2143 1676 2197 necessariam
1719 2157 1842 2197 esse
1890 2141 1954 2194 ad
1988 2140 2292 2195 curandum
2342 2138 2545 2191 malum
2601 2136 2793 2206 synodi
2845 2134 3267 2189 celebrationem
3300 2150 3313 2184 :
3363 2146 3417 2189 et
3446 2150 3507 2189 se

219 2228 519 2285 admodum
554 2240 747 2299 optare
778 2241 837 2286 ut
865 2236 1203 2287 mcuntcuica
1251 2233 1491 2303 synodus
1521 2243 1767 2301 cogatur,
1799 2247 1909 2300 quo
1940 2229 2238 2284 turbulenti
2266 2240 2445 2282 motus
2477 2228 2755 2283 sedeatur.

286 2320 577 2375 Eets'rou
614 2321 845 2377 IIosoau
869 2323 1227 2379 Inrcanonis
1255 2340 1321 2380 an
1353 2325 1633 2379 Αιιωυιηι
1661 2322 1923 2380 Ontsarts
1956 2336 2262 2380 rumorem.
2299 2337 2365 2375 ex
2396 2320 2594 2375 Codice
2624 2319 2891 2374 Vaticano
2919 2328 3135 2381 concta,
3166 2327 3221 2373 et
3249 2334 3278 2372 ιι
3307 2318 3504 2376 Cardi-

221 2414 327 2469 uali
356 2413 603 2472 Baronio
635 2417 928 2484 publicata,
958 2434 1180 2473 causam
1211 2417 1439 2473 Joannis
1486 2418 1858 2489 Chrysostomi
1915 2416 2155 2485 reSpicit.
2193 2412 2420 2469 Oiditur
2473 2413 2772 2484 Imperator
2820 2415 2890 2468 ab
2935 2414 3190 2483 imagine,
3242 2414 3505 2469 nimirum

222 2506 507 2573 Eudoxiaz,
544 2524 667 2578 qua:
698 2525 792 2579 per
823 2511 1132 2580 provincias
1163 2510 1649 2565 circnnil‘erehatur
1683 2510 1910 2566 honoris
1940 2526 2107 2564 causa
2142 2526 2155 2561 :
2189 2518 2480 2579 postquam
2513 2508 2722 2563 scilicet
2756 2506 3015 2560 Eudoxite
3040 2516 3215 2561 statua
3247 2521 3505 2578 argentea

221 2602 274 2659 in
308 2605 492 2675 platea
525 2614 653 2661 ante
682 2606 967 2662 ecclesiam
998 2606 1057 2662 S.
1100 2608 1318 2676 Sophia:
1347 2617 1525 2661 erecta
1556 2617 1610 2661 et
1639 2607 1888 2661 dedicata
1940 2605 2063 2667 luit,
2097 2605 2315 2673 ludique
2358 2604 2654 2669 celebrati,
2694 2612 2748 2658 et
2792 2604 3100 2673 spectacula
3148 2602 3287 2657 forte
3324 2605 3510 2660 minus

225 2698 456 2754 honesta
479 2700 629 2755 edita
661 2713 808 2767 sunt,
833 2718 951 2771 qua:
981 2704 1239 2773 populum
1271 2722 1301 2757 ιι
1336 2702 1579 2758 collectis
1606 2713 1657 2757 et
1686 2703 1809 2757 aliis
1842 2702 2059 2771 pietatis
2089 2700 2368 2755 exercitiis
2401 2708 2729 2765 averterent,
2757 2702 2889 2766 Quae
2910 2715 3075 2755 causa
3109 2700 3213 2755 luit
3243 2710 3298 2754 ut
3328 2701 3509 2772 Chry-

224 2800 507 2846 sostomus
539 2793 592 2845 in
626 2792 985 2847 concionibus
1022 2795 1134 2847 haec
1167 2809 1266 2864 pro
1295 2810 1447 2848 more
1478 2810 1579 2848 suo
1612 2792 1963 2862 pestringeret
2006 2807 2070 2846 ac
2103 2793 2456 2862 vituperaret,
2506 2793 2669 2861 inque
2708 2792 2969 2845 Eudoxia:
3014 2791 3370 2846 oﬂ‘ensioncm
3421 2794 3510 2846 in-

224 2897 495 2953 curreret,
530 2904 653 2955 qua:
688 2902 774 2943 res
804 2888 921 2944 Inse
954 2891 1277 2944 tractabitur
1304 2891 1358 2944 in
1394 2888 1518 2944 Vita
1547 2890 1952 2962 Chrysostomi.
1996 2889 2051 2943 ln
2100 2890 2201 2943 hac
2229 2889 2459 2957 epistola
2518 2896 2627 2942 tota
2676 2889 2873 2942 acriter
2916 2886 3195 2941 lnvehituf
3233 2889 3511 2943 Honorius

226 2982 456 3054 ingesta
489 2982 582 3037 illa
608 2981 1234 3052 Constantinopolitana,
1279 2998 1401 3053 qua:
1436 2983 1486 3037 iu
1534 2985 1877 3053 depositione
1915 2984 2005 3038 illa
2053 2984 2240 3054 iniqua
2284 2983 2663 3054 Chrysostomi
2711 2980 3001 3049 accidere;
3043 2982 3295 3052 queritur
3338 2984 3512 3039 altare

227 3076 499 3145 sanguine
532 3076 770 3129 humano
809 3076 1037 3131 tinctum
1070 3074 1259 3141 fuisse,
1288 3077 1601 3131 sacerdotes
1635 3077 1686 3130 ln
1713 3077 1967 3131 exsilium
2006 3086 2179 3141 actos,
2224 3076 2439 3145 pulsum
2477 3074 2657 3145 ipsum
2700 3073 2967 3129 Joannem
3005 3072 3513 3145 Constantinopoli-

228 3181 419 3224 tanum
448 3188 463 3236 ;
494 3184 618 3239 quae
644 3171 824 3225 omnia
848 3170 900 3223 in
935 3170 1052 3240 ipsa
1078 3170 1311 3240 epistola
1339 3171 1620 3225 studiosus
1652 3173 1822 3226 lector
1853 3171 2276 3227 auimadvertet.

299 3262 574 3317 Erisrou
608 3277 675 3315 ao
706 3276 985 3317 EPISCOPOS
1016 3278 1085 3317 ετ
1112 3278 1478 3318 passavreaos
1510 3278 1575 3318 on
1606 3279 1881 3318 PIETATEI
1906 3280 1955 3317 IN
1978 3279 2217 3318 CAItCERE
2250 3280 2501 3319 mansos
2528 3263 2728 3318 Cucusi
2748 3262 2951 3331 scripta
2974 3268 3195 3331 putatur
3220 3276 3363 3316 anno
3385 3260 3512 3318 ιοι.

230 3349 428 3407 Iisdem
460 3353 689 3423 epistola
721 3354 888 3409 altera
918 3356 1287 3410 consolatoria
1316 3355 1481 3410 missa
1515 3354 1617 3409 fuit
1645 3372 1673 3409 a
1704 3356 2119 3427 Chrysostomo,
2148 3371 2268 3424 quae
2298 3366 2382 3410 est
2420 3370 2649 3409 numero
2676 3352 2890 3409 CXVIII
2925 3351 3080 3407 infra.

303 3442 677 3514 Epistolarum
705 3446 934 3500 duarum
968 3447 1035 3502 ad
1059 3447 1458 3510 Innocentium,
1492 3458 1547 3503 et
1585 3448 1749 3517 hujus
1791 3449 1858 3501 ad
1888 3447 2178 3517 episcopos
2216 3456 2270 3501 et
2302 3447 2647 3517 presbyteros
2694 3446 2959 3509 inclusos,
2992 3444 3369 3515 interpretatio
3408 3445 3515 3499 La-

233 3536 343 3593 tina
378 3549 466 3594 est
497 3540 692 3596 incerti
722 3543 1031 3613 cujusdam,
1065 3559 1229 3614 quam
1263 3544 1450 3601 multis
1480 3545 1534 3599 in
1570 3544 1703 3599 locis
1733 3544 2165 3614 eastigavimus;
2214 3543 2572 3613 epistolarum
2623 3544 2789 3599 etiam
2839 3543 3140 3599 Innocentii
3182 3544 3516 3613 interpreta-

236 3636 438 3692 tionem
462 3635 712 3693 Latinam
736 3640 968 3696 subinde
996 3641 1427 3697 emendavimus.
3450 3632 3453 3635 ’

902 3876 1669 3971 INNOCENTIO
1742 3867 2334 3969 EPISCOPO
2410 3876 2826 3969 ROMIE.

243 4043 493 4093 DOII‘O
544 4047 676 4094 κιο
716 4051 1266 4097 REVBBENDISSIMO
1291 4078 1304 4098 .
1343 4052 1828 4106 PIENTISSIMOQU

1951 4048 2314 4096 anccsnrto
2353 4046 2633 4093 Joannes
2670 4048 2737 4092 ut
2776 4048 3026 4093 noutuo
3068 4046 3357 4092 εΑιυνι-ειί
3401 4022 3513 4109 (a).

312 4333 366 4387 I.
416 4330 594 4388 Etiam
640 4342 923 4402 antequam
972 4333 1194 4387 reddita:
1239 4345 1362 4388 sunt
1404 4334 1573 4389 litera:
1618 4346 1835 4401 nostrm,

238 4424 433 4495 opinor
454 4423 703 4494 pietatem
731 4435 961 4479 vestram
988 4426 1255 4480 audivisse
1275 4468 1290 4492 ,
1336 4426 1589 4495 quidnam
1628 4426 1715 4481 hic
1743 4443 1837 4496 pa-

238 4526 386 4573 trare
411 4530 538 4571 ausa
569 4515 725 4571 fuerit
752 4518 1025 4588 iniquitas.
1055 4518 1129 4571 Ea
1159 4519 1301 4573 enim
1326 4534 1505 4574 rerum
1528 4527 1610 4572 est
1637 4519 1839 4588 magni-

238 4608 369 4664 tudo
395 4619 448 4664 et
469 4608 722 4680 gravitas,
752 4620 808 4664 ut
834 4610 975 4663 nulla
1002 4609 1171 4665 ferme
1196 4610 1341 4665 orbis
1371 4626 1491 4680 pars
1516 4612 1699 4665 relicta
1730 4612 1832 4677 sit,

236 4714 359 4771 qua:
398 4701 601 4755 tristem
634 4700 771 4755 hanc
801 4701 1109 4771 tragoediam
1142 4717 1246 4755 non
1285 4702 1515 4755 audierit
1543 4719 1555 4754 :
1590 4701 1834 4772 quando-

239 4790 458 4861 quidem
502 4790 638 4844 lania
677 4806 843 4863 usque
884 4792 949 4846 ad
988 4793 1121 4845 lines
1159 4802 1317 4847 terra:
1354 4794 1579 4864 perlata,
1612 4794 1836 4864 plurima

240 4882 438 4954 ubique
466 4883 697 4938 lamenta
723 4894 776 4939 et
801 4884 1030 4954 ejulatus
1051 4885 1327 4940 excitavit.
1360 4886 1557 4940 Verum
1584 4887 1704 4957 quia
1729 4903 1836 4941 non

239 4977 372 5031 satis
401 4986 482 5029 est
510 4975 779 5046 plangere,
807 4977 900 5031 sed
930 4993 1066 5047 opus
1086 4978 1246 5033 etiam
1270 4986 1328 5033 ut
1349 4994 1475 5033 cura
1503 4990 1750 5050 geratur;
1783 4990 1840 5036 ct

240 5078 513 5138 spectetur
534 5084 639 5137 qua
672 5070 879 5124 ratione
918 5082 970 5125 et
1012 5085 1119 5139 quo
1156 5070 1379 5125 consilio
1405 5072 1720 5140 gravissima
1749 5073 1836 5127 illa

243 5158 502 5216 Ecclesiae
532 5170 820 5229 tempestas
854 5162 1071 5241 sedetur
1103 5180 1114 5215 :
1150 5164 1509 5218 necessarium
1541 5178 1660 5217 esse
1684 5162 1841 5219 duxi:

242 5268 361 5307 mus
390 5262 448 5309 ut
474 5254 857 5323 persuadeatur
887 5256 1173 5321 Demetrio,
1206 5255 1527 5325 Paltsopllio,
1556 5258 1759 5328 Pappo,
1785 5268 1840 5312 ct

242 5346 501 5417 Eugenio,
524 5346 755 5401 dominis
782 5348 914 5401 meis
938 5349 1165 5403 maxime
1190 5351 1601 5415 venerabilibns,
1635 5354 1839 5422 piisque

240 5439 505 5509 episcopis
525 5480 542 5505 ,
575 5438 775 5494 relictis
803 5438 1062 5495 Ecclesiis
1089 5442 1317 5510 pr0priis
1337 5482 1351 5505 ,
1391 5442 1577 5513 pelago
1606 5459 1664 5499 se
1692 5452 1839 5499 tanto

242 5532 615 5595 committere,
666 5542 1018 5602 susceptaque
1074 5533 1360 5603 longinqua
1412 5535 1840 5604 peregrinatione

243 5622 360 5687 hac,
393 5622 459 5676 ad
484 5631 715 5677 vestram
748 5639 1038 5694 properare
1058 5625 1355 5693 caritatem,
1383 5626 1451 5682 de
1477 5628 1725 5684 omnibus
1745 5644 1839 5683 vos

300 5754 374 5827 (α)
595 5768 706 5806 eum
730 5756 920 5827 duobus
938 5759 1113 5827 _tte_gi_i_s
1134 5768 1239 5827 Mss.
1260 5760 1483 5827 itemque
1503 5776 1626 5827 cum
1649 5766 1831 5814 Vatica-

243 5828 321 5874 no,
344 5816 649 5876 Coisliniauo,
693 5826 746 5868 et
785 5821 875 5869 viri
911 5816 1161 5870 clarissimi
1213 5816 1418 5873 Alberti'
1440 5825 1637 5875 Fabricii
1669 5828 1841 5877 codice

242 5890 387 5989 me)
421 5879 750 5954 Fabricianum
772 5893 1029 5950 vocamus;
1064 5885 1242 5946 scripta
1281 5897 1410 5959 anno
1568 5895 1615 5934 tn
1637 5890 1840 5963 quibus-

368 5941 622 5989 Corinthus
644 5943 780 5989 haec.
807 5943 1000 5989 damno
1041 5956 1171 5989 mea.
1210 5959 1369 5989 unaue
1394 5956 1580 5989 mttmm
1614 5950 1838 5989 onigtnlm

244 5941 622 6059 ἓξὲξ
644 5943 751 5994 haec
767 5981 781 6005 ,
807 5941 1021 5995 domino
1041 5941 1174 6008 meo;
1210 5959 1369 6011 usque
1393 5948 1581 6001 initium
1614 5941 1838 6014 epistola:

276 6023 397 6062 εειιιι
406 6020 442 6066 ί.

1949 4342 2229 4389 manueste
2255 4334 2544 4400 docentes,
2584 4350 2690 4405 quo
2729 4334 3045 4405 quantocius
3077 4337 3232 4391 rebus
3259 4354 3548 4395 succurra-

1947 4433 2064 4490 tur;
2113 4426 2359 4480 misimus
2386 4436 2564 4481 autem
2592 4442 2713 4481 cum
2742 4427 2819 4482 eis
2851 4428 3182 4483 venerabiles
3219 4428 3549 4502 dilectosque

1946 4516 2204 4572 diaconos
2230 4517 2453 4571 Paulum
2482 4527 2536 4572 et
2560 4516 2839 4588 Cyriacum
2863 4535 2878 4581 ;
2918 4526 2973 4573 et
2998 4534 3094 4572 nos
3126 4535 3337 4590 quoque
3366 4524 3549 4590 paucis

1947 4612 2224 4666 caritatem
2245 4621 2476 4665 vestram
2505 4626 2625 4680 quae
2652 4612 2785 4665 laeta
2813 4621 2937 4665 sunt
2962 4611 3018 4665 in
3048 4612 3286 4681 epistolae
3318 4612 3547 4668 formam

1946 4703 2279 4759 docebimus.
2331 4704 2663 4774 Theophilus
2708 4704 2851 4758 enim
2908 4704 2997 4759 ille
3041 4706 3130 4775 qui
3176 4705 3551 4763 Alexandrinae

1948 4794 2201 4851 Ecclesiae
2227 4795 2593 4865 episcopatum
2625 4794 2919 4866 regendum
2950 4796 3206 4865 suscepit,
3228 4812 3349 4851 eum
3372 4812 3401 4851 a
3426 4796 3554 4867 piis-

1945 4888 2083 4943 simo
2114 4888 2462 4957 lmperatore,
2484 4887 2568 4942 cui
2591 4887 2851 4942 adversus
2876 4888 3020 4941 illum
3044 4888 3285 4955 quaedam
3310 4891 3551 4945 nuntiata

1947 4985 2120 5045 erant,
2148 4979 2334 5047 jussus
2362 4988 2505 5033 esset
2535 4980 2718 5033 venire
2748 4979 2915 5045 solus,
2946 4978 3168 5033 collecta
3200 4980 3544 5053 multitudine

1946 5071 2320 5140 episcoporum
2350 5086 2457 5125 non
2490 5086 2782 5139 paucorum
2814 5070 2919 5125 huc
2944 5071 3126 5137 venit,
3155 5085 3262 5140 quo
3290 5072 3553 5140 prmludio

1947 5160 2099 5230 quasi
2142 5160 2417 5216 declarare
2444 5160 2687 5227 volebat,
2717 5175 2777 5215 se
2814 5159 2883 5215 ad
2926 5161 3124 5215 bellum
3152 5168 3207 5214 et
3232 5162 3400 5216 aciem
3432 5177 3556 5230 per~

1947 5267 2108 5320 gere,
2152 5268 2383 5322 cumque
2425 5253 2476 5306 in
2516 5268 2761 5323 magnam
2801 5253 3091 5323 divinoque
3120 5253 3284 5307 cultui
3313 5253 3549 5311 deditam

1949 5347 2135 5402 urbem
2182 5347 2705 5417 Constantinopolim
2755 5348 3029 5419 ingressus
3076 5357 3252 5414 esset,
3302 5363 3409 5401 non
3455 5363 3555 5416 pro

1949 5454 2099 5493 more
2139 5448 2196 5493 et
2239 5439 2629 5495 consuetudine
2669 5440 2836 5494 veteri
2886 5438 3103 5494 intravit
3148 5440 3200 5492 in
3240 5437 3546 5501 ecclesiam,

1950 5548 2123 5601 neque
2156 5531 2223 5587 ad
2264 5547 2365 5587 nos
2393 5532 2641 5599 accessit,
2674 5548 2848 5603 neque
2877 5532 3186 5602 participem
3218 5546 3277 5585 se
3308 5531 3435 5586 fecit
3468 5532 3553 5586 vel

1950 5626 2238 5691 sermonis,
2268 5625 2352 5681 vel
2386 5640 2629 5693 precum,
2660 5625 2744 5680 vel
2774 5623 3172 5679 communimiis
3208 5640 3222 5676 :
3253 5622 3346 5677 sed
3375 5638 3556 5691 egres-

1949 5732 2040 5772 sus
2070 5732 2100 5771 e
2127 5716 2266 5782 navi,
2294 5722 2348 5769 et
2378 5715 2747 5785 praetercursis
2770 5713 3013 5770 ecclesiae
3041 5712 3337 5771 vestibulis.
3362 5711 3556 5766 alicubi

1948 5815 2099 5862 extra
2118 5807 2302 5861 urbem
2325 5806 2633 5862 diversatus
2658 5813 2740 5862 est
2760 5821 2775 5871 ;
2796 5805 3006 5861 tametsi
3031 5819 3128 5858 nos
3145 5802 3434 5873 plurimum
3458 5801 3557 5856 oh-

1949 5913 2284 5954 secraremus
2318 5906 2373 5953 et
2395 5898 2567 5969 ipsum
2588 5906 2643 5954 et
2659 5913 2753 5954 eos
2775 5898 2865 5968 qui
2886 5913 3007 5953 cum
3028 5896 3147 5966 ipso
3166 5891 3554 5957 advenerant‘,

2018 6014 2033 6044 ⁸
2070 6015 2172 6063 ουο
2193 6009 2366 6076 Optimi
2388 6017 2496 6063 ass.
2530 6009 2847 6063 coislinianus
2881 6015 2932 6065 et
2965 6016 3081 6073 Reg.
3118 6019 3267 6071 unus,
3304 6010 3349 6058 et
3372 6015 3449 6056 eos
3472 5997 3555 6067 qui
