4142 6500
495 5291 713 5348 "iam
738 5300 856 5344 ante
877 5294 892 5342 t

633 597 690 642 ut
721 586 858 656 apud
889 601 985 640 nos
1010 586 1334 641 diverterent
1363 602 1376 639 :
1407 595 1558 640 erant
1603 583 1743 638 enim
1785 579 2075 636 diversoria
2097 616 2113 641 ,
2155 581 2210 628 et

626 676 806 732 omnia
832 677 934 731 alia
964 693 1082 747 quae
1110 675 1418 746 oportebat,
1461 676 1596 730 bene
1627 675 1879 728 instructa
1910 687 1922 724 :
1956 679 2009 723 at
2035 679 2207 737 neque

628 767 703 823 illi
732 780 905 837 neque
942 767 1055 837 ipse
1094 767 1248 822 nobis
1287 781 1488 821 morem
1531 764 1807 831 gerebant.
1840 759 1990 817 Unde
2021 771 2119 812 nos
2144 769 2206 810 ea

627 860 890 926 videntes,
919 860 1072 915 valde
1113 857 1590 915 consternabamur
1622 857 1801 911 animo
1827 871 1841 906 :
1871 860 1927 906 et
1967 847 2208 918 quamvis

628 951 945 1019 injustarum
985 950 1194 1006 illarum
1239 949 1629 1005 inimicitiarum
1657 959 1869 1001 causam
1895 941 2095 997 nullam
2123 939 2207 994 in-

629 1043 814 1096 venire
840 1055 1119 1111 possemus
1140 1081 1158 1108 ,
1189 1039 1532 1096 nihilominus
1562 1046 1738 1092 tamen
1779 1033 1952 1089 ofﬁcia
1993 1031 2072 1086 eis
2111 1029 2211 1085 im-

630 1130 935 1202 pendimus,
962 1145 1080 1201 qure
1121 1145 1218 1202 par
1256 1139 1371 1185 erat
1411 1143 1510 1183 nos
1552 1127 1657 1184 illis
1700 1124 1984 1184 exhibere:
2012 1137 2077 1178 ac
2102 1121 2210 1179 fre-

631 1232 862 1290 quenter
883 1222 1055 1291 ipsum
1080 1221 1494 1286 obsecravimus,
1513 1229 1570 1274 ιιι
1588 1233 1652 1274 se
1667 1217 1820 1272 nobis
1838 1215 2208 1287 conjungeret,

634 1311 976 1383 diceretque,
1015 1314 1167 1384 cujus
1198 1311 1364 1383 gratia
1395 1312 1572 1366 statim
1599 1310 1666 1365 ab
1696 1309 1848 1364 initio
1877 1315 2081 1363 tantum
2111 1320 2209 1361 ex-

635 1406 826 1463 citaret
844 1405 1063 1473 bellum,
1081 1405 1134 1460 in
1158 1413 1406 1476 tantaque
1427 1404 1555 1460 urbe
1571 1402 1888 1458 discordiam
1913 1399 2206 1458 induceret.

636 1495 835 1553 Verum
859 1512 978 1553 cum
1002 1497 1088 1553 ille
1107 1511 1321 1552 causam
1343 1495 1522 1551 dicere
1543 1494 1728 1558 nollet,
1748 1506 1944 1564 meque
1962 1499 2214 1561 urgerent

635 1599 974 1646 accusatores
994 1589 1130 1660 ejus,
1153 1589 1362 1645 vocavit
1390 1603 1488 1644 nos
1513 1587 1805 1657 imperator
1830 1582 2210 1655 pientissimus,

637 1689 693 1736 et
716 1680 875 1750 jussit
903 1681 979 1735 ire
1007 1679 1073 1734 ad
1105 1681 1274 1736 locum
1302 1680 1355 1734 in
1384 1693 1489 1750 quo
1520 1678 1607 1734 ille
1635 1676 1852 1748 agebat,
1887 1684 1944 1729 et
1975 1673 2087 1729 illic
2108 1673 2213 1730 cri-

639 1771 801 1836 mina,
829 1786 948 1841 qua:
972 1771 1071 1841 ipsi
1094 1770 1432 1834 offerrentur,
1457 1770 1661 1825 audire.
1697 1767 1828 1823 Nam
1857 1767 2212 1832 incursiones,

638 1870 696 1917 et
739 1861 951 1926 caedes,
993 1868 1050 1917 et
1095 1861 1194 1916 alia
1241 1861 1464 1932 plurima
1504 1857 1824 1928 objiciebant
1851 1875 1866 1912 :
1894 1872 1993 1913 nos
2035 1865 2213 1912 autem

639 1950 868 2005 scientes
917 1950 1058 2021 leges
1102 1959 1331 2022 patrum,
1362 1951 1585 2022 viroque
1611 1949 1868 2004 honorem
1887 1947 2211 2012 deferentes,

641 2041 898 2096 habentes
922 2042 1080 2095 etiam
1107 2055 1266 2111 super
1290 2041 1390 2097 hac
1415 2057 1473 2097 re
1499 2040 1616 2111 ejus
1647 2041 1827 2096 literas
1851 2079 1866 2104 ,
1893 2046 2140 2109 oportere
2161 2037 2214 2092 in

640 2131 938 2203 quibusque
959 2133 1242 2202 provinciis
1267 2147 1361 2187 sua
1388 2133 1594 2202 negotia
1621 2130 1848 2196 tractari,
1875 2144 2048 2201 neque
2067 2136 2217 2184 extra

646 2223 841 2278 limites
867 2224 1074 2278 illarum
1103 2222 1272 2289 trahi,
1304 2222 1645 2278 vehementer
1670 2221 2080 2277 detrectavimtts
2102 2261 2117 2286 ,
2148 2235 2218 2275 ne

643 2329 856 2369 causam
895 2313 1288 2382 susciperemus
1329 2312 1688 2383 iudicandam.
1738 2312 1904 2368 Porro
1935 2312 2024 2367 ille
2063 2311 2216 2382 quasi

643 2403 908 2475 prioribus
957 2405 1233 2460 conatibus
1283 2404 1552 2460 cumulum
1604 2403 1804 2460 addere
1849 2401 2214 2466 contendens,

641 2495 806 2550 multa
832 2496 1149 2551 auctoritate
1169 2503 1355 2550 vocato
1373 2493 1750 2551 archidiacono
1776 2508 1919 2560 meo,
1940 2494 2089 2565 quasi
2106 2493 2215 2563 jam

642 2585 882 2642 Ecclesia
925 2586 1136 2642 viduata
1179 2596 1340 2654 esset,
1372 2601 1437 2642 ac
1479 2587 1784 2658 episcOpum
1828 2599 1933 2640 non
1977 2583 2216 2650 haberet,

641 2681 842 2736 elerum
884 2695 1098 2737 omnem
1142 2681 1244 2737 sibi
1279 2696 1375 2752 per
1418 2680 1568 2736 illum
1609 2680 1887 2751 adjunxit:
1917 2679 2218 2750 ﬁebantque

541 2806 543 2808 -
642 2771 870 2828 desertas
893 2771 945 2826 in
973 2772 1090 2828 dies
1117 2771 1378 2839 ecclesiae,
1411 2769 1538 2827 dum
1565 2787 1596 2827 e
1623 2771 1845 2842 singulis
1865 2770 2105 2828 ecclesiis
2132 2771 2219 2825 ab-

641 2862 968 2918 ducebantur
983 2862 1158 2919 clerici
1189 2871 1242 2918 et
1271 2862 1668 2918 instruebantur
1690 2872 1748 2916 ut
1767 2875 1866 2917 nos
1881 2871 2215 2927 accusarent,

639 2964 696 3010 et
723 2952 931 3010 libellos
957 2952 1217 3008 adversus
1245 2966 1344 3008 nos
1373 2951 1744 3023 producerent.
1773 2952 1899 3007 Post
1924 2951 2039 3006 haec
2061 2967 2218 3006 voca-

639 3045 715 3099 vit
749 3053 806 3100 et
839 3058 936 3100 nos
974 3043 1041 3098 ad
1075 3042 1361 3112 judicium,
1395 3041 1628 3098 nondum
1661 3042 1844 3099 dilutis
1870 3042 1968 3099 sibi
1994 3042 2217 3114 objectis

642 3133 976 3200 criminibus,
1001 3132 1051 3186 id
1080 3131 1222 3204 quod
1243 3133 1473 3189 maxime
1492 3143 1678 3189 contra
1703 3148 1891 3188 omnes
1913 3147 2144 3189 canones
2163 3142 2220 3188 et

639 3227 786 3298 leges
809 3233 943 3281 erat.

711 3315 766 3370 2.
799 3313 1185 3386 Chrysoslomus
1225 3331 1316 3370 cur
1351 3331 1519 3370 coram
1548 3314 1826 3386 Theophila
1867 3324 1914 3368 et
1939 3315 2142 3370 asseclis
2166 3331 2219 3370 se

638 3411 812 3464 sistere
835 3409 1098 3462 recusarit.
1121 3439 1191 3448 —
1222 3407 1390 3465 Porro
1411 3408 1670 3473 scientes,
1704 3422 1802 3462 nos
1828 3421 1934 3462 non
1971 3406 2037 3460 ad
2070 3406 2217 3477 judi-

640 3499 781 3557 cium
813 3499 970 3569 (nam
997 3498 1228 3570 alioquin
1255 3499 1550 3554 sexcenties
1577 3499 1905 3555 venissemus
1928 3501 1942 3532 ¹
1967 3503 2003 3564 ),
2029 3497 2121 3554 sed
2149 3497 2216 3552 ad

643 3589 851 3654 hostem
882 3597 936 3649 et
961 3589 1229 3646 inimicum
1257 3599 1530 3658 venturos,
1555 3589 1604 3645 id
1627 3589 1766 3661 quod
1790 3591 1918 3646 satis
1944 3590 2217 3645 declarant

644 3696 763 3751 quas
792 3680 938 3751 prius
962 3695 1025 3737 ac
1050 3691 1232 3752 postea
1259 3691 1382 3737 sunt
1408 3681 1564 3748 facta,
1595 3682 1836 3737 misimus
1855 3682 1922 3737 ad
1946 3697 2068 3737 eum
2097 3682 2216 3754 epi-

640 3785 854 3841 scopos,
893 3771 1215 3828 Demetrium
1245 3773 1550 3844 episcopum
1592 3772 1912 3840 Pesinuntis,
1941 3773 2215 3846 Eulysium

640 3863 892 3931 Apameae
915 3901 932 3928 ,
981 3862 1294 3932 Lupicinum
1335 3865 1624 3934 Appiariaz,
1655 3865 1993 3935 presbyteros
2016 3875 2212 3929 autem,

641 3951 964 4012 Germanum
992 3963 1047 4010 et
1072 3955 1355 4020 Severum,
1386 3956 1862 4027 respondimusque
1887 3958 2125 4014 modeste
2150 3973 2216 4013 ex

640 4055 826 4102 nostro
852 4046 1090 4102 instituto
1117 4064 1131 4101 :
1159 4063 1262 4103 non
1293 4048 1460 4104 vitare
1486 4063 1582 4103 nos
1603 4047 1882 4118 judicium,
1914 4049 2007 4104 sed
2036 4049 2214 4104 inimi-

642 4151 764 4189 cum
789 4144 1029 4206 apertum
1051 4178 1064 4200 .
1093 4146 1148 4192 et
1176 4137 1382 4193 hostem
1423 4139 1779 4194 manifestum.
1808 4137 1940 4195 Nam
1965 4141 2057 4211 qui
2083 4156 2216 4196 nou-

642 4228 768 4287 dum
815 4230 1044 4300 acceptis
1085 4229 1279 4286 libellis
1312 4230 1489 4286 statim
1533 4230 1602 4287 ab
1645 4231 1794 4286 initio
1835 4232 1956 4287 talia
1993 4231 2134 4298 fecit,
2163 4241 2219 4290 et

640 4319 873 4390 seipsum
909 4318 1174 4375 abstraxit
1215 4321 1283 4376 ab
1327 4321 1579 4378 Ecclesia:
1607 4322 1852 4392 precibus
1889 4333 1944 4378 et
1977 4337 2217 4379 comnm-

640 4412 829 4475 nione,
858 4419 914 4465 et
942 4410 1158 4481 insuper
1179 4420 1515 4469 accusatores
1541 4413 1885 4481 subornavit,
1915 4415 2118 4471 clerum
2147 4414 2213 4470 ad

639 4518 699 4558 se
725 4503 901 4570 traxit,
929 4504 1206 4560 ecclesiam
1231 4503 1488 4562 desolavit
1512 4523 1525 4560 :
1550 4507 1818 4577 quomodo
1847 4507 2068 4565 idoneus
2090 4524 2215 4564 cen-

641 4594 746 4648 seri
777 4595 942 4663 possit
968 4595 1290 4665 lmjusmodi,
1315 4606 1373 4652 ut
1395 4600 1448 4653 in
1474 4596 1668 4668 judicis
1693 4599 1941 4655 thronum
1963 4614 2214 4657 conscen-

639 4682 732 4738 dat
755 4683 855 4740 sibi
884 4685 1101 4741 minime
1125 4689 1543 4757 congruentem?
1566 4688 1744 4760 Neque
1760 4691 1900 4746 enim
1922 4705 2212 4761 congruum

635 4785 718 4832 est
745 4816 760 4841 ,
809 4785 864 4832 ut
905 4777 940 4831 ii
982 4778 1070 4850 qui
1113 4779 1165 4834 in
1208 4778 1442 4852 Egypto
1464 4790 1607 4848 sunt,
1634 4782 1874 4852 judicent
1909 4798 2004 4839 eos
2040 4785 2129 4854 qui
2161 4787 2212 4840 in

637 4870 887 4936 Thracia,
918 4881 972 4926 et
995 4872 1288 4942 praesertim
1318 4872 1406 4930 ille
1433 4873 1522 4945 qui
1554 4876 1667 4945 ipse
1690 4891 1814 4932 reus
1835 4885 1938 4943 est,
1970 4877 2214 4933 inimicus

634 4971 689 5017 et
722 4960 890 5017 hostis
908 4961 950 5016 ⁸.
979 4962 1049 5017 At
1075 4962 1163 5019 ille
1192 4963 1323 5019 nihil
1350 4963 1540 5020 horum
1569 4967 1852 5034 reveritus,
1879 4981 2072 5040 magno
2097 4978 2214 5024 stu-

632 5121 743 5219 βέἶῗ
765 5110 869 5221 ip:
889 5115 1027 5160 πωιι
1049 5124 1063 5136 ·
1083 5114 1280 5186 Fabric,
1304 5121 1350 5166 et
1390 5127 1470 5165 eos
1491 5114 1575 5177 qui
1613 5119 1680 5169 ad
1700 5120 1856 5184 ίραοη
1879 5130 2214 5186 domum;

632 5150 1177 5247 ..ΜἭΝΨΫΨᾸΜ
1197 5189 1368 5247 ’P‘P’L
1385 5175 1712 5247 adWMl._
1730 5189 1915 5247 Itaque
1935 5182 2210 5247 chrysosm-

631 5198 1049 5283 causam?
1070 5198 1177 5224 απτ
1189 5198 1353 5285 διπτση
1385 5198 1694 5250 "WW-
1730 5198 1917 5257 ιυφθ.
1935 5198 2210 5247 Ww-

634 5293 712 5310 _-.
877 5247 1190 5310 .__-__Pe_"PY
1239 5237 1636 5310 υίιτΐιθσρδιιιιω
1655 5243 2036 5310 Alexandrinum
2055 5255 2108 5297 et
2123 5260 2211 5298 eos

766 5295 1046 5369 ptelpsgm
1069 5295 1386 5369 advenerant,
1429 5295 1470 5348 si
1506 5309 1692 5369 stemus
1711 5307 1859 5369 prius
1881 5295 2211 5360 Editorumle:

795 5367 817 5428 ;_
835 5353 917 5404 vel
932 5355 1273 5428 _'t'he_0pbilum
1305 5353 1485 5428 εις,οω
1501 5364 1585 5424 qui
1705 5353 1860 5428 ipsum
1882 5353 2234 5428 Ξᾶὀᾶδέἷιιιιῖμ

996 5489 1256 5554 venerant,
1279 5490 1334 5554 ut
1357 5477 1594 5554 fertur'in
1617 5477 1807 5554 duobus
1821 5477 2206 5554 τῴιιώιέὸοὶιεῐ

818 5537 1077 5618 Egi-3:91“?
1109 5537 1347 5618 posterior
1378 5544 1523 5616 lectio
1551 5537 2032 5618 magianuadrratwad
2063 5537 2208 5618 ait};

635 5596 778 5673 dicta,
807 5600 1005 5673 collecta
1019 5596 1337 5673 ,ῃιᾳξαίιιιάίηε
1373 5596 1705 5672 episcopalis);
1743 5596 2208 5673 Mifefiniféiii

637 5661 923 5726 edatnrapud
957 5662 1224 5716 Palladium.

700 5723 1012 5802 ξ.
1035 5735 1134 5777 MSS.
1163 5738 1324 5802 recte.
1343 5738 1393 5780 tn
1415 5731 1558 5783 Editis
1580 5733 1701 5795 haec,
1736 5749 1848 5787 nam
1869 5735 2078 5802 αιὶαγιιίη
2094 5755 2204 5794 sex-

635 5790 809 5849 centies
822 5790 1130 5849 uenissemus,
1153 5790 1351 5842 desunt.

697 5848 997 5927 inpensa:
1021 5849 1203 5905 etiamsi
1227 5867 1362 5906 reum
1406 5854 1741 5922 inimirmque
1763 5868 2001 5922 accusent,
2030 5877 2133 5927 pro,
2160 5873 2206 5919 et

629 5917 913 5973 passerum,
940 5918 1031 5964 etc.

1401 465 1457 521 Β.
1497 460 1770 520 ιοΑΝΝιε
1799 454 2172 517 CHRYSOST.
2217 452 2532 510 ARCHIEP.
2574 453 3108 513 CONSTANTINOP.

3787 453 3898 511 8³1

2313 572 2403 628 dio
2427 573 2733 642 anhelabat,
2755 583 2815 630 ut
2834 572 3116 645 perﬁceret
3133 586 3194 628 ea
3216 586 3333 644 qua
3354 579 3531 627 mente
3551 579 3895 640 conceperat.

2312 666 2445 722 Cum
2475 679 2654 723 autem
2676 674 3102 723 contestaremur
3121 673 3336 735 paratos
3362 678 3462 718 nos
3487 661 3554 717 ad
3580 661 3899 718 diluendum

2312 757 2533 811 crimina
2555 799 2570 824 ,
2609 765 2663 812 et
2703 756 2768 811 ad
2813 754 3190 818 innocentiam,
3223 754 3362 811 sicut
3386 762 3440 808 et
3466 752 3776 808 innocentes
3805 767 3902 806 su-

2313 865 2453 914 mus,
2473 849 2849 905 declarandam
2873 862 3055 904 coram
3081 855 3298 903 centum
3322 846 3403 902 vel
3431 845 3578 901 mille
3603 844 3902 914 episcopis,

2315 956 2420 997 non
2449 940 2718 996 asseusit:
2749 939 2845 994 sed
2874 939 2998 994 licet
3019 938 3268 994 absentes
3291 950 3566 999 essemus,
3597 945 3651 990 et
3678 933 3745 990 ad
3771 950 3905 1007 syn-

2312 1033 2472 1090 odum
2519 1031 2932 1103 appellaremus,
2972 1028 3339 1099 judiciumque
3381 1026 3797 1097 requireremus,
3845 1031 3907 1080 et

2314 1138 2420 1178 non
2457 1121 2706 1188 tribunal,
2748 1121 2844 1177 sed
2885 1119 3196 1176 manifestas
3233 1117 3538 1173 inimicitias
3572 1117 3901 1188 fugeremus,

2315 1214 2430 1285 ipse
2469 1222 2647 1269 tamen
2687 1219 3026 1268 accusatores
3064 1210 3320 1280 suscepit,
3359 1208 3850 1265 excommunicatos
3873 1221 3904 1262 a

2315 1321 2404 1362 me
2428 1304 2676 1372 absolvit,
2695 1313 2750 1362 et
2776 1303 2992 1368 abillis,
3019 1303 3108 1375 qui
3134 1301 3368 1358 nondum
3393 1316 3453 1358 se
3477 1301 3546 1358 de
3571 1303 3683 1356 suis
3709 1314 3911 1371 purga-

2313 1408 2503 1455 verant
2540 1398 2883 1464 criminibus,
2922 1395 3132 1453 libellos
3155 1395 3237 1467 (ο)
3263 1394 3505 1465 accepit:
3533 1403 3590 1450 et
3616 1402 3731 1449 aeta
3760 1407 3907 1463 prte-

2315 1491 2475 1550 scribi
2501 1490 2702 1562 jussit,
2738 1505 2859 1561 qua
2893 1487 3068 1545 omnia
3095 1485 3299 1558 legibus
3323 1493 3381 1541 et
3401 1483 3696 1540 canonibus
3723 1483 3910 1553 prohi-

2315 1583 2425 1640 bita
2449 1591 2621 1639 erant.
2649 1581 2716 1638 Et
2735 1580 2862 1652 quid
2882 1593 3018 1650 opus
3041 1587 3125 1636 est
3143 1577 3306 1632 multa
3325 1576 3540 1632 dicere?
3563 1573 3678 1632 Non
3697 1571 3911 1629 destitit

2316 1675 2495 1732 omnia
2525 1674 2702 1730 facere
2740 1688 2806 1730 ac
2840 1672 3046 1738 moliri,
3076 1670 3249 1727 donec
3281 1683 3380 1724 nos
3407 1669 3458 1724 vi
3495 1682 3562 1724 ac
3599 1665 3834 1738 potentia
3872 1679 3908 1721 ο

2317 1767 2533 1824 civitate
2569 1774 2625 1822 et
2661 1765 2902 1822 Ecclesia
2927 1763 3174 1834 ejicerct,
3200 1761 3360 1817 etiam
3385 1762 3496 1830 jam
3531 1766 3778 1830 provecta
3805 1771 3904 1812 ve-

2317 1875 2502 1930 spera,
2530 1871 2586 1915 et
2623 1859 2872 1915 universo
2905 1857 3099 1928 populo
3139 1871 3237 1912 nos
3275 1863 3650 1926 prosequente.
3681 1852 3909 1908 Tractus

2319 1951 2540 2023 igiturvi
2557 1959 2611 2006 et
2628 1949 2885 2006 abductus
2906 1964 2937 2004 a
2962 1947 3188 2004 Curioso
3214 1946 3365 2010 urbis
3389 1945 3443 2002 in
3473 1943 3645 2000 media
3666 1943 3905 2010 civitate,

2319 2053 2374 2098 et
2399 2042 2452 2098 in
2481 2043 2655 2098 navim
2681 2041 2974 2111 conjectus,
3006 2055 3101 2112 per
3127 2048 3340 2096 noctem
3368 2036 3607 2109 navigavi
3627 2078 3644 2104 ,
3670 2050 3736 2091 eo
3760 2034 3907 2106 quod

2319 2136 2387 2192 ad
2429 2135 2691 2210 synodum
2736 2144 2794 2191 et
2827 2135 3028 2206 justum
3068 2132 3322 2204 judicium
3365 2143 3730 2200 provocaram.
3774 2125 3910 2196 Quis

2321 2229 2436 2285 haec
2463 2229 2580 2286 sine
2609 2228 2878 2301 lacrymis,
2901 2227 3110 2284 etiamsi
3141 2241 3235 2282 cor
3259 2223 3528 2296 lapideum
3561 2222 3784 2286 habeat,
3811 2234 3912 2275 an»

2317 2322 2457 2379 diret
2477 2322 2501 2376 ?

2398 2414 2788 2486 Chrysostomus
2815 2430 2848 2467 α
2868 2412 3028 2483 priori
3053 2411 3233 2466 exsilio
3253 2410 3415 2464 redux
3437 2406 3686 2476 quomodo
3711 2421 3766 2461 se
3795 2422 3911 2477 ges-

2319 2509 2463 2572 serit,
2512 2518 2560 2563 et
2599 2523 2714 2580 qua:
2753 2508 2816 2563 sit
2855 2520 3141 2577 perpessus.
3187 2501 3419 2558 Violenta
3444 2505 3500 2555 in
3539 2498 3821 2556 Ecclesium
3845 2500 3910 2552 iis

2321 2599 2785 2672 raptim—Verum
2812 2598 2958 2669 quia,
2983 2597 3121 2652 sicut
3145 2593 3294 2666 prius
3318 2593 3449 2659 dixi,
3477 2606 3542 2647 ea
3571 2606 3689 2662 quat
3714 2604 3912 2661 perpe-

2321 2709 2434 2748 ram
2457 2692 2592 2748 ﬁunt
2615 2733 2630 2760 ,
2658 2707 2765 2747 non
2795 2691 2968 2746 solum
2997 2686 3324 2759 deploranda
3353 2726 3369 2754 ,
3395 2686 3489 2742 sed
3514 2691 3570 2742 et
3590 2682 3908 2754 corrigenda

2321 2796 2481 2842 sunt:
2512 2786 2633 2842 ideo
2656 2785 2930 2841 caritatem
2956 2791 3189 2838 vestram
3215 2779 3442 2836 obsecro
3464 2819 3480 2846 ,
3503 2786 3562 2832 ut
3587 2785 3921 2856 provocetur:

2321 2879 2388 2934 ad
2419 2876 2828 2941 condolendum,
2856 2874 3260 2944 .‘aciendumque
3272 2871 3472 2937 omnia,
3495 2885 3602 2942 quo
3621 2869 3763 2925 mala
3792 2868 3910 2925 hac

2321 2973 2599 3028 sistantnr.
2627 2970 2810 3042 Neque
2851 2970 2995 3026 enim
3036 2968 3124 3023 hic
3158 2966 3450 3022 facinorum
3489 2962 3598 3019 illis
3637 2961 3779 3029 ﬁnis,
3810 2959 3908 3018 sed

2321 3065 2387 3121 ad
2414 3065 2588 3134 priora
2618 3063 2933 3134 adjecerunt
2962 3071 3018 3118 et
3047 3061 3173 3116 alia.
3212 3058 3344 3116 Nam
3371 3066 3654 3128 postquam
3668 3069 3779 3134 _eos
3813 3057 3908 3126 qui

2321 3123 2600 3214 ecclesiam
2629 3123 2965 3226 luipudenter
2993 3153 3298 3208 invaserant
3328 3193 3342 3217 ,
3371 3123 3564 3221 piissiu
3603 3163 3642 3204 .s
3666 3123 3907 3218 impera-

2321 3258 2405 3306 tor
2427 3249 2605 3319 ejecit,
2631 3257 2687 3304 et
2714 3247 2868 3303 multi
2895 3245 3150 3316 episcopi,
3185 3243 3276 3312 qui
3299 3241 3542 3308 aderant,
3570 3253 3905 3311 cognoscen-

2323 3350 2403 3396 tes
2431 3340 2760 3411 iniquitatem
2801 3347 2855 3394 et
2895 3337 3225 3393 invasionem
3267 3334 3476 3390 illorum
3501 3373 3518 3399 ,
3542 3329 3697 3402 quasi
3724 3329 3907 3386 incen-

2320 3433 2468 3488 dium
2495 3433 2790 3503 depascens
2825 3431 3004 3486 omnia
3035 3471 3050 3496 ,
3088 3429 3352 3500 fugientes
3381 3467 3399 3494 ,
3430 3426 3483 3482 in
3508 3439 3634 3482 suas
3658 3422 3908 3496 regiones

2320 3532 2704 3580 concesserunt
2732 3564 2748 3588 ,
2789 3537 2993 3592 nosque
3036 3521 3225 3575 iterum
3256 3519 3307 3574 in
3339 3518 3524 3574 urbem
3549 3525 3606 3573 et
3635 3515 3690 3572 in
3715 3513 3907 3572 Eccle-

2321 3617 2454 3672 sium
2486 3656 2502 3678 ,
2540 3631 2571 3670 a
2607 3630 2710 3686 qua
2737 3615 2932 3684 injuste
2975 3611 3130 3683 cjecti
3161 3625 3372 3666 eramus
3399 3651 3414 3677 ,
3455 3608 3628 3664 vocati
3670 3621 3856 3663 sumus
3883 3647 3906 3670 .

2322 3708 2699 3764 inducentibus
2728 3719 2828 3761 nos
2870 3704 3130 3775 episcopis
3158 3717 3314 3773 supra
3343 3701 3584 3774 triginta,
3616 3707 3672 3756 et
3697 3699 3908 3755 notario

2321 3801 2390 3856 ab
2419 3800 2742 3872 lmperatore
2769 3797 3009 3868 piissimo
3035 3797 3087 3851 in
3124 3795 3226 3852 hoc
3255 3794 3420 3850 misso
3447 3834 3461 3858 ,
3491 3792 3582 3849 ille
3605 3791 3784 3847 statim
3811 3804 3907 3846 au-

2323 3889 2473 3961 fugit.
2504 3890 2610 3946 Cur
2651 3900 2705 3945 et
2751 3905 2852 3962 qua
2882 3890 2950 3945 de
2988 3903 3146 3945 causa
3169 3889 3192 3940 't
3219 3887 3298 3942 Eo
3335 3885 3477 3958 quod
3523 3883 3750 3956 ingressi
3775 3897 3903 3939 mox

2321 3985 2732 4041 obsecrabamus
2762 3982 3216 4055 religiosissimum
3245 3981 3623 4051 Imperatorem
3648 4018 3665 4046 ,
3696 3987 3753 4033 ut
3771 3991 3901 4032 con-

2321 4080 2499 4135 cilium
2521 4089 2754 4151 cogeret,
2782 4095 2888 4151 quo
2918 4079 3051 4134 facta
3084 4077 3200 4134 lucc
3225 4076 3559 4148 punirentur.
3586 4074 3722 4130 Male
3742 4073 3904 4146 igitur

2320 4171 2566 4226 conscius
2593 4171 2715 4237 sibi,
2736 4181 2792 4226 et
2814 4170 3284 4242 reprehensionem
3313 4168 3697 4238 pertimescens
3725 4208 3742 4234 ,
3779 4181 3904 4222 cum

2321 4262 2658 4334 imperatoris
2679 4264 2847 4319 litera:
2875 4264 2927 4319 in
2946 4263 3123 4319 omnia
3157 4263 3268 4319 loca
3293 4263 3634 4318 mitterentur
3655 4269 3712 4316 et
3729 4258 3904 4316 unde-

2318 4373 2544 4430 cumque
2567 4372 2755 4414 omnes
2772 4367 3173 4428 congregarent,
3193 4357 3419 4422 occulte,
3446 4353 3727 4425 mediaque
3745 4360 3908 4410 nocte

2320 4450 2433 4522 ipse
2459 4465 2580 4508 cum
2620 4450 2734 4506 suis
2777 4450 3028 4506 omnibus
3055 4462 3347 4506 conscensa
3394 4447 3517 4504 navi
3555 4447 3770 4518 elapsus
3794 4455 3899 4503 est.

2392 4546 2444 4601 3.
2473 4544 2642 4599 Porro
2667 4557 2795 4606 nos,
2822 4550 3005 4613 utpote
3033 4541 3376 4598 conscientiae
3400 4550 3602 4597 nostra:
3630 4538 3858 4597 ﬁdentes
3895 4582 3914 4607 ,

2321 4652 2425 4691 non
2445 4644 2723 4706 propterea
2737 4634 3060 4701 destitimus,
3090 4632 3187 4690 sed
3206 4632 3395 4692 eadem
3425 4633 3619 4689 iterum
3636 4647 3666 4687 a
3687 4631 3915 4704 religio-

2320 4730 2534 4784 sissime
2559 4727 2885 4798 lmperatore
2910 4725 3212 4797 petivimus.
3235 4724 3335 4794 Qui
3365 4735 3419 4780 et
3449 4739 3546 4794 pro
3580 4738 3676 4780 sua
3707 4723 3914 4795 pietate

2320 4821 2495 4877 missis
2519 4819 2587 4878 ad
2618 4820 2764 4875 illutn
2789 4819 2987 4874 nuntiis
3019 4859 3034 4884 ,
3079 4832 3202 4873 eum
3232 4857 3249 4884 ,
3280 4825 3336 4873 et
3371 4830 3559 4874 omnes
3581 4816 3673 4888 qui
3692 4830 3817 4872 cum
3841 4827 3916 4872 eo

2317 4924 2491 4983 erant,
2519 4931 2584 4971 ex
2614 4915 2844 4986 [Egypto
2873 4915 3102 4976 vocavit.
3131 4923 3188 4968 ut
3210 4913 3468 4970 rationem
3495 4912 3758 4971 factorum
3778 4911 3899 4970 red-

2319 5011 2538 5068 derent:
2571 5024 2741 5079 neque
2769 5016 3014 5078 putarent
3039 5021 3101 5062 ea
3128 5021 3248 5078 qua:
3293 5006 3392 5076 ipsi
3427 5020 3529 5062 una
3555 5005 3730 5064 solum
3760 5020 3897 5076 prte-

2317 5113 2469 5159 seute
2498 5109 2647 5172 parte
2677 5143 2692 5166 ,
2722 5100 2977 5170 nobisque
3006 5097 3313 5153 absentibus
3340 5106 3524 5154 contra
3554 5112 3788 5156 canones
3817 5099 3903 5153 in-

2312 5194 2454 5264 juste
2482 5199 2807 5248 attentaraut
2832 5230 2846 5254 ,
2876 5205 2997 5246 esse
3021 5189 3120 5243 sibi
3149 5189 3216 5249 ad
3249 5190 3617 5260 purgationem
3653 5189 3804 5246 satis.
3835 5193 3906 5244 At

2316 5283 2475 5354 regiis
2502 5282 2668 5337 literis
2691 5281 2778 5336 ille
2799 5297 2902 5336 non
2933 5280 3352 5349 obtemperavit,
3380 5280 3476 5335 sed
3507 5279 3653 5336 domi
3681 5280 3894 5345 mansit.

2315 5383 2614 5446 praetexens
2634 5373 2950 5429 seditionem
2972 5371 3152 5443 populi
3179 5412 3196 5438 ,
3239 5371 3475 5428 studium
3497 5371 3747 5432 nimirum
3768 5387 3905 5443 quo-

2375 5559 2448 5630 (σ)
2481 5565 2579 5630 ".0"
2599 5553 3184 5630 ττθαῬθοὲεραέβὲοοβ
3656 5554 3904 5630 ἕψειν-ι

2313 5628 2369 5670 ut
2383 5613 2652 5683 plurimum
2689 5613 2923 5676 signiﬁcat
2962 5614 3182 5666 libellum
3204 5613 3548 5667 accusati-anes
3567 5613 3902 5679 οαιῳιθαέιι-

2315 5689 2430 5732 tem.
2457 5681 2574 5731 vide
2595 5682 2823 5742 canglum
2853 5681 2902 5728 in
2937 5677 3174 5728 Glossario
3215 5685 3395 5729 Graeco.
3421 5683 3491 5728 De
3519 5679 3730 5742 mrtuo,
3769 5677 3902 5742 quod

2313 5715 3759 5804 ὂῖἱιὲἱυὶίι“ἔτζῖ’ᾆὲἱ“ὄεὶξίιθᾞῖἔτ“ιὶινεω”ὁᾶἶῦἱιζνεῖέιτιὶίυἶῖᾓ
3771 5715 3898 5804 illi:

2315 5804 2642 5874 Athanasiip.
3007 5808 3150 5874 erant
3166 5802 3204 5874 ii
3225 5801 3406 5874 quibus.
3586 5801 3901 5874 incumbebat

2311 5868 2508 5934 crimina
2534 5861 2848 5934 et'quaelibet
2862 5870 3144 5934 perpetrata
3164 5861 3370 5934 facinora
3393 5862 3665 5934 indagandi,
3683 5874 3901 5934 reosque

2316 5928 2374 5979 ad
2398 5923 2737 5986 Inmerato'rem
2761 5923 3013 5980 deferendi
3037 5938 3093 5978 sc
3113 5924 3443 5976 denuntiandi.
3464 5923 3530 5975 tbi
3554 5923 3664 5977 vide
3681 5923 3767 5972 sis.
