4142 6484
183 400 289 454 553

181 517 431 569 rumdam
461 515 902 586 intempestivum
926 555 942 581 ,
968 515 1058 585 qui
1082 515 1129 570 ei
1154 513 1433 578 favebant;
1457 516 1667 569 tametsi
1692 530 1789 585 po-

183 607 346 677 pulus
391 609 498 662 illic
534 625 753 679 quoque
794 620 919 663 ante
953 609 1132 665 literas
1172 607 1433 664 conviciis
1462 624 1583 662 eum
1636 608 1796 662 innu-

184 700 357 755 meris
387 703 739 772 praeciderat.
780 702 974 757 Verum
1021 702 1137 757 haec
1166 717 1308 757 nunc
1334 712 1521 757 exacte
1548 700 1796 771 prosequi

185 791 467 855 nolumus,
498 793 596 848 sed
621 793 737 847 hiet:
759 803 962 847 tantum
990 793 1191 849 idcirco
1227 793 1481 859 diximus,
1515 803 1569 845 ut
1592 808 1714 847 eum
1746 793 1797 846 in

171 880 416 937 nefariis
442 886 727 939 conatibus
749 885 1140 952 deprehensum
1163 884 1589 940 ostenderemus.
1619 885 1800 954 itaque

192 993 292 1032 nos
333 993 440 1031 non
472 979 775 1048 quievimus
796 1019 815 1045 ,
846 980 939 1034 sed
971 980 1022 1034 in
1052 979 1153 1035 hoc
1182 979 1521 1035 incubuimus
1542 1021 1555 1045 ,
1586 990 1801 1034 orantes

194 1070 606 1138 Imperatorem,
640 1081 698 1125 ut
722 1071 1013 1128 haberetur
1032 1072 1318 1143 judicium,
1352 1074 1403 1128 in
1435 1088 1543 1143 quo
1564 1088 1724 1144 agere
1748 1084 1801 1128 et

192 1164 531 1232 respondere
562 1164 789 1220 liceret:
818 1165 1130 1222 dicebamus
1171 1168 1314 1222 enim
1352 1183 1450 1223 nos
1492 1177 1709 1235 paratos
1733 1166 1798 1221 ad

162 1332 167 1335 _
194 1254 598 1311 ostendendum
636 1274 735 1315 nos
762 1275 867 1313 non
894 1275 1014 1315 esse
1049 1274 1202 1324 reos,
1231 1260 1326 1315 sed
1355 1259 1476 1315 illos
1504 1261 1678 1329 legum
1709 1274 1803 1314 ex-

195 1360 402 1403 tremos
439 1358 888 1421 transgressores.
921 1353 1083 1408 Erant
1116 1362 1295 1408 autem
1326 1356 1496 1409 relicti
1522 1355 1606 1409 hic
1632 1353 1751 1425 Syri
1786 1395 1800 1419 ,

194 1441 285 1509 qui
315 1455 439 1495 eum
470 1458 538 1497 eo
562 1444 851 1508 affuerant.
885 1454 939 1500 et
972 1461 1094 1500 cum
1126 1445 1219 1500 illo
1239 1449 1597 1503 communiter
1623 1448 1802 1501 omnia

198 1529 474 1599 fecerant;
504 1535 570 1589 ad
608 1535 708 1592 hos
752 1538 1076 1592 accessimus
1107 1581 1123 1605 ,
1156 1539 1221 1593 ad
1266 1539 1495 1595 dandam
1541 1540 1803 1596 rationem

201 1626 378 1691 parati
406 1665 423 1691 ,
455 1638 617 1697 atque
644 1644 804 1697 super
832 1644 893 1684 ea
926 1646 984 1685 re
1013 1646 1159 1701 smpe
1183 1647 1278 1685 eos
1306 1633 1764 1703 interpellavimus
1788 1677 1803 1694 ,

200 1717 554 1775 ulsecrantes
585 1730 643 1775 ut
668 1723 1017 1792 dignarentur
1064 1725 1218 1780 nobis
1257 1725 1465 1781 libellos
1495 1737 1552 1782 et
1588 1742 1807 1782 accusa-

200 1811 413 1867 tionum
443 1823 559 1869 acta
582 1816 732 1879 dare,
764 1819 847 1871 vel
870 1834 1037 1888 genus
1067 1819 1375 1883 criminum,
1410 1820 1495 1874 vel
1525 1831 1808 1876 accusato-

201 1920 293 1960 res
336 1906 484 1977 ipsos
528 1909 865 1980 significare:
900 1926 1083 1967 verum
1109 1912 1238 1966 nihil
1265 1912 1459 1967 horum
1500 1913 1805 1983 impetravi-

202 2013 325 2051 mus
344 2040 360 2065 ,
386 1998 483 2053 sed
514 2000 704 2056 iterum
735 2017 801 2056 ex
842 2002 1077 2058 Ecclesia
1105 2003 1264 2073 ejecti
1294 2020 1497 2059 sumus.
1524 2006 1807 2073 Quomodo

199 2107 324 2161 quae
356 2100 485 2148 tunc
509 2103 656 2163 gesta
683 2104 830 2162 sunt,
862 2106 917 2152 et
944 2112 1159 2153 omnem
1184 2097 1449 2153 excedunt
1466 2100 1805 2169 tragtediam,

198 2186 764 2257 enarraverimiquis
806 2203 868 2242 ea
913 2204 1093 2244 sermo
1138 2188 1473 2261 explicabit?
1502 2206 1621 2261 qure
1663 2194 1810 2249 auris

200 2277 323 2331 sine
352 2276 580 2331 horrore
608 2280 905 2349 percipiet?
926 2282 1059 2338 Cum
1086 2282 1230 2336 enim
1268 2284 1355 2338 illa
1385 2301 1506 2355 qua:
1526 2284 1637 2341 dixi
1672 2301 1811 2355 pne-

203 2368 559 2425 tenderemus
577 2412 593 2435 ,
625 2371 743 2440 ipso
775 2388 968 2443 magno
988 2375 1215 2430 sabbato
1243 2376 1465 2431 collecta
1491 2393 1680 2433 manus
1711 2380 1809 2431 mi-

198 2459 383 2527 iitum,
414 2461 481 2516 ad
513 2477 791 2532 vesperam
809 2464 915 2519 diei
942 2466 992 2518 in
1019 2466 1277 2521 ecclesias
1304 2467 1567 2538 ingressa,
1600 2469 1806 2524 clerum

195 2569 425 2607 omnem
471 2555 563 2625 qui
594 2555 876 2611 nobiscum
907 2566 1027 2612 erat
1050 2560 1103 2613 vi
1128 2559 1288 2628 ejecit
1316 2602 1331 2626 ,
1381 2571 1438 2615 et
1472 2563 1640 2616 armis
1688 2578 1810 2617 san-

196 2648 478 2703 ctuarium
508 2648 743 2720 undique
771 2651 1003 2707 obsedit.
1030 2652 1279 2708 Mulieres
1299 2669 1508 2724 quoque
1533 2671 1809 2711 sacrarum

193 2742 435 2809 mdium,
464 2758 584 2814 qua:
612 2760 709 2814 per
732 2745 858 2800 illud
891 2755 1101 2816 tempus
1130 2762 1190 2802 se
1219 2758 1479 2803 exuerant
1504 2790 1519 2813 ,
1550 2758 1608 2803 ut
1639 2749 1812 2819 bapti-

200 2844 464 2889 zarentur
486 2876 504 2901 ,
535 2845 681 2891 metu
710 2838 888 2907 gravis
917 2838 1072 2892 istius
1116 2839 1364 2894 incursus
1393 2839 1551 2894 nudae
1585 2841 1809 2911 aufuge-

196 2938 332 2984 runt
360 2946 377 2994 ;
409 2944 587 3000 neque
607 2932 751 2987 enim
781 2932 1179 2987 concedebatur
1206 2942 1264 2987 ut
1292 2948 1351 2987 se
1380 2934 1643 2999 volarent,
1674 2935 1812 2991 sicut

197 3021 467 3077 mulieres
500 3021 757 3078 honestas
783 3023 978 3088 decet;
1010 3024 1193 3080 multze
1238 3026 1398 3079 etiam
1424 3029 1661 3097 acceptis
1688 3029 1810 3083 vul-

198 3115 427 3170 neribus
448 3114 816 3184 ejiciebantur,
838 3126 890 3171 et
910 3116 1170 3187 sanguine
1193 3117 1548 3188 implebantur
1571 3119 1807 3187 piscinae,

196 3216 257 3259 et
285 3221 484 3261 cruore
508 3205 651 3261 sacri
685 3206 870 3263 latices
896 3206 1275 3262 rubescebant.
1307 3207 1490 3278 Neque
1515 3208 1604 3264 hic
1630 3225 1809 3265 rerum

198 3297 327 3352 ﬁnis
350 3308 490 3353 erat.
520 3296 653 3353 Nam
685 3306 741 3354 et
770 3298 945 3353 locum
971 3342 986 3361 ,
1018 3301 1069 3353 in
1103 3314 1208 3368 quo
1236 3311 1420 3354 sancta
1447 3300 1661 3356 condita
1692 3314 1841 3358 εον-⁵

198 3389 473 3445 vahantur
500 3429 516 3454 ,
571 3389 801 3460 ingressi
857 3399 984 3445 sunt
1036 3390 1233 3445 milites
1262 3431 1280 3457 ,
1326 3407 1555 3460 quorum
1601 3393 1812 3463 aliquos

198 3482 410 3536 scimus
437 3480 601 3535 nullis
628 3482 867 3536 initiatos
907 3483 1177 3553 mysteriis
1202 3525 1217 3548 ,
1261 3493 1315 3539 et
1344 3484 1594 3539 viderunt
1631 3488 1809 3541 omnia

198 3588 326 3642 qua:
359 3576 503 3627 intus
531 3583 705 3627 erant.
725 3573 862 3640 Quin
889 3583 942 3628 et
968 3574 1337 3628 sanctissimus
1353 3574 1548 3630 Christi
1570 3579 1810 3646 sanguis,

199 3669 347 3721 sicut
374 3667 429 3721 in
452 3667 543 3721 tali
573 3667 801 3721 tumultu
832 3668 1096 3735 contingit
1116 3707 1131 3730 ,
1162 3668 1212 3720 iu
1244 3668 1625 3737 prazdictorum
1668 3669 1811 3725 mili-

202 3770 319 3813 tum
350 3768 533 3814 vestes
561 3757 765 3813 effusus
793 3767 876 3813 est
899 3800 915 3824 ,
941 3757 1245 3827 fiebantque
1272 3759 1421 3828 quasi
1452 3761 1503 3814 in
1536 3760 1813 3816 barbarica

199 3852 519 3921 captivitate
541 3851 742 3905 omnia.
771 3849 975 3921 Vulgus
1004 3849 1147 3904 enim
1180 3850 1231 3904 in
1272 3851 1620 3908 solitudinem
1660 3854 1809 3925 fuga-

201 3944 369 3997 batur
397 3984 413 4009 ,
447 3942 736 3997 multitudo
763 3940 939 3997 omnis
968 3950 1119 3997 extra
1148 3941 1418 3997 civitatem
1455 3944 1771 4000 versabatur
1794 3988 1809 4013 ,

199 4044 472 4104 erantque
501 4035 555 4088 in
585 4044 732 4088 tanto
773 4033 913 4089 festo
957 4049 1136 4088 vacua:
1178 4034 1374 4105 populo
1416 4037 1660 4092 ecclesia:
1694 4080 1708 4100 ,
1760 4048 1815 4094 et

202 4132 392 4200 plures
421 4143 583 4199 quam
605 4128 954 4199 quadraginta
982 4128 1243 4197 episcopi,
1275 4129 1365 4199 qui
1391 4131 1549 4185 nobis
1573 4146 1815 4187 commu-

203 4222 480 4286 nicarant,
507 4236 630 4275 cum
660 4222 857 4290 populo
879 4230 931 4274 et
954 4221 1103 4275 clero
1132 4221 1249 4275 sine
1274 4237 1433 4276 causa
1460 4223 1811 4293 fugabantur:

200 4324 259 4368 et
286 4313 363 4367 ob
393 4312 694 4383 prodigiosa
722 4312 941 4383 ﬂagitia,
967 4312 1163 4383 ubique
1192 4328 1288 4382 per
1314 4312 1449 4379 fora,
1480 4330 1577 4384 per
1598 4314 1811 4377 domos.

204 4424 305 4477 per
354 4404 708 4469 solitudines,
739 4422 836 4477 per
864 4422 1053 4462 omnes
1099 4407 1330 4463 civitatis
1361 4416 1540 4476 partes
1564 4450 1580 4474 ,
1635 4410 1814 4464 omnia

203 4500 487 4565 lamentis,
510 4500 796 4568 ejulatibus
823 4542 837 4565 ,
887 4511 939 4555 et
985 4500 1223 4556 fontibus
1270 4504 1627 4573 lacrymarum
1658 4503 1814 4572 plena

200 4602 369 4647 erant
398 4609 413 4647 :
448 4601 505 4646 ut
526 4593 807 4649 nonmodo
832 4594 921 4664 qui
945 4593 1339 4664 afﬂigebantur,
1366 4595 1460 4650 sed
1487 4604 1541 4649 et
1561 4596 1649 4665 qui
1684 4596 1814 4655 nihil

205 4688 317 4741 tale
355 4684 711 4755 patiebantur,
731 4695 787 4742 et
816 4703 921 4741 non
945 4688 1115 4742 solum
1145 4691 1233 4759 qui
1263 4699 1460 4745 postne
1487 4692 1609 4747 lidei
1639 4704 1814 4759 erant,

203 4780 307 4835 διοά
339 4790 396 4834 et
430 4778 667 4836 haeretici
698 4824 714 4847 ,
746 4792 800 4837 et
833 4780 1003 4836 Judaei
1038 4826 1052 4847 ,
1081 4792 1136 4837 et
1180 4785 1429 4853 gentiles,
1477 4788 1548 4841 ob
1593 4788 1817 4843 sceleris

201 4864 552 4927 atrocitatem
579 4872 857 4928 nobiscum
887 4873 1151 4939 dolerent,
1180 4884 1233 4929 et
1260 4877 1410 4945 quasi
1445 4893 1541 4945 per
1571 4878 1675 4932 vim
1728 4896 1819 4935 ca-

204 4973 304 5034 pta
332 4963 552 5017 civitate
581 5003 597 5029 ,
630 4966 860 5020 tumultu
885 5007 901 5033 ,
932 4966 1288 5035 trepidatione
1314 4982 1375 5022 ac
1408 4968 1622 5039 planctu
1660 4972 1815 5041 plena

203 5065 374 5111 erant
400 5056 602 5110 omnia.
630 5056 779 5112 Talia
803 5058 919 5113 ausi
942 5066 1075 5114 sunt
1109 5069 1307 5129 pr.i:ter
1333 5062 1657 5116 sententiam
1685 5065 1816 5132 piis-

195 5149 339 5207 simi
390 5148 734 5219 lmperatoris
764 5193 780 5218 ,
834 5164 992 5208 nocte
1036 5153 1202 5208 multa
1228 5196 1241 5218 ,
1296 5155 1565 5225 episcopis
1594 5156 1709 5213 haec
1738 5158 1821 5212 in-

194 5242 551 5300 struentibtts
580 5285 596 5309 ,
624 5253 679 5299 et
702 5246 887 5302 multis
924 5247 975 5301 iu
1008 5246 1141 5303 locis
1178 5247 1397 5303 ordines
1445 5250 1771 5305 ducentibus
1800 5294 1815 5318 ,

198 5350 316 5390 nec
349 5334 793 5391 erubescentibus
819 5378 834 5404 ,
866 5337 1009 5420 quod
1042 5354 1138 5408 pro
1167 5339 1410 5396 diaconis
1439 5343 1818 5413 campiducto-

198 5446 306 5485 res
350 5424 427 5495 (α)
470 5438 774 5496 praeeuntes
818 5428 1097 5485 haberent.
1134 5430 1235 5487 Ubi
1278 5446 1407 5487 vero
1443 5433 1615 5489 illuxit
1649 5434 1767 5490 dies
1802 5478 1817 5504 ,

269 5558 353 5634 (ᾳ)
386 5560 783 5634 Campiduetores
796 5563 993 5634 ii_erant
1009 5563 1094 5627 qui
1118 5564 1371 5634 exercitiis
1392 5565 1682 5634 militaribus
1697 5581 1822 5632 prte-

202 5628 375 5697 gaot,
399 5624 585 5685 quique
610 5625 797 5697 tirones
814 5624 1168 5697 docehan't,_ut
1198 5628 1267 5676 ait
1297 5630 1542 5697 vegetius
1566 5629 1602 5681 l.
1637 5632 1681 5688 i,
1699 5624 1818 5694 'cap.

202 5686 288 5757 ﬁ.
320 5690 431 5757 Haec
454 5699 549 5757 vox
572 5689 791 5757 occurrit
805 5688 953 5737 etiam
977 5689 1101 5757 apud
1121 5686 1443 5757 iampridiu'm
1468 5693 1517 5741 in
1552 5686 1819 5753 severo,'e.

200 5748 483 5827 suae
503 5747 902 5827 ςςιξηιίίέιιςεοτεε
925 5747 1071 5827 miri
1112 5747 1349 5827 Mam.
1364 5754 1632 5827 φευξείω
1653 5747 1822 5827 eam

201 5817 483 5882 mutuas,
508 5818 605 5882 etc.
635 5811 721 5861 ubi
740 5812 1101 5882 restituendum
1132 5821 1285 5882 _putat_
1326 5815 1601 5882 Salmasius,
1626 5817 1819 5882 campi-

198 5881 458 5937 uortons;
474 5871 567 5925 sed
590 5885 686 5925 vox
718 5874 1111 5939 Carupt'ductom
1132 5871 1223 5927 hoc
1239 5877 1563 5941 chrysostomi
1589 5871 1823 5945 exemplo

1625 402 2001 460 EPISTOLE.

3408 395 3517 451 534

1905 517 2083 571 omnis
2110 520 2302 573 civitas
2325 524 2476 571 extra
2507 528 2695 572 muros
2726 514 2829 569 sub
2870 511 3093 570 arbores
3122 520 3177 567 et
3205 514 3259 567 i‘l
3290 527 3515 568 nemora

1906 612 2209 683 emigravit,
2243 610 2313 665 ibi
2338 609 2532 665 festum
2549 608 2695 666 diem
2719 608 3002 664 celebrans
3024 649 3040 674 ,
3067 606 3222 678 quasi
3248 621 3377 663 oves
3398 604 3514 660 dis-

1908 719 2103 776 persae.

1979 800 2032 853 ι.
2090 798 2239 853 Licet
2287 795 2441 851 vobis
2479 810 2545 850 ex
2591 794 2675 849 his
2716 802 2775 849 et
2801 801 2994 848 caetera
3026 790 3205 846 omnia
3237 803 3513 862 pensare:

1909 907 2031 945 nam
2061 889 2243 945 omnia
2289 903 2409 958 quae
2451 886 2589 941 facta
2629 894 2754 940 sunt
2780 884 3052 955 sigillatim
3082 898 3335 939 sermone
3361 896 3517 937 com-

1910 986 2071 1055 plecti
2105 1026 2118 1047 ,
2155 992 2215 1039 ut
2256 983 2411 1049 dixi,
2445 980 2777 1053 impossibile
2827 986 2929 1035 est.
2976 979 3072 1035 Est
3103 988 3281 1033 autem
3319 984 3374 1032 et
3414 976 3519 1031 hoc

1910 1092 2169 1148 perquam
2213 1075 2522 1135 molestum.
2546 1072 2687 1144 quod
2722 1072 2842 1126 talia
2866 1080 3117 1140 tantaque
3142 1070 3277 1124 mala
3306 1068 3514 1125 nullum

1910 1172 2085 1227 adhuc
2125 1170 2283 1226 finem
2330 1169 2595 1239 accipiant
2626 1209 2642 1232 ,
2692 1182 2865 1236 neque
2915 1180 3037 1235 spes
3106 1164 3176 1219 sit
3234 1179 3298 1218 ea
3353 1163 3513 1219 linem

1913 1265 2210 1325 habitura;
2262 1263 2357 1317 sed
2420 1270 2681 1331 augentur
2753 1260 2805 1312 in
2875 1258 2993 1312 dies
3055 1257 3225 1327 magis
3286 1270 3349 1310 ac
3403 1270 3516 1308 ma-

1910 1360 1992 1429 gis
2017 1401 2030 1421 ,
2060 1373 2262 1428 nosque
2308 1357 2577 1427 plerisque
2626 1354 2833 1409 ridiculi
2883 1352 3006 1407 facti
3060 1366 3277 1412 sumus;
3313 1351 3421 1404 imo
3448 1350 3521 1404 ri-

1911 1454 2002 1508 det
2033 1452 2209 1507 nullus
2234 1493 2246 1513 ,
2275 1450 2496 1504 etiamsi
2516 1447 2669 1503 valde
2694 1448 2761 1502 sit
2786 1459 3101 1515 pervorsus;
3132 1443 3313 1513 lugent
3338 1453 3517 1496 autem

1911 1558 2101 1600 omnes
2132 1552 2349 1613 propter
2372 1549 2666 1596 extremam
2686 1549 2740 1594 et
2762 1538 3052 1592 inauditam
3081 1536 3216 1591 haue
3239 1534 3518 1599 malitiam,

1912 1638 2180 1692 malorum
2213 1634 2368 1689 facile
2394 1631 2779 1701 colaphonem.

1988 1728 2311 1784 Perturbatio
2337 1727 2410 1781 rei
2439 1724 2793 1780 ecclesiastica
2816 1725 2867 1777 in
2902 1721 3125 1775 Oriente.
3148 1751 3218 1761 -—
3234 1720 3364 1789 Quis
3393 1734 3523 1774 vero

1913 1823 2238 1891 reliquarum
2268 1819 2630 1875 Ecclesiarum
2659 1816 3092 1887 perturbationes
3117 1814 3298 1884 eloqui
3330 1813 3523 1883 possit?

1914 1914 2029 1968 Non
2072 1913 2216 1967 etaim
2272 1911 2356 1965 hic
2393 1909 2624 1965 cessavit
2668 1908 2771 1962 hoc
2810 1906 3009 1961 malum
3038 1947 3052 1969 ,
3100 1904 3193 1961 sed
3241 1919 3412 1975 usque
3455 1905 3524 1957 ad

1916 2007 2192 2063 Orientem
2221 2004 2485 2074 pervenit.
2514 2002 2644 2057 Nam
2669 2002 2804 2054 sicut
2832 2015 2862 2053 a
2888 1999 3063 2068 capite
3092 1996 3250 2053 malis
3278 1996 3522 2052 humori-

1916 2102 2015 2156 bus
2035 2097 2427 2159 deﬂuentibus,
2454 2095 2656 2165 reliqua
2682 2092 2923 2147 membra
2954 2097 3373 2159 corrumpuntur
3409 2107 3420 2142 :
3451 2088 3522 2141 ita

1917 2208 2057 2247 nunc
2084 2206 2297 2262 quoque
2327 2189 2608 2249 tumultus,
2640 2188 2729 2256 qui
2757 2187 2808 2241 in
2842 2184 2942 2239 hac
2964 2199 3153 2254 magna
3170 2184 3385 2238 civitate
3413 2197 3525 2238 etn—

1917 2294 2133 2355 perunt,
2164 2283 2316 2354 quasi
2344 2298 2409 2337 ex
2438 2282 2582 2335 fonte
2613 2280 2664 2333 iu
2692 2280 2869 2332 omnia
2903 2278 3017 2332 loca
3050 2276 3251 2331 sensim
3274 2274 3522 2340 eflluunt,

1914 2391 1967 2435 et
1996 2380 2176 2436 clerici
2220 2377 2418 2447 ubique
2447 2376 2500 2429 in
2532 2376 2817 2445 episcopos
2848 2373 3133 2442 insurgunt
3160 2412 3175 2434 ,
3204 2380 3259 2425 et
3284 2369 3527 2439 episcOpi

1915 2472 1983 2526 ab
2014 2469 2283 2539 episcopis
2308 2509 2325 2533 ,
2354 2476 2408 2522 et
2436 2467 2615 2536 populi
2643 2481 2671 2519 a
2705 2463 2917 2535 populis
2937 2464 2953 2495 ⁸
2982 2462 3137 2517 scissi
3171 2471 3315 2526 sunt,
3349 2469 3403 2516 et
3434 2460 3526 2514 alii

1916 2563 2225 2635 propediem
2248 2560 2581 2621 scindentur,
2602 2566 2655 2613 et
2676 2564 3021 2627 exspectatur
3040 2554 3238 2625 ubique
3256 2553 3522 2608 malorum

1917 2667 2119 2727 partus,
2153 2654 2405 2725 orbisque
2437 2653 2600 2707 totius
2630 2651 2931 2706 snbversio.
2963 2649 3160 2721 Igitur,
3184 2648 3387 2704 domini
3417 2647 3527 2701 mei

1916 2750 2149 2804 maxime
2188 2745 2477 2802 venerandi
2506 2756 2557 2800 et
2582 2745 2652 2814 pii
2686 2787 2700 2806 .
2736 2760 2857 2799 cum
2891 2742 3006 2797 lucc
3034 2744 3104 2796 ita
3134 2757 3193 2795 se
3222 2739 3420 2795 habere
3446 2738 3530 2793 di-

1915 2842 2156 2895 diceritis
2188 2879 2201 2903 ,
2235 2838 2469 2893 studium
2511 2847 2748 2892 vestrum
2794 2846 2848 2890 et
2899 2849 3145 2905 magnam
3192 2830 3526 2903 diligentiam

1916 2934 2168 2989 adhibete
2191 2974 2208 2999 ,
2240 2947 2347 3002 quo
2375 2929 2688 2985 retundatur
2715 2929 2829 2982 hmc
2854 2943 2973 2997 qua:
3003 2926 3057 2981 in
3086 2925 3352 2979 Ecclesias
3384 2923 3527 2977 irru-

1917 3030 1994 3098 pit
2021 3027 2291 3097 iniquitas.
2324 3024 2533 3093 Quippe
2560 3023 2604 3075 si
2638 3036 2754 3075 mos
2790 3021 2876 3075 hic
2899 3019 3205 3081 inVaIuerit,
3230 3027 3284 3073 et
3302 3017 3381 3071 fas
3405 3014 3525 3072 fue-

1917 3122 1988 3175 rit
2013 3120 2183 3175 cuivis
2210 3120 2261 3174 in
2295 3118 2523 3173 alienam
2563 3115 2852 3183 parmeiam
2895 3112 3195 3184 irrumpere
3227 3153 3243 3177 ,
3276 3110 3437 3179 idque
3458 3124 3526 3165 ex

1918 3222 2081 3267 ιειηιω
2106 3208 2402 3264 intervallis
2426 3249 2439 3274 ,
2483 3216 2537 3260 et
2562 3206 2761 3274 ejicere
2786 3219 2921 3274 quos
2948 3204 3181 3258 voluerit
3212 3243 3227 3269 ,
3262 3211 3318 3258 et
3340 3210 3525 3256 aucto-

1917 3307 2078 3361 ritate
2109 3304 2320 3372 pmpria
2347 3314 2575 3371 quznque
2601 3314 2698 3369 pro
2726 3297 2948 3351 libidine
2974 3312 3070 3351 sua
3104 3298 3300 3358 facere,
3329 3295 3526 3350 scitote

1917 3396 2061 3467 quod
2087 3395 2235 3451 brevi
2260 3392 2562 3448 transibunt
2590 3390 2792 3454 omnia,
2822 3399 2877 3443 et
2902 3398 3043 3443 totus
3074 3388 3221 3443 onbis
3251 3395 3527 3465 premetur

1918 3492 2059 3548 bello
2086 3486 2413 3559 inexpiabili,
2445 3485 2698 3542 omnibus
2725 3483 2933 3550 ejectis,
2968 3494 3022 3539 et
3048 3497 3238 3538 omnes
3266 3480 3530 3551 ejicienti-

1919 3587 2035 3641 btts.
2081 3584 2417 3653 Quapropter
2457 3594 2524 3633 ue
2564 3576 2809 3633 confusio
2851 3577 2967 3631 bzec
3010 3592 3225 3631 omnem
3266 3590 3387 3645 quat
3429 3575 3532 3629 sub

1918 3680 2052 3735 c:clo
2076 3687 2163 3733 est
2189 3678 2461 3730 nationem
2492 3672 2745 3736 invadat,
2798 3671 3029 3725 obsecro
3069 3678 3127 3725 ut
3150 3668 3357 3725 scribas
3382 3666 3527 3740 quod

1919 3773 2034 3827 bzcc
2061 3783 2166 3824 tam
2196 3770 2376 3839 inique
2406 3766 2563 3828 facta,
2593 3774 2646 3820 et
2676 3764 2744 3818 ab
2767 3779 2871 3817 una
2906 3748 3079 3817 solum'
3110 3771 3261 3833 parte
3290 3760 3528 3816 absenti-

1919 3865 2020 3919 bus
2048 3862 2222 3927 nobis,
2254 3870 2309 3915 et
2332 3874 2438 3914 non
2468 3855 2861 3913 declinantibus
2882 3854 3165 3925 judicium,
3197 3869 3305 3909 non
3328 3852 3531 3908 habent

1921 3957 2086 4011 robur
2109 3997 2124 4020 ,
2154 3953 2291 4009 sicut
2323 3952 2621 4022 neque'sua
2646 3958 2833 4003 natura
2867 3947 3097 4003 habent:
3128 3947 3206 4001 illi
3230 3956 3408 4001 autem
3435 3946 3529 4015 qui

1921 4048 2059 4102 adeo
2089 4046 2271 4116 inique
2310 4046 2487 4115 egisse
2513 4042 2840 4111 deprehensi
2869 4050 3029 4105 sunt,
3057 4056 3231 4111 pains:
3265 4040 3529 4095 ecclesia-

1922 4142 2175 4195 sticarum
2208 4138 2382 4207 legum
2416 4136 2765 4206 subjaeeant:
2800 4134 2957 4189 nobis
2978 4150 3125 4199 vero,
3149 4134 3239 4206 qui
3274 4148 3374 4189 nec
3400 4147 3533 4187 con-

1922 4233 2046 4288 victi
2078 4275 2092 4297 ,
2127 4247 2225 4286 nec
2255 4229 2524 4299 redarguti
2549 4270 2565 4295 ,
2595 4243 2697 4283 nec
2715 4226 2883 4283 habiti
2914 4237 2970 4281 ut
2998 4227 3074 4282 rei
3106 4240 3293 4281 sumus
3318 4268 3332 4290 ,
3360 4224 3532 4280 literis

1923 4324 2117 4380 ιὀμινίε
2141 4332 2197 4378 et
2224 4324 2449 4377 caritate
2473 4330 2674 4387 vestra,
2708 4320 3045 4389 aliorumque
3066 4320 3307 4373 omnium
3340 4360 3355 4382 ,
3388 4332 3529 4389 quo-

1922 4433 2040 4471 rum
2071 4416 2276 4471 scilicet
2318 4424 2372 4469 et
2409 4422 2567 4469 antea
2600 4414 2856 4468 societate
2887 4410 3200 4466 fruebamur
3228 4453 3243 4477 ,
3273 4408 3377 4464 frui
3402 4424 3535 4464 cou-

1924 4508 2117 4563 cedite.
2139 4507 2195 4561 Si
2218 4514 2395 4559 autem
2418 4504 2711 4558 adversarii
2751 4503 2955 4567 nostri,
2975 4502 3065 4571 qui
3097 4502 3168 4556 ita
3198 4502 3377 4572 inique
3408 4515 3533 4570 ege-

1923 4610 2048 4655 runt
2073 4640 2089 4666 ,
2116 4597 2291 4652 adhuc
2312 4596 2517 4668 fingunt
2535 4595 2758 4649 crimina
2782 4595 3027 4664 quaedam
3058 4602 3280 4664 propter
3298 4609 3417 4664 qua:
3437 4607 3533 4647 una

1926 4694 2127 4763 injuste
2152 4691 2448 4761 eiecerunt.
2470 4704 2576 4743 non
2599 4688 2739 4743 datis
2768 4687 2921 4741 nobis
2944 4690 3100 4754 actis,
3124 4702 3298 4758 neque
3315 4686 3533 4751 libellis,

1926 4801 2099 4856 neque
2146 4782 2501 4838 manifestatis
2545 4780 2947 4835 accusatoribus
2992 4797 3007 4834 :
3048 4780 3091 4833 si
3114 4779 3310 4833 dentur
3325 4777 3537 4848 iudices

1926 4875 2244 4945 incorrupti,
2264 4882 2565 4945 agemus,et
2587 4872 2859 4926 tuebimur
2874 4871 3034 4925 etiam
3052 4886 3150 4924 nos
3168 4869 3395 4924 libenter
3409 4883 3536 4923 cauo

1925 4984 2059 5033 sam,
2094 4964 2617 5033 monstrabimusque
2648 4977 2747 5015 nos
2778 4977 2883 5016 non
2914 4976 3036 5016 esse
3064 4975 3187 5016 reos
3204 4975 3389 5015 eorum
3416 4975 3539 5030 qua:

1926 5060 2079 5116 nobis
2102 5060 2381 5128 objiciunt,
2414 5059 2551 5113 sicut
2567 5066 2621 5112 et
2640 5057 2797 5126 plane
2817 5055 3016 5110 innoxii
3039 5070 3227 5110 sumus
3250 5061 3539 5110 :eteontra

1926 5170 2044 5225 qua:
2070 5154 2138 5207 ab
2166 5155 2294 5223 ipsis
2324 5151 2459 5205 facta
2483 5160 2666 5205 contra
2699 5164 2912 5202 omnem
2943 5157 3069 5201 sunt
3096 5148 3340 5202 ordinem
3361 5187 3374 5210 ,
3401 5161 3536 5200 con-

1928 5258 2005 5302 tra
2026 5261 2217 5303 omnes
2242 5246 2411 5317 leges,
2438 5253 2623 5299 contra
2647 5258 2838 5298 omnes
2861 5241 3255 5297 ecclesiasticos
3276 5254 3536 5295 canones.

1928 5339 2288 5388 iirmaturztria
2333 5338 2450 5399 item
2491 5334 2681 5399 profert
2704 5334 2944 5399 exempla
2982 5335 3191 5397 Cangius
3230 5333 3278 5381 in
3301 5331 3541 5399 Glmsario

1926 5408 2089 5471 amco
2107 5415 2168 5450 ex
2196 5402 2367 5471 pronis
2390 5393 2512 5471 Imp".
2538 5398 2757 5455 Taeticis,
2778 5393 3393 5471 ιιι-[ἠ’δοφῃιξξιιαξτειδοίοιτορ
3418 5393 3542 5471 legi-

1928 5473 2025 5513 tur.
2050 5465 2123 5512 Sie
2148 5464 2296 5512 etiam
2321 5458 2605 5509 Ammianus
2630 5460 2931 5509 Marcellinus
2956 5458 3003 5507 I.’
3019 5460 3095 5509 19.
3138 5460 3336 5508 videtur
3360 5458 3541 5506 Salma-

1926 5528 2029 5575 sius
2045 5524 2459 5588 rampidoctorcm
2484 5520 2650 5588 malle,
2676 5524 2789 5585 quia
2815 5531 2835 5567 \
2853 5524 3050 5588 egetius
3072 5535 3221 5584 supra
3259 5521 3410 5570 allato
3436 5518 3542 5568 loco

1929 5596 1981 5637 et
2000 5590 2049 5635 in
2068 5584 2261 5636 duobus
2284 5584 2825 5647 aliis_t‘.a_tnpidoct0rem
2866 5584 3005 5647 legit.
3034 5591 3213 5647 Ferunt
3238 5589 3410 5631 monet
3431 5589 3531 5631 Ste-

1928 5651 2146 5699 vvechius
2168 5650 2226 5699 ad
2252 5645 2444 5709 singula
2470 5644 2573 5696 loca
2595 5644 3010 5710 (mmpiductorem
3037 5644 3304 5710 legendum
3328 5656 3462 5710 esse,
3490 5652 3542 5694 et

1928 5714 1987 5761 ad
2014 5712 2098 5761 lib.
2129 5720 2197 5770 ill,
2220 5707 2403 5774 capf6,
2421 5710 2571 5774 Aaddit
2595 5712 2665 5759 sic
2692 5707 2738 5757 in
2765 5710 3063 5759 membranis
3086 5707 3276 5774 haberi.
3312 5707 3544 5774 Attalum

1931 5768 2514 5883 gvemplalduo'prmfert
2545 5780 2785 5822 Gruterus
2808 5775 2856 5821 in
2880 5774 3146 5835 Thesauro,
3172 5772 3257 5821 ubi
3296 5768 3543 5833 campido-

1976 5850 2031 5883 Ol'
2073 5851 2152 5883 ΕΠΙ
2178 5850 2236 5883 ιιι·
2480 5849 2487 5853 ’

1926 5846 2031 5888 ctor
2053 5839 2236 5895 legitur
2480 5849 2487 5853 ·

2000 5904 2013 5931 ³
2053 5898 2307 5960 ιιοιιεαὶιις,
2332 5896 2501 5951 clerici
2523 5910 2554 5949 a
2575 5895 2785 5949 clericis.
