4142 6500
655 516 726 570 Et
751 513 879 586 quid
905 512 1026 570 dico
1053 525 1283 569 canones
1308 511 1741 568 ecclesiasticos?
1785 505 1969 584 Neque
1989 511 2043 567 in
2061 510 2234 584 genti-

656 599 786 662 lium
811 605 1042 678 iudiciis,
1064 601 1236 675 neque
1266 605 1318 660 in
1358 604 1701 660 barbarorum
1733 604 2084 661 tribunalibus
2109 604 2233 659 talis

655 703 915 751 sttentata
935 705 1058 750 sunt
1081 709 1364 766 umquam:
1395 695 1503 749 imo
1531 709 1656 749 vero
1683 710 1855 764 neque
1882 692 2116 766 Scythas,
2139 709 2234 749 ne-

655 802 762 857 que
787 787 1113 844 Sauromatae
1127 801 1376 856 umquam
1395 785 1980 856 judicarunt,judicium
1997 785 2232 840 dandum

655 877 750 934 uni
779 876 912 950 parti
933 920 950 946 ,
976 879 1196 934 absente
1212 893 1277 934 ea
1305 893 1426 948 quae
1463 888 1742 934 accusatur
1763 920 1778 943 ,
1808 889 1862 934 et
1900 878 2098 934 vitante
2126 894 2231 934 non

649 971 911 1042 judicium
930 1012 948 1040 ,
975 971 1071 1028 sed
1109 971 1414 1027 inimicitias
1436 1012 1452 1038 ,
1485 980 1542 1027 et
1567 971 1846 1026 invocante
1872 969 2036 1024 multa
2066 970 2230 1024 millia

649 1059 894 1131 judicum
921 1101 940 1128 ,
979 1072 1035 1118 et
1086 1069 1414 1131 protestante
1440 1075 1619 1117 coram
1648 1069 1759 1115 toto
1784 1059 1914 1115 orbe
1938 1059 2234 1114 declaratu-

656 1165 772 1207 ram
815 1167 876 1208 se
905 1168 1009 1207 non
1035 1167 1155 1208 esse
1198 1167 1341 1208 ream
1367 1192 1384 1217 ,
1417 1151 1860 1222 depulsuramque
1896 1151 2120 1206 crimina
2141 1191 2154 1214 ,
2178 1159 2234 1205 et

657 1250 995 1298 ostensurum
1012 1255 1162 1298 suam
1188 1242 1239 1296 in
1256 1241 1502 1297 omnibus
1522 1242 1897 1297 innocentiam.
1925 1241 2050 1296 Haec
2073 1239 2231 1312 igitur

656 1331 838 1386 omnia
855 1347 975 1388 cum
1003 1333 1074 1388 ita
1089 1346 1150 1388 se
1176 1331 1374 1388 habere
1396 1332 1762 1388 intellexeritis
1787 1347 1819 1388 a
1843 1331 2075 1388 dominis
2096 1332 2231 1387 meis

1435 412 1496 456 δ.
1523 395 1802 456 JOANNIS
1837 394 2211 456 CHRYSOST.
2255 396 2569 454 ARClIlEP.
2599 393 3141 458 CONSTANTINOP.

3819 387 3924 446 536

2341 511 2588 583 piissimis
2609 513 2860 571 fratribus
2885 513 3081 570 nostris
3105 513 3400 584 episcopis,
3428 515 3659 572 obsecro
3703 524 3764 573 ut
3788 532 3923 588 prn-

2340 604 2489 658 stetis
2532 602 2584 658 id
2628 602 2772 673 quod
2799 611 2982 674 petent
3019 602 3203 658 officii.
3253 602 3371 671 Quo
3412 620 3518 659 non
3552 607 3727 662 solum
3769 608 3925 664 nobis

2338 693 2783 764 gratiﬁcabimini,
2803 695 2907 750 sed'
2927 703 2982 751 et
3011 694 3371 750 Ecclesiarum
3402 696 3753 756 universitati.
3780 712 3924 751 mer-

2339 783 2633 854 cedemque
2659 785 2927 854 accepturi
2952 786 3082 840 estis
3107 798 3137 838 a
3169 783 3298 848 Deo,
3330 783 3419 854 qui
3475 783 3608 840 nihil
3661 801 3768 841 non
3799 801 3922 856 pro-

2339 886 2459 947 pter
2477 875 2829 931 Ecclesiarum
2856 890 3042 946 pacem
3064 875 3238 931 facere
3256 875 3520 947 dignatur.
3539 876 3764 947 Semper
3784 878 3922 943 vale,

2338 977 2394 1023 et
2419 982 2512 1022 ora
2533 981 2630 1038 pro
2652 982 2759 1034 me,
2776 967 2990 1022 domine
3005 966 3451 1024 reverendissime
3463 977 3518 1023 et
3531 971 3869 1024 sanctissime
3885 973 3902 1002 ⁸

2397 1086 2436 1155 ,ί
2463 1086 2604 1160 Apud
2631 1086 2908 1160 fallsdipm
2945 1085 3154 1160 epistola
3193 1088 3267 1160 sic
3287 1086 3504 1160 desipit:
3535 1099 3734 1160 semper
3767 1089 3929 1152 factu

2351 1146 2742 1260 ﬁgam-2H0:
2778 1146 2925 1198 etiam
2953 1146 3134 1220 scripta
3154 1157 3226 1200 est
3262 1151 3352 1222 ad.
3370 1150 3628 1222 Venerium
3647 1146 3928 1215 episcopum

2537 1214 2700 1282 επιεικει
2719 1208 2785 1278 at!
2808 1210 3140 1282 ρ’πειηεαιωηξ
3161 1213 3397 1282 έρκιιιιω
3413 1213 3928 1282 φικοριιιηιμξτιευ·

2351 1282 2452 1332 que
2476 1268 2739 1339 epistolam
2763 1268 2888 1339 infra
2911 1271 3063 1339 habes
3081 1274 3141 1339 ad
3169 1268 3459 1339 Venerium,
3485 1268 3665 1339 nempe
3690 1275 3929 1325 lediols—

2352 1343 2579 1390 nensem,
2603 1338 2657 1381 et
2677 1332 2737 1382 ad
2758 1332 3091 1385 Chromatium
3111 1335 3505 1399 Aquileiensem.

1444 1515 1894 1590 ῙΝΝΟΟΕΝ
1896 1517 2105 1606 T10,
2163 1514 2674 1589 EPISCOPO
2727 1513 3088 1600 ΒΟΜΕ,

1717 1665 1992 1712 somnus
2034 1669 2100 1712 nt
2141 1666 2388 1713 DOIINO
2430 1664 2720 1710 ελιοτιιι
2765 1644 2876 1726 (a).

1731 1753 2455 1806 -————-°39.

731 1840 934 1914 Corpus
959 1843 1170 1913 quidem
1201 1853 1438 1900 nostrum
1469 1860 1575 1901 uno
1601 1853 1804 1901 tantum
1835 1847 1953 1902 loco
1981 1854 2229 1911 tenetur;

660 1937 896 1992 caritatis
937 1947 1111 1993 autem
1150 1936 1230 1992 ala
1273 1939 1326 1993 in
1361 1940 1614 1995 universo
1654 1939 1785 1994 orbe
1825 1938 2232 1994 circumvolitat.

663 2026 891 2083 Proinde
939 2027 1063 2083 licet
1113 2037 1256 2084 tanta
1308 2029 1512 2084 itineris
1563 2031 1958 2102 intercapedine
2007 2031 2236 2100 separati

659 2119 846 2184 simus,
873 2134 902 2174 a
932 2121 1127 2190 pietate
1153 2130 1327 2176 tamen
1356 2131 1530 2177 vestra
1555 2137 1658 2178 non
1683 2122 1956 2187 absumus,
1988 2122 2080 2178 sed
2105 2137 2237 2193 quo-

663 2209 793 2265 tidie
822 2211 970 2266 vobis
997 2220 1286 2282 praesentes
1329 2226 1515 2267 sumus
1537 2213 1553 2244 ι
1574 2230 1586 2264 :
1610 2213 1842 2268 caritatis
1890 2214 2032 2281 enim
2071 2215 2238 2268 oculis

666 2300 909 2356 videmus
945 2312 1173 2357 vestram
1213 2301 1354 2356 illam
1391 2300 1784 2368 fortitudinem,
1816 2303 2078 2358 sincerum
2105 2303 2235 2358 all‘e-

661 2401 836 2457 ctum,
881 2393 1338 2462 constantiamque
1374 2408 1480 2448 non
1528 2393 1868 2462 mutabilem,
1920 2395 2240 2450 consolatio-

667 2497 898 2554 nemque
928 2484 1067 2540 illam
1097 2500 1372 2557 magnam,
1401 2494 1740 2556 perpetuam,
1772 2496 1930 2557 atque
1956 2487 2199 2544 stabilem
2220 2529 2236 2555 ,

663 2591 822 2645 quam
852 2577 1006 2633 nobis
1030 2577 1249 2633 affertis.
1277 2577 1489 2645 Quanto
1523 2579 1666 2634 enim
1696 2578 1887 2634 fluctus
1913 2581 2242 2636 extolluntur

665 2667 963 2733 sublimius,
989 2677 1043 2724 et
1069 2670 1242 2738 plures
1268 2670 1431 2727 latent
1459 2670 1685 2740 scopuli,
1714 2671 2240 2742 vehementioresque

664 2766 791 2812 sunt
817 2767 1157 2826 tempestates
1174 2802 1188 2823 ,
1221 2770 1369 2817 tanto
1397 2761 1567 2832 magis
1592 2762 1855 2832 vigilantia
1881 2773 2054 2820 vestra
2081 2779 2244 2836 auge-

667 2857 990 2919 turzneque
1035 2866 1129 2906 vos
1173 2860 1316 2906 tanta
1342 2851 1443 2908 via:
1467 2853 1775 2922 prolixitas,
1822 2869 1993 2924 neque
2035 2864 2238 2910 tantum

664 2939 920 3010 temporis
949 2941 1281 2998 intervallum
1311 2984 1326 3009 ,
1368 2957 1542 3014 neque
1578 2958 1755 3000 rerum
1787 2944 2124 3001 difficultates
2151 2962 2238 3002 se-

667 3030 881 3100 gniores
937 3031 1278 3088 reddiderunt
1314 3050 1329 3088 :
1364 3033 1458 3090 sed
1514 3045 1916 3104 perseveranter
1963 3036 2238 3092 imitamini

661 3121 892 3189 optimos
912 3121 1313 3192 gubernatores,
1341 3124 1430 3195 qui
1458 3133 1584 3180 tunc
1613 3126 1843 3180 maxime
1871 3127 2058 3197 vigiles
2085 3136 2237 3194 sunt,

666 3227 786 3267 cum
825 3211 1044 3268 excitari
1084 3213 1305 3280 fluctus,
1349 3230 1496 3271 mare
1534 3216 1887 3273 intumescere
1927 3226 1980 3272 ct
2019 3219 2241 3274 multum

666 3316 920 3372 aquarum
947 3303 1208 3375 fragorem
1233 3347 1247 3369 ,
1279 3306 1847 3378 profundissimamque
1886 3308 2115 3365 interdiu
2148 3325 2244 3365 no-

667 3405 804 3452 ctem
857 3399 1100 3469 ingruere
1153 3400 1356 3456 vident.
1408 3401 1703 3473 Eapropter
1747 3413 1802 3457 et
1845 3405 2044 3474 gratias
2093 3405 2243 3460 vobis

665 3488 922 3545 habemus
950 3492 1162 3558 multas,
1188 3501 1242 3547 et
1267 3491 1634 3548 desideramus
1659 3493 1872 3563 quidem
1901 3495 1966 3549 ad
1996 3511 2089 3550 vos
2113 3497 2243 3552 dare

663 3581 880 3637 crebras
923 3583 1132 3649 literas,
1174 3585 1223 3639 id
1250 3585 1390 3654 quod
1434 3585 1586 3641 nobis
1613 3585 1844 3640 maxime
1873 3585 2005 3642 foret
2032 3589 2243 3644 solatio.

667 3670 862 3728 Verum
890 3675 1010 3744 quia
1055 3674 1206 3730 nobis
1249 3674 1349 3731 hoc
1395 3675 1624 3746 denegat
1669 3675 1899 3731 solitudo
1925 3675 2082 3746 hujus
2107 3679 2242 3744 loci,

669 3783 840 3837 neque
875 3767 1027 3823 facile
1062 3770 1127 3823 ad
1174 3784 1271 3823 nos
1298 3771 1573 3838 pervenire
1600 3769 1808 3834 valent,
1841 3785 1945 3824 non
1975 3770 2133 3825 modo
2153 3773 2242 3841 qui

653 3859 801 3913 .istuc
830 3861 1102 3930 pergunt',
1129 3861 1222 3914 sed
1250 3876 1348 3916 nec
1380 3862 1411 3915 ii
1442 3861 1533 3931 qui
1562 3862 1614 3915 in
1645 3861 1818 3916 vicino
1849 3862 2104 3929 habitant,
2134 3872 2242 3916 tum

665 3952 804 4018 quod
839 3953 992 4022 longe
1030 3953 1220 4018 distet,
1266 3962 1422 4022 atque
1459 3955 1712 4010 extremis
1753 3954 1942 4010 finibus
1971 3954 2119 4010 locus
2147 3957 2245 4010 iste

666 4044 799 4097 situs
829 4045 932 4106 sit,
975 4044 1026 4097 iu
1054 4060 1156 4113 quo
1183 4046 1475 4100 residemus
1494 4085 1508 4108 .
1558 4055 1668 4100 tum
1697 4046 1835 4116 quod
1877 4047 2111 4102 latrones
2135 4048 2248 4102 vias

671 4134 786 4187 illas
812 4135 1047 4202 undique
1082 4135 1397 4190 obsideant:
1424 4151 1699 4206 precamur
1745 4146 1803 4192 ut
1839 4138 2145 4193 diuturnum
2175 4139 2246 4194 si-

672 4225 892 4278 lentium
930 4234 1168 4278 nostrum
1197 4225 1408 4291 efficiat,
1443 4238 1498 4280 ut
1524 4229 1693 4298 magis
1723 4229 1873 4284 nobis
1897 4229 2243 4295 condoleatis,

668 4330 825 4380 quam
874 4324 929 4367 ut
978 4331 1073 4370 nos
1123 4332 1240 4370 reos
1285 4319 1478 4386 putetis
1520 4319 1872 4390 negligentim.
1912 4321 2060 4387 Quod
2105 4322 2245 4376 enim

673 4419 775 4458 nou
811 4420 875 4458 ex
908 4406 1105 4459 incuria
1150 4407 1415 4462 silentium
1446 4418 1619 4464 ortum
1651 4412 1748 4492 sit,
1780 4411 1860 4465 vel
1897 4410 2019 4466 inde
2050 4412 2244 4483 liquet,

671 4494 811 4563 quod
857 4506 974 4562 post
1019 4497 1228 4568 longum
1259 4501 1513 4569 temporis
1551 4503 1778 4571 spatium
1809 4504 2162 4559 venerabilem
2193 4516 2248 4558 et

681 4584 913 4642 lilectum
934 4586 1188 4642 Joannem
1213 4589 1606 4662 presbyterum,
1625 4590 1948 4662 Paulumque
1967 4593 2246 4648 diaconum

674 4680 842 4742 nacti,
877 4687 929 4732 ct
967 4679 1227 4734 scribendi
1259 4691 1312 4736 et
1336 4682 1532 4750 gratias
1558 4681 1707 4736 vobis
1732 4682 1918 4753 agendi
1952 4682 2109 4737 finem
2143 4699 2245 4738 non

671 4766 948 4834 faciamus,
977 4769 1095 4839 quia
1124 4780 1341 4840 paterna
1373 4772 1628 4840 majorem
1654 4787 1777 4844 erga
1804 4789 1902 4828 nos
1927 4775 2244 4830 benevolen-

671 4859 796 4911 tiam
843 4859 1172 4916 declarastis.
1224 4862 1353 4916 Nam
1407 4873 1656 4932 quantum
1716 4865 1768 4918 in
1827 4875 2000 4920 vestra
2058 4868 2248 4935 pietate

733 4971 754 5047 ξ
774 4979 914 5047 time,
939 4973 1065 5047 vobis
1101 4982 1574 5047 praesumamus,
1619 4976 1798 5047 desunt
1841 4978 1890 5027 in
1934 4979 2151 5047 fabris;
2198 4987 2250 5047 et

906 5035 1193 5142 00!:Sll'uillﬂ'
1231 5038 1452 5100 phrasis:
1481 5035 1570 5087 Sed
1593 5039 1802 5100 quotidie
1843 5039 2059 5091 caritatis
2100 5035 2250 5092 oculis

891 5135 905 5142 -
938 5111 966 5142 ε
989 5111 1032 5142 C.

661 5106 676 5140 t
697 5105 905 5154 tactum,
938 5105 1032 5146 etc.

737 5156 930 5226 {iusta
954 5164 1232 5226 Frontonem
1273 5167 1492 5226 pucmum
1538 5159 1800 5226 legendum
1848 5169 1942 5222 est,
1968 5162 2051 5226 qui
2073 5162 2249 5215 isthinc

657 5214 874 5283 tentant.
893 5220 1118 5283 equidem
1143 5223 1218 5268 vix
1246 5221 1386 5270 aliter
1409 5214 1882 5283 sensus'quadraret.

730 5275 806 5338 (ιι)
837 5275 1133 5349 CollataAgtm
1149 5283 1348 5340 ηδε-ιο..
1367 5284 1510 5332 \‘atic.
1528 5288 1579 5333 et
1598 5275 1742 5346 Regio
1757 5297 1854 5333 uno
1871 5300 1885 5342 ;
1908 5287 2082 5349 scripta
2098 5299 2243 5347 anno,

665 5347 724 5391 ut
750 5339 1083 5406 putatur,l06.

2458 1765 2870 1783 μ

2339 1846 2500 1901 situm
2548 1843 2681 1908 fuit,
2707 1842 2816 1913 jam
2859 1855 2948 1897 res
2990 1853 3178 1895 omnes
3217 1837 3417 1894 sedata
3445 1846 3500 1894 et
3529 1837 3845 1901 emendatae,
3876 1845 3934 1894 et

2344 1936 2550 1992 sublata
2597 1933 2774 1990 omnia
2819 1931 3067 1987 scandala
3115 1929 3359 1995 fuissent,
3391 1929 3789 2000 gauderentque
3831 1926 3939 1982 Ec-

2344 2031 2523 2086 clesia:
2565 2027 2846 2098 tranquilla
2893 2035 2948 2080 et
2991 2025 3201 2079 sincera
3248 2037 3378 2093 pace
3410 2039 3423 2075 :
3454 2031 3511 2078 et
3549 2031 3731 2078 essent
3773 2020 3938 2092 plane

2343 2119 2576 2178 secunda
2612 2120 2788 2175 omnia
2809 2160 2824 2184 ,
2865 2132 2928 2172 ac
2963 2124 3285 2185 contempta:
3320 2113 3465 2184 leges
3496 2114 3816 2184 violataque
3842 2127 3939 2182 pa-

2345 2223 2485 2268 trum
2532 2209 2940 2267 constitutiones
2989 2205 3269 2261 vindicatzn
3317 2204 3513 2260 forent.
3563 2206 3632 2258 At
3678 2206 3934 2274 quoniam

2346 2309 2518 2378 reipsa
2565 2306 2694 2360 nihil
2725 2306 2826 2360 tale
2851 2303 3108 2374 contigit,
3141 2317 3262 2357 cum
3299 2303 3336 2357 ii
3364 2305 3452 2373 qul
3485 2303 3658 2373 priora
3699 2303 3938 2374 aggressi

2345 2407 2502 2462 sunt,
2538 2397 2690 2452 novis
2712 2410 2773 2449 ea
2807 2395 3098 2451 sceleribus
3126 2393 3400 2449 cumulare
3424 2391 3785 2448 contendant:
3811 2393 3941 2448 nolo

2349 2487 2844 2561 cquidemgomnis,
2876 2500 2999 2556 quas
3040 2485 3252 2539 interim
3278 2492 3426 2556 gesta
3466 2494 3618 2548 sunt,
3666 2484 3939 2555 sigillatim

2349 2592 2668 2643 recensere,
2710 2575 3138 2647 quandoquidem
3178 2591 3286 2630 non
3323 2575 3496 2630 solum
3533 2575 3811 2646 epistolas,
3843 2575 3940 2631 sed

2347 2679 2401 2725 et
2430 2669 2664 2724 historiae
2692 2668 2907 2723 modum
2937 2667 3334 2722 transcenderet
3364 2666 3627 2731 narratio;
3679 2676 3937 2722 caeterum

2348 2771 2578 2816 vestram
2609 2775 2705 2815 oro
2724 2757 3071 2830 vigilantiam,
3096 2769 3155 2812 ut
3176 2757 3301 2813 licet
3321 2758 3393 2811 illi
3420 2759 3596 2812 omnia
3624 2756 3942 2812 tumultibus

2350 2851 2717 2921 impleverim,
2763 2849 3229 2920 laborsverintque
3275 2849 3476 2904 morbis
3523 2850 3941 2916 incurabilibus,

2346 2953 2401 2997 et
2427 2941 2752 3014 panitentia:
2775 2955 2880 2995 non
2897 2939 3202 3009 capacibus,
3221 2955 3342 2994 cum
3371 2951 3547 2994 tamen
3573 2955 3764 2994 curare
3789 2954 3939 2995 mor-

2349 3034 2444 3088 hos
2466 3034 2675 3088 illorum
2697 3032 3008 3092 statueritis.
3041 3031 3198 3084 malis
3219 3046 3286 3086 ne
3304 3030 3527 3096 cedatis,
3551 3046 3683 3086 neve
3702 3032 3940 3086 animum

2347 3124 2725 3193 despondeatis
2745 3165 2760 3189 ,
2790 3122 3124 3178 considerata
3155 3122 3289 3176 tanti
3330 3123 3510 3192 operis
3552 3123 3940 3193 magnitudine.

2348 3217 2628 3271 Certamen
2672 3215 2814 3270 enim
2862 3214 2992 3269 illud
3039 3213 3207 3270 ferme
3249 3229 3348 3286 pro
3393 3223 3504 3268 toto
3547 3215 3680 3269 orbe
3707 3224 3810 3281 est,
3844 3229 3943 3283 pro

2352 3308 2606 3365 Ecclesiis
2643 3307 2864 3378 dejectis
2902 3317 3060 3376 atque
3098 3307 3413 3376 prostratis,
3463 3322 3561 3376 pro
3590 3308 3804 3378 populis
3829 3308 3942 3362 dis-

2351 3403 2552 3472 persis.
2599 3415 2696 3471 pro
2722 3400 2866 3456 clero
2894 3399 3174 3464 divexato,
3207 3413 3306 3468 pro
3333 3399 3599 3469 episcOpis
3627 3400 3900 3455 exsulibus
3923 3443 3940 3466 ,

2350 3512 2446 3566 pro
2461 3492 2926 3550 constitutionibus
2945 3501 3152 3561 patrum
3176 3491 3405 3546 violatis.
3432 3492 3499 3546 Et
3521 3492 3722 3547 idcirco
3746 3495 3942 3549 iterum

2349 3601 2506 3656 atque
2537 3587 2750 3651 iterum,
2779 3593 2833 3639 et
2853 3585 3047 3654 saepius
3068 3593 3301 3638 vestram
3329 3599 3548 3639 oramus
3575 3586 3906 3655 diligentiam
3924 3631 3940 3654 ,

2349 3691 2407 3733 ut
2433 3689 2630 3750 quanto
2660 3677 2830 3748 major
2858 3687 2940 3732 est
2969 3685 3274 3745 tempestas,
3303 3687 3451 3730 tanto
3480 3680 3650 3747 majus
3677 3680 3942 3735 adhibea-

2351 3783 2435 3826 tur
2473 3771 2726 3826 studium.
2769 3769 3161 3840 EXSpectemus
3203 3769 3418 3839 quidem
3452 3768 3708 3834 futurum,
3755 3782 3812 3826 ut
3854 3788 3945 3828 res

2349 3865 2620 3933 aliquanto
2662 3863 2888 3932 amplius
2937 3862 3288 3931 corrigantur.
3317 3860 3468 3926 Quod
3515 3862 3560 3915 si
3609 3863 3786 3917 minus
3819 3863 3942 3931 fiet,

2350 3973 2448 4011 vos
2491 3965 2719 4009 vestram
2767 3969 3018 4009 coronam
3066 3963 3303 4022 paratam
3353 3953 3489 4021 apud
3539 3955 3944 4012 misericordem

2353 4049 2516 4102 [leum
2560 4045 2766 4099 habetis
2789 4063 2802 4098 :
2825 4054 2880 4098 et
2910 4043 2984 4107 lii,
3018 4045 3105 4112 qui
3139 4044 3326 4112 injuria
3371 4044 3710 4110 afficiuntur,
3743 4063 3942 4104 conso-

2351 4137 2601 4191 lationem
2652 4151 2714 4190 ex
2771 4133 2984 4189 fervore
3038 4135 3273 4188 caritatis
3322 4147 3512 4190 vestrae
3559 4151 3664 4190 non
3719 4154 3942 4208 parvam

2351 4229 2615 4299 accipient
2638 4245 2652 4281 :
2674 4243 2794 4281 nam
2827 4235 2884 4282 et
2907 4243 3006 4282 nos
3033 4227 3246 4282 tertium
3278 4243 3418 4283 nunc
3444 4243 3646 4284 annum
3672 4232 3724 4284 iu
3751 4233 3936 4290 exsilis

2351 4327 2650 4384 versantes,
2684 4320 2734 4373 iu
2766 4318 2925 4382 fame,
2962 4326 3129 4387 peste,
3164 4317 3324 4384 bello,
3354 4320 3620 4374 continuis
3647 4320 3947 4378 obsidioni-

2355 4411 2474 4476 bus,
2502 4410 2788 4464 solitudine
2811 4408 3132 4475 incredibili,
3157 4410 3462 4480 quotidiana
3491 4421 3686 4476 morte,
3715 4421 3772 4468 et
3797 4412 3949 4470 Isau-

2353 4503 2479 4556 ricis
2507 4502 2726 4570 gladiis,
2767 4515 2872 4555 non
2912 4499 3252 4556 mediocriter
3279 4501 3624 4556 consolantur
3650 4503 3862 4559 stabilis
3891 4514 3950 4561 et

2354 4601 2604 4647 constans
2629 4601 2808 4646 vester
2831 4591 3053 4645 affectus
3079 4606 3141 4646 ac
3171 4590 3361 4646 fiducia
3388 4633 3404 4658 ,
3437 4593 3769 4662 mirificeque
3795 4596 3949 4653 oble-

2351 4694 2524 4738 ctatur
2556 4682 2792 4738 benefica
2821 4691 2878 4737 et
2905 4684 3112 4738 sincera
3153 4692 3328 4738 vestra
3369 4685 3586 4740 caritas.
3634 4685 3730 4740 Hic
3757 4698 3948 4744 noster

2355 4791 2538 4829 murus
2560 4817 2573 4836 .
2607 4775 2722 4830 haec
2749 4775 3035 4839 securitas.
3065 4774 3152 4829 hic
3194 4786 3377 4844 portus
3424 4776 3626 4846 absque
3653 4777 3906 4836 fluctibus
3926 4822 3945 4850 ,

2355 4869 2439 4922 hic
2479 4870 2875 4920 innumerorum
2921 4866 3177 4922 bonorum
3222 4866 3529 4932 thesaurus,
3585 4869 3700 4923 haec
3745 4870 3952 4929 latitia

2356 4957 2702 5022 mirificaique
2746 4956 3030 5025 voluptatis
3076 4971 3233 5010 causa
3275 4967 3378 5012 est.
3424 4958 3535 5012 Etsi
3565 4958 3619 5014 in
3650 4958 3946 5016 desolatio-

2356 5065 2491 5114 rem,
2525 5062 2684 5116 quam
2731 5047 2802 5101 sit
2843 5047 2979 5110 iste,
3025 5047 3200 5102 locum
3245 5049 3433 5102 iterum
3475 5049 3789 5119 abigemur,
3836 5067 3946 5110 non

2354 5154 2571 5211 parvam
2609 5138 2728 5191 hinc
2754 5136 3010 5194 habentes
3039 5149 3340 5194 nostrarum
3373 5138 3726 5196 afflictionum
3751 5155 3945 5198 conso-

2355 5232 2606 5288 lationem
2644 5230 2869 5286 abimus.

2070 5616 2506 5697 ...φθαρη-
