4142 6504
198 463 281 522 ⁵η
1644 426 1834 490 εριετ

1874 425 2027 488 ιιι.
3408 413 3510 473 54⁵3

192 581 264 626 ιω
287 563 588 634 :integrnm
615 553 1255 627 nempeessedebucrat,
1285 560 1464 634 neque
1489 541 1782 615 quidquam
1890 537 2053 596 tidem
2093 536 2385 634 schismata
2426 538 2482 594 in
2527 537 2802 595 diversum
2841 535 3135 595 dissociata
3167 535 3512 596 dilacereut?

192 651 404 717 novari,
432 628 564 702 dum
589 641 840 700 deﬁnitio
889 638 1186 696 deliberata
1221 631 1542 706 procederet
1593 645 1607 682 :
1655 641 1779 684 cum
1893 644 2055 702 quam
2098 637 2157 686 ut
2202 628 2441 688 bmreses
2479 631 2847 688 communioni
2896 647 3114 703 semper
3155 630 3389 689 inimicae
3443 647 3514 688 ex

192 745 382 801 ίηωηι
427 735 628 794 mirum
679 729 952 805 quoddam
1009 724 1371 800 pncipitium
1422 719 1788 778 festinationis
1899 732 2047 778 tanta
2076 737 2259 778 rerum
2290 724 2551 780 varietate
2577 725 2913 782 nascantur?
2952 734 3010 782 ut
3034 725 3148 797 jam
3172 726 3373 798 populo
3403 741 3512 782 non

187 832 411 897 exarsit,
437 835 499 883 ut
545 841 656 882 non
706 821 1033 895 exspectatis
1075 819 1246 875 literis
1285 813 1652 879 sacerdotum,
1696 809 1790 880 qui
1897 813 2094 870 debeat
2123 814 2396 886 imputari,
2423 815 2469 870 si
2496 814 2636 872 forte
2654 817 2708 871 In
2731 815 2978 873 dissonas
3024 826 3206 888 partes
3237 826 3514 876 sectarum

188 923 384 980 luci-ant
436 926 626 980 mutua
707 915 936 987 partium
1004 910 1272 982 legatione
1343 903 1624 971 consulti,
1679 916 1793 959 non
1897 903 2213 962 diversitate
2233 904 2479 962 discedat
2511 923 2527 963 :
2556 920 2680 962 cum
2708 921 2775 964 ex
2805 909 3129 966 auctoritate
3160 909 3373 980 publica
3394 909 3511 967 dis-

196 1010 504 1071 eaaminatis
531 1007 721 1077 rebus,
753 1002 807 1063 in
842 1004 1092 1064 exsilmm
1127 999 1472 1059 traderentur
1499 995 1789 1059 antistites.
1899 997 2207 1058 cordiarum
2240 999 2497 1057 materies
2542 1001 2614 1057 sit
2657 1002 2958 1072 przemissa.
2995 1011 3052 1060 et
3089 1001 3266 1062 fomes
3288 1004 3514 1077 quidam
3616 1053 3637 1074 ,

191 1102 632 1162 animadversioni
681 1101 832 1172 prius
901 1095 1122 1164 addicti,
1149 1110 1309 1167 quam
1338 1090 1662 1150 sententiam
1699 1089 1792 1160 ju-
1906 1089 2210 1148 nutriendae
2245 1090 2528 1149 seditionis
2552 1093 2843 1149 animatus.
2891 1095 3149 1164 Quodne
3176 1097 3228 1152 in
3260 1113 3511 1171 magnam

189 1196 305 1254 dicii
377 1191 701 1266 episcOpalis
745 1190 976 1262 experti.
1027 1187 1274 1258 Denique
1297 1199 1458 1256 quam
1509 1183 1794 1240 immatura
1902 1180 2138 1253 aliquam
2167 1183 2385 1255 generis
2412 1183 2636 1242 humani
2673 1185 2970 1256 perniciem
2993 1189 3359 1259 recrudescat,
3388 1201 3515 1248 vota

191 1291 272 1347 illa
336 1286 615 1344 damnatio
667 1283 869 1352 fuerit,
936 1294 1028 1339 res
1095 1277 1363 1352 probavit.
1416 1273 1658 1346 Namque
1705 1272 1786 1341 ii,

1905 1273 2149 1333 facienda
2195 1286 2344 1343 sunt,
2387 1285 2447 1335 ut
2483 1277 2554 1335 ad
2581 1278 2850 1337 humanas
2890 1281 3266 1354 prolapsiones
3301 1286 3515 1356 patiens

191 1397 409 1458 quorum
461 1378 875 1452 exspectabatur
927 1373 1248 1439 auctoritas,
1327 1367 1551 1441 paciﬁca
1599 1366 1793 1424 Joanni
1903 1366 2048 1423 Deus
2076 1382 2190 1425 rem
2234 1369 2376 1426 male
2401 1379 2611 1442 gestam
2654 1382 2935 1442 prosperet
2958 1387 3021 1430 ac
3057 1376 3337 1434 secundet.
3377 1377 3515 1435 Nam

194 1480 438 1551 episeopo
453 1473 840 1533 communione
866 1467 1168 1543 prsmissa,
1194 1461 1543 1523 sanciendam
1560 1474 1789 1518 concor-
1906 1469 2166 1532 quantum
2193 1463 2246 1520 in
2281 1463 2439 1521 nobis
2467 1473 2571 1534 est,
2597 1479 2886 1536 possumus
2911 1468 3104 1526 timere
3127 1471 3274 1541 quod
3301 1479 3514 1542 gestum

192 1573 325 1630 diam
343 1577 696 1636 censuerunt,
717 1581 816 1624 nec
845 1576 1170 1637 quemquam
1217 1565 1472 1631 putarint
1493 1563 1623 1614 ante
1643 1553 1792 1626 judi-
1906 1561 1992 1610 est
2024 1572 2037 1610 :
2065 1565 2325 1626 quantum
2348 1557 2418 1614 ad
2445 1558 2700 1630 pietatem
2721 1574 2940 1633 semper
2961 1563 3240 1634 placabilis
3263 1565 3382 1636 Dei,
3403 1581 3514 1624 non

192 1665 327 1724 tium
353 1661 630 1721 consortio
672 1657 1065 1733 repellendum.
1911 1644 2014 1702 erit
2039 1649 2220 1706 meriti
2242 1649 2535 1722 impunitas
2563 1651 2790 1724 indulta,
2819 1654 2915 1712 sed
2946 1657 3136 1713 venia.

269 1756 413 1832 Quid
458 1768 605 1816 nunc
646 1751 792 1814 aliud
834 1754 1112 1823 superest,
1149 1760 1312 1818 quam
1365 1753 1422 1800 ut
1458 1739 1798 1800 Catholicam
