4142 6526
496 664 1421 688 _______________

1392 967 1543 1055 AD
1632 947 2342 1070 EPISCOPOS,

691 1351 1130 1403 PRESBYTBROS
1167 1350 1247 1394 ΕΤ
1290 1343 1605 1391 DIACONOS
1657 1344 1740 1390 OB
1792 1338 1841 1383 Pl

1962 1337 2115 1382 trust
2169 1335 2233 1378 tu
2280 1332 2572 1378 CARCERE
2618 1328 2919 1376 iaetusos
2950 1300 3053 1390 (η).

285 1860 435 1917 Beati
455 1870 557 1915 vos
581 1857 654 1914 ob
678 1865 973 1917 carcerem,
1000 1849 1071 1905 ob
1108 1856 1348 1916 catenas,
1377 1846 1448 1902 ob
1476 1844 1668 1917 injecta
1694 1848 1819 1901 vin—

1841 1572 1918 1585 ..-

1942 1850 2104 1921 longe
2124 1849 2405 1907 acerbiora
2422 1845 2642 1904 tulistis.
2662 1845 2780 1901 Non
2807 1846 2952 1901 enim
2974 1844 3116 1902 idem
3143 1854 3224 1902 est
3247 1845 3395 1903 brevi
3420 1856 3557 1905 tem-

218 1956 340 2011 cuia
369 1971 384 2009 :
408 1952 579 2018 beati,
607 1950 845 2020 inquam,
872 1952 928 2001 et
952 1952 1037 1999 ter
1060 1940 1227 2009 beati,
1260 1940 1369 1995 imo
1390 1939 1608 2011 smpius.
1624 1938 1824 1996 Totum
1939 1945 2089 2017 poris
2112 1954 2389 2000 momento
2408 1951 2569 2013 caput
2594 1940 2866 2005 amittere,
2898 1947 2954 1995 et
2981 1947 3131 1996 tanto
3166 1948 3410 2012 tempore
3429 1956 3555 1999 cum

216 2048 405 2104 urbem
431 2044 592 2101 vobis
615 2037 944 2097 eouciliastis
974 2054 989 2091 :
1020 2036 1183 2092 etiam
1229 2033 1389 2105 longe
1412 2032 1666 2090 absentes
1690 2033 1827 2088 ami-

215 2154 313 2196 cos
336 2136 497 2194 vobis
514 2135 737 2192 fecistis.
766 2131 976 2202 Ubique
1004 2137 1271 2185 terrarum
1297 2135 1353 2182 et
1373 2125 1599 2182 marium
1618 2140 1827 2182 canun-

222 2241 307 2287 tur
334 2240 519 2287 vestra
541 2225 807 2300 praeclara
821 2222 1079 2288 facinora,
1111 2218 1394 2286 fortitudo,
1418 2228 1673 2276 constans
1698 2234 1828 2275 sen-

224 2324 414 2391 tentia,
440 2322 764 2391 animusque
783 2314 1007 2372 minime
1036 2312 1270 2369 servilis.
1294 2311 1458 2378 Nihil,
1486 2313 1830 2381 quantumvis

220 2431 387 2487 grave
415 2412 681 2477 videatur,
709 2424 810 2466 vos
834 2406 1098 2465 deterruit
1126 2423 1140 2461 :
1163 2420 1272 2461 non
1301 2403 1559 2471 tribunal,
1584 2419 1691 2460 non
1713 2419 1831 2461 car-

221 2508 393 2575 nifex,
419 2520 527 2561 non
562 2511 955 2561 tormentorum
976 2498 1151 2555 multa
1162 2511 1383 2569 genera,
1410 2511 1515 2552 non
1533 2497 1694 2552 mina:
1711 2512 1832 2568 quae

218 2601 539 2656 innumeras
578 2604 781 2651 mortes
798 2591 1117 2648 nuntiabant
1148 2607 1161 2645 :
1191 2605 1296 2645 non
1310 2586 1496 2661 judex,
1533 2588 1623 2659 qui
1655 2590 1831 2659 ignem

223 2692 293 2748 ab
322 2705 421 2748 ore
447 2688 708 2761 spirabat,
737 2700 844 2742 non
876 2682 1190 2746 adversarii,
1222 2682 1315 2753 qui
1360 2679 1678 2737 frendebant
1698 2680 1831 2736 den-

220 2784 391 2850 tibus,
419 2792 477 2838 et
500 2782 810 2837 innumeras
837 2776 1060 2833 insidias
1088 2774 1391 2842 struebant,
1426 2788 1533 2829 non
1562 2783 1724 2829 tantae
1746 2787 1835 2829 ca-

222 2875 471 2941 lumnia,
498 2888 609 2929 non
631 2868 1110 2943 impudentissima:
1134 2866 1525 2934 accusationes,
1553 2880 1660 2921 non
1687 2880 1835 2922 mors

223 2978 354 3026 ante
380 2966 575 3023 oculos
603 2964 842 3036 quotidie
869 2961 1165 3033 preposita,
1197 2959 1293 3016 sed
1339 2960 1453 3016 haec
1476 2960 1657 3014 omnia
1683 2958 1836 3015 vobis

225 3060 455 3118 uberem
484 3058 663 3129 potius
685 3071 749 3113 ac
768 3054 1126 3112 sufficientem
1150 3052 1535 3109 consolationis
1553 3052 1832 3107 materiam

223 3155 558 3227 praestitere.
603 3152 671 3208 Et
709 3150 911 3207 idcirco
948 3164 1044 3205 vos
1074 3156 1128 3204 et
1168 3155 1431 3202 coronant
1463 3155 1516 3200 et
1545 3146 1840 3217 praedicant

223 3262 442 3313 omnes,
468 3258 577 3302 non
604 3243 762 3299 amici
790 3242 986 3309 solum,
1019 3239 1112 3297 sed
1140 3248 1194 3296 et
1223 3238 1424 3294 inimici
1470 3239 1570 3309 ipsi
1600 3239 1691 3309 qui
1724 3241 1838 3296 haec

224 3340 559 3403 elecerunt;
589 3336 690 3392 etsi
714 3350 821 3390 non
863 3333 1059 3404 palam,
1087 3331 1183 3388 sed
1210 3331 1253 3386 si
1285 3330 1406 3401 quis
1452 3330 1506 3385 in
1531 3346 1717 3386 eorum
1752 3332 1859 3387 in-°

230 3430 517 3502 trospiciat
534 3427 945 3491 conscientiam,
970 3424 1091 3480 illos
1112 3424 1273 3480 etiam
1297 3422 1461 3477 vestri
1482 3422 1839 3479 adlttit‘aliuttc

227 3524 409 3581 teneri
437 3520 829 3592 deprehendet.
860 3519 1004 3575 Talis
1030 3518 1173 3573 enim
1200 3532 1286 3573 res
1310 3527 1390 3573 est
1412 3517 1600 3583 virtus,
1622 3524 1678 3571 ut
1695 3518 1837 3572 illam

227 3618 401 3673 etiam
450 3615 851 3685 impugnatores
894 3611 1009 3682 ejus
1048 3609 1413 3673 admirentur;
1466 3609 1586 3663 talis
1628 3624 1713 3663 res
1759 3620 1840 3665 est

233 3709 466 3775 malitia,
511 3708 755 3763 utetiam
789 3706 823 3761 ii
849 3705 941 3776 qui
989 3720 1107 3759 eam
1139 3711 1429 3773 Operantur
1456 3703 1835 3758 condemnent.

234 3803 309 3859 Et
336 3803 408 3857 ita
436 3802 487 3855 in
518 3798 617 3855 liae
641 3800 749 3854 vita
794 3813 881 3852 res
915 3807 1108 3851 vestra:
1138 3810 1197 3851 se
1228 3794 1425 3849 habent
1455 3812 1467 3848 :
1500 3811 1619 3865 qua)
1661 3806 1838 3851 autem

230 3898 289 3953 'ru
321 3894 473 3952 caelis
499 3893 653 3956 fiunt,
684 3892 802 3963 quis
828 3906 1008 3946 sermo
1033 3890 1191 3960 digne
1222 3888 1551 3959 explicabit?
1576 3887 1834 3960 inscripta

232 3998 367 4045 sunt
398 3988 613 4044 nomina
640 3995 815 4041 vestra
848 3986 900 4041 in
950 3984 1088 4039 libro
1112 3984 1233 4037 vitm
1267 4001 1279 4037 :
1308 3998 1428 4037 cum
1459 3984 1658 4039 sanctis
1701 3998 1843 4038 mar-

234 4081 451 4154 tyribus
478 4076 849 4135 connumerati
892 4075 1043 4130 estis.
1094 4075 1214 4129 Scio
1259 4074 1371 4128 haec
1398 4090 1498 4146 ego
1536 4085 1704 4143 certo,
1736 4090 1841 4129 non

231 4174 384 4248 quod
416 4174 466 4228 in
498 4172 687 4227 caelum
717 4169 1159 4229 transcenderim,
1209 4169 1299 4221 sed
1333 4184 1363 4223 c
1392 4167 1583 4223 divinis
1614 4168 1845 4223 oraculis

235 4268 428 4325 didici.
454 4267 583 4323 Nam
609 4265 655 4320 si
684 4266 921 4321 Joannes
949 4264 1036 4319 ille
1080 4262 1380 4318 infccundm
1410 4261 1634 4329 fructus,
1667 4272 1721 4317 et
1748 4263 1842 4317 dc-

236 4365 376 4419 sertl
412 4360 565 4423 civis,
595 4374 716 4413 cum
748 4357 1085 4427 illegitimum
1128 4354 1348 4410 vidisset
1388 4353 1615 4410 Herodis
1658 4356 1847 4424 conju-

235 4454 413 4526 gium,
458 4466 580 4507 cum
617 4449 1111 4521 prmvaricationtm
1167 4447 1438 4518 corrigere
1481 4462 1586 4502 non
1640 4456 1843 4516 posset,

240 4548 427 4620 arguit
452 4556 650 4611 tamen,
687 4555 739 4600 et
767 4553 1048 4615 propterea
1080 4544 1132 4597 in
1164 4557 1437 4598 carcerem
1474 4542 1770 4612 coniectus,
1796 4551 1849 4597 ct

242 4639 548 4698 decollatus
568 4640 583 4669 ¹
606 4681 620 4705 ,
649 4646 873 4707 martyr,
906 4646 960 4691 et
1003 4646 1301 4707 martyrum
1346 4635 1548 4705 primus
1580 4635 1676 4691 fuit
1708 4653 1720 4689 :
1753 4652 1848 4691 vos

239 4733 339 4805 qui
368 4731 573 4803 legibus
600 4739 655 4787 et
678 4728 1150 4785 constitutionibus
1168 4738 1397 4799 patrum,
1421 4743 1553 4798 quas
1584 4738 1850 4799 transgreo

242 4827 470 4883 diuntur
493 4824 676 4895 aliqui,
705 4832 761 4878 et
787 4822 1108 4889 sacerdotio,
1138 4822 1277 4892 quod
1304 4822 1559 4876 invadunt
1585 4831 1638 4877 et
1662 4832 1851 4877 conta-

246 4919 484 4983 minant,
509 4915 939 4987 patrocinainini,
964 4925 1163 4970 etcum
1194 4923 1411 4985 propter
1437 4916 1715 4970 veritatem
1740 4915 1853 4969 luce

247 5009 518 5081 patimini,
552 5016 660 5064 tum
684 5017 739 5063 ut
763 5018 977 5064 cessent
1005 5007 1343 5079 impudentes
1378 5008 1681 5074 calumnim,
1710 5010 1853 5079 cogi-

250 5114 363 5159 tate
395 5102 605 5175 qualem
637 5102 908 5174 accepturi
948 5102 1064 5157 sitis
1102 5100 1425 5157 mercedem.
1458 5100 1579 5156 Non
1621 5104 1733 5156 licet
1766 5104 1853 5156 ubi

251 5196 439 5250 habere
460 5211 670 5248 uxorem
696 5193 927 5265 Philippi
952 5194 1130 5264 fratris
1156 5195 1229 5247 tui
1251 5193 1464 5264 (Matth.
1501 5195 1588 5249 14.
1620 5196 1698 5265 4),
1724 5196 1856 5251 dixit

253 5287 413 5344 fortis
439 5295 493 5343 et
520 5287 766 5342 sublimis
794 5288 904 5351 ille,
938 5286 1175 5356 satisque
1199 5287 1246 5340 ci
1275 5285 1453 5341 fuitad
1479 5287 1744 5357 ingentem
1768 5304 1853 5340 ar-

247 5380 448 5454 guendi
476 5378 797 5435 libertatem.
833 5374 940 5430 Vos
965 5390 1179 5445 quoque
1210 5374 1445 5437 dixistis,
1488 5376 1565 5430 En
1610 5381 1850 5448 exposita

250 5484 385 5532 sunt
408 5472 569 5529 etiam
600 5477 781 5525 nostra
806 5482 1029 5537 corpora
1058 5466 1252 5535 pinnis,
1285 5467 1577 5537 suppliciis,
1610 5478 1846 5527 tormen.

244 5571 317 5626 tis
355 5585 369 5621 :
404 5566 650 5631 absume,
674 5562 879 5617 confice
901 5562 1001 5616 ista
1028 5560 1221 5627 quibus
1245 5562 1393 5616 voles
1414 5564 1691 5634 suppliciis
1725 5585 1737 5619 :
1762 5575 1827 5621 ad

246 5662 378 5717 duci
406 5672 512 5714 nou
542 5668 829 5727 possumus
852 5662 907 5707 ut
927 5653 1340 5720 calumnicinur,
1369 5654 1462 5708 sed
1493 5656 1687 5712 millies
1715 5661 1849 5714 mori

258 5752 413 5809 uobis
439 5750 610 5808 satius
654 5758 753 5803 cSt.
790 5748 858 5801 At
903 5748 1077 5816 capite
1120 5748 1348 5801 truncati
1390 5764 1495 5803 non
1540 5751 1712 5805 estis:
1749 5753 1854 5806 iniu

322 5884 338 5915 ⁸
377 5883 450 5931 Sic
472 5884 583 5927 Ilss.
608 5884 798 5923 omnes.
828 5879 875 5920 In
894 5870 1054 5924 mittis.
1080 5875 1125 5919 ct
1150 5868 1432 5928 decollatus,
1458 5868 1621 5919 deest.

317 5944 392 6007 (ιι)
424 5938 606 5993 collata
630 5948 741 5986 cum
766 5937 905 6007 sane.
928 5973 939 5991 ,
985 5934 1185 5997 t'ulu'ic,
1220 5932 1409 5983 (zeisliu.
1459 5941 1508 5983 ct
1557 5941 1703 5996 tzcgtn
1730 5944 1852 5979 uno:

257 5996 432 6073 νξέλιὶιι
459 6011 634 6057 autem
655 6010 781 6049 anno
805 5996 911 6047 401.

1944 2038 2144 2095 talibus
2174 2037 2363 2093 luctari
2392 2034 2690 2102 doloribus,
2739 2033 3058 2103 terroribus,
3099 2034 3283 2100 minis,
3310 2040 3551 2091 careeri-

1945 2133 2070 2200 bus,
2098 2129 2516 2187 abductionihus
2542 2128 2610 2184 ad
2654 2118 3257 2194 tribunal,‘carnificum
3285 2130 3559 2195 manibus,

1945 2224 2402 2298 sycophantarum
2449 2221 2931 2293 impudentissimis
2982 2221 3210 2294 linguis,
3262 2224 3559 2292 conviciis,

1945 2321 2151 2378 salibus
2178 2330 2233 2376 et
2261 2317 2662 2375 dieacitatibus.
2692 2316 2828 2373 Nam
2850 2324 2905 2372 et
2933 2315 3038 2372 hoc
3062 2316 3357 2372 niaximum
3383 2327 3563 2373 certa-

1950 2411 2113 2467 minis
2141 2423 2334 2483 genus,
2358 2409 2684 2481 poniturqne
2712 2421 2741 2462 a
2772 2406 2931 2463 beato
2960 2406 3129 2463 Paulo
3160 2405 3213 2463 in
3243 2422 3563 2479 magnorum

1948 2505 2303 2562 certaminum
2320 2502 2532 2570 ordine,
2559 2516 2681 2557 cum
2709 2500 2789 2556 sic
2814 2500 2887 2555 ait
2911 2518 2925 2556 :
2945 2498 3311 2554 Recordamini
3330 2500 3438 2557 dies
3459 2504 3568 2572 pri-

1947 2599 2129 2666 stinos,
2157 2598 2211 2651 in
2234 2597 2414 2668 quibus
2437 2596 2733 2661 illuminati,
2762 2594 2943 2666 ingens
2965 2604 3218 2650 certamen
3237 2595 3567 2666 uﬂlictionum

1948 2690 2261 2746 sustinuistis
2294 2688 2479 2761 (Hebr.
2512 2688 2599 2744 10.
2632 2686 2744 2761 32).
2784 2686 2986 2743 Deinde
3006 2697 3281 2743 certamen
3312 2703 3567 2753 narrans,

1954 2783 2129 2853 ipsum
2160 2781 2309 2851 ponit
2353 2781 2433 2837 sic
2482 2779 2753 2835 dicendo:
2793 2778 2993 2832 Partim
3026 2778 3313 2850 opprobriis
3362 2789 3409 2833 et
3438 2781 3571 2851 σπη-

1951 2876 2205 2931 ctionibus
2233 2874 2579 2944 spectaculum
2610 2872 2734 2944 facti
2758 2888 2777 2926 :
2798 2873 2988 2942 partim
3016 2872 3452 2927 communicantes
3482 2874 3567 2938 iis,

1950 2971 2037 3041 qui
2073 2970 2147 3025 sic
2181 2969 2476 3041 a/ﬂigtmtur
2506 2968 2613 3038 (Ib.
2661 2984 2717 3021 υ.
2747 2966 2862 3040 55).
2892 2966 2948 3023 Si
2979 2982 3108 3039 ergo
3138 2968 3227 3038 qui
3264 2970 3571 3024 communi-

1952 3071 2099 3128 cant,
2146 3070 2379 3128 certant,
2414 3062 2585 3116 multo
2619 3066 2789 3133 magis
2827 3060 2920 3132 qui
2959 3061 3250 3118 sustinent.
3280 3060 3398 3117 Non
3425 3062 3570 3117 enim

1960 3170 2143 3220 unam,
2179 3164 2272 3209 aut
2298 3154 2452 3218 duas,
2498 3162 2590 3208 aut
2622 3162 2753 3222 tres,
2784 3153 2878 3210 sed
2910 3154 3070 3225 longe
3096 3154 3280 3230 plures
3309 3156 3572 3211 sustinui-

1955 3247 2053 3303 stis
2080 3256 2285 3303 mortes
2308 3264 2321 3302 :
2341 3246 2442 3302 etsi
2472 3262 2579 3301 non
2603 3246 2962 3317 experientia,
2991 3254 3199 3302 certum
3224 3254 3407 3303 tamen
3428 3250 3572 3320 qttetl

1956 3341 2158 3396 animo.
2187 3339 2416 3395 Gaudete
2442 3340 2620 3412 igitur,
2645 3350 2692 3395 et
2722 3341 2977 3395 exsultate
3005 3339 3223 3411 (Matth.
3242 3343 3295 3399 ὅ.
3324 3342 3451 3412 12);
3479 3343 3576 3397 Do-

1959 3436 2138 3491 minus
2187 3436 2444 3492 czclorum
2484 3436 2647 3506 jussit
2690 3451 2796 3491 non
2848 3435 3027 3491 solum
3073 3452 3181 3492 non
3222 3436 3442 3504 dolere,
3488 3439 3576 3492 vel

1959 3520 2131 3601 frangi
2154 3530 2355 3594 animo,
2380 3529 2466 3584 vel
2498 3528 2772 3595 decidere,
2808 3528 2901 3584 sed
2926 3528 3162 3599 gaudere
3195 3537 3250 3584 et
3279 3529 3574 3597 exsultare,

1960 3623 2178 3695 quando
2217 3638 2414 3678 nomen
2458 3631 2697 3676 vestrum
2756 3632 3029 3692 tamquam
3080 3621 3279 3675 malum
3334 3622 3574 3692 ejicient.

1961 3719 2114 3787 Quod
2144 3718 2189 3774 si
2219 3719 2269 3773 in
2298 3717 2669 3789 schpliautiis
2705 3715 3049 3787 gaudendum
3077 3732 3091 3781 ;
3119 3715 3337 3786 quando
3366 3715 3451 3770 his
3480 3732 3577 3771 ac-

1963 3812 2162 3869 cedunt
2207 3810 2515 3876 calumniae,
2561 3809 2806 3875 verbera,
2864 3816 3163 3875 tormenta,
3205 3806 3369 3879 gladii
3411 3810 3609 3875 acuti,‘

1966 3920 2236 3970 carceres,
2259 3911 2486 3969 calente,
2518 3902 2897 3968 abductiones,
2944 3900 3333 3966 traductiones,
3367 3910 3445 3956 tot
3476 3901 3582 3955 ini-

1968 3997 2231 4053 micorum
2265 4004 2519 4062 catervae,
2556 3995 2787 4064 cogitate
2813 3994 2996 4077 qualis
3019 3995 3249 4059 merces,
3278 4007 3439 4063 quam
3467 4009 3582 4049 coa-

1967 4099 2200 4146 cervataa
2226 4097 2386 4144 erunt
2433 4086 2837 4143 retributiones.
2888 4084 3118 4139 Gaudete
3144 4086 3316 4157 igitur,
3340 4096 3387 4140 et
3407 4088 3584 4140 exsul-

1971 4196 2091 4251 tate,
2124 4184 2306 4240 viriles
2346 4192 2540 4248 estote,
2574 4179 3025 4246 eorroboramini,
3074 4180 3306 4251 cogitate
3335 4190 3465 4249 quot
3494 4194 3583 4236 ve-

1970 4261 2083 4335 stro
2110 4277 2358 4349 exemplo
2384 4277 2449 4332 ad
2473 4276 2767 4333 certamina
2796 4275 3069 4341 armastis,
3089 4284 3219 4345 quot
3238 4274 3585 4330 lluctuulmu-

1972 4373 2071 4427 dos
2101 4370 2487 4435 conﬁrmastis,
2537 4384 2698 4441 quam
2731 4369 3025 4423 multorum
3061 4366 3272 4421 animos
3310 4368 3585 4423 cxcitastis

1975 4482 2083 4521 non
2118 4464 2465 4534 prmsentium
2508 4461 2694 4526 modo,
2744 4459 2841 4515 sed
2884 4459 3045 4514 etiam
3094 4457 3433 4522 absentium;
3476 4474 3585 4515 non

1976 4574 2341 4616 mrumnarum
2366 4566 2668 4612 vestrarum
2716 4560 3035 4625 conspectu,
3064 4552 3163 4609 sed
3190 4569 3374 4610 earum
3404 4554 3586 4609 auditu

1976 4656 2149 4711 solum
2172 4651 2420 4723 plurimis
2441 4650 2629 4721 procul
2655 4648 2845 4720 positis
2867 4662 3114 4718 magnam
3136 4647 3419 4701 utilitatem
3444 4658 3585 4703 attu-

1978 4751 2135 4806 listis.
2164 4746 2435 4803 Continuo
2467 4752 2710 4800 versetur
2742 4744 2796 4797 in
2839 4756 2935 4797 ore
2962 4750 3145 4796 vestro
3172 4740 3303 4796 illud
3329 4742 3585 4811 apostoli-

1979 4862 2099 4899 cum
2128 4843 2331 4897 dictum
2367 4857 2381 4893 :
2412 4838 2534 4893 Non
2562 4847 2678 4891 sunt
2705 4838 2977 4908 condigna:
3004 4836 3266 4906 passiones
3298 4836 3448 4905 ‘iujus
3472 4848 3585 4889 tem-

1982 4938 2119 5005 poris
2152 4935 2219 4987 ad
2262 4938 2489 5003 futuram
2520 4931 2738 5001 gloriam
2764 4931 2818 4983 in
2872 4929 3016 4983 nobis
3059 4928 3384 4982 recelamlam
3413 4926 3590 4999 (Rom.

1983 5031 2033 5085 8.
2066 5028 2175 5094 18).
2205 5027 2525 5093 Exspectate
2556 5042 2568 5075 :
2601 5023 2747 5077 brevi
2771 5021 3126 5077 teutatienum
3156 5019 3277 5075 finis
3299 5022 3422 5086 crit,
3460 5023 3601 5077 libe-

1979 5113 2227 5182 ratioque
2256 5112 2514 5182 perfecta.
2543 5111 2706 5167 Orate
2727 5113 2888 5167 etiam
2913 5111 3112 5183 jugiler
3136 5126 3232 5180 pro
3262 5112 3433 5165 nobis.
3460 5109 3595 5163 Nam

1974 5206 2072 5261 etsi
2120 5206 2279 5276 longo
2309 5205 2513 5259 viarum
2570 5206 2853 5260 intervallo
2904 5206 3282 5275 disjungiinnr,
3316 5206 3576 5271 multoqin

1983 5311 2229 5371 tempore
2261 5317 2291 5355 a
2318 5302 2473 5356 vobis
2521 5302 2788 5372 segregati
2845 5316 3031 5355 sumus
3066 5318 3075 5353 :
3110 5309 3347 5353 attamen
3394 5315 3490 5353 vos
3537 5310 3586 5351 ut

1978 5402 2275 5461 pratscntes
2303 5402 2359 5450 et
2409 5395 2691 5449 nobiscum
2720 5403 2999 5449 versantes
3024 5392 3453 5462 complectuntur,
3491 5407 3582 5446 vc.

1971 5496 2145 5542 strum
2171 5486 2399 5540 amicum
2425 5494 2586 5554 eaput
2614 5486 3015 5550 exosculamur,
3036 5492 3325 5539 coronatos
3357 5483 3589 5538 victores

1968 5588 2064 5628 vos
2091 5572 2346 5643 expansis
2374 5572 2626 5626 manibus
2651 5570 2973 5640 excipimus,
3001 5576 3378 5638 exspectantes
3400 5577 3454 5622 ct
3476 5569 3575 5638 ipsi

1966 5684 2031 5723 ex
2060 5676 2246 5721 mutua
2276 5680 2407 5735 erga
2432 5680 2530 5720 vos
2557 5664 2785 5719 caritate
2833 5664 3039 5718 lucrum
3073 5663 3388 5716 maximum.
3440 5662 3574 5716 Nam

1966 5762 2009 5817 si
2042 5774 2291 5831 magnam
2324 5757 2635 5813 mercedem
2679 5764 3002 5827 exspectare
3056 5755 3183 5811 licet
3227 5756 3292 5811 iis
3342 5758 3430 5822 qui
3480 5770 3575 5811 vos

1966 5862 2148 5909 amant
2178 5867 2191 5906 :
2228 5844 2462 5922 cogitate
2498 5849 2676 5920 qualia
2712 5862 2827 5912 vos,
2875 5847 2962 5917 qui
2992 5854 3070 5901 tot
3099 5848 3152 5901 in
3190 5844 3573 5903 certaminibus

1968 5947 2096 6004 clari
2129 5956 2181 6004 et
2207 5945 2440 6015 insignes
2467 5942 2665 6010 fuistis,
2701 5948 2950 6005 maneant
2977 5939 3217 6011 przctnia.
