4142 6488
699 430 809 491 ω
1386 437 1442 492 S.
1483 436 1767 492 JOANNIS
1805 434 2292 492 CHRYSOSTOHH
2335 432 2650 489 ARCHILI'.
2691 431 3233 491 CONSTANTINOP.
3830 429 3940 490 διδ

2299 616 3935 652 m

1953 983 2646 1079 ADMONITIO

1418 1224 1492 1288 IN
1559 1225 1960 1284 EPISTOLAS
2023 1225 2285 1285 SANCTI
2347 1226 2659 1286 JOANNIS
2717 1225 3241 1290 (EIIRYSOSTOMI

1602 1437 1688 1482 AD
1728 1432 2176 1484 οιηιΡιΑοεΜ
2221 1433 2304 1484 ΕΡ
2355 1435 2436 1482 ΑΙ)
2478 1433 2673 1489 Αιιυς
2717 1432 3002 1486 ιιυιτυς.

764 1674 1126 1743 Epistolarum
1155 1675 1209 1730 S.
1242 1675 1466 1729 Joannis
1523 1679 1900 1746 Chrysostomi
1946 1694 2130 1732 verum
2181 1682 2430 1734 ordinem
2459 1680 2676 1746 assequi
2715 1679 2977 1730 hactenus
3010 1692 3114 1728 non
3147 1673 3424 1742 potuimus
3459 1690 3472 1727 :
3501 1687 3624 1727 nam
3657 1674 3728 1738 is,
3762 1687 3936 1744 quem.

696 1809 806 1863 pne
854 1809 911 1848 se
973 1795 1154 1848 ferunt
1191 1795 1469 1850 Editiones
1525 1795 1754 1861 Morelli,
1795 1813 1893 1852 nec
1950 1807 2278 1866 temporum,
2315 1813 2414 1852 nec
2450 1811 2806 1866 personarum
2839 1795 2905 1849 ad
2935 1808 3076 1864 quas
3111 1793 3352 1864 epistola:
3375 1793 3687 1861 mittuntur,
3719 1804 3924 1849 rectam

683 1907 876 1961 seriem
929 1908 1169 1963 exhibet.
1202 1909 1262 1963 In
1319 1909 1562 1964 omnium
1617 1910 1822 1980 optimo
1874 1919 1929 1965 et
1978 1911 2362 1981 antiquissimo
2413 1910 2613 1965 Codice
2649 1908 2989 1965 Coisliniane
3025 1908 3379 1978 epistolarum
3413 1908 3548 1962 ordo
3588 1922 3714 1963 cum
3743 1905 3922 1961 Editis

682 2043 789 2080 non
828 2027 1119 2091 consentit,
1144 2037 1306 2096 atque
1331 2035 1386 2081 et
1438 2028 1553 2097 ipse
1608 2027 2019 2081 interturbatam
2079 2028 2273 2083 seriem
2308 2027 2529 2084 exhibet
2558 2069 2574 2092 ,
2610 2027 2822 2097 qualem
2851 2026 3104 2081 dedimus
3134 2025 3188 2080 in
3218 2023 3548 2080 Bibliotheca
3581 2021 3917 2078 Coisliniana

680 2157 732 2211 p.
771 2141 890 2196 565.
947 2141 1140 2198 (Ia-teri
1201 2153 1382 2196 autem
1439 2142 1566 2198 Mss.
1622 2142 1773 2213 Regii
1835 2145 1948 2198 sive
2014 2143 2262 2200 Vaticani
2293 2160 2391 2199 nec
2433 2160 2557 2198 cum
2605 2145 2708 2199 hoc
2761 2159 2860 2198 nec
2888 2158 3012 2198 cum
3043 2141 3217 2198 Editis
3262 2141 3632 2198 consentiunt.
3669 2139 3904 2194 Savilius

681 2256 937 2325 epistolas
989 2273 1178 2313 omnes
1215 2257 1407 2316 ordine
1445 2259 1788 2330 aiphabetico
1821 2259 2092 2330 disposuit
2125 2278 2138 2326 ;
2183 2262 2256 2316 ita
2305 2269 2364 2316 ut
2397 2277 2430 2313 a
2469 2262 2784 2316 nominibus
2813 2276 3195 2333 personarum,
3237 2263 3304 2317 ad
3336 2276 3473 2332 quas
3505 2262 3748 2332 epistolae
3777 2257 3910 2314 diri-

683 2378 904 2439 guntur,
941 2371 1110 2424 series
1140 2385 1327 2425 earum
1366 2370 1599 2426 ducatur
1632 2390 1644 2426 :
1687 2372 1787 2441 qui.
1809 2372 1944 2428 ordo
1993 2371 2208 2430 etiamsi
2239 2372 2372 2440 quid
2413 2373 2660 2430 utilitatis
2694 2388 2804 2442 pra:
2825 2387 2886 2428 se
2918 2371 3074 2438 ferat,
3111 2389 3219 2428 non
3258 2384 3346 2428 est
3375 2382 3557 2428 tamen
3587 2374 3917 2443 amplecten-

680 2490 802 2546 dus.
826 2491 880 2546 Si
913 2492 1134 2546 omnino
1189 2493 1555 2562 potuissemus
1613 2495 1874 2563 tempoﬂs
1916 2494 2164 2548 ordinem
2224 2502 2432 2549 certum
2466 2502 2628 2562 atque
2659 2493 3025 2547 indubitatum
3062 2493 3114 2546 in
3139 2492 3382 2563 epistolis
3414 2492 3768 2559 constituere,
3807 2492 3922 2549 haec

679 2617 824 2663 certe
861 2606 1056 2662 fuisset
1085 2622 1213 2662 vera
1239 2617 1292 2662 et
1326 2609 1574 2662 omnium
1606 2609 1899 2663 utilissima
1951 2608 2234 2664 ordinandi
2259 2609 2398 2664 ratio
2431 2627 2446 2674 ;
2481 2618 2536 2662 at
2592 2607 2724 2662 illud
2775 2607 2923 2662 nulla
2984 2619 3099 2662 arte
3139 2607 3254 2661 ﬁeri
3288 2616 3468 2677 potest
3497 2623 3510 2658 :
3547 2622 3672 2662 nam
3701 2616 3760 2661 ut
3786 2617 3923 2662 sunt

680 2718 928 2787 quaedam
968 2720 1212 2790 epistolae
1249 2734 1370 2790 qua:
1403 2719 1537 2775 alias
1562 2735 1848 2790 quaspiam
1884 2721 2229 2792 pracessisse
2259 2720 2482 2776 omnino
2508 2720 2781 2788 videntur,
2807 2720 2880 2774 ita
2915 2721 2970 2774 in
3002 2721 3235 2775 maxima
3271 2720 3502 2775 aliarum
3533 2730 3687 2790 parte
3717 2719 3930 2782 frustra.

682 2857 896 2912 quatas
929 2858 1052 2912 quae
1112 2843 1283 2913 prior.
1329 2858 1450 2913 quae
1501 2843 1772 2911 posterior
1820 2843 1950 2898 data
2000 2841 2184 2897 fuerit.
2223 2841 2589 2907 Quamobrem
2615 2842 2862 2900 ordinem
2889 2858 2919 2896 a
2941 2841 3148 2898 Jacobo
3177 2842 3337 2898 BiHio
3357 2853 3414 2897 et
3441 2858 3471 2896 a
3503 2841 3778 2898 Frontone
3805 2841 3917 2896 Du-

680 2971 792 3012 czo
848 2957 1205 3010 constitutum
1258 2971 1475 3010 servare
1516 2958 1688 3010 visum
1726 2956 1826 3010 fuit
1861 2976 1874 3010 :
1917 2955 2059 3011 unde
2089 2956 2218 3010 illud
2253 2955 2523 3012 commodi
2557 2955 2784 3019 accedit,
2814 2964 2870 3010 ut
2907 2956 3263 3027 epistolarum
3299 2955 3513 3010 numeri
3551 2957 3856 3011 sexcenties
3888 2972 3929 3012 a

677 3069 1039 3139 scriptoribus
1069 3070 1326 3138 praeteriti
1383 3067 1778 3138 praesentisque
1832 3067 2015 3122 saeculi
2042 3068 2330 3124 memorati
2377 3069 2538 3122 iidem
2597 3070 2958 3139 reperiantur,
3003 3071 3056 3123 in
3089 3077 3457 3138 promptuque
3479 3069 3553 3125 sit
3579 3067 3840 3138 epistolas
3861 3069 3924 3125 iu

674 3186 796 3246 loco
824 3187 984 3244 solito
1012 3187 1219 3256 positas
1249 3185 1418 3240 adire.

743 3303 970 3360 Joannis
1024 3305 1405 3376 Chrysostomi
1460 3304 1722 3374 epistolas
1778 3319 2009 3357 numero
2062 3303 2164 3358 175
2218 3305 2429 3372 primus
2479 3302 2631 3358 dedit
2655 3302 2893 3358 Iacobus
2923 3300 3113 3356 Billius
3139 3299 3424 3365 Prunaus,
3460 3299 3500 3355 S
3544 3299 3824 3358 Michaelis
3859 3317 3918 3358 to

673 3425 870 3481 Eremo
897 3426 1102 3487 Abbas,
1130 3424 1227 3482 hac
1256 3425 1540 3495 praemissa
1576 3423 2006 3492 prmlatiuncula.

1873 3664 2198 3724 CANDIDO
2251 3663 2572 3724 LECTORI
2637 3664 2698 3721 S.

745 3875 760 3906 ι
805 3855 962 3919 Quod
994 3855 1058 3908 D.
1100 3853 1366 3908 Joannem
1419 3853 1871 3923 Chrysostomum
1938 3849 2042 3904 hoc
2093 3849 2454 3918 epistularum
2500 3847 2640 3902 libro
2691 3863 2835 3901 nunc
2877 3848 3115 3916 primum
3149 3848 3453 3904 auctiorem
3482 3848 3672 3914 babes,
3707 3847 3916 3918 optime

672 3969 860 4033 lector,
889 3967 940 4021 id
969 3965 1339 4020 eruditissimo
1373 3966 1489 4018 viro
1510 3963 1711 4018 Jacoho
1739 3963 1966 4032 Cujacio
2011 3962 2198 4026 debes,
2235 3963 2327 4032 qui
2361 3977 2459 4032 pro
2489 3977 2702 4016 summa
2737 3977 2834 4015 sua
2865 3961 3226 4028 humanitate,
3248 3970 3412 4032 atque
3434 3962 3490 4018 in
3521 3963 3917 4034 rempublicam

673 4078 990 4134 litterariam
1049 4078 1249 4141 studio,
1297 4076 1525 4145 benigne
1587 4075 1720 4128 mihi
1775 4073 2038 4129 Codicem
2098 4074 2345 4130 Grzecum
2407 4073 2793 4129 commodavit.
2830 4072 2942 4128 Etsi
2993 4085 3173 4129 autem
3223 4075 3277 4129 in
3332 4075 3419 4130 his
3448 4076 3699 4147 epistolis
3729 4078 3920 4133 multa

668 4207 795 4250 sunt
849 4195 1090 4264 ejusdem
1151 4194 1474 4262 argumenti,
1527 4208 1646 4264 qua:
1711 4192 1946 4249 fortasse
1993 4201 2271 4262 propterea
2325 4207 2430 4246 non
2483 4190 2613 4244 nihil
2659 4189 2860 4246 fastidii
2914 4204 3109 4246 nasuto
3167 4191 3354 4247 lectori
3414 4206 3605 4261 parere
3663 4194 3919 4262 possint,

668 4312 900 4365 aliarum
935 4320 1136 4376 tamen,
1162 4319 1215 4364 et
1269 4309 1565 4377 praesertim
1624 4324 1812 4366 earum
1843 4325 1964 4379 qua:
1997 4310 2064 4363 ad
2102 4308 2472 4379 Olympiadem
2512 4308 2728 4378 scriptae
2758 4317 2908 4372 sunt,
2948 4308 3153 4364 utilitas
3187 4310 3288 4366 hoc
3318 4309 3586 4380 quidquid
3613 4320 3696 4366 est
3725 4311 3904 4368 mole-

668 4422 784 4476 stia:
814 4421 984 4482 facile,
1019 4433 1079 4474 ut
1108 4436 1285 4490 spero,
1318 4420 1711 4488 compensabit.
1753 4419 1832 4482 Tu
1865 4421 2097 4490 opellaiu
2134 4429 2376 4476 nostram
2400 4421 2526 4475 boui
2556 4421 2811 4475 consulas
2851 4419 3030 4485 velim,
3057 4436 3120 4477 ac
3149 4436 3248 4490 pro
3279 4436 3396 4478 mea
3425 4423 3600 4480 salute
3626 4424 3695 4480 ad
3730 4424 3912 4482 Deum

667 4555 852 4609 preces
880 4538 1091 4592 fundas.
1136 4535 1283 4590 Vale.
1325 4555 1340 4586 i

740 4654 833 4707 His
883 4650 1157 4721 CLXXII“
1181 4650 1428 4720 epistolis
1473 4649 1754 4718 sexaginta
1801 4657 1926 4703 octo
1961 4649 2155 4719 adjecit
2204 4649 2409 4705 Fronto
2472 4649 2700 4704 Dircaeus
2755 4665 2819 4704 ex
2859 4650 3061 4705 Codice
3101 4650 3200 4707 M‘s.
3257 4653 3483 4724 Collegii
3535 4654 3894 4728 Antverpiani

669 4765 952 4820 Societatis
1003 4761 1130 4818 Iesu
1157 4805 1170 4829 ,
1206 4771 1260 4817 et
1293 4761 1746 4832 septuagesimum
1777 4775 1974 4814 nonam
2006 4760 2288 4828 subjunxit
2325 4776 2392 4814 ex
2420 4764 2730 4832 apographo
2766 4762 2993 4822 Joannis
3023 4767 3277 4824 Sambuci
3299 4810 3313 4834 ,
3339 4772 3394 4825 in
3420 4786 3530 4842 quo
3555 4773 3916 4832 centesimam

666 4879 1122 4948 septuagesimam
1189 4883 1438 4931 octavam
1495 4873 1844 4944 sequebatur.
1877 4871 1990 4929 Etsi
2055 4879 2234 4928 autem
2287 4876 2342 4929 in
2389 4877 2472 4930 his
2503 4877 2749 4946 epistolis
2772 4893 2878 4933 non
2902 4896 3086 4950 paucae
3109 4882 3238 4947 sint,
3263 4883 3353 4940 ubi
3381 4887 3570 4943 eadem
3601 4891 3714 4948 fere
3749 4908 3912 4964 τερα-

668 5003 876 5058 tantur,
912 4991 1190 5048 fatendum
1254 4999 1434 5046 tamen
1494 4995 1578 5042 est
1610 4987 1715 5040 hoc
1740 5001 1939 5056 corpus
1966 4987 2319 5056 epistolaram
2344 4988 2482 5043 inter
2506 4990 2842 5045 nobilissima
2876 4993 3240 5050 ecclesiastica
3272 5011 3627 5056 monumenta
3665 5020 3898 5078 compu-

663 5109 888 5162 tandum
926 5121 1086 5160 esse:
1117 5105 1243 5158 hinc
1278 5101 1722 5157 accuratissimas
1772 5101 2020 5154 omnium
2064 5101 2284 5154 notitias
2338 5103 2680 5171 excerpimus
2721 5103 2869 5159 circa
2903 5121 3158 5176 magnum
3192 5111 3324 5165 illud
3361 5114 3597 5170 schisma
3625 5119 3920 5178 orientalis,

661 5218 936 5282 Ecclesiae,
977 5217 1308 5275 et'cxsilium
1335 5214 1732 5284 Chrysostomi,
1760 5213 1848 5268 ubi
1883 5213 2001 5268 dira
2043 5230 2272 5284 quaeque
2312 5215 2369 5269 S.
2416 5215 2510 5271 Vir
2549 5231 2744 5286 passus
2790 5230 2893 5288 cst,
2926 5232 3190 5292 raptatus,
3231 5235 3285 5281 et
3315 5231 3480 5286 tantis
3518 5231 3750 5290 allectus
3787 5251 3911 5291 ma—

659 5334 746 5395 lis,
779 5341 837 5384 ut
862 5347 1022 5401 quam
1045 5331 1188 5386 ferro
1209 5347 1315 5385 nou
1347 5330 1619 5386 audebant
1642 5329 1742 5400 ipsi
1773 5346 1962 5386 necem
1985 5329 2187 5386 inferre
2215 5331 2534 5396 adversarii,
2570 5333 2832 5390 immissis
2859 5338 3130 5396 molestiis
3156 5349 3210 5396 et
3235 5344 3571 5402 cruciatibus
3595 5347 3905 5409 intulerint.

658 5447 804 5500 Ordo
837 5446 1220 5515 cpistolarum,
1251 5457 1309 5501 ut
1337 5447 1605 5509 diximus,
1639 5446 1710 5500 ita
1761 5447 2155 5513 mterturbatus
2189 5457 2290 5512 est,
2330 5455 2388 5500 ut
2415 5447 2501 5500 vix
2537 5463 2599 5506 ac
2634 5464 2702 5503 ne
2743 5451 2831 5506 vix
2861 5453 3080 5522 quidem
3123 5458 3288 5526 possit
3327 5461 3623 5514 restaurari
3662 5481 3674 5517 ε
3705 5463 3802 5519 sed
3836 5467 3902 5520 ad

659 5569 882 5630 lectoris
921 5572 1266 5628 commodum
1299 5573 1435 5627 satis
1487 5570 1645 5627 nobis
1681 5569 1781 5624 fuit
1809 5570 1860 5624 in
1891 5571 2156 5640 cujusque
2191 5567 2437 5637 epistolae
2468 5569 2620 5626 initio
2657 5581 2868 5641 tempus
2894 5585 3158 5642 quantum
3186 5575 3361 5643 licuit,
3400 5593 3464 5634 ac
3490 5595 3634 5652 saepe
3659 5597 3727 5637 cx
3760 5597 3898 5640 con-

658 5690 866 5770 jactura
891 5699 1124 5750 tantum.
1163 5698 1441 5744 annotare.

738 5806 985 5881 Epistula:
1050 5809 1432 5878 septemdecim
1464 5806 1533 5865 ad.
1563 5806 1956 5877 Olympiadem,
2009 5824 2128 5879 qua:
2159 5809 2370 5864 exteris
2425 5808 2864 5878 pnetuittuutur,
2906 5812 3151 5868 omnium
3200 5813 3532 5886 longissimae
3569 5823 3627 5872 et
3685 5815 3911 5888 elegan~
