  <div class='ocr_page' id='page_1' title='image "/cluster/home/n/w/nwhite01/storage/ocr_20150623/52/uva.x030486926/166.png"; bbox 0 0 4142 6484; ppageno 0'>
   <div class='ocr_carea' id='block_1_1' title="bbox 179 416 3458 506">
    <p class='ocr_par' dir='ltr' id='par_1_1' title="bbox 179 416 3458 506">
     <span class='ocr_line' id='line_1_1' title="bbox 179 416 3458 506; baseline -0.01 0"><span class='ocrx_word' id='word_1_1' title='bbox 179 449 274 506; x_wconf 62' lang='grc'><strong>585</strong></span> <span class='ocrx_word' id='word_1_2' title='bbox 1611 435 1998 492; x_wconf 65' lang='grc' dir='ltr'><strong>ΕΙῚδΤΟΙΑΧΕ.</strong></span> <span class='ocrx_word' id='word_1_3' title='bbox 3351 416 3458 476; x_wconf 65' lang='grc'><strong>546</strong></span> 
     </span>
    </p>
   </div>
   <div class='ocr_carea' id='block_1_2' title="bbox 181 538 3459 634">
    <p class='ocr_par' dir='ltr' id='par_1_2' title="bbox 181 538 3459 634">
     <span class='ocr_line' id='line_1_2' title="bbox 181 538 3459 634; baseline -0.01 -10"><span class='ocrx_word' id='word_1_4' title='bbox 181 569 395 625; x_wconf 80' lang='lat' dir='ltr'><strong>tissima:</strong></span> <span class='ocrx_word' id='word_1_5' title='bbox 433 576 598 632; x_wconf 87' lang='lat' dir='ltr'><strong>sunt,</strong></span> <span class='ocrx_word' id='word_1_6' title='bbox 631 565 986 634; x_wconf 81' lang='lat' dir='ltr'><strong>omniumque</strong></span> <span class='ocrx_word' id='word_1_7' title='bbox 1039 562 1342 621; x_wconf 76' lang='lat' dir='ltr'><strong>utilissima:</strong></span> <span class='ocrx_word' id='word_1_8' title='bbox 1368 602 1381 624; x_wconf 96' lang='lat'><strong>,</strong></span> <span class='ocrx_word' id='word_1_9' title='bbox 1414 565 1488 614; x_wconf 82' lang='lat' dir='ltr'><strong>ait</strong></span> <span class='ocrx_word' id='word_1_10' title='bbox 1522 558 1748 614; x_wconf 88' lang='lat' dir='ltr'><strong>Photius</strong></span> <span class='ocrx_word' id='word_1_11' title='bbox 1770 597 1786 621; x_wconf 93' lang='lat'><strong>,</strong></span> <span class='ocrx_word' id='word_1_12' title='bbox 1820 556 1961 613; x_wconf 87' lang='lat' dir='ltr'><strong>Cod.</strong></span> <span class='ocrx_word' id='word_1_13' title='bbox 1990 557 2060 610; x_wconf 83' lang='lat'><strong>86</strong></span> <span class='ocrx_word' id='word_1_14' title='bbox 2093 569 2108 606; x_wconf 88' lang='lat'><strong>:</strong></span> <span class='ocrx_word' id='word_1_15' title='bbox 2143 568 2333 609; x_wconf 88' lang='lat' dir='ltr'><strong>earum</strong></span> <span class='ocrx_word' id='word_1_16' title='bbox 2361 551 2612 621; x_wconf 69' lang='lat' dir='ltr'><strong>quaedam</strong></span> <span class='ocrx_word' id='word_1_17' title='bbox 2637 542 3023 603; x_wconf 70' lang='lat' dir='ltr'><strong>consolatoria:</strong></span> <span class='ocrx_word' id='word_1_18' title='bbox 3055 551 3110 598; x_wconf 90' lang='lat' dir='ltr'><strong>et</strong></span> <span class='ocrx_word' id='word_1_19' title='bbox 3139 538 3459 596; x_wconf 60' lang='lat' dir='ltr'><strong>hortator-ia</strong></span> 
     </span>
    </p>
   </div>
   <div class='ocr_carea' id='block_1_3' title="bbox 183 653 3459 753">
    <p class='ocr_par' dir='ltr' id='par_1_3' title="bbox 183 653 3459 753">
     <span class='ocr_line' id='line_1_3' title="bbox 183 653 3459 753; baseline -0.009 -17"><span class='ocrx_word' id='word_1_20' title='bbox 183 691 317 747; x_wconf 84' lang='lat' dir='ltr'><strong>sunt,</strong></span> <span class='ocrx_word' id='word_1_21' title='bbox 347 680 501 753; x_wconf 74' lang='lat'><strong>[525]</strong></span> <span class='ocrx_word' id='word_1_22' title='bbox 545 691 709 750; x_wconf 85' lang='lat' dir='ltr'><strong>atque</strong></span> <span class='ocrx_word' id='word_1_23' title='bbox 742 678 1095 738; x_wconf 86' lang='lat' dir='ltr'><strong>homiliarum</strong></span> <span class='ocrx_word' id='word_1_24' title='bbox 1136 691 1287 732; x_wconf 89' lang='lat' dir='ltr'><strong>more</strong></span> <span class='ocrx_word' id='word_1_25' title='bbox 1330 675 1692 735; x_wconf 77' lang='lat' dir='ltr'><strong>concinnatae,</strong></span> <span class='ocrx_word' id='word_1_26' title='bbox 1721 671 1841 726; x_wconf 70' lang='lat' dir='ltr'><strong>aliae</strong></span> <span class='ocrx_word' id='word_1_27' title='bbox 1871 669 1940 725; x_wconf 88' lang='lat' dir='ltr'><strong>ad</strong></span> <span class='ocrx_word' id='word_1_28' title='bbox 1979 682 2352 724; x_wconf 68' lang='lat' dir='ltr'><strong>aerumnarum</strong></span> <span class='ocrx_word' id='word_1_29' title='bbox 2389 665 2565 734; x_wconf 85' lang='lat' dir='ltr'><strong>ipsius</strong></span> <span class='ocrx_word' id='word_1_30' title='bbox 2610 659 2899 716; x_wconf 77' lang='lat' dir='ltr'><strong>historiam</strong></span> <span class='ocrx_word' id='word_1_31' title='bbox 2934 653 3226 712; x_wconf 83' lang='lat' dir='ltr'><strong>texendam</strong></span> <span class='ocrx_word' id='word_1_32' title='bbox 3257 666 3459 722; x_wconf 80' lang='lat' dir='ltr'><strong>oppor-</strong></span> 
     </span>
    </p>
   </div>
   <div class='ocr_carea' id='block_1_4' title="bbox 182 775 2708 862">
    <p class='ocr_par' dir='ltr' id='par_1_4' title="bbox 182 775 2708 862">
     <span class='ocr_line' id='line_1_4' title="bbox 182 775 2708 862; baseline -0.008 -12"><span class='ocrx_word' id='word_1_33' title='bbox 182 793 492 850; x_wconf 73' lang='lat' dir='ltr'><strong>tunissimze.</strong></span> <span class='ocrx_word' id='word_1_34' title='bbox 543 791 713 852; x_wconf 86' lang='lat' dir='ltr'><strong>Circa</strong></span> <span class='ocrx_word' id='word_1_35' title='bbox 742 793 881 846; x_wconf 85' lang='lat' dir='ltr'><strong>hanc</strong></span> <span class='ocrx_word' id='word_1_36' title='bbox 903 789 1276 862; x_wconf 83' lang='lat' dir='ltr'><strong>Olympiadem</strong></span> <span class='ocrx_word' id='word_1_37' title='bbox 1311 789 1428 843; x_wconf 71' lang='lat' dir='ltr'><strong>haec</strong></span> <span class='ocrx_word' id='word_1_38' title='bbox 1457 785 1649 850; x_wconf 78' lang='lat' dir='ltr'><strong>scribit</strong></span> <span class='ocrx_word' id='word_1_39' title='bbox 1678 782 1947 839; x_wconf 87' lang='lat' dir='ltr'><strong>Henricus</strong></span> <span class='ocrx_word' id='word_1_40' title='bbox 1977 780 2216 838; x_wconf 80' lang='lat' dir='ltr'><strong>Savilius</strong></span> <span class='ocrx_word' id='word_1_41' title='bbox 2247 779 2302 834; x_wconf 90' lang='lat' dir='ltr'><strong>in</strong></span> <span class='ocrx_word' id='word_1_42' title='bbox 2325 777 2473 834; x_wconf 93' lang='lat' dir='ltr'><strong>notis</strong></span> <span class='ocrx_word' id='word_1_43' title='bbox 2498 793 2553 846; x_wconf 91' lang='lat' dir='ltr'><strong>p.</strong></span> <span class='ocrx_word' id='word_1_44' title='bbox 2581 775 2708 842; x_wconf 24' lang='grc'><strong>851..</strong></span> 
     </span>
    </p>
   </div>
   <div class='ocr_carea' id='block_1_5' title="bbox 250 886 1886 980">
    <p class='ocr_par' dir='ltr' id='par_1_5' title="bbox 250 901 1882 980">
     <span class='ocr_line' id='line_1_5' title="bbox 250 901 1882 980; baseline -0.004 -19"><span class='ocrx_word' id='word_1_45' title='bbox 250 929 266 961; x_wconf 76' lang='grc' dir='ltr'>ι</span> <span class='ocrx_word' id='word_1_46' title='bbox 297 907 600 980; x_wconf 85' lang='lat' dir='ltr'><strong>Olympias,</strong></span> <span class='ocrx_word' id='word_1_47' title='bbox 653 909 720 963; x_wconf 89' lang='lat' dir='ltr'><strong>ad</strong></span> <span class='ocrx_word' id='word_1_48' title='bbox 769 924 942 979; x_wconf 85' lang='lat' dir='ltr'><strong>quam</strong></span> <span class='ocrx_word' id='word_1_49' title='bbox 996 919 1126 964; x_wconf 88' lang='lat' dir='ltr'><strong>sunt</strong></span> <span class='ocrx_word' id='word_1_50' title='bbox 1176 907 1258 962; x_wconf 66' lang='lat' dir='ltr'><strong>hae</strong></span> <span class='ocrx_word' id='word_1_51' title='bbox 1295 906 1511 978; x_wconf 83' lang='grc' dir='ltr'><strong>μέλιτος</strong></span> <span class='ocrx_word' id='word_1_52' title='bbox 1546 901 1882 972; x_wconf 74' lang='grc' dir='ltr'><strong>καταλειϐομ</strong></span> 
     </span>
    </p>
   </div>
   <div class='ocr_carea' id='block_1_6' title="bbox 1817 886 3453 980">
    <p class='ocr_par' dir='ltr' id='par_1_6' title="bbox 1817 886 3453 972">
     <span class='ocr_line' id='line_1_6' title="bbox 1817 886 3453 972; baseline -0.01 -17"><span class='ocrx_word' id='word_1_53' title='bbox 1817 902 2028 972; x_wconf 76' lang='grc' dir='ltr'><strong>ομένοιο</strong></span> <span class='ocrx_word' id='word_1_54' title='bbox 2057 899 2337 962; x_wconf 74' lang='lat' dir='ltr'><strong>dulciores</strong></span> <span class='ocrx_word' id='word_1_55' title='bbox 2385 896 2652 966; x_wconf 66' lang='lat' dir='ltr'><strong>epistolae,</strong></span> <span class='ocrx_word' id='word_1_56' title='bbox 2685 893 2869 963; x_wconf 78' lang='lat' dir='ltr'><strong>neptis.</strong></span> <span class='ocrx_word' id='word_1_57' title='bbox 2918 891 3019 946; x_wconf 90' lang='lat' dir='ltr'><strong>fuit</strong></span> <span class='ocrx_word' id='word_1_58' title='bbox 3078 888 3317 955; x_wconf 76' lang='lat' dir='ltr'><strong>Ablabii,</strong></span> <span class='ocrx_word' id='word_1_59' title='bbox 3355 886 3453 958; x_wconf 91' lang='lat' dir='ltr'><strong>qui</strong></span> 
     </span>
    </p>
   </div>
   <div class='ocr_carea' id='block_1_7' title="bbox 183 1007 3463 1095">
    <p class='ocr_par' dir='ltr' id='par_1_7' title="bbox 183 1007 3463 1095">
     <span class='ocr_line' id='line_1_7' title="bbox 183 1007 3463 1095; baseline -0.005 -19"><span class='ocrx_word' id='word_1_60' title='bbox 183 1025 276 1080; x_wconf 83' lang='lat' dir='ltr'><strong>sub</strong></span> <span class='ocrx_word' id='word_1_61' title='bbox 309 1025 676 1082; x_wconf 88' lang='lat' dir='ltr'><strong>Constantino</strong></span> <span class='ocrx_word' id='word_1_62' title='bbox 709 1023 906 1095; x_wconf 73' lang='lat' dir='ltr'><strong>Magno</strong></span> <span class='ocrx_word' id='word_1_63' title='bbox 943 1023 1234 1094; x_wconf 75' lang='lat' dir='ltr'><strong>pra-fectus</strong></span> <span class='ocrx_word' id='word_1_64' title='bbox 1265 1020 1522 1093; x_wconf 74' lang='lat' dir='ltr'><strong>prtetorio</strong></span> <span class='ocrx_word' id='word_1_65' title='bbox 1547 1017 1690 1084; x_wconf 92' lang='lat' dir='ltr'><strong>fuit,</strong></span> <span class='ocrx_word' id='word_1_66' title='bbox 1723 1017 1915 1089; x_wconf 82' lang='lat' dir='ltr'><strong>Anysii</strong></span> <span class='ocrx_word' id='word_1_67' title='bbox 1970 1014 2197 1078; x_wconf 83' lang='lat' dir='ltr'><strong>secundi</strong></span> <span class='ocrx_word' id='word_1_68' title='bbox 2228 1013 2448 1072; x_wconf 88' lang='lat' dir='ltr'><strong>comitis</strong></span> <span class='ocrx_word' id='word_1_69' title='bbox 2484 1011 2615 1066; x_wconf 88' lang='lat' dir='ltr'><strong>filia.</strong></span> <span class='ocrx_word' id='word_1_70' title='bbox 2649 1009 2843 1066; x_wconf 88' lang='lat' dir='ltr'><strong>Utrum</strong></span> <span class='ocrx_word' id='word_1_71' title='bbox 2874 1026 3006 1065; x_wconf 90' lang='lat' dir='ltr'><strong>vero</strong></span> <span class='ocrx_word' id='word_1_72' title='bbox 3035 1007 3250 1064; x_wconf 83' lang='lat' dir='ltr'><strong>Ahlabii</strong></span> <span class='ocrx_word' id='word_1_73' title='bbox 3279 1007 3463 1076; x_wconf 73' lang='lat' dir='ltr'><strong>neptis</strong></span> 
     </span>
    </p>
   </div>
   <div class='ocr_carea' id='block_1_8' title="bbox 185 1126 3463 1222">
    <p class='ocr_par' dir='ltr' id='par_1_8' title="bbox 185 1126 3463 1222">
     <span class='ocr_line' id='line_1_8' title="bbox 185 1126 3463 1222; baseline -0.005 -27"><span class='ocrx_word' id='word_1_74' title='bbox 185 1142 336 1198; x_wconf 86' lang='lat' dir='ltr'><strong>fuerit</strong></span> <span class='ocrx_word' id='word_1_75' title='bbox 412 1156 483 1196; x_wconf 90' lang='lat' dir='ltr'><strong>ex</strong></span> <span class='ocrx_word' id='word_1_76' title='bbox 528 1141 638 1196; x_wconf 86' lang='lat' dir='ltr'><strong>filia</strong></span> <span class='ocrx_word' id='word_1_77' title='bbox 702 1139 1057 1212; x_wconf 85' lang='lat' dir='ltr'><strong>Olympiade,</strong></span> <span class='ocrx_word' id='word_1_78' title='bbox 1121 1156 1243 1211; x_wconf 65' lang='lat' dir='ltr'><strong>quae</strong></span> <span class='ocrx_word' id='word_1_79' title='bbox 1316 1141 1557 1210; x_wconf 92' lang='lat' dir='ltr'><strong>primum</strong></span> <span class='ocrx_word' id='word_1_80' title='bbox 1619 1135 1906 1193; x_wconf 90' lang='lat' dir='ltr'><strong>Constanti</strong></span> <span class='ocrx_word' id='word_1_81' title='bbox 1978 1133 2166 1204; x_wconf 88' lang='lat' dir='ltr'><strong>nupsit</strong></span> <span class='ocrx_word' id='word_1_82' title='bbox 2219 1132 2510 1202; x_wconf 81' lang='lat' dir='ltr'><strong>Augusto,</strong></span> <span class='ocrx_word' id='word_1_83' title='bbox 2558 1141 2674 1185; x_wconf 91' lang='lat' dir='ltr'><strong>tum</strong></span> <span class='ocrx_word' id='word_1_84' title='bbox 2726 1130 2921 1186; x_wconf 83' lang='lat' dir='ltr'><strong>Arsaci</strong></span> <span class='ocrx_word' id='word_1_85' title='bbox 2974 1127 3252 1222; x_wconf 43' lang='lat' dir='ltr'><strong>armeniae</strong></span> <span class='ocrx_word' id='word_1_86' title='bbox 3297 1126 3410 1198; x_wconf 78' lang='lat' dir='ltr'><strong>regi</strong></span> <span class='ocrx_word' id='word_1_87' title='bbox 3443 1166 3463 1192; x_wconf 85' lang='lat'><strong>,</strong></span> 
     </span>
    </p>
   </div>
   <div class='ocr_carea' id='block_1_9' title="bbox 186 1242 3445 1328">
    <p class='ocr_par' dir='ltr' id='par_1_9' title="bbox 186 1242 3445 1328">
     <span class='ocr_line' id='line_1_9' title="bbox 186 1242 3445 1328; baseline -0.004 -17"><span class='ocrx_word' id='word_1_88' title='bbox 186 1271 338 1328; x_wconf 87' lang='lat' dir='ltr'><strong>quam</strong></span> <span class='ocrx_word' id='word_1_89' title='bbox 371 1255 593 1311; x_wconf 89' lang='lat' dir='ltr'><strong>tertium</strong></span> <span class='ocrx_word' id='word_1_90' title='bbox 636 1263 792 1325; x_wconf 81' lang='lat' dir='ltr'><strong>putat</strong></span> <span class='ocrx_word' id='word_1_91' title='bbox 834 1253 1142 1321; x_wconf 71' lang='lat' dir='ltr'><strong>Cardinalis</strong></span> <span class='ocrx_word' id='word_1_92' title='bbox 1173 1252 1445 1308; x_wconf 88' lang='lat' dir='ltr'><strong>Baronius</strong></span> <span class='ocrx_word' id='word_1_93' title='bbox 1477 1251 1683 1322; x_wconf 83' lang='lat' dir='ltr'><strong>Anysio</strong></span> <span class='ocrx_word' id='word_1_94' title='bbox 1704 1249 1982 1320; x_wconf 79' lang='lat' dir='ltr'><strong>nupsisse,</strong></span> <span class='ocrx_word' id='word_1_95' title='bbox 2011 1264 2078 1303; x_wconf 86' lang='lat' dir='ltr'><strong>ex</strong></span> <span class='ocrx_word' id='word_1_96' title='bbox 2099 1263 2278 1318; x_wconf 88' lang='lat' dir='ltr'><strong>eoque</strong></span> <span class='ocrx_word' id='word_1_97' title='bbox 2307 1247 2449 1301; x_wconf 84' lang='lat' dir='ltr'><strong>hanc</strong></span> <span class='ocrx_word' id='word_1_98' title='bbox 2478 1254 2727 1302; x_wconf 87' lang='lat' dir='ltr'><strong>nostram</strong></span> <span class='ocrx_word' id='word_1_99' title='bbox 2756 1242 3132 1316; x_wconf 82' lang='lat' dir='ltr'><strong>Olympiadem</strong></span> <span class='ocrx_word' id='word_1_100' title='bbox 3165 1242 3445 1314; x_wconf 90' lang='lat' dir='ltr'><strong>juniorem</strong></span> 
     </span>
    </p>
   </div>
   <div class='ocr_carea' id='block_1_10' title="bbox 188 1361 3444 1445">
    <p class='ocr_par' dir='ltr' id='par_1_10' title="bbox 188 1361 3444 1445">
     <span class='ocr_line' id='line_1_10' title="bbox 188 1361 3444 1445; baseline -0.004 -15"><span class='ocrx_word' id='word_1_101' title='bbox 188 1374 338 1430; x_wconf 82' lang='lat' dir='ltr'><strong>matri</strong></span> <span class='ocrx_word' id='word_1_102' title='bbox 375 1370 669 1445; x_wconf 70' lang='lat' dir='ltr'><strong>epulaqu</strong></span> <span class='ocrx_word' id='word_1_103' title='bbox 698 1373 1028 1443; x_wconf 82' lang='lat' dir='ltr'><strong>suscepisse,</strong></span> <span class='ocrx_word' id='word_1_104' title='bbox 1066 1387 1165 1442; x_wconf 90' lang='lat' dir='ltr'><strong>pro</strong></span> <span class='ocrx_word' id='word_1_105' title='bbox 1182 1380 1334 1426; x_wconf 89' lang='lat' dir='ltr'><strong>certo</strong></span> <span class='ocrx_word' id='word_1_106' title='bbox 1362 1384 1471 1424; x_wconf 91' lang='lat' dir='ltr'><strong>non</strong></span> <span class='ocrx_word' id='word_1_107' title='bbox 1497 1367 1752 1425; x_wconf 77' lang='lat' dir='ltr'><strong>dixerim.</strong></span> <span class='ocrx_word' id='word_1_108' title='bbox 1787 1366 1917 1422; x_wconf 85' lang='lat' dir='ltr'><strong>Veri</strong></span> <span class='ocrx_word' id='word_1_109' title='bbox 1955 1364 2089 1419; x_wconf 94' lang='lat' dir='ltr'><strong>mihi</strong></span> <span class='ocrx_word' id='word_1_110' title='bbox 2127 1364 2310 1420; x_wconf 85' lang='lat' dir='ltr'><strong>simile</strong></span> <span class='ocrx_word' id='word_1_111' title='bbox 2360 1362 2576 1418; x_wconf 90' lang='lat' dir='ltr'><strong>videtur</strong></span> <span class='ocrx_word' id='word_1_112' title='bbox 2599 1361 3100 1420; x_wconf 86' lang='lat' dir='ltr'><strong>auctoresillorum</strong></span> <span class='ocrx_word' id='word_1_113' title='bbox 3133 1368 3444 1432; x_wconf 73' lang='lat' dir='ltr'><strong>temporum</strong></span> 
     </span>
    </p>
   </div>
   <div class='ocr_carea' id='block_1_11' title="bbox 187 1479 3465 1559">
    <p class='ocr_par' dir='ltr' id='par_1_11' title="bbox 187 1479 3465 1559">
     <span class='ocr_line' id='line_1_11' title="bbox 187 1479 3465 1559; baseline -0.004 -13"><span class='ocrx_word' id='word_1_114' title='bbox 187 1489 236 1546; x_wconf 86' lang='lat' dir='ltr'><strong>in</strong></span> <span class='ocrx_word' id='word_1_115' title='bbox 260 1490 421 1559; x_wconf 83' lang='lat' dir='ltr'><strong>hujus</strong></span> <span class='ocrx_word' id='word_1_116' title='bbox 445 1488 867 1551; x_wconf 62' lang='lat' dir='ltr'><strong>nostra&#39;hudes</strong></span> <span class='ocrx_word' id='word_1_117' title='bbox 898 1490 1032 1546; x_wconf 80' lang='lat' dir='ltr'><strong>satis</strong></span> <span class='ocrx_word' id='word_1_118' title='bbox 1047 1487 1271 1552; x_wconf 73' lang='lat' dir='ltr'><strong>elfusos,</strong></span> <span class='ocrx_word' id='word_1_119' title='bbox 1295 1487 1362 1542; x_wconf 87' lang='lat' dir='ltr'><strong>de</strong></span> <span class='ocrx_word' id='word_1_120' title='bbox 1386 1495 1530 1541; x_wconf 86' lang='lat' dir='ltr'><strong>tanta</strong></span> <span class='ocrx_word' id='word_1_121' title='bbox 1554 1486 1722 1559; x_wconf 91' lang='lat' dir='ltr'><strong>gloria</strong></span> <span class='ocrx_word' id='word_1_122' title='bbox 1751 1501 1861 1540; x_wconf 92' lang='lat' dir='ltr'><strong>non</strong></span> <span class='ocrx_word' id='word_1_123' title='bbox 1893 1483 2061 1540; x_wconf 88' lang='lat' dir='ltr'><strong>fuisse</strong></span> <span class='ocrx_word' id='word_1_124' title='bbox 2085 1484 2371 1548; x_wconf 87' lang='lat' dir='ltr'><strong>tacituros,</strong></span> <span class='ocrx_word' id='word_1_125' title='bbox 2393 1483 2439 1538; x_wconf 89' lang='lat' dir='ltr'><strong>si</strong></span> <span class='ocrx_word' id='word_1_126' title='bbox 2457 1483 2721 1552; x_wconf 63' lang='lat' dir='ltr'><strong>Augusta:</strong></span> <span class='ocrx_word' id='word_1_127' title='bbox 2736 1480 3096 1552; x_wconf 80' lang='lat' dir='ltr'><strong>ejusdemque</strong></span> <span class='ocrx_word' id='word_1_128' title='bbox 3127 1479 3330 1552; x_wconf 66' lang='lat' dir='ltr'><strong>regina:</strong></span> <span class='ocrx_word' id='word_1_129' title='bbox 3353 1479 3465 1536; x_wconf 84' lang='lat' dir='ltr'><strong>lilia</strong></span> 
     </span>
    </p>
   </div>
   <div class='ocr_carea' id='block_1_12' title="bbox 189 1601 3483 1676">
    <p class='ocr_par' dir='ltr' id='par_1_12' title="bbox 189 1601 3483 1676">
     <span class='ocr_line' id='line_1_12' title="bbox 189 1601 3483 1676; baseline -0.004 -7"><span class='ocrx_word' id='word_1_130' title='bbox 189 1613 498 1669; x_wconf 74' lang='lat' dir='ltr'><strong>exstitisset.</strong></span> <span class='ocrx_word' id='word_1_131' title='bbox 548 1611 790 1666; x_wconf 80' lang='lat' dir='ltr'><strong>Alteram</strong></span> <span class='ocrx_word' id='word_1_132' title='bbox 819 1624 1064 1667; x_wconf 79' lang='lat' dir='ltr'><strong>sororem</strong></span> <span class='ocrx_word' id='word_1_133' title='bbox 1098 1608 1289 1662; x_wconf 86' lang='lat' dir='ltr'><strong>habuit</strong></span> <span class='ocrx_word' id='word_1_134' title='bbox 1310 1603 1609 1676; x_wconf 72' lang='lat' dir='ltr'><strong>Olympias,</strong></span> <span class='ocrx_word' id='word_1_135' title='bbox 1642 1614 1704 1660; x_wconf 92' lang='lat' dir='ltr'><strong>ut</strong></span> <span class='ocrx_word' id='word_1_136' title='bbox 1737 1622 1803 1660; x_wconf 81' lang='lat' dir='ltr'><strong>ex</strong></span> <span class='ocrx_word' id='word_1_137' title='bbox 1833 1603 2163 1659; x_wconf 81' lang='lat' dir='ltr'><strong>Nazianzcni</strong></span> <span class='ocrx_word' id='word_1_138' title='bbox 2201 1603 2433 1673; x_wconf 84' lang='lat' dir='ltr'><strong>epistola</strong></span> <span class='ocrx_word' id='word_1_139' title='bbox 2460 1604 2528 1658; x_wconf 90' lang='lat' dir='ltr'><strong>ad</strong></span> <span class='ocrx_word' id='word_1_140' title='bbox 2554 1604 2820 1674; x_wconf 79' lang='lat' dir='ltr'><strong>Anysium</strong></span> <span class='ocrx_word' id='word_1_141' title='bbox 2850 1610 3061 1672; x_wconf 85' lang='lat' dir='ltr'><strong>patrem</strong></span> <span class='ocrx_word' id='word_1_142' title='bbox 3097 1609 3268 1673; x_wconf 87' lang='lat' dir='ltr'><strong>patet,</strong></span> <span class='ocrx_word' id='word_1_143' title='bbox 3301 1601 3483 1670; x_wconf 84' lang='lat' dir='ltr'><strong>cujus.</strong></span> 
     </span>
    </p>
   </div>
   <div class='ocr_carea' id='block_1_13' title="bbox 195 1715 1831 1794">
    <p class='ocr_par' dir='ltr' id='par_1_13' title="bbox 195 1721 1831 1794">
     <span class='ocr_line' id='line_1_13' title="bbox 195 1721 1831 1794; baseline -0.007 -6"><span class='ocrx_word' id='word_1_144' title='bbox 195 1730 422 1794; x_wconf 75' lang='lat' dir='ltr'><strong>initium,</strong></span> <span class='ocrx_word' id='word_1_145' title='bbox 467 1726 601 1780; x_wconf 83' lang='grc' dir='ltr'><strong>Ἰδοὺ</strong></span> <span class='ocrx_word' id='word_1_146' title='bbox 656 1724 749 1778; x_wconf 70' lang='grc' dir='ltr'><strong>καὶ</strong></span> <span class='ocrx_word' id='word_1_147' title='bbox 776 1724 1029 1794; x_wconf 80' lang='grc' dir='ltr'><strong>δεύτερός</strong></span> <span class='ocrx_word' id='word_1_148' title='bbox 1069 1740 1152 1775; x_wconf 87' lang='grc' dir='ltr'><strong>σοι</strong></span> <span class='ocrx_word' id='word_1_149' title='bbox 1206 1721 1455 1793; x_wconf 74' lang='grc' dir='ltr'><strong>γαμὸρός</strong></span> <span class='ocrx_word' id='word_1_150' title='bbox 1487 1763 1501 1789; x_wconf 89' lang='grc'><em>,</em></span> <span class='ocrx_word' id='word_1_151' title='bbox 1538 1731 1592 1777; x_wconf 87' lang='lat' dir='ltr'><strong>et</strong></span> <span class='ocrx_word' id='word_1_152' title='bbox 1628 1722 1681 1776; x_wconf 88' lang='lat' dir='ltr'><strong>in</strong></span> <span class='ocrx_word' id='word_1_153' title='bbox 1713 1729 1831 1777; x_wconf 80' lang='lat' dir='ltr'><strong>tene</strong></span> 
     </span>
    </p>
   </div>
   <div class='ocr_carea' id='block_1_14' title="bbox 1816 1715 3452 1794">
    <p class='ocr_par' dir='ltr' id='par_1_14' title="bbox 1816 1715 3452 1778">
     <span class='ocr_line' id='line_1_14' title="bbox 1816 1715 3452 1778; baseline -0.004 -1"><span class='ocrx_word' id='word_1_154' title='bbox 1816 1736 1899 1777; x_wconf 77' lang='lat' dir='ltr'><strong>era</strong></span> <span class='ocrx_word' id='word_1_155' title='bbox 1930 1729 2091 1777; x_wconf 76' lang='lat' dir='ltr'><strong>actate</strong></span> <span class='ocrx_word' id='word_1_156' title='bbox 2122 1721 2414 1776; x_wconf 90' lang='lat' dir='ltr'><strong>rcctricem</strong></span> <span class='ocrx_word' id='word_1_157' title='bbox 2444 1729 2499 1775; x_wconf 92' lang='lat' dir='ltr'><strong>et</strong></span> <span class='ocrx_word' id='word_1_158' title='bbox 2538 1719 2913 1776; x_wconf 89' lang='lat' dir='ltr'><strong>formatricem</strong></span> <span class='ocrx_word' id='word_1_159' title='bbox 2945 1734 3161 1778; x_wconf 90' lang='lat' dir='ltr'><strong>morum</strong></span> <span class='ocrx_word' id='word_1_160' title='bbox 3195 1715 3452 1774; x_wconf 74' lang='lat' dir='ltr'><strong>Theodo-</strong></span> 
     </span>
    </p>
   </div>
   <div class='ocr_carea' id='block_1_15' title="bbox 193 1831 3452 1915">
    <p class='ocr_par' dir='ltr' id='par_1_15' title="bbox 193 1831 3452 1915">
     <span class='ocr_line' id='line_1_15' title="bbox 193 1831 3452 1915; baseline -0.004 -14"><span class='ocrx_word' id='word_1_161' title='bbox 193 1847 310 1915; x_wconf 81' lang='lat' dir='ltr'><strong>sim,</strong></span> <span class='ocrx_word' id='word_1_162' title='bbox 353 1842 538 1913; x_wconf 89' lang='lat' dir='ltr'><strong>magni</strong></span> <span class='ocrx_word' id='word_1_163' title='bbox 587 1837 957 1910; x_wconf 81' lang='lat' dir='ltr'><strong>Amphilochii</strong></span> <span class='ocrx_word' id='word_1_164' title='bbox 990 1851 1236 1893; x_wconf 88' lang='lat' dir='ltr'><strong>sororem</strong></span> <span class='ocrx_word' id='word_1_165' title='bbox 1269 1850 1606 1906; x_wconf 79' lang='lat' dir='ltr'><strong>germanam.</strong></span> <span class='ocrx_word' id='word_1_166' title='bbox 1631 1833 1864 1905; x_wconf 84' lang='lat' dir='ltr'><strong>Jamque</strong></span> <span class='ocrx_word' id='word_1_167' title='bbox 1898 1834 2103 1889; x_wconf 89' lang='lat' dir='ltr'><strong>nubilis</strong></span> <span class='ocrx_word' id='word_1_168' title='bbox 2134 1834 2402 1889; x_wconf 89' lang='lat' dir='ltr'><strong>collocata</strong></span> <span class='ocrx_word' id='word_1_169' title='bbox 2430 1844 2512 1888; x_wconf 89' lang='lat' dir='ltr'><strong>est</strong></span> <span class='ocrx_word' id='word_1_170' title='bbox 2539 1850 2569 1888; x_wconf 94' lang='lat' dir='ltr'><strong>a</strong></span> <span class='ocrx_word' id='word_1_171' title='bbox 2611 1843 2766 1903; x_wconf 86' lang='lat' dir='ltr'><strong>patre</strong></span> <span class='ocrx_word' id='word_1_172' title='bbox 2805 1833 2859 1888; x_wconf 85' lang='lat' dir='ltr'><strong>in</strong></span> <span class='ocrx_word' id='word_1_173' title='bbox 2898 1833 3311 1890; x_wconf 87' lang='lat' dir='ltr'><strong>matrimonium</strong></span> <span class='ocrx_word' id='word_1_174' title='bbox 3342 1831 3452 1889; x_wconf 81' lang='lat' dir='ltr'><strong>Nc-</strong></span> 
     </span>
    </p>
   </div>
   <div class='ocr_carea' id='block_1_16' title="bbox 198 1947 3466 2028">
    <p class='ocr_par' dir='ltr' id='par_1_16' title="bbox 198 1947 3466 2028">
     <span class='ocr_line' id='line_1_16' title="bbox 198 1947 3466 2028; baseline -0.004 -15"><span class='ocrx_word' id='word_1_175' title='bbox 198 1959 362 2015; x_wconf 88' lang='lat' dir='ltr'><strong>bridio</strong></span> <span class='ocrx_word' id='word_1_176' title='bbox 381 1975 448 2014; x_wconf 87' lang='lat' dir='ltr'><strong>ex</strong></span> <span class='ocrx_word' id='word_1_177' title='bbox 476 1954 769 2028; x_wconf 76' lang='lat' dir='ltr'><strong>praefectis.</strong></span> <span class='ocrx_word' id='word_1_178' title='bbox 793 1951 874 2006; x_wconf 81' lang='lat' dir='ltr'><strong>Ad</strong></span> <span class='ocrx_word' id='word_1_179' title='bbox 897 1967 1036 2021; x_wconf 85' lang='lat' dir='ltr'><strong>quas</strong></span> <span class='ocrx_word' id='word_1_180' title='bbox 1064 1951 1283 2020; x_wconf 88' lang='lat' dir='ltr'><strong>nuptias</strong></span> <span class='ocrx_word' id='word_1_181' title='bbox 1323 1950 1583 2005; x_wconf 90' lang='lat' dir='ltr'><strong>invitatus</strong></span> <span class='ocrx_word' id='word_1_182' title='bbox 1600 1948 2004 2015; x_wconf 82' lang='lat' dir='ltr'><strong>Nazianzenus,</strong></span> <span class='ocrx_word' id='word_1_183' title='bbox 2038 1950 2248 2019; x_wconf 81' lang='lat' dir='ltr'><strong>Anysio</strong></span> <span class='ocrx_word' id='word_1_184' title='bbox 2276 1965 2374 2019; x_wconf 73' lang='lat' dir='ltr'><strong>per</strong></span> <span class='ocrx_word' id='word_1_185' title='bbox 2395 1949 2706 2018; x_wconf 75' lang='lat' dir='ltr'><strong>epistolam,</strong></span> <span class='ocrx_word' id='word_1_186' title='bbox 2742 1949 2899 2019; x_wconf 84' lang='lat' dir='ltr'><strong>cujus</strong></span> <span class='ocrx_word' id='word_1_187' title='bbox 2924 1948 3163 2014; x_wconf 91' lang='lat' dir='ltr'><strong>initium,</strong></span> <span class='ocrx_word' id='word_1_188' title='bbox 3197 1947 3466 2002; x_wconf 76' lang='grc' dir='ltr'><strong>Αἰσθάνο-</strong></span> 
     </span>
    </p>
   </div>
   <div class='ocr_carea' id='block_1_17' title="bbox 198 2065 1834 2150">
    <p class='ocr_par' dir='ltr' id='par_1_17' title="bbox 198 2065 1834 2150">
     <span class='ocr_line' id='line_1_17' title="bbox 198 2065 1834 2150; baseline -0.009 -16"><span class='ocrx_word' id='word_1_189' title='bbox 198 2098 286 2150; x_wconf 73' lang='grc' dir='ltr'><strong>μαι</strong></span> <span class='ocrx_word' id='word_1_190' title='bbox 311 2079 418 2132; x_wconf 84' lang='grc' dir='ltr'><strong>τῶν</strong></span> <span class='ocrx_word' id='word_1_191' title='bbox 456 2072 841 2144; x_wconf 76' lang='grc' dir='ltr'><strong>ἐγκλημάτων,</strong></span> <span class='ocrx_word' id='word_1_192' title='bbox 871 2077 1000 2132; x_wconf 86' lang='lat' dir='ltr'><strong>etc.,</strong></span> <span class='ocrx_word' id='word_1_193' title='bbox 1042 2068 1283 2136; x_wconf 86' lang='lat' dir='ltr'><strong>seipsum</strong></span> <span class='ocrx_word' id='word_1_194' title='bbox 1322 2075 1570 2134; x_wconf 84' lang='lat' dir='ltr'><strong>excusat,</strong></span> <span class='ocrx_word' id='word_1_195' title='bbox 1600 2065 1834 2137; x_wconf 49' lang='lat' dir='ltr'><strong>podagril</strong></span> 
     </span>
    </p>
   </div>
   <div class='ocr_carea' id='block_1_18' title="bbox 1827 2065 3463 2150">
    <p class='ocr_par' dir='ltr' id='par_1_18' title="bbox 1831 2066 3463 2139">
     <span class='ocr_line' id='line_1_18' title="bbox 1831 2066 3463 2139; baseline 0.001 -17"><span class='ocrx_word' id='word_1_196' title='bbox 1831 2081 1956 2122; x_wconf 91' lang='lat' dir='ltr'><strong>cum</strong></span> <span class='ocrx_word' id='word_1_197' title='bbox 2010 2067 2220 2137; x_wconf 90' lang='lat' dir='ltr'><strong>nuptiis</strong></span> <span class='ocrx_word' id='word_1_198' title='bbox 2268 2067 2539 2124; x_wconf 89' lang='lat' dir='ltr'><strong>interesse</strong></span> <span class='ocrx_word' id='word_1_199' title='bbox 2566 2082 2746 2136; x_wconf 80' lang='lat' dir='ltr'><strong>neque</strong></span> <span class='ocrx_word' id='word_1_200' title='bbox 2774 2066 3063 2124; x_wconf 85' lang='lat' dir='ltr'><strong>commode</strong></span> <span class='ocrx_word' id='word_1_201' title='bbox 3101 2083 3264 2139; x_wconf 83' lang='lat' dir='ltr'><strong>posse</strong></span> <span class='ocrx_word' id='word_1_202' title='bbox 3284 2083 3463 2139; x_wconf 75' lang='lat' dir='ltr'><strong>nouae</strong></span> 
     </span>
    </p>
   </div>
   <div class='ocr_carea' id='block_1_19' title="bbox 195 2177 3461 2252">
    <p class='ocr_par' dir='ltr' id='par_1_19' title="bbox 195 2177 3461 2252">
     <span class='ocr_line' id='line_1_19' title="bbox 195 2177 3461 2252; baseline -0.003 -6"><span class='ocrx_word' id='word_1_203' title='bbox 195 2192 346 2252; x_wconf 86' lang='lat' dir='ltr'><strong>etiam</strong></span> <span class='ocrx_word' id='word_1_204' title='bbox 375 2188 574 2244; x_wconf 88' lang='lat' dir='ltr'><strong>decere</strong></span> <span class='ocrx_word' id='word_1_205' title='bbox 614 2203 626 2215; x_wconf 82' lang='grc' dir='ltr'><strong><em>ο</em></strong></span> <span class='ocrx_word' id='word_1_206' title='bbox 655 2196 878 2238; x_wconf 88' lang='lat' dir='ltr'><strong>carmen</strong></span> <span class='ocrx_word' id='word_1_207' title='bbox 904 2190 1084 2235; x_wconf 88' lang='lat' dir='ltr'><strong>tamen</strong></span> <span class='ocrx_word' id='word_1_208' title='bbox 1114 2179 1420 2250; x_wconf 84' lang='lat' dir='ltr'><strong>egregium,</strong></span> <span class='ocrx_word' id='word_1_209' title='bbox 1455 2179 1601 2248; x_wconf 92' lang='lat' dir='ltr'><strong>quod</strong></span> <span class='ocrx_word' id='word_1_210' title='bbox 1628 2189 1806 2235; x_wconf 79' lang='lat' dir='ltr'><strong>exstat</strong></span> <span class='ocrx_word' id='word_1_211' title='bbox 1830 2177 1988 2236; x_wconf 87' lang='lat' dir='ltr'><strong>Tom.</strong></span> <span class='ocrx_word' id='word_1_212' title='bbox 2019 2179 2073 2244; x_wconf 75' lang='lat'><strong>2,</strong></span> <span class='ocrx_word' id='word_1_213' title='bbox 2107 2195 2160 2248; x_wconf 91' lang='lat' dir='ltr'><strong>p.</strong></span> <span class='ocrx_word' id='word_1_214' title='bbox 2200 2179 2321 2240; x_wconf 74' lang='grc'><strong>152,</strong></span> <span class='ocrx_word' id='word_1_215' title='bbox 2359 2178 2538 2235; x_wconf 86' lang='lat' dir='ltr'><strong>Paris.</strong></span> <span class='ocrx_word' id='word_1_216' title='bbox 2570 2179 2865 2247; x_wconf 86' lang='lat' dir='ltr'><strong>Editiouis,</strong></span> <span class='ocrx_word' id='word_1_217' title='bbox 2894 2181 3332 2252; x_wconf 80' lang='lat' dir='ltr'><strong>epithalamium,</strong></span> <span class='ocrx_word' id='word_1_218' title='bbox 3361 2201 3461 2242; x_wconf 85' lang='lat' dir='ltr'><strong>seu</strong></span> 
     </span>
    </p>
   </div>
   <div class='ocr_carea' id='block_1_20' title="bbox 196 2297 3492 2378">
    <p class='ocr_par' dir='ltr' id='par_1_20' title="bbox 196 2297 3492 2378">
     <span class='ocr_line' id='line_1_20' title="bbox 196 2297 3492 2378; baseline -0.002 -16"><span class='ocrx_word' id='word_1_219' title='bbox 196 2309 362 2378; x_wconf 86' lang='lat' dir='ltr'><strong>potius</strong></span> <span class='ocrx_word' id='word_1_220' title='bbox 390 2302 778 2377; x_wconf 62' lang='lat' dir='ltr'><strong>paraneticum</strong></span> <span class='ocrx_word' id='word_1_221' title='bbox 808 2300 874 2354; x_wconf 89' lang='lat' dir='ltr'><strong>ad</strong></span> <span class='ocrx_word' id='word_1_222' title='bbox 908 2314 1106 2354; x_wconf 89' lang='lat' dir='ltr'><strong>novam</strong></span> <span class='ocrx_word' id='word_1_223' title='bbox 1132 2312 1392 2367; x_wconf 87' lang='lat' dir='ltr'><strong>sponsam</strong></span> <span class='ocrx_word' id='word_1_224' title='bbox 1417 2297 1586 2354; x_wconf 87' lang='lat' dir='ltr'><strong>misit.</strong></span> <span class='ocrx_word' id='word_1_225' title='bbox 1612 2297 1690 2352; x_wconf 79' lang='lat' dir='ltr'><strong>Ex</strong></span> <span class='ocrx_word' id='word_1_226' title='bbox 1717 2315 1826 2369; x_wconf 90' lang='lat' dir='ltr'><strong>quo</strong></span> <span class='ocrx_word' id='word_1_227' title='bbox 1849 2308 2075 2370; x_wconf 84' lang='lat' dir='ltr'><strong>apparet</strong></span> <span class='ocrx_word' id='word_1_228' title='bbox 2099 2299 2321 2370; x_wconf 86' lang='lat' dir='ltr'><strong>nuptias</strong></span> <span class='ocrx_word' id='word_1_229' title='bbox 2354 2300 2518 2356; x_wconf 84' lang='lat' dir='ltr'><strong>hasce</strong></span> <span class='ocrx_word' id='word_1_230' title='bbox 2552 2297 2856 2359; x_wconf 79' lang='lat' dir='ltr'><strong>celebratas</strong></span> <span class='ocrx_word' id='word_1_231' title='bbox 2878 2299 3054 2360; x_wconf 90' lang='lat' dir='ltr'><strong>fuisse</strong></span> <span class='ocrx_word' id='word_1_232' title='bbox 3098 2310 3225 2360; x_wconf 88' lang='lat' dir='ltr'><strong>ante</strong></span> <span class='ocrx_word' id='word_1_233' title='bbox 3254 2302 3492 2371; x_wconf 60' lang='lat' dir='ltr'><strong>finitum</strong></span> 
     </span>
    </p>
   </div>
   <div class='ocr_carea' id='block_1_21' title="bbox 200 2415 3476 2490">
    <p class='ocr_par' dir='ltr' id='par_1_21' title="bbox 200 2415 3476 2490">
     <span class='ocr_line' id='line_1_21' title="bbox 200 2415 3476 2490; baseline -0.004 -11"><span class='ocrx_word' id='word_1_234' title='bbox 200 2423 478 2480; x_wconf 88' lang='lat' dir='ltr'><strong>concilium</strong></span> <span class='ocrx_word' id='word_1_235' title='bbox 542 2415 1252 2486; x_wconf 84' lang='lat' dir='ltr'><strong>Constantinopolitanum,</strong></span> <span class='ocrx_word' id='word_1_236' title='bbox 1323 2427 1434 2483; x_wconf 90' lang='lat' dir='ltr'><strong>quo</strong></span> <span class='ocrx_word' id='word_1_237' title='bbox 1505 2422 1751 2484; x_wconf 87' lang='lat' dir='ltr'><strong>tempore</strong></span> <span class='ocrx_word' id='word_1_238' title='bbox 1822 2415 2014 2471; x_wconf 88' lang='lat' dir='ltr'><strong>relicto</strong></span> <span class='ocrx_word' id='word_1_239' title='bbox 2080 2417 2405 2486; x_wconf 80' lang='lat' dir='ltr'><strong>episcopatu</strong></span> <span class='ocrx_word' id='word_1_240' title='bbox 2474 2417 2529 2471; x_wconf 91' lang='lat' dir='ltr'><strong>in</strong></span> <span class='ocrx_word' id='word_1_241' title='bbox 2601 2418 3004 2490; x_wconf 70' lang='lat' dir='ltr'><strong>Cappadociam</strong></span> <span class='ocrx_word' id='word_1_242' title='bbox 3059 2421 3286 2477; x_wconf 68' lang='lat' dir='ltr'><strong>secessit</strong></span> <span class='ocrx_word' id='word_1_243' title='bbox 3340 2420 3476 2478; x_wconf 65' lang='lat' dir='ltr'><strong>cm-</strong></span> 
     </span>
    </p>
   </div>
   <div class='ocr_carea' id='block_1_22' title="bbox 198 2535 3494 2620">
    <p class='ocr_par' dir='ltr' id='par_1_22' title="bbox 198 2535 3494 2620">
     <span class='ocr_line' id='line_1_22' title="bbox 198 2535 3494 2620; baseline -0.002 -19"><span class='ocrx_word' id='word_1_244' title='bbox 198 2547 495 2620; x_wconf 82' lang='lat' dir='ltr'><strong>goriuszet</strong></span> <span class='ocrx_word' id='word_1_245' title='bbox 563 2542 798 2599; x_wconf 82' lang='lat' dir='ltr'><strong>fortasse</strong></span> <span class='ocrx_word' id='word_1_246' title='bbox 864 2539 982 2610; x_wconf 90' lang='lat' dir='ltr'><strong>ipso</strong></span> <span class='ocrx_word' id='word_1_247' title='bbox 1045 2535 1263 2593; x_wconf 85' lang='lat' dir='ltr'><strong>concilii</strong></span> <span class='ocrx_word' id='word_1_248' title='bbox 1325 2546 1604 2606; x_wconf 89' lang='lat' dir='ltr'><strong>tempore,</strong></span> <span class='ocrx_word' id='word_1_249' title='bbox 1645 2538 1748 2592; x_wconf 88' lang='lat' dir='ltr'><strong>hoc</strong></span> <span class='ocrx_word' id='word_1_250' title='bbox 1807 2546 1890 2593; x_wconf 91' lang='lat' dir='ltr'><strong>est</strong></span> <span class='ocrx_word' id='word_1_251' title='bbox 1955 2552 2102 2591; x_wconf 85' lang='lat' dir='ltr'><strong>anno</strong></span> <span class='ocrx_word' id='word_1_252' title='bbox 2163 2537 2264 2591; x_wconf 73' lang='lat'><strong>381</strong></span> <span class='ocrx_word' id='word_1_253' title='bbox 2304 2577 2321 2604; x_wconf 85' lang='lat'><strong>,</strong></span> <span class='ocrx_word' id='word_1_254' title='bbox 2384 2537 2710 2594; x_wconf 85' lang='lat' dir='ltr'><strong>consulibus</strong></span> <span class='ocrx_word' id='word_1_255' title='bbox 2789 2537 3006 2609; x_wconf 85' lang='lat' dir='ltr'><strong>Siagrio</strong></span> <span class='ocrx_word' id='word_1_256' title='bbox 3068 2548 3125 2594; x_wconf 89' lang='lat' dir='ltr'><strong>et</strong></span> <span class='ocrx_word' id='word_1_257' title='bbox 3175 2535 3494 2613; x_wconf 36' lang='lat' dir='ltr'><strong>Eucherio,</strong></span> 
     </span>
    </p>
   </div>
   <div class='ocr_carea' id='block_1_23' title="bbox 199 2651 1835 2729">
    <p class='ocr_par' dir='ltr' id='par_1_23' title="bbox 199 2651 1828 2729">
     <span class='ocr_line' id='line_1_23' title="bbox 199 2651 1828 2729; baseline -0.006 -16"><span class='ocrx_word' id='word_1_258' title='bbox 199 2659 330 2729; x_wconf 80' lang='lat' dir='ltr'><strong>quod</strong></span> <span class='ocrx_word' id='word_1_259' title='bbox 360 2656 571 2728; x_wconf 89' lang='lat' dir='ltr'><strong>nuptiis</strong></span> <span class='ocrx_word' id='word_1_260' title='bbox 615 2654 722 2711; x_wconf 89' lang='lat' dir='ltr'><strong>illis</strong></span> <span class='ocrx_word' id='word_1_261' title='bbox 757 2651 1079 2709; x_wconf 89' lang='lat' dir='ltr'><strong>interfuisse</strong></span> <span class='ocrx_word' id='word_1_262' title='bbox 1116 2654 1324 2708; x_wconf 85' lang='lat' dir='ltr'><strong>scribat</strong></span> <span class='ocrx_word' id='word_1_263' title='bbox 1355 2651 1658 2720; x_wconf 76' lang='lat' dir='ltr'><strong>Gregorius</strong></span> <span class='ocrx_word' id='word_1_264' title='bbox 1704 2667 1828 2721; x_wconf 88' lang='lat' dir='ltr'><strong>mag</strong></span> 
     </span>
    </p>
   </div>
   <div class='ocr_carea' id='block_1_24' title="bbox 1832 2651 3468 2729">
    <p class='ocr_par' dir='ltr' id='par_1_24' title="bbox 1836 2651 3468 2724">
     <span class='ocr_line' id='line_1_24' title="bbox 1836 2651 3468 2724; baseline 0.001 -19"><span class='ocrx_word' id='word_1_265' title='bbox 1836 2667 1970 2707; x_wconf 90' lang='lat' dir='ltr'><strong>num</strong></span> <span class='ocrx_word' id='word_1_266' title='bbox 2023 2651 2415 2721; x_wconf 87' lang='lat' dir='ltr'><strong>episcoporum</strong></span> <span class='ocrx_word' id='word_1_267' title='bbox 2463 2667 2782 2719; x_wconf 90' lang='lat' dir='ltr'><strong>numerum,</strong></span> <span class='ocrx_word' id='word_1_268' title='bbox 2815 2651 2911 2706; x_wconf 81' lang='grc' dir='ltr'><strong>καὶ</strong></span> <span class='ocrx_word' id='word_1_269' title='bbox 2938 2651 3126 2724; x_wconf 80' lang='grc' dir='ltr'><strong>παρῆν</strong></span> <span class='ocrx_word' id='word_1_270' title='bbox 3148 2651 3468 2707; x_wconf 72' lang='grc' dir='ltr'><strong>ἐπισκόπων</strong></span> 
     </span>
    </p>
   </div>
   <div class='ocr_carea' id='block_1_25' title="bbox 199 2771 3454 2845">
    <p class='ocr_par' dir='ltr' id='par_1_25' title="bbox 199 2771 3454 2845">
     <span class='ocr_line' id='line_1_25' title="bbox 199 2771 3454 2845; baseline 0.002 -18"><span class='ocrx_word' id='word_1_271' title='bbox 199 2775 390 2844; x_wconf 82' lang='grc' dir='ltr'><strong>ὅμιλος,</strong></span> <span class='ocrx_word' id='word_1_272' title='bbox 419 2788 563 2845; x_wconf 90' lang='lat' dir='ltr'><strong>quos</strong></span> <span class='ocrx_word' id='word_1_273' title='bbox 592 2788 690 2844; x_wconf 91' lang='lat' dir='ltr'><strong>per</strong></span> <span class='ocrx_word' id='word_1_274' title='bbox 738 2771 1085 2828; x_wconf 90' lang='lat' dir='ltr'><strong>occasionem</strong></span> <span class='ocrx_word' id='word_1_275' title='bbox 1135 2772 1354 2828; x_wconf 91' lang='lat' dir='ltr'><strong>concilii</strong></span> <span class='ocrx_word' id='word_1_276' title='bbox 1392 2772 1448 2826; x_wconf 90' lang='lat' dir='ltr'><strong>in</strong></span> <span class='ocrx_word' id='word_1_277' title='bbox 1494 2773 1701 2842; x_wconf 86' lang='lat' dir='ltr'><strong>regiam</strong></span> <span class='ocrx_word' id='word_1_278' title='bbox 1747 2773 1940 2828; x_wconf 89' lang='lat' dir='ltr'><strong>urbem</strong></span> <span class='ocrx_word' id='word_1_279' title='bbox 1991 2771 2324 2827; x_wconf 76' lang='lat' dir='ltr'><strong>confluxisse</strong></span> <span class='ocrx_word' id='word_1_280' title='bbox 2377 2789 2473 2842; x_wconf 93' lang='lat' dir='ltr'><strong>par</strong></span> <span class='ocrx_word' id='word_1_281' title='bbox 2504 2783 2643 2828; x_wconf 87' lang='lat' dir='ltr'><strong>erat.</strong></span> <span class='ocrx_word' id='word_1_282' title='bbox 2697 2774 2755 2828; x_wconf 91' lang='lat' dir='ltr'><strong>In</strong></span> <span class='ocrx_word' id='word_1_283' title='bbox 2790 2774 2894 2830; x_wconf 89' lang='lat' dir='ltr'><strong>hoc</strong></span> <span class='ocrx_word' id='word_1_284' title='bbox 2929 2773 3284 2830; x_wconf 88' lang='lat' dir='ltr'><strong>matrimonio</strong></span> <span class='ocrx_word' id='word_1_285' title='bbox 3312 2774 3454 2834; x_wconf 85' lang='lat' dir='ltr'><strong>vixit</strong></span> 
     </span>
    </p>
   </div>
   <div class='ocr_carea' id='block_1_26' title="bbox 202 2883 3492 2960">
    <p class='ocr_par' dir='ltr' id='par_1_26' title="bbox 202 2883 3492 2960">
     <span class='ocr_line' id='line_1_26' title="bbox 202 2883 3492 2960; baseline 0 -16"><span class='ocrx_word' id='word_1_286' title='bbox 202 2903 399 2946; x_wconf 81' lang='lat' dir='ltr'><strong>menses</strong></span> <span class='ocrx_word' id='word_1_287' title='bbox 440 2887 657 2960; x_wconf 79' lang='lat' dir='ltr'><strong>viginti,</strong></span> <span class='ocrx_word' id='word_1_288' title='bbox 715 2885 766 2940; x_wconf 86' lang='lat' dir='ltr'><strong>id</strong></span> <span class='ocrx_word' id='word_1_289' title='bbox 801 2893 885 2941; x_wconf 90' lang='lat' dir='ltr'><strong>est</strong></span> <span class='ocrx_word' id='word_1_290' title='bbox 915 2926 928 2951; x_wconf 91' lang='lat'><strong>,</strong></span> <span class='ocrx_word' id='word_1_291' title='bbox 963 2900 1139 2954; x_wconf 86' lang='lat' dir='ltr'><strong>usque</strong></span> <span class='ocrx_word' id='word_1_292' title='bbox 1188 2883 1256 2940; x_wconf 88' lang='lat' dir='ltr'><strong>ad</strong></span> <span class='ocrx_word' id='word_1_293' title='bbox 1289 2899 1495 2939; x_wconf 89' lang='lat' dir='ltr'><strong>annum</strong></span> <span class='ocrx_word' id='word_1_294' title='bbox 1539 2884 1667 2950; x_wconf 77' lang='lat'><strong>383,</strong></span> <span class='ocrx_word' id='word_1_295' title='bbox 1725 2901 1838 2954; x_wconf 76' lang='lat' dir='ltr'><strong>qua</strong></span> <span class='ocrx_word' id='word_1_296' title='bbox 1897 2884 2007 2939; x_wconf 89' lang='lat' dir='ltr'><strong>vita</strong></span> <span class='ocrx_word' id='word_1_297' title='bbox 2073 2887 2296 2940; x_wconf 83' lang='lat' dir='ltr'><strong>functus</strong></span> <span class='ocrx_word' id='word_1_298' title='bbox 2342 2894 2428 2942; x_wconf 85' lang='lat' dir='ltr'><strong>est</strong></span> <span class='ocrx_word' id='word_1_299' title='bbox 2481 2883 2796 2942; x_wconf 80' lang='lat' dir='ltr'><strong>Nebridius.</strong></span> <span class='ocrx_word' id='word_1_300' title='bbox 2830 2885 2887 2942; x_wconf 84' lang='lat' dir='ltr'><strong>In</strong></span> <span class='ocrx_word' id='word_1_301' title='bbox 2934 2886 3052 2957; x_wconf 91' lang='lat' dir='ltr'><strong>ipso</strong></span> <span class='ocrx_word' id='word_1_302' title='bbox 3082 2887 3271 2958; x_wconf 84' lang='lat' dir='ltr'><strong>itaque</strong></span> <span class='ocrx_word' id='word_1_303' title='bbox 3292 2891 3492 2954; x_wconf 53' lang='lat' dir='ltr'><strong>aetatis</strong></span> 
     </span>
    </p>
   </div>
   <div class='ocr_carea' id='block_1_27' title="bbox 201 3003 3470 3080">
    <p class='ocr_par' dir='ltr' id='par_1_27' title="bbox 201 3003 3470 3080">
     <span class='ocr_line' id='line_1_27' title="bbox 201 3003 3470 3080; baseline 0 -17"><span class='ocrx_word' id='word_1_304' title='bbox 201 3007 318 3070; x_wconf 72' lang='lat' dir='ltr'><strong>ﬂore</strong></span> <span class='ocrx_word' id='word_1_305' title='bbox 338 3008 390 3064; x_wconf 90' lang='lat' dir='ltr'><strong>in</strong></span> <span class='ocrx_word' id='word_1_306' title='bbox 423 3022 617 3078; x_wconf 86' lang='lat' dir='ltr'><strong>magna</strong></span> <span class='ocrx_word' id='word_1_307' title='bbox 653 3021 836 3061; x_wconf 89' lang='lat' dir='ltr'><strong>rerum</strong></span> <span class='ocrx_word' id='word_1_308' title='bbox 868 3005 1120 3062; x_wconf 86' lang='lat' dir='ltr'><strong>omnium</strong></span> <span class='ocrx_word' id='word_1_309' title='bbox 1143 3005 1301 3074; x_wconf 88' lang='lat' dir='ltr'><strong>copia</strong></span> <span class='ocrx_word' id='word_1_310' title='bbox 1325 3013 1380 3060; x_wconf 88' lang='lat' dir='ltr'><strong>et</strong></span> <span class='ocrx_word' id='word_1_311' title='bbox 1412 3005 1690 3059; x_wconf 84' lang='lat' dir='ltr'><strong>atlluentia</strong></span> <span class='ocrx_word' id='word_1_312' title='bbox 1716 3005 1914 3058; x_wconf 89' lang='lat' dir='ltr'><strong>marito</strong></span> <span class='ocrx_word' id='word_1_313' title='bbox 1946 3003 2193 3070; x_wconf 85' lang='lat' dir='ltr'><strong>viduata,</strong></span> <span class='ocrx_word' id='word_1_314' title='bbox 2243 3005 2297 3059; x_wconf 91' lang='lat' dir='ltr'><strong>in</strong></span> <span class='ocrx_word' id='word_1_315' title='bbox 2326 3005 2518 3059; x_wconf 88' lang='lat' dir='ltr'><strong>eodem</strong></span> <span class='ocrx_word' id='word_1_316' title='bbox 2550 3015 2829 3077; x_wconf 78' lang='lat' dir='ltr'><strong>perpetua:</strong></span> <span class='ocrx_word' id='word_1_317' title='bbox 2870 3005 3156 3067; x_wconf 73' lang='lat' dir='ltr'><strong>viduitatis</strong></span> <span class='ocrx_word' id='word_1_318' title='bbox 3181 3009 3470 3080; x_wconf 87' lang='lat' dir='ltr'><strong>proposito</strong></span> 
     </span>
    </p>
   </div>
   <div class='ocr_carea' id='block_1_28' title="bbox 202 3126 3475 3202">
    <p class='ocr_par' dir='ltr' id='par_1_28' title="bbox 202 3126 3475 3202">
     <span class='ocr_line' id='line_1_28' title="bbox 202 3126 3475 3202; baseline -0.001 -17"><span class='ocrx_word' id='word_1_319' title='bbox 202 3145 356 3202; x_wconf 80' lang='lat' dir='ltr'><strong>usque</strong></span> <span class='ocrx_word' id='word_1_320' title='bbox 378 3129 445 3185; x_wconf 91' lang='lat' dir='ltr'><strong>ad</strong></span> <span class='ocrx_word' id='word_1_321' title='bbox 481 3139 715 3184; x_wconf 86' lang='lat' dir='ltr'><strong>mortem</strong></span> <span class='ocrx_word' id='word_1_322' title='bbox 746 3126 1198 3183; x_wconf 83' lang='lat' dir='ltr'><strong>constantissime</strong></span> <span class='ocrx_word' id='word_1_323' title='bbox 1240 3127 1609 3195; x_wconf 81' lang='lat' dir='ltr'><strong>perseveravit</strong></span> <span class='ocrx_word' id='word_1_324' title='bbox 1645 3148 1656 3183; x_wconf 90' lang='lat'><strong>:</strong></span> <span class='ocrx_word' id='word_1_325' title='bbox 1691 3143 1870 3199; x_wconf 87' lang='lat' dir='ltr'><strong>neque</strong></span> <span class='ocrx_word' id='word_1_326' title='bbox 1918 3129 2176 3200; x_wconf 84' lang='lat' dir='ltr'><strong>precibus</strong></span> <span class='ocrx_word' id='word_1_327' title='bbox 2207 3137 2303 3185; x_wconf 90' lang='lat' dir='ltr'><strong>aut</strong></span> <span class='ocrx_word' id='word_1_328' title='bbox 2345 3129 2511 3184; x_wconf 92' lang='lat' dir='ltr'><strong>minis</strong></span> <span class='ocrx_word' id='word_1_329' title='bbox 2560 3127 2860 3184; x_wconf 84' lang='lat' dir='ltr'><strong>Theodosii</strong></span> <span class='ocrx_word' id='word_1_330' title='bbox 2895 3126 3081 3199; x_wconf 75' lang='lat' dir='ltr'><strong>Magni</strong></span> <span class='ocrx_word' id='word_1_331' title='bbox 3114 3127 3475 3197; x_wconf 83' lang='lat' dir='ltr'><strong>imperatoris</strong></span> 
     </span>
    </p>
   </div>
   <div class='ocr_carea' id='block_1_29' title="bbox 203 3247 3474 3327">
    <p class='ocr_par' dir='ltr' id='par_1_29' title="bbox 203 3247 3474 3327">
     <span class='ocr_line' id='line_1_29' title="bbox 203 3247 3474 3327; baseline -0.003 -19"><span class='ocrx_word' id='word_1_332' title='bbox 203 3251 449 3308; x_wconf 86' lang='lat' dir='ltr'><strong>dimoveri</strong></span> <span class='ocrx_word' id='word_1_333' title='bbox 498 3250 697 3327; x_wconf 86' lang='lat' dir='ltr'><strong>potuit,</strong></span> <span class='ocrx_word' id='word_1_334' title='bbox 739 3251 831 3322; x_wconf 88' lang='lat' dir='ltr'><strong>qui</strong></span> <span class='ocrx_word' id='word_1_335' title='bbox 890 3263 1013 3304; x_wconf 88' lang='lat' dir='ltr'><strong>eam</strong></span> <span class='ocrx_word' id='word_1_336' title='bbox 1059 3248 1258 3313; x_wconf 85' lang='lat' dir='ltr'><strong>forma,</strong></span> <span class='ocrx_word' id='word_1_337' title='bbox 1287 3248 1486 3318; x_wconf 82' lang='lat' dir='ltr'><strong>Opibus</strong></span> <span class='ocrx_word' id='word_1_338' title='bbox 1518 3289 1535 3312; x_wconf 88' lang='lat'><strong>,</strong></span> <span class='ocrx_word' id='word_1_339' title='bbox 1568 3249 1813 3305; x_wconf 89' lang='lat' dir='ltr'><strong>omnium</strong></span> <span class='ocrx_word' id='word_1_340' title='bbox 1865 3251 2127 3305; x_wconf 89' lang='lat' dir='ltr'><strong>virtutum</strong></span> <span class='ocrx_word' id='word_1_341' title='bbox 2185 3251 2496 3306; x_wconf 86' lang='lat' dir='ltr'><strong>decoratam</strong></span> <span class='ocrx_word' id='word_1_342' title='bbox 2544 3262 2749 3304; x_wconf 81' lang='lat' dir='ltr'><strong>corona</strong></span> <span class='ocrx_word' id='word_1_343' title='bbox 2779 3289 2794 3315; x_wconf 93' lang='lat'><strong>,</strong></span> <span class='ocrx_word' id='word_1_344' title='bbox 2832 3247 3050 3318; x_wconf 86' lang='lat' dir='ltr'><strong>Elpidio</strong></span> <span class='ocrx_word' id='word_1_345' title='bbox 3086 3253 3318 3318; x_wconf 88' lang='lat' dir='ltr'><strong>cognato</strong></span> <span class='ocrx_word' id='word_1_346' title='bbox 3347 3258 3474 3309; x_wconf 83' lang='lat' dir='ltr'><strong>suo,</strong></span> 
     </span>
    </p>
   </div>
   <div class='ocr_carea' id='block_1_30' title="bbox 204 3360 3476 3438">
    <p class='ocr_par' dir='ltr' id='par_1_30' title="bbox 204 3360 3476 3438">
     <span class='ocr_line' id='line_1_30' title="bbox 204 3360 3476 3438; baseline -0.001 -18"><span class='ocrx_word' id='word_1_347' title='bbox 204 3367 394 3425; x_wconf 89' lang='lat' dir='ltr'><strong>homini</strong></span> <span class='ocrx_word' id='word_1_348' title='bbox 427 3367 697 3438; x_wconf 80' lang='lat' dir='ltr'><strong>Hispano,</strong></span> <span class='ocrx_word' id='word_1_349' title='bbox 737 3382 951 3423; x_wconf 88' lang='lat' dir='ltr'><strong>summa</strong></span> <span class='ocrx_word' id='word_1_350' title='bbox 987 3366 1036 3420; x_wconf 88' lang='lat' dir='ltr'><strong>vi</strong></span> <span class='ocrx_word' id='word_1_351' title='bbox 1067 3365 1406 3435; x_wconf 88' lang='lat' dir='ltr'><strong>despondere</strong></span> <span class='ocrx_word' id='word_1_352' title='bbox 1427 3363 1722 3421; x_wconf 82' lang='lat' dir='ltr'><strong>ambiebat.</strong></span> <span class='ocrx_word' id='word_1_353' title='bbox 1751 3365 1873 3431; x_wconf 88' lang='lat' dir='ltr'><strong>Qua</strong></span> <span class='ocrx_word' id='word_1_354' title='bbox 1900 3366 2122 3435; x_wconf 86' lang='lat' dir='ltr'><strong>repulsa</strong></span> <span class='ocrx_word' id='word_1_355' title='bbox 2146 3365 2388 3420; x_wconf 72' lang='lat' dir='ltr'><strong>offensus</strong></span> <span class='ocrx_word' id='word_1_356' title='bbox 2417 3364 2723 3434; x_wconf 80' lang='lat' dir='ltr'><strong>Imperator</strong></span> <span class='ocrx_word' id='word_1_357' title='bbox 2754 3403 2770 3428; x_wconf 90' lang='lat'><strong>,</strong></span> <span class='ocrx_word' id='word_1_358' title='bbox 2807 3371 3104 3435; x_wconf 87' lang='lat' dir='ltr'><strong>antequam</strong></span> <span class='ocrx_word' id='word_1_359' title='bbox 3131 3375 3327 3420; x_wconf 89' lang='lat' dir='ltr'><strong>contra</strong></span> <span class='ocrx_word' id='word_1_360' title='bbox 3361 3360 3476 3416; x_wconf 81' lang='lat' dir='ltr'><strong>Ma-</strong></span> 
     </span>
    </p>
   </div>
   <div class='ocr_carea' id='block_1_31' title="bbox 205 3481 3477 3558">
    <p class='ocr_par' dir='ltr' id='par_1_31' title="bbox 205 3481 3477 3558">
     <span class='ocr_line' id='line_1_31' title="bbox 205 3481 3477 3558; baseline -0.001 -18"><span class='ocrx_word' id='word_1_361' title='bbox 205 3483 392 3540; x_wconf 82' lang='lat' dir='ltr'><strong>ximum</strong></span> <span class='ocrx_word' id='word_1_362' title='bbox 427 3497 725 3558; x_wconf 81' lang='lat' dir='ltr'><strong>tyranuum</strong></span> <span class='ocrx_word' id='word_1_363' title='bbox 788 3484 1229 3555; x_wconf 81' lang='lat' dir='ltr'><strong>proficisceretur</strong></span> <span class='ocrx_word' id='word_1_364' title='bbox 1254 3523 1270 3550; x_wconf 92' lang='lat'><strong>,</strong></span> <span class='ocrx_word' id='word_1_365' title='bbox 1302 3481 1452 3552; x_wconf 91' lang='lat' dir='ltr'><strong>quod</strong></span> <span class='ocrx_word' id='word_1_366' title='bbox 1490 3497 1636 3538; x_wconf 88' lang='lat' dir='ltr'><strong>anno</strong></span> <span class='ocrx_word' id='word_1_367' title='bbox 1665 3482 1772 3537; x_wconf 79' lang='lat'><strong>388</strong></span> <span class='ocrx_word' id='word_1_368' title='bbox 1802 3483 2056 3552; x_wconf 89' lang='lat' dir='ltr'><strong>contigit,</strong></span> <span class='ocrx_word' id='word_1_369' title='bbox 2095 3483 2355 3553; x_wconf 87' lang='lat' dir='ltr'><strong>praefecto</strong></span> <span class='ocrx_word' id='word_1_370' title='bbox 2385 3481 2540 3538; x_wconf 88' lang='lat' dir='ltr'><strong>urbis</strong></span> <span class='ocrx_word' id='word_1_371' title='bbox 2594 3483 2896 3549; x_wconf 90' lang='lat' dir='ltr'><strong>mandavit,</strong></span> <span class='ocrx_word' id='word_1_372' title='bbox 2930 3493 2991 3538; x_wconf 90' lang='lat' dir='ltr'><strong>ut</strong></span> <span class='ocrx_word' id='word_1_373' title='bbox 3025 3482 3260 3553; x_wconf 69' lang='lat' dir='ltr'><strong>quaesito</strong></span> <span class='ocrx_word' id='word_1_374' title='bbox 3286 3481 3477 3551; x_wconf 88' lang='lat' dir='ltr'><strong>aliquo</strong></span> 
     </span>
    </p>
   </div>
   <div class='ocr_carea' id='block_1_32' title="bbox 205 3594 3465 3670">
    <p class='ocr_par' dir='ltr' id='par_1_32' title="bbox 205 3594 3465 3670">
     <span class='ocr_line' id='line_1_32' title="bbox 205 3594 3465 3670; baseline 0.001 -18"><span class='ocrx_word' id='word_1_375' title='bbox 205 3601 304 3669; x_wconf 71' lang='lat' dir='ltr'><strong>egi:</strong></span> <span class='ocrx_word' id='word_1_376' title='bbox 333 3601 536 3664; x_wconf 87' lang='lat' dir='ltr'><strong>colore,</strong></span> <span class='ocrx_word' id='word_1_377' title='bbox 575 3614 794 3654; x_wconf 88' lang='lat' dir='ltr'><strong>omnem</strong></span> <span class='ocrx_word' id='word_1_378' title='bbox 829 3596 948 3667; x_wconf 89' lang='lat' dir='ltr'><strong>ejus</strong></span> <span class='ocrx_word' id='word_1_379' title='bbox 987 3594 1354 3652; x_wconf 88' lang='lat' dir='ltr'><strong>substantiam</strong></span> <span class='ocrx_word' id='word_1_380' title='bbox 1381 3594 1708 3659; x_wconf 90' lang='lat' dir='ltr'><strong>custodiret,</strong></span> <span class='ocrx_word' id='word_1_381' title='bbox 1735 3610 2028 3666; x_wconf 85' lang='lat' dir='ltr'><strong>quousque</strong></span> <span class='ocrx_word' id='word_1_382' title='bbox 2081 3597 2429 3669; x_wconf 90' lang='lat' dir='ltr'><strong>trigesimum</strong></span> <span class='ocrx_word' id='word_1_383' title='bbox 2502 3599 2683 3656; x_wconf 69' lang='lat' dir='ltr'><strong>aetatis</strong></span> <span class='ocrx_word' id='word_1_384' title='bbox 2708 3598 2991 3670; x_wconf 86' lang='lat' dir='ltr'><strong>implesset</strong></span> <span class='ocrx_word' id='word_1_385' title='bbox 3020 3613 3253 3654; x_wconf 91' lang='lat' dir='ltr'><strong>annum.</strong></span> <span class='ocrx_word' id='word_1_386' title='bbox 3288 3597 3465 3665; x_wconf 90' lang='lat' dir='ltr'><strong>Quam</strong></span> 
     </span>
    </p>
   </div>
   <div class='ocr_carea' id='block_1_33' title="bbox 205 3709 3492 3787">
    <p class='ocr_par' dir='ltr' id='par_1_33' title="bbox 205 3709 3492 3787">
     <span class='ocr_line' id='line_1_33' title="bbox 205 3709 3492 3787; baseline 0.001 -19"><span class='ocrx_word' id='word_1_387' title='bbox 205 3712 283 3768; x_wconf 86' lang='lat' dir='ltr'><strong>illa</strong></span> <span class='ocrx_word' id='word_1_388' title='bbox 344 3711 691 3768; x_wconf 84' lang='lat' dir='ltr'><strong>fortunarum</strong></span> <span class='ocrx_word' id='word_1_389' title='bbox 733 3725 956 3766; x_wconf 86' lang='lat' dir='ltr'><strong>suarum</strong></span> <span class='ocrx_word' id='word_1_390' title='bbox 994 3709 1362 3780; x_wconf 88' lang='lat' dir='ltr'><strong>direptionem</strong></span> <span class='ocrx_word' id='word_1_391' title='bbox 1423 3713 1559 3764; x_wconf 89' lang='lat' dir='ltr'><strong>adeo</strong></span> <span class='ocrx_word' id='word_1_392' title='bbox 1608 3709 1847 3776; x_wconf 85' lang='lat' dir='ltr'><strong>excelso,</strong></span> <span class='ocrx_word' id='word_1_393' title='bbox 1871 3717 1926 3765; x_wconf 90' lang='lat' dir='ltr'><strong>et</strong></span> <span class='ocrx_word' id='word_1_394' title='bbox 1969 3725 2361 3779; x_wconf 57' lang='lat' dir='ltr'><strong>supra&#39;sexum</strong></span> <span class='ocrx_word' id='word_1_395' title='bbox 2399 3711 2542 3766; x_wconf 89' lang='lat' dir='ltr'><strong>virili</strong></span> <span class='ocrx_word' id='word_1_396' title='bbox 2565 3713 2754 3769; x_wconf 85' lang='lat' dir='ltr'><strong>animo</strong></span> <span class='ocrx_word' id='word_1_397' title='bbox 2805 3714 2995 3771; x_wconf 90' lang='lat' dir='ltr'><strong>tulisse</strong></span> <span class='ocrx_word' id='word_1_398' title='bbox 3029 3715 3385 3787; x_wconf 88' lang='lat' dir='ltr'><strong>perhibetur,</strong></span> <span class='ocrx_word' id='word_1_399' title='bbox 3420 3725 3492 3770; x_wconf 68' lang='lat' dir='ltr'><strong>ut</strong></span> 
     </span>
    </p>
   </div>
   <div class='ocr_carea' id='block_1_34' title="bbox 207 3829 3490 3903">
    <p class='ocr_par' dir='ltr' id='par_1_34' title="bbox 207 3829 3490 3903">
     <span class='ocr_line' id='line_1_34' title="bbox 207 3829 3490 3903; baseline -0 -15"><span class='ocrx_word' id='word_1_400' title='bbox 207 3834 354 3888; x_wconf 80' lang='lat' dir='ltr'><strong>etiam</strong></span> <span class='ocrx_word' id='word_1_401' title='bbox 395 3833 499 3889; x_wconf 84' lang='lat' dir='ltr'><strong>sibi</strong></span> <span class='ocrx_word' id='word_1_402' title='bbox 531 3833 682 3888; x_wconf 88' lang='lat' dir='ltr'><strong>illam</strong></span> <span class='ocrx_word' id='word_1_403' title='bbox 709 3831 778 3888; x_wconf 89' lang='lat' dir='ltr'><strong>ab</strong></span> <span class='ocrx_word' id='word_1_404' title='bbox 810 3829 1146 3902; x_wconf 83' lang='lat' dir='ltr'><strong>imperatore</strong></span> <span class='ocrx_word' id='word_1_405' title='bbox 1173 3831 1380 3886; x_wconf 87' lang='lat' dir='ltr'><strong>illatam</strong></span> <span class='ocrx_word' id='word_1_406' title='bbox 1427 3831 1688 3902; x_wconf 89' lang='lat' dir='ltr'><strong>injuriam</strong></span> <span class='ocrx_word' id='word_1_407' title='bbox 1717 3840 1930 3903; x_wconf 87' lang='lat' dir='ltr'><strong>gratam</strong></span> <span class='ocrx_word' id='word_1_408' title='bbox 1959 3831 2220 3888; x_wconf 87' lang='lat' dir='ltr'><strong>habuisse</strong></span> <span class='ocrx_word' id='word_1_409' title='bbox 2276 3833 2579 3897; x_wconf 87' lang='lat' dir='ltr'><strong>videretur,</strong></span> <span class='ocrx_word' id='word_1_410' title='bbox 2608 3833 2662 3888; x_wconf 92' lang='lat' dir='ltr'><strong>in</strong></span> <span class='ocrx_word' id='word_1_411' title='bbox 2692 3836 2908 3896; x_wconf 88' lang='lat' dir='ltr'><strong>eodem,</strong></span> <span class='ocrx_word' id='word_1_412' title='bbox 2939 3842 3000 3888; x_wconf 92' lang='lat' dir='ltr'><strong>ut</strong></span> <span class='ocrx_word' id='word_1_413' title='bbox 3026 3832 3165 3899; x_wconf 84' lang='lat' dir='ltr'><strong>dixi,</strong></span> <span class='ocrx_word' id='word_1_414' title='bbox 3196 3832 3490 3890; x_wconf 81' lang='lat' dir='ltr'><strong>viduitatis</strong></span> 
     </span>
    </p>
   </div>
   <div class='ocr_carea' id='block_1_35' title="bbox 207 3947 3481 4022">
    <p class='ocr_par' dir='ltr' id='par_1_35' title="bbox 207 3947 3481 4022">
     <span class='ocr_line' id='line_1_35' title="bbox 207 3947 3481 4022; baseline -0.002 -11"><span class='ocrx_word' id='word_1_415' title='bbox 207 3959 380 4011; x_wconf 77' lang='lat' dir='ltr'><strong>tenore</strong></span> <span class='ocrx_word' id='word_1_416' title='bbox 410 3965 760 4022; x_wconf 89' lang='lat' dir='ltr'><strong>permanens.</strong></span> <span class='ocrx_word' id='word_1_417' title='bbox 791 3947 929 4005; x_wconf 83' lang='lat' dir='ltr'><strong>Nam</strong></span> <span class='ocrx_word' id='word_1_418' title='bbox 959 3951 1028 4007; x_wconf 90' lang='lat' dir='ltr'><strong>de</strong></span> <span class='ocrx_word' id='word_1_419' title='bbox 1061 3950 1376 4022; x_wconf 88' lang='lat' dir='ltr'><strong>virginitate</strong></span> <span class='ocrx_word' id='word_1_420' title='bbox 1408 3962 1674 4022; x_wconf 89' lang='lat' dir='ltr'><strong>perpetuo</strong></span> <span class='ocrx_word' id='word_1_421' title='bbox 1708 3959 2035 4006; x_wconf 86' lang='lat' dir='ltr'><strong>conservata</strong></span> <span class='ocrx_word' id='word_1_422' title='bbox 2075 3947 2387 4006; x_wconf 88' lang='lat' dir='ltr'><strong>fabulosum</strong></span> <span class='ocrx_word' id='word_1_423' title='bbox 2413 3965 2536 4006; x_wconf 86' lang='lat' dir='ltr'><strong>esse</strong></span> <span class='ocrx_word' id='word_1_424' title='bbox 2559 3966 2686 4008; x_wconf 88' lang='lat' dir='ltr'><strong>cum</strong></span> <span class='ocrx_word' id='word_1_425' title='bbox 2721 3952 2958 4008; x_wconf 83' lang='lat' dir='ltr'><strong>Baronio</strong></span> <span class='ocrx_word' id='word_1_426' title='bbox 2985 3950 3247 4006; x_wconf 84' lang='lat' dir='ltr'><strong>fatebitur</strong></span> <span class='ocrx_word' id='word_1_427' title='bbox 3271 3992 3287 4017; x_wconf 91' lang='lat'><strong>,</strong></span> <span class='ocrx_word' id='word_1_428' title='bbox 3322 3950 3481 4019; x_wconf 85' lang='lat' dir='ltr'><strong>quis-</strong></span> 
     </span>
    </p>
   </div>
   <div class='ocr_carea' id='block_1_36' title="bbox 209 4071 3477 4149">
    <p class='ocr_par' dir='ltr' id='par_1_36' title="bbox 209 4071 3477 4149">
     <span class='ocr_line' id='line_1_36' title="bbox 209 4071 3477 4149; baseline -0.001 -19"><span class='ocrx_word' id='word_1_429' title='bbox 209 4073 318 4140; x_wconf 79' lang='lat' dir='ltr'><strong>qnis</strong></span> <span class='ocrx_word' id='word_1_430' title='bbox 343 4089 468 4130; x_wconf 91' lang='lat' dir='ltr'><strong>cum</strong></span> <span class='ocrx_word' id='word_1_431' title='bbox 511 4075 722 4146; x_wconf 85' lang='lat' dir='ltr'><strong>judicio</strong></span> <span class='ocrx_word' id='word_1_432' title='bbox 771 4074 964 4146; x_wconf 73' lang='lat' dir='ltr'><strong>legerit</strong></span> <span class='ocrx_word' id='word_1_433' title='bbox 1009 4073 1158 4129; x_wconf 87' lang='lat' dir='ltr'><strong>illam</strong></span> <span class='ocrx_word' id='word_1_434' title='bbox 1201 4072 1448 4144; x_wconf 77' lang='lat' dir='ltr'><strong>epistolae</strong></span> <span class='ocrx_word' id='word_1_435' title='bbox 1472 4074 1729 4130; x_wconf 72' lang='lat' dir='ltr'><strong>secundae</strong></span> <span class='ocrx_word' id='word_1_436' title='bbox 1765 4071 1997 4129; x_wconf 90' lang='lat' dir='ltr'><strong>Joannis</strong></span> <span class='ocrx_word' id='word_1_437' title='bbox 2028 4074 2206 4130; x_wconf 86' lang='lat' dir='ltr'><strong>nostri</strong></span> <span class='ocrx_word' id='word_1_438' title='bbox 2232 4075 2301 4130; x_wconf 87' lang='lat' dir='ltr'><strong>ad</strong></span> <span class='ocrx_word' id='word_1_439' title='bbox 2339 4091 2461 4136; x_wconf 83' lang='lat' dir='ltr'><strong>eam</strong></span> <span class='ocrx_word' id='word_1_440' title='bbox 2496 4076 2718 4147; x_wconf 72' lang='lat' dir='ltr'><strong>scriptae</strong></span> <span class='ocrx_word' id='word_1_441' title='bbox 2761 4085 2970 4149; x_wconf 89' lang='lat' dir='ltr'><strong>partem</strong></span> <span class='ocrx_word' id='word_1_442' title='bbox 3017 4075 3165 4146; x_wconf 82' lang='lat' dir='ltr'><strong>(vide</strong></span> <span class='ocrx_word' id='word_1_443' title='bbox 3196 4076 3342 4145; x_wconf 76' lang='lat' dir='ltr'><strong>infra</strong></span> <span class='ocrx_word' id='word_1_444' title='bbox 3373 4073 3477 4128; x_wconf 86' lang='lat' dir='ltr'><strong>col.</strong></span> 
     </span>
    </p>
   </div>
   <div class='ocr_carea' id='block_1_37' title="bbox 214 4188 3482 4264">
    <p class='ocr_par' dir='ltr' id='par_1_37' title="bbox 214 4188 3482 4264">
     <span class='ocr_line' id='line_1_37' title="bbox 214 4188 3482 4264; baseline 0 -18"><span class='ocrx_word' id='word_1_445' title='bbox 214 4190 337 4260; x_wconf 82' lang='lat'><strong>559,</strong></span> <span class='ocrx_word' id='word_1_446' title='bbox 370 4209 515 4247; x_wconf 65' lang='lat' dir='ltr'><strong>nuru.</strong></span> <span class='ocrx_word' id='word_1_447' title='bbox 565 4192 773 4264; x_wconf 58' lang='lat' dir='ltr'><strong>isqq).</strong></span> <span class='ocrx_word' id='word_1_448' title='bbox 820 4189 952 4249; x_wconf 87' lang='lat' dir='ltr'><strong>Post</strong></span> <span class='ocrx_word' id='word_1_449' title='bbox 1002 4191 1237 4248; x_wconf 87' lang='lat' dir='ltr'><strong>reditum</strong></span> <span class='ocrx_word' id='word_1_450' title='bbox 1281 4205 1315 4246; x_wconf 93' lang='lat' dir='ltr'><strong>a</strong></span> <span class='ocrx_word' id='word_1_451' title='bbox 1362 4191 1505 4249; x_wconf 86' lang='lat' dir='ltr'><strong>bello</strong></span> <span class='ocrx_word' id='word_1_452' title='bbox 1536 4199 1729 4251; x_wconf 89' lang='lat' dir='ltr'><strong>contra</strong></span> <span class='ocrx_word' id='word_1_453' title='bbox 1775 4188 2073 4246; x_wconf 80' lang='lat' dir='ltr'><strong>Maximum</strong></span> <span class='ocrx_word' id='word_1_454' title='bbox 2121 4197 2309 4261; x_wconf 82' lang='lat' dir='ltr'><strong>gesto,</strong></span> <span class='ocrx_word' id='word_1_455' title='bbox 2360 4192 2466 4248; x_wconf 86' lang='lat' dir='ltr'><strong>hoc</strong></span> <span class='ocrx_word' id='word_1_456' title='bbox 2519 4193 2939 4260; x_wconf 74' lang='lat' dir='ltr'><strong>estanno391,</strong></span> <span class='ocrx_word' id='word_1_457' title='bbox 2996 4192 3360 4258; x_wconf 84' lang='lat' dir='ltr'><strong>Theodosius,</strong></span> <span class='ocrx_word' id='word_1_458' title='bbox 3395 4191 3482 4247; x_wconf 92' lang='lat' dir='ltr'><strong>in-</strong></span> 
     </span>
    </p>
   </div>
   <div class='ocr_carea' id='block_1_38' title="bbox 213 4305 3485 4386">
    <p class='ocr_par' dir='ltr' id='par_1_38' title="bbox 213 4305 3485 4386">
     <span class='ocr_line' id='line_1_38' title="bbox 213 4305 3485 4386; baseline 0.002 -27"><span class='ocrx_word' id='word_1_459' title='bbox 213 4307 405 4364; x_wconf 79' lang='lat' dir='ltr'><strong>tellecta</strong></span> <span class='ocrx_word' id='word_1_460' title='bbox 432 4305 771 4379; x_wconf 82' lang='lat' dir='ltr'><strong>Olympiadis</strong></span> <span class='ocrx_word' id='word_1_461' title='bbox 790 4309 1117 4375; x_wconf 86' lang='lat' dir='ltr'><strong>constantia,</strong></span> <span class='ocrx_word' id='word_1_462' title='bbox 1142 4323 1231 4365; x_wconf 89' lang='lat' dir='ltr'><strong>res</strong></span> <span class='ocrx_word' id='word_1_463' title='bbox 1261 4322 1393 4365; x_wconf 88' lang='lat' dir='ltr'><strong>suas</strong></span> <span class='ocrx_word' id='word_1_464' title='bbox 1423 4308 1526 4365; x_wconf 84' lang='lat' dir='ltr'><strong>sibi</strong></span> <span class='ocrx_word' id='word_1_465' title='bbox 1556 4307 1759 4364; x_wconf 81' lang='lat' dir='ltr'><strong>habere</strong></span> <span class='ocrx_word' id='word_1_466' title='bbox 1783 4307 1973 4378; x_wconf 91' lang='lat' dir='ltr'><strong>jussit.</strong></span> <span class='ocrx_word' id='word_1_467' title='bbox 2005 4305 2143 4376; x_wconf 73' lang='lat' dir='ltr'><strong>Qum</strong></span> <span class='ocrx_word' id='word_1_468' title='bbox 2160 4325 2226 4365; x_wconf 86' lang='lat' dir='ltr'><strong>ex</strong></span> <span class='ocrx_word' id='word_1_469' title='bbox 2248 4325 2315 4367; x_wconf 92' lang='lat' dir='ltr'><strong>eo</strong></span> <span class='ocrx_word' id='word_1_470' title='bbox 2344 4319 2590 4386; x_wconf 89' lang='lat' dir='ltr'><strong>tempore</strong></span> <span class='ocrx_word' id='word_1_471' title='bbox 2619 4328 2915 4368; x_wconf 85' lang='lat' dir='ltr'><strong>commune</strong></span> <span class='ocrx_word' id='word_1_472' title='bbox 2936 4311 3155 4383; x_wconf 82' lang='lat' dir='ltr'><strong>aperuit</strong></span> <span class='ocrx_word' id='word_1_473' title='bbox 3185 4310 3335 4367; x_wconf 85' lang='lat' dir='ltr'><strong>domi</strong></span> <span class='ocrx_word' id='word_1_474' title='bbox 3369 4325 3485 4367; x_wconf 63' lang='lat' dir='ltr'><strong>sua:</strong></span> 
     </span>
    </p>
   </div>
   <div class='ocr_carea' id='block_1_39' title="bbox 214 4430 3486 4505">
    <p class='ocr_par' dir='ltr' id='par_1_39' title="bbox 214 4430 3486 4505">
     <span class='ocr_line' id='line_1_39' title="bbox 214 4430 3486 4505; baseline 0 -20"><span class='ocrx_word' id='word_1_475' title='bbox 214 4430 562 4490; x_wconf 84' lang='lat' dir='ltr'><strong>diversorium</strong></span> <span class='ocrx_word' id='word_1_476' title='bbox 606 4435 864 4491; x_wconf 83' lang='lat' dir='ltr'><strong>omnibus</strong></span> <span class='ocrx_word' id='word_1_477' title='bbox 911 4434 1203 4505; x_wconf 89' lang='lat' dir='ltr'><strong>episcopis,</strong></span> <span class='ocrx_word' id='word_1_478' title='bbox 1237 4433 1542 4501; x_wconf 85' lang='lat' dir='ltr'><strong>monachis,</strong></span> <span class='ocrx_word' id='word_1_479' title='bbox 1579 4433 1978 4498; x_wconf 87' lang='lat' dir='ltr'><strong>sacerdotibus,</strong></span> <span class='ocrx_word' id='word_1_480' title='bbox 2015 4443 2070 4489; x_wconf 90' lang='lat' dir='ltr'><strong>et</strong></span> <span class='ocrx_word' id='word_1_481' title='bbox 2103 4431 2236 4489; x_wconf 89' lang='lat' dir='ltr'><strong>viris</strong></span> <span class='ocrx_word' id='word_1_482' title='bbox 2263 4433 2656 4490; x_wconf 86' lang='lat' dir='ltr'><strong>ecclesiasticis</strong></span> <span class='ocrx_word' id='word_1_483' title='bbox 2673 4448 2740 4490; x_wconf 90' lang='lat' dir='ltr'><strong>eo</strong></span> <span class='ocrx_word' id='word_1_484' title='bbox 2767 4434 3134 4490; x_wconf 87' lang='lat' dir='ltr'><strong>vementibus.</strong></span> <span class='ocrx_word' id='word_1_485' title='bbox 3157 4433 3306 4489; x_wconf 88' lang='lat' dir='ltr'><strong>Inter</strong></span> <span class='ocrx_word' id='word_1_486' title='bbox 3323 4440 3486 4489; x_wconf 57' lang='lat' dir='ltr'><strong>cxte-</strong></span> 
     </span>
    </p>
   </div>
   <div class='ocr_carea' id='block_1_40' title="bbox 217 4548 3483 4624">
    <p class='ocr_par' dir='ltr' id='par_1_40' title="bbox 217 4548 3483 4624">
     <span class='ocr_line' id='line_1_40' title="bbox 217 4548 3483 4624; baseline 0 -20"><span class='ocrx_word' id='word_1_487' title='bbox 217 4563 315 4615; x_wconf 83' lang='lat' dir='ltr'><strong>ros,</strong></span> <span class='ocrx_word' id='word_1_488' title='bbox 344 4567 544 4619; x_wconf 78' lang='lat' dir='ltr'><strong>magno</strong></span> <span class='ocrx_word' id='word_1_489' title='bbox 572 4551 979 4622; x_wconf 79' lang='lat' dir='ltr'><strong>Amphilochia,</strong></span> <span class='ocrx_word' id='word_1_490' title='bbox 1009 4550 1229 4622; x_wconf 88' lang='lat' dir='ltr'><strong>Optimo</strong></span> <span class='ocrx_word' id='word_1_491' title='bbox 1260 4552 1520 4624; x_wconf 90' lang='lat' dir='ltr'><strong>episcopo</strong></span> <span class='ocrx_word' id='word_1_492' title='bbox 1546 4592 1562 4620; x_wconf 91' lang='lat'><strong>,</strong></span> <span class='ocrx_word' id='word_1_493' title='bbox 1594 4551 1756 4607; x_wconf 85' lang='lat' dir='ltr'><strong>Petro</strong></span> <span class='ocrx_word' id='word_1_494' title='bbox 1785 4549 1971 4607; x_wconf 78' lang='lat' dir='ltr'><strong>Basilii</strong></span> <span class='ocrx_word' id='word_1_495' title='bbox 2012 4551 2194 4619; x_wconf 88' lang='lat' dir='ltr'><strong>fratri,</strong></span> <span class='ocrx_word' id='word_1_496' title='bbox 2231 4551 2542 4622; x_wconf 85' lang='lat' dir='ltr'><strong>Epiphanio</strong></span> <span class='ocrx_word' id='word_1_497' title='bbox 2594 4548 2762 4622; x_wconf 83' lang='lat' dir='ltr'><strong>Cypri</strong></span> <span class='ocrx_word' id='word_1_498' title='bbox 2795 4550 3052 4622; x_wconf 89' lang='lat' dir='ltr'><strong>episcopo</strong></span> <span class='ocrx_word' id='word_1_499' title='bbox 3086 4549 3350 4620; x_wconf 89' lang='lat' dir='ltr'><strong>pecunias</strong></span> <span class='ocrx_word' id='word_1_500' title='bbox 3381 4548 3483 4605; x_wconf 87' lang='lat' dir='ltr'><strong>do-</strong></span> 
     </span>
    </p>
   </div>
   <div class='ocr_carea' id='block_1_41' title="bbox 215 4668 3480 4742">
    <p class='ocr_par' dir='ltr' id='par_1_41' title="bbox 215 4668 3480 4742">
     <span class='ocr_line' id='line_1_41' title="bbox 215 4668 3480 4742; baseline 0.004 -24"><span class='ocrx_word' id='word_1_501' title='bbox 215 4668 349 4724; x_wconf 83' lang='lat' dir='ltr'><strong>navit</strong></span> <span class='ocrx_word' id='word_1_502' title='bbox 371 4679 423 4725; x_wconf 92' lang='lat' dir='ltr'><strong>et</strong></span> <span class='ocrx_word' id='word_1_503' title='bbox 445 4671 626 4736; x_wconf 84' lang='lat' dir='ltr'><strong>villas,</strong></span> <span class='ocrx_word' id='word_1_504' title='bbox 651 4671 775 4726; x_wconf 89' lang='lat' dir='ltr'><strong>illos</strong></span> <span class='ocrx_word' id='word_1_505' title='bbox 808 4671 973 4726; x_wconf 89' lang='lat' dir='ltr'><strong>etiam</strong></span> <span class='ocrx_word' id='word_1_506' title='bbox 1023 4671 1336 4739; x_wconf 76' lang='grc' dir='ltr'><strong>θεοστυγεῖς</strong></span> <span class='ocrx_word' id='word_1_507' title='bbox 1369 4712 1385 4738; x_wconf 88' lang='grc'><em>,</em></span> <span class='ocrx_word' id='word_1_508' title='bbox 1446 4670 1812 4742; x_wconf 81' lang='lat' dir='ltr'><strong>Theophilum</strong></span> <span class='ocrx_word' id='word_1_509' title='bbox 1841 4713 1862 4739; x_wconf 86' lang='lat'><strong>,</strong></span> <span class='ocrx_word' id='word_1_510' title='bbox 1895 4672 2228 4728; x_wconf 78' lang='lat' dir='ltr'><strong>Antiochum</strong></span> <span class='ocrx_word' id='word_1_511' title='bbox 2261 4717 2276 4741; x_wconf 91' lang='lat'><strong>,</strong></span> <span class='ocrx_word' id='word_1_512' title='bbox 2309 4673 2572 4730; x_wconf 80' lang='lat' dir='ltr'><strong>Acacium</strong></span> <span class='ocrx_word' id='word_1_513' title='bbox 2603 4712 2620 4740; x_wconf 92' lang='lat'><strong>,</strong></span> <span class='ocrx_word' id='word_1_514' title='bbox 2653 4671 3014 4730; x_wconf 86' lang='lat' dir='ltr'><strong>Severianum</strong></span> <span class='ocrx_word' id='word_1_515' title='bbox 3053 4671 3207 4728; x_wconf 90' lang='lat' dir='ltr'><strong>omni</strong></span> <span class='ocrx_word' id='word_1_516' title='bbox 3241 4671 3480 4730; x_wconf 78' lang='lat' dir='ltr'><strong>liberali-</strong></span> 
     </span>
    </p>
   </div>
   <div class='ocr_carea' id='block_1_42' title="bbox 218 4783 3484 4864">
    <p class='ocr_par' dir='ltr' id='par_1_42' title="bbox 218 4783 3484 4864">
     <span class='ocr_line' id='line_1_42' title="bbox 218 4783 3484 4864; baseline 0.003 -26"><span class='ocrx_word' id='word_1_517' title='bbox 218 4783 328 4841; x_wconf 84' lang='lat' dir='ltr'><strong>tatis</strong></span> <span class='ocrx_word' id='word_1_518' title='bbox 355 4796 407 4842; x_wconf 93' lang='lat' dir='ltr'><strong>et</strong></span> <span class='ocrx_word' id='word_1_519' title='bbox 434 4788 820 4843; x_wconf 72' lang='lat' dir='ltr'><strong>munificentia:</strong></span> <span class='ocrx_word' id='word_1_520' title='bbox 850 4802 1049 4860; x_wconf 89' lang='lat' dir='ltr'><strong>genere</strong></span> <span class='ocrx_word' id='word_1_521' title='bbox 1083 4787 1389 4859; x_wconf 89' lang='lat' dir='ltr'><strong>complexa.</strong></span> <span class='ocrx_word' id='word_1_522' title='bbox 1415 4788 1603 4859; x_wconf 83' lang='lat' dir='ltr'><strong>Itaque</strong></span> <span class='ocrx_word' id='word_1_523' title='bbox 1661 4791 1730 4846; x_wconf 90' lang='lat' dir='ltr'><strong>ab</strong></span> <span class='ocrx_word' id='word_1_524' title='bbox 1780 4793 1900 4864; x_wconf 84' lang='lat' dir='ltr'><strong>ipso</strong></span> <span class='ocrx_word' id='word_1_525' title='bbox 1935 4789 2192 4848; x_wconf 85' lang='lat' dir='ltr'><strong>Nectario</strong></span> <span class='ocrx_word' id='word_1_526' title='bbox 2252 4790 2871 4860; x_wconf 84' lang='lat' dir='ltr'><strong>ConstantinOpolitano</strong></span> <span class='ocrx_word' id='word_1_527' title='bbox 2916 4789 3179 4860; x_wconf 82' lang='lat' dir='ltr'><strong>episeopo</strong></span> <span class='ocrx_word' id='word_1_528' title='bbox 3217 4787 3360 4844; x_wconf 88' lang='lat' dir='ltr'><strong>facta</strong></span> <span class='ocrx_word' id='word_1_529' title='bbox 3395 4797 3484 4848; x_wconf 81' lang='lat' dir='ltr'><strong>est</strong></span> 
     </span>
    </p>
   </div>
   <div class='ocr_carea' id='block_1_43' title="bbox 217 4897 3479 4977">
    <p class='ocr_par' dir='ltr' id='par_1_43' title="bbox 217 4897 3479 4977">
     <span class='ocr_line' id='line_1_43' title="bbox 217 4897 3479 4977; baseline 0.002 -26"><span class='ocrx_word' id='word_1_530' title='bbox 217 4897 507 4956; x_wconf 77' lang='lat' dir='ltr'><strong>diaconissa</strong></span> <span class='ocrx_word' id='word_1_531' title='bbox 551 4921 565 4957; x_wconf 91' lang='lat'>:</span> <span class='ocrx_word' id='word_1_532' title='bbox 600 4901 759 4973; x_wconf 89' lang='lat' dir='ltr'><strong>cujus</strong></span> <span class='ocrx_word' id='word_1_533' title='bbox 816 4903 980 4958; x_wconf 86' lang='lat' dir='ltr'><strong>etiam</strong></span> <span class='ocrx_word' id='word_1_534' title='bbox 1021 4902 1336 4970; x_wconf 88' lang='lat' dir='ltr'><strong>morientis,</strong></span> <span class='ocrx_word' id='word_1_535' title='bbox 1370 4912 1429 4957; x_wconf 93' lang='lat' dir='ltr'><strong>ut</strong></span> <span class='ocrx_word' id='word_1_536' title='bbox 1471 4912 1528 4960; x_wconf 92' lang='lat' dir='ltr'><strong>et</strong></span> <span class='ocrx_word' id='word_1_537' title='bbox 1557 4904 1765 4975; x_wconf 90' lang='lat' dir='ltr'><strong>Optimi</strong></span> <span class='ocrx_word' id='word_1_538' title='bbox 1802 4906 2045 4977; x_wconf 90' lang='lat' dir='ltr'><strong>episcopi</strong></span> <span class='ocrx_word' id='word_1_539' title='bbox 2077 4905 2268 4963; x_wconf 88' lang='lat' dir='ltr'><strong>oculos</strong></span> <span class='ocrx_word' id='word_1_540' title='bbox 2309 4906 2424 4963; x_wconf 92' lang='lat' dir='ltr'><strong>suis</strong></span> <span class='ocrx_word' id='word_1_541' title='bbox 2452 4905 2708 4962; x_wconf 85' lang='lat' dir='ltr'><strong>manibus</strong></span> <span class='ocrx_word' id='word_1_542' title='bbox 2745 4905 2965 4961; x_wconf 89' lang='lat' dir='ltr'><strong>clausit.</strong></span> <span class='ocrx_word' id='word_1_543' title='bbox 2997 4903 3127 4960; x_wconf 87' lang='lat' dir='ltr'><strong>Post</strong></span> <span class='ocrx_word' id='word_1_544' title='bbox 3156 4902 3479 4965; x_wconf 79' lang='lat' dir='ltr'><strong>Nectarium</strong></span> 
     </span>
    </p>
   </div>
   <div class='ocr_carea' id='block_1_44' title="bbox 223 5017 3488 5096">
    <p class='ocr_par' dir='ltr' id='par_1_44' title="bbox 223 5017 3488 5096">
     <span class='ocr_line' id='line_1_44' title="bbox 223 5017 3488 5096; baseline 0.002 -28"><span class='ocrx_word' id='word_1_545' title='bbox 223 5031 370 5084; x_wconf 86' lang='lat' dir='ltr'><strong>quam</strong></span> <span class='ocrx_word' id='word_1_546' title='bbox 392 5017 555 5074; x_wconf 88' lang='lat' dir='ltr'><strong>fuerit</strong></span> <span class='ocrx_word' id='word_1_547' title='bbox 579 5018 744 5075; x_wconf 88' lang='lat' dir='ltr'><strong>chara</strong></span> <span class='ocrx_word' id='word_1_548' title='bbox 771 5019 996 5086; x_wconf 85' lang='lat' dir='ltr'><strong>Joanni,</strong></span> <span class='ocrx_word' id='word_1_549' title='bbox 1023 5037 1187 5092; x_wconf 85' lang='lat' dir='ltr'><strong>quam</strong></span> <span class='ocrx_word' id='word_1_550' title='bbox 1213 5021 1316 5094; x_wconf 91' lang='lat' dir='ltr'><strong>ipsi</strong></span> <span class='ocrx_word' id='word_1_551' title='bbox 1345 5022 1546 5078; x_wconf 86' lang='lat' dir='ltr'><strong>charus</strong></span> <span class='ocrx_word' id='word_1_552' title='bbox 1565 5021 1828 5092; x_wconf 83' lang='lat' dir='ltr'><strong>Joannes,</strong></span> <span class='ocrx_word' id='word_1_553' title='bbox 1855 5025 2141 5080; x_wconf 90' lang='lat' dir='ltr'><strong>declarant</strong></span> <span class='ocrx_word' id='word_1_554' title='bbox 2159 5027 2245 5082; x_wconf 66' lang='lat' dir='ltr'><strong>ha:</strong></span> <span class='ocrx_word' id='word_1_555' title='bbox 2275 5024 2538 5096; x_wconf 70' lang='lat' dir='ltr'><strong>cpistolaa.</strong></span> <span class='ocrx_word' id='word_1_556' title='bbox 2570 5023 2636 5077; x_wconf 76' lang='lat' dir='ltr'><strong>Et</strong></span> <span class='ocrx_word' id='word_1_557' title='bbox 2665 5022 2884 5092; x_wconf 82' lang='lat' dir='ltr'><strong>quidem</strong></span> <span class='ocrx_word' id='word_1_558' title='bbox 2907 5031 3032 5092; x_wconf 90' lang='lat' dir='ltr'><strong>post</strong></span> <span class='ocrx_word' id='word_1_559' title='bbox 3051 5021 3306 5078; x_wconf 82' lang='lat' dir='ltr'><strong>exsilium</strong></span> <span class='ocrx_word' id='word_1_560' title='bbox 3328 5019 3488 5076; x_wconf 82' lang='lat' dir='ltr'><strong>Joan-</strong></span> 
     </span>
    </p>
   </div>
   <div class='ocr_carea' id='block_1_45' title="bbox 219 5130 3473 5208">
    <p class='ocr_par' dir='ltr' id='par_1_45' title="bbox 219 5130 3473 5208">
     <span class='ocr_line' id='line_1_45' title="bbox 219 5130 3473 5208; baseline 0.003 -27"><span class='ocrx_word' id='word_1_561' title='bbox 219 5130 295 5183; x_wconf 90' lang='lat' dir='ltr'><strong>nis</strong></span> <span class='ocrx_word' id='word_1_562' title='bbox 318 5143 461 5204; x_wconf 86' lang='lat' dir='ltr'><strong>rapta</strong></span> <span class='ocrx_word' id='word_1_563' title='bbox 495 5135 550 5189; x_wconf 87' lang='lat' dir='ltr'><strong>in</strong></span> <span class='ocrx_word' id='word_1_564' title='bbox 577 5131 870 5202; x_wconf 87' lang='lat' dir='ltr'><strong>judicium,</strong></span> <span class='ocrx_word' id='word_1_565' title='bbox 909 5145 964 5191; x_wconf 89' lang='lat' dir='ltr'><strong>et</strong></span> <span class='ocrx_word' id='word_1_566' title='bbox 995 5135 1232 5192; x_wconf 87' lang='lat' dir='ltr'><strong>incendii</strong></span> <span class='ocrx_word' id='word_1_567' title='bbox 1263 5135 1447 5205; x_wconf 90' lang='lat' dir='ltr'><strong>templi</strong></span> <span class='ocrx_word' id='word_1_568' title='bbox 1484 5135 1544 5193; x_wconf 90' lang='lat' dir='ltr'><strong>S.</strong></span> <span class='ocrx_word' id='word_1_569' title='bbox 1578 5136 1800 5208; x_wconf 66' lang='lat' dir='ltr'><strong>Sephire</strong></span> <span class='ocrx_word' id='word_1_570' title='bbox 1843 5138 1985 5194; x_wconf 90' lang='lat' dir='ltr'><strong>inter</strong></span> <span class='ocrx_word' id='word_1_571' title='bbox 2018 5148 2246 5195; x_wconf 64' lang='lat' dir='ltr'><strong>caeteros</strong></span> <span class='ocrx_word' id='word_1_572' title='bbox 2307 5138 2536 5194; x_wconf 86' lang='lat' dir='ltr'><strong>Joannis</strong></span> <span class='ocrx_word' id='word_1_573' title='bbox 2566 5138 2809 5192; x_wconf 89' lang='lat' dir='ltr'><strong>fautores</strong></span> <span class='ocrx_word' id='word_1_574' title='bbox 2835 5152 2948 5201; x_wconf 88' lang='lat' dir='ltr'><strong>rea,</strong></span> <span class='ocrx_word' id='word_1_575' title='bbox 2985 5151 3112 5192; x_wconf 88' lang='lat' dir='ltr'><strong>cum</strong></span> <span class='ocrx_word' id='word_1_576' title='bbox 3141 5137 3473 5191; x_wconf 85' lang='lat' dir='ltr'><strong>constantis-</strong></span> 
     </span>
    </p>
   </div>
   <div class='ocr_carea' id='block_1_46' title="bbox 219 5244 3479 5321">
    <p class='ocr_par' dir='ltr' id='par_1_46' title="bbox 219 5244 3479 5321">
     <span class='ocr_line' id='line_1_46' title="bbox 219 5244 3479 5321; baseline 0.002 -24"><span class='ocrx_word' id='word_1_577' title='bbox 219 5244 341 5301; x_wconf 89' lang='lat' dir='ltr'><strong>sime</strong></span> <span class='ocrx_word' id='word_1_578' title='bbox 384 5246 771 5316; x_wconf 82' lang='lat' dir='ltr'><strong>quaesitoribus</strong></span> <span class='ocrx_word' id='word_1_579' title='bbox 828 5248 1222 5317; x_wconf 78' lang='lat' dir='ltr'><strong>respondisset,</strong></span> <span class='ocrx_word' id='word_1_580' title='bbox 1261 5249 1381 5302; x_wconf 91' lang='lat' dir='ltr'><strong>auri</strong></span> <span class='ocrx_word' id='word_1_581' title='bbox 1443 5256 1626 5304; x_wconf 89' lang='lat' dir='ltr'><strong>tamen</strong></span> <span class='ocrx_word' id='word_1_582' title='bbox 1675 5263 1786 5304; x_wconf 88' lang='lat' dir='ltr'><strong>non</strong></span> <span class='ocrx_word' id='word_1_583' title='bbox 1823 5250 2090 5308; x_wconf 88' lang='lat' dir='ltr'><strong>mediocri</strong></span> <span class='ocrx_word' id='word_1_584' title='bbox 2143 5266 2363 5306; x_wconf 85' lang='lat' dir='ltr'><strong>summa</strong></span> <span class='ocrx_word' id='word_1_585' title='bbox 2422 5252 2708 5318; x_wconf 87' lang='lat' dir='ltr'><strong>muletata,</strong></span> <span class='ocrx_word' id='word_1_586' title='bbox 2739 5250 2932 5306; x_wconf 91' lang='lat' dir='ltr'><strong>relicta</strong></span> <span class='ocrx_word' id='word_1_587' title='bbox 2969 5251 3479 5321; x_wconf 86' lang='lat' dir='ltr'><strong>Constantinopoli,</strong></span> 
     </span>
    </p>
   </div>
   <div class='ocr_carea' id='block_1_47' title="bbox 221 5360 3487 5437">
    <p class='ocr_par' dir='ltr' id='par_1_47' title="bbox 221 5360 3487 5437">
     <span class='ocr_line' id='line_1_47' title="bbox 221 5360 3487 5437; baseline 0.003 -26"><span class='ocrx_word' id='word_1_588' title='bbox 221 5360 475 5416; x_wconf 89' lang='lat' dir='ltr'><strong>concessit</strong></span> <span class='ocrx_word' id='word_1_589' title='bbox 506 5360 788 5431; x_wconf 81' lang='lat' dir='ltr'><strong>Cyzicum,</strong></span> <span class='ocrx_word' id='word_1_590' title='bbox 833 5369 1077 5430; x_wconf 90' lang='lat' dir='ltr'><strong>tempora</strong></span> <span class='ocrx_word' id='word_1_591' title='bbox 1120 5371 1508 5432; x_wconf 85' lang='lat' dir='ltr'><strong>exspectatura</strong></span> <span class='ocrx_word' id='word_1_592' title='bbox 1557 5363 1797 5419; x_wconf 90' lang='lat' dir='ltr'><strong>mitiora.</strong></span> <span class='ocrx_word' id='word_1_593' title='bbox 1833 5362 1959 5420; x_wconf 63' lang='lat' dir='ltr'><strong>Haec</strong></span> <span class='ocrx_word' id='word_1_594' title='bbox 1987 5373 2042 5420; x_wconf 91' lang='lat' dir='ltr'><strong>et</strong></span> <span class='ocrx_word' id='word_1_595' title='bbox 2066 5365 2241 5421; x_wconf 92' lang='lat' dir='ltr'><strong>multo</strong></span> <span class='ocrx_word' id='word_1_596' title='bbox 2274 5366 2359 5421; x_wconf 91' lang='lat' dir='ltr'><strong>his</strong></span> <span class='ocrx_word' id='word_1_597' title='bbox 2392 5366 2551 5437; x_wconf 90' lang='lat' dir='ltr'><strong>plura</strong></span> <span class='ocrx_word' id='word_1_598' title='bbox 2586 5365 2828 5420; x_wconf 88' lang='lat' dir='ltr'><strong>inveniet</strong></span> <span class='ocrx_word' id='word_1_599' title='bbox 2857 5365 3029 5420; x_wconf 88' lang='lat' dir='ltr'><strong>lector</strong></span> <span class='ocrx_word' id='word_1_600' title='bbox 3061 5367 3128 5421; x_wconf 91' lang='lat' dir='ltr'><strong>de</strong></span> <span class='ocrx_word' id='word_1_601' title='bbox 3167 5367 3270 5421; x_wconf 90' lang='lat' dir='ltr'><strong>hac</strong></span> <span class='ocrx_word' id='word_1_602' title='bbox 3295 5365 3487 5420; x_wconf 84' lang='lat' dir='ltr'><strong>divina</strong></span> 
     </span>
    </p>
   </div>
   <div class='ocr_carea' id='block_1_48' title="bbox 224 5474 3492 5557">
    <p class='ocr_par' dir='ltr' id='par_1_48' title="bbox 224 5474 3492 5557">
     <span class='ocr_line' id='line_1_48' title="bbox 224 5474 3492 5557; baseline 0.003 -29"><span class='ocrx_word' id='word_1_603' title='bbox 224 5474 404 5535; x_wconf 85' lang='lat' dir='ltr'><strong>femina</strong></span> <span class='ocrx_word' id='word_1_604' title='bbox 456 5479 653 5536; x_wconf 88' lang='lat' dir='ltr'><strong>litteris</strong></span> <span class='ocrx_word' id='word_1_605' title='bbox 715 5481 927 5550; x_wconf 88' lang='lat' dir='ltr'><strong>prodita</strong></span> <span class='ocrx_word' id='word_1_606' title='bbox 957 5496 990 5536; x_wconf 91' lang='lat' dir='ltr'><strong>a</strong></span> <span class='ocrx_word' id='word_1_607' title='bbox 1026 5479 1294 5553; x_wconf 88' lang='lat' dir='ltr'><strong>Gregorio</strong></span> <span class='ocrx_word' id='word_1_608' title='bbox 1332 5481 1703 5552; x_wconf 83' lang='lat' dir='ltr'><strong>Nazianzcno,</strong></span> <span class='ocrx_word' id='word_1_609' title='bbox 1762 5484 2028 5556; x_wconf 82' lang='lat' dir='ltr'><strong>Palladio,</strong></span> <span class='ocrx_word' id='word_1_610' title='bbox 2067 5486 2379 5544; x_wconf 88' lang='lat' dir='ltr'><strong>Sozomeno</strong></span> <span class='ocrx_word' id='word_1_611' title='bbox 2407 5528 2424 5557; x_wconf 92' lang='lat'><strong>,</strong></span> <span class='ocrx_word' id='word_1_612' title='bbox 2478 5487 2792 5553; x_wconf 83' lang='lat' dir='ltr'><strong>Ammiano,</strong></span> <span class='ocrx_word' id='word_1_613' title='bbox 2856 5485 3203 5557; x_wconf 79' lang='lat' dir='ltr'><strong>Menelogiis,</strong></span> <span class='ocrx_word' id='word_1_614' title='bbox 3246 5483 3492 5555; x_wconf 73' lang='lat' dir='ltr'><strong>Georgio,</strong></span> 
     </span>
    </p>
   </div>
   <div class='ocr_carea' id='block_1_49' title="bbox 226 5595 1357 5676">
    <p class='ocr_par' dir='ltr' id='par_1_49' title="bbox 226 5595 1357 5676">
     <span class='ocr_line' id='line_1_49' title="bbox 226 5595 1357 5676; baseline 0.01 -28"><span class='ocrx_word' id='word_1_615' title='bbox 226 5595 593 5668; x_wconf 81' lang='lat' dir='ltr'><strong>Alexandrino,</strong></span> <span class='ocrx_word' id='word_1_616' title='bbox 621 5603 943 5672; x_wconf 72' lang='lat' dir='ltr'><strong>cmterisque</strong></span> <span class='ocrx_word' id='word_1_617' title='bbox 970 5602 1308 5676; x_wconf 81' lang='grc' dir='ltr'><strong>βιογράφοις.</strong></span> <span class='ocrx_word' id='word_1_618' title='bbox 1338 5625 1357 5659; x_wconf 72' lang='lat' dir='ltr'><strong>i</strong></span> 
     </span>
    </p>
   </div>
   <div class='ocr_carea' id='block_1_50' title="bbox 289 5739 3485 5824">
    <p class='ocr_par' dir='ltr' id='par_1_50' title="bbox 289 5739 3485 5824">
     <span class='ocr_line' id='line_1_50' title="bbox 289 5739 3485 5824; baseline 0.003 -30"><span class='ocrx_word' id='word_1_619' title='bbox 289 5739 411 5804; x_wconf 70' lang='lat' dir='ltr'><strong>Quae</strong></span> <span class='ocrx_word' id='word_1_620' title='bbox 437 5747 504 5798; x_wconf 89' lang='lat' dir='ltr'><strong>de</strong></span> <span class='ocrx_word' id='word_1_621' title='bbox 528 5741 864 5815; x_wconf 88' lang='lat' dir='ltr'><strong>Olympiadis</strong></span> <span class='ocrx_word' id='word_1_622' title='bbox 889 5747 1099 5818; x_wconf 77' lang='lat' dir='ltr'><strong>origine</strong></span> <span class='ocrx_word' id='word_1_623' title='bbox 1125 5748 1212 5807; x_wconf 93' lang='lat' dir='ltr'><strong>hic</strong></span> <span class='ocrx_word' id='word_1_624' title='bbox 1243 5749 1499 5806; x_wconf 89' lang='lat' dir='ltr'><strong>dicuntur</strong></span> <span class='ocrx_word' id='word_1_625' title='bbox 1527 5751 1738 5822; x_wconf 91' lang='lat' dir='ltr'><strong>aliquot</strong></span> <span class='ocrx_word' id='word_1_626' title='bbox 1767 5762 1897 5809; x_wconf 87' lang='lat' dir='ltr'><strong>sunt</strong></span> <span class='ocrx_word' id='word_1_627' title='bbox 1920 5754 2177 5810; x_wconf 83' lang='lat' dir='ltr'><strong>intricata</strong></span> <span class='ocrx_word' id='word_1_628' title='bbox 2207 5754 2646 5819; x_wconf 80' lang='lat' dir='ltr'><strong>dillicultatibus,</strong></span> <span class='ocrx_word' id='word_1_629' title='bbox 2677 5770 2815 5824; x_wconf 88' lang='lat' dir='ltr'><strong>quas</strong></span> <span class='ocrx_word' id='word_1_630' title='bbox 2842 5757 3057 5811; x_wconf 89' lang='lat' dir='ltr'><strong>solvere</strong></span> <span class='ocrx_word' id='word_1_631' title='bbox 3087 5769 3198 5808; x_wconf 91' lang='lat' dir='ltr'><strong>non</strong></span> <span class='ocrx_word' id='word_1_632' title='bbox 3231 5757 3315 5806; x_wconf 90' lang='lat' dir='ltr'><strong>cst</strong></span> <span class='ocrx_word' id='word_1_633' title='bbox 3345 5762 3485 5817; x_wconf 71' lang='lat' dir='ltr'><strong>prw~</strong></span> 
     </span>
    </p>
   </div>
   <div class='ocr_carea' id='block_1_51' title="bbox 232 5855 3482 5944">
    <p class='ocr_par' dir='ltr' id='par_1_51' title="bbox 232 5855 3482 5944">
     <span class='ocr_line' id='line_1_51' title="bbox 232 5855 3482 5944; baseline 0.004 -40"><span class='ocrx_word' id='word_1_634' title='bbox 232 5855 387 5912; x_wconf 70' lang='lat' dir='ltr'><strong>scutis</strong></span> <span class='ocrx_word' id='word_1_635' title='bbox 422 5858 654 5916; x_wconf 87' lang='lat' dir='ltr'><strong>instituti</strong></span> <span class='ocrx_word' id='word_1_636' title='bbox 686 5880 699 5927; x_wconf 87' lang='lat'><strong>;</strong></span> <span class='ocrx_word' id='word_1_637' title='bbox 737 5864 886 5934; x_wconf 85' lang='lat' dir='ltr'><strong>quod</strong></span> <span class='ocrx_word' id='word_1_638' title='bbox 912 5877 1092 5924; x_wconf 82' lang='lat' dir='ltr'><strong>autem</strong></span> <span class='ocrx_word' id='word_1_639' title='bbox 1121 5868 1254 5926; x_wconf 83' lang='lat' dir='ltr'><strong>dicit</strong></span> <span class='ocrx_word' id='word_1_640' title='bbox 1289 5870 1546 5940; x_wconf 83' lang='lat' dir='ltr'><strong>Savilius,</strong></span> <span class='ocrx_word' id='word_1_641' title='bbox 1570 5870 1950 5939; x_wconf 73' lang='lat' dir='ltr'><strong>Olympiadem</strong></span> <span class='ocrx_word' id='word_1_642' title='bbox 1975 5864 2240 5930; x_wconf 42' lang='lat' dir='ltr'><strong>Nasidio</strong></span> <span class='ocrx_word' id='word_1_643' title='bbox 2271 5873 2532 5944; x_wconf 82' lang='lat' dir='ltr'><strong>nupsisse</strong></span> <span class='ocrx_word' id='word_1_644' title='bbox 2556 5890 2700 5929; x_wconf 86' lang='lat' dir='ltr'><strong>anno</strong></span> <span class='ocrx_word' id='word_1_645' title='bbox 2738 5873 2832 5928; x_wconf 74' lang='lat' dir='ltr'><strong>38l</strong></span> <span class='ocrx_word' id='word_1_646' title='bbox 2852 5912 2865 5937; x_wconf 53' lang='grc' dir='ltr'>ε</span> <span class='ocrx_word' id='word_1_647' title='bbox 2897 5871 3114 5943; x_wconf 77' lang='lat' dir='ltr'><strong>Siagri‘o</strong></span> <span class='ocrx_word' id='word_1_648' title='bbox 3136 5879 3190 5926; x_wconf 91' lang='lat' dir='ltr'><strong>ct</strong></span> <span class='ocrx_word' id='word_1_649' title='bbox 3211 5863 3482 5922; x_wconf 85' lang='lat' dir='ltr'><strong>Eucherio</strong></span> 
     </span>
    </p>
   </div>
  </div>
