4142 6488
709 432 818 492 5οἸ
1404 429 1460 486 S.
1499 424 1782 486 .IOANNIS
1817 423 2303 483 CHRVSOSTOIII
2342 418 2659 479 ARCIIIEP.
2699 410 3241 474 CONS’I‘ANTINOP.
3804 402 3923 461 548'

709 548 1046 614 oonsulibus,
1073 548 1300 606 omnino
1340 556 1486 605 stare
1512 547 1719 619 nequit.
1774 546 2076 619 Siquidem,
2105 553 2164 599 ut
2200 543 2402 614 optime
2438 541 2692 597 observat
2727 532 3123 598 Tillemontius,
3154 525 3444 584 Nebridius
3495 521 3684 594 viginti
3721 520 3941 575 circiter

710 664 992 723 mensibus
1051 674 1262 723 tantum
1314 674 1435 736 post
1494 666 1714 722 ductam
1767 664 2135 735 Olympiadem
2169 661 2341 727 obiit;
2379 659 2426 715 si
2472 666 2653 713 autem
2707 655 2854 709 illam
2918 650 3132 707 duxerit
3190 662 3335 704 anno
3378 645 3505 710 38!,
3544 643 3655 698 I'ato
3713 639 3937 695 functus

706 779 813 836 erit
845 794 992 835 anno
1020 778 1147 846 385,
1179 793 1302 835 eum
1334 778 1662 835 tardissime.
1694 777 1853 847 Atqui
1886 776 1970 831 lex
1998 775 2063 830 ad
2100 775 2247 830 illum
2285 772 2567 844 dirigitur,
2600 770 2654 825 in
2689 767 2890 825 Codice
2918 762 3319 826 Theodosiano,
3353 774 3497 815 anno
3522 756 3647 821 386,
3678 753 3750 811 29
3774 750 3941 813 Junii,

708 902 874 966 atque
934 893 1068 950 adeo
1131 892 1459 964 quaerendus
1508 892 1647 949 alius
1692 890 2000 963 nuptiarum
2066 887 2396 960 Olympiadis
2452 898 2650 941 annus.
2712 879 2967 953 Nupserit
3016 890 3148 947 ergo
3197 872 3508 947 Olympias,
3568 878 3627 924 ut
3679 874 3943 937 putatur,

711 1024 854 1075 anno
878 1019 1118 1068 vertente
1138 1011 1263 1068 384.
3490 986 3499 1029 'J

779 1151 925 1209 Ordo
954 1149 1107 1225 [526]
1135 1148 1486 1222 epistolarum
1510 1148 1577 1203 ad
1602 1146 1971 1219 Olympiadem
1998 1154 2059 1203 ut
2085 1154 2139 1202 et
2168 1151 2483 1201 ceterarum
2510 1142 2757 1197 omnium
2779 1132 3226 1207 subsequentium
3256 1127 3657 1185 interturbatus
3682 1131 3804 1179 est:
3825 1119 3947 1177 nul-

710 1275 814 1331 lam
840 1272 1095 1343 temporis
1124 1270 1389 1327 rationem
1410 1269 1772 1325 observarunt
1790 1267 1884 1338 qui
1909 1265 2168 1338 epistolas
2191 1265 2313 1321 illas
2330 1263 2685 1335 collegerunt,
2715 1270 2774 1317 ut
2800 1256 3193 1315 animadvertet
3213 1254 3260 1309 is
3282 1252 3379 1324 qui
3418 1244 3684 1319 temporis
3721 1242 3943 1300 notulas

711 1390 866 1447 initio
892 1363 1158 1460 cujusque
1179 1386 1422 1459 epistola:
1446 1385 1656 1457 positas
1682 1382 1937 1455 perleget.
1962 1382 2116 1439 Ordo
2145 1382 2257 1449 ille,
2280 1380 2533 1453 quisquis
2564 1386 2670 1444 est,
2698 1385 2754 1434 et
2779 1377 2832 1432 in
2866 1373 3038 1430 Editis
3063 1381 3117 1429 et
3140 1374 3196 1427 in
3229 1367 3635 1439 Manuscriptis-
3661 1364 3938 1420 tantillum

710 1506 884 1560 variat
914 1522 929 1560 :
960 1517 1084 1557 nam
1114 1516 1237 1572 qua
1267 1508 1459 1571 quarta
1517 1498 1583 1554 ad
1654 1494 2022 1568 Olympiadem
2062 1493 2284 1565 ponitur
2310 1490 2368 1547 in
2408 1486 2752 1546 Editionibus
2779 1485 3007 1553 Metelli,
3041 1484 3097 1540 in
3142 1481 3299 1538 Edito
3349 1478 3539 1537 Savilii
3572 1477 3704 1536 etin
3732 1476 3946 1548 aliquot

708 1620 838 1675 Mss.
870 1618 1078 1676 decima
1108 1622 1261 1673 sexta
1298 1614 1509 1670 locatur
1538 1630 1554 1666 :
1584 1611 1637 1666 in
1665 1611 1874 1666 caeteris
1908 1607 2079 1665 series
2101 1606 2313 1663 eadem.

778 1762 909 1819 Post
952 1760 1209 1832 epistolas
1263 1758 1331 1814 ad
1389 1756 1761 1829 Olympiadem
1821 1754 2062 1810 Savilius
2089 1752 2328 1825 reliquas
2364 1764 2557 1808 omnes
2579 1748 2772 1805 ordine
2808 1743 3150 1819 alphabetico
3188 1739 3344 1813 ponit
3376 1736 3677 1796 secundum
3708 1734 3935 1791 nomina

707 1893 899 1935 eorum
937 1877 1006 1934 ad
1059 1890 1200 1949 quos
1223 1874 1463 1947 epistola:
1517 1871 1829 1928 mittuntur.
1860 1867 1996 1927 Eum
2023 1868 2205 1940 ipsum
2235 1866 2483 1955 ordinem
2510 1872 2565 1922 et
2592 1877 2696 1920 nos
2728 1861 2921 1918 Latine
2978 1854 3255 1928 expressis
3283 1851 3600 1912 nominibus
3622 1849 3716 1907 Iiic
3736 1859 3943 1920 repra-

708 2004 1008 2052 sentamus.

2368 2199 2656 2256 Chalcidis:
2692 2204 2748 2256 et
2799 2194 3115 2269 Asyncritiat
3172 2201 3305 2250 tres.
3340 2191 3396 2247 1.
3425 2186 3619 2247 XXIX.
3646 2187 3706 2244 2.
3724 2183 3841 2244 LX.
3883 2184 3937 2241 5.

2369 2289 2692 2437 Cof-1:33:
2703 2378 2876 2449 episc.
2904 2374 3168 2448 Aquileiae
3186 2388 3297 2431 una
3324 2370 3481 2430 CLV.

2373 2470 2674 2526 Claudiano
2708 2483 2815 2525 una
2852 2464 3058 2523 CXCV.

2372 2558 2725 2615 Constantino
2807 2558 3125 2630 presbytero
3215 2556 3358 2612 dua.
3452 2555 3504 2610 I.
3597 2548 3830 2607 CCXXI.
3881 2549 3938 2607 2.

707 2213 895 2268 Aeacio
922 2210 1235 2283 presbytero
1264 2224 1373 2266 una
1401 2207 1624 2266 CCVIII.

706 2305 911 2361 Adoliar
973 2317 1068 2359 se!
1125 2302 1283 2373 epist.
1316 2304 1370 2355 1.
1425 2296 1663 2355 XXXIII.
1687 2297 1742 2351 2.
1798 2295 1909 2353 LII.
1937 2295 1991 2354 5.
2014 2292 2170 2352 LVII.
2203 2294 2259 2351 Δ.

774 2393 1057 2451 CXXXIII.
1093 2394 1145 2449 5.
1178 2389 1525 2448 CLXXIX.6.
1561 2386 1843 2445 CCXXXI.

708 2485 860 2540 Aetio
890 2498 998 2540 una
1027 2480 1255 2542 CXCVI.

712 2576 946 2647 Agapeto
977 2582 1107 2630 tres.
1132 2573 1185 2628 1.
1215 2570 1334 2628 XX.
1358 2571 1413 2627 2.
1446 2569 1681 2626 LXXIII.
1717 2572 1771 2627 3.
1799 2568 2053 2626 CLXXV.

705 2665 1007 2721 Alexandro
1036 2663 1289 2735 episcopo
1314 2661 1559 2719 Corinthi
1599 2678 1706 2717 una
1728 2660 1957 2717 CLXIV.
2442 2647 2647 2705 CCXV.

706 2755 894 2824 Alphio
939 2733 1194 2825 quatuor.
1239 2753 1292 2809 I.
1351 2750 1492 2807 XXI.
1546 2751 1601 2806 2.
1670 2750 1889 2807 xxxv.
1952 2751 2007 2807 5.
2073 2749 2263 2807 XLIX.
2372 2744 2598 2828 Cyriafo
2630 2782 2646 2807 .
2742 2740 3008 2797 Demetrio
3039 2782 3056 2808 ,
3138 2738 3391 2795 Palladio
3420 2776 3437 2805 ,
3517 2733 3739 2807 Eulysio
3830 2747 3941 2789 una

779 2845 830 2899 4.
867 2842 1076 2900 LXXII.
2438 2832 2715 2890 CXLVIII.

706 2934 893 3006 Atypio
916 2948 1023 2989 una
1042 2931 1371 2989 CLXXXVI.
2372 2925 2592 2997 Cyriaco
2647 2924 2906 2997 episcopo
2974 2930 3105 2979 tres.
3152 2920 3206 2974 t.
3262 2916 3447 2974 LXIV.
3499 2916 3555 2973 ε.
3619 2911 3832 2974 CXXV.
3883 2914 3939 2969 δ.

706 3023 1006 3093 Amputch
1028 3020 1350 3079 diaconissc
1375 3028 1503 3078 tres.
1546 3022 1597 3077 I.
1626 3019 1811 3077 XCVI.
1834 3020 1904 3087 _2.
1930 3018 2061 3079 CIII.
2443 3017 2597 3075 CCII.

776 3117 830 3173 3.
858 3115 1037 3173 CXCI.
2375 3107 2623 3179 Cytherio
2649 3122 2757 3165 una
2780 3103 3042 3161 LXXXII.

2376 3198 2587 3253 Danieli
2616 3196 2932 3269 presbytero
2958 3210 3063 3251 una
3092 3190 3320 3251 CXCIX.

2374 3288 2596 3359 Diogeni
2680 3297 2935 3360 quatuor.
2994 3287 3044 3341 I.
3116 3284 3175 3340 L.
3233 3284 3289 3351 2,
3336 3281 3420 3337 LI.
3457 3281 3510 3337 3.
3559 3278 3846 3338 CXXXIV.
3882 3280 3941 3335 4-.

2442 3376 2674 3434 CXLIV.

2369 3475 2571 3529 Damno
2596 3475 2853 3546 episcopo
2882 3487 2992 3529 una
3015 3470 3232 3527 XXVII.

2373 3564 2587 3637 Elpidio
2616 3566 2871 3637 episcopo
2899 3580 3014 3621 sex.
3043 3566 3093 3619 1.
3132 3561 3298 3619 XXV.
3324 3562 3379 3617 2.
3404 3559 3591 3617 CXIV.
3625 3561 3677 3618 5.
3700 3558 3942 3617 CXXXI.

2444 3661 2495 3715 4.
2530 3657 2861 3713 CXXXVIII.
2888 3658 2940 3714 5.
2972 3653 3172 3711 CXLII.
3210 3656 3262 3711 6.
3294 3652 3547 3711 CCXXX.

2378 3750 2650 3821 Episcopis
2695 3750 2937 3821 epistolae
2992 3749 3251 3821 quinque.
3281 3749 3333 3803 I.
3383 3747 3537 3804 CLII.
3572 3746 3627 3800 2.
3667 3743 3845 3800 CLIII.
3885 3746 3939 3801 4.

2371 3838 2550 3894 CLIV.
2580 3840 2633 3895 5.
2657 3838 2939 3895 CLXXXI.

2374 3932 2649 4004 EpiscOpis
2738 3935 2831 4005 qui
2893 3943 3150 3991 venerant
3204 3935 3274 3991 ab
3332 3935 3619 3993 Occidente
3700 3945 3831 3990 tres.
3890 3934 3943 3987 I.

2445 4025 2648 4081 CLVII.
2673 4027 2727 4081 2.
2754 4024 2976 4083 CLVIII.
3020 4028 3071 4081 ὅ.
3105 4025 3286 4083 CLIX.

2376 4118 2633 4188 Episcopo
2663 4118 2755 4189 qui
2780 4127 3001 4173 venerat
3034 4120 3102 4174 ab
3135 4116 3427 4173 Occidente
3457 4132 3561 4171 una
3590 4116 3751 4171 CLX.

2376 4208 2649 4279 Episcopis
2678 4209 2772 4279 qui
2825 4218 3085 4264 venerant
3119 4224 3241 4264 cum
3278 4209 3713 4264 occidentalibus
3733 4218 3864 4263 tres.
3892 4209 3944 4263 1.

2442 4299 2647 4357 CLXV.
2680 4303 2735 4357 2.
2768 4299 3003 4357 CLXVI.
3032 4300 3086 4357 5.
3118 4300 3369 4357 CLXVII.

2377 4391 2651 4462 Episcopis
2702 4402 2751 4446 et
2803 4392 3114 4461 presbyteris
3144 4392 3199 4448 in
3230 4407 3447 4447 carcere
3478 4392 3673 4462 positis
3715 4392 3858 4446 dum.
3895 4393 3944 4448 I.

2376 4495 2501 4553 post
2595 4482 2882 4553 epistolam
2984 4481 3212 4538 Honorii
3301 4499 3463 4553 supra
3538 4500 3603 4554 p.
3692 4484 3816 4539 526.
3878 4486 3946 4538 2.

2451 4573 2731 4631 CLXXIV.

2382 4674 2672 4744 Episcopis,
2703 4678 3018 4749 presbyteris
3040 4687 3088 4733 et
3123 4678 3360 4735 diaconis
3391 4680 3447 4735 in
3469 4693 3689 4737 carcere
3715 4679 3952 4735 inclusis

2452 4783 2559 4821 una
2586 4767 2819 4825 CXVIII.

2386 4855 2604 4912 Etet/tio
2629 4874 2739 4914 una
2768 4858 3095 4917 CLXXXIII.

2382 4948 2606 5020 Eulogio
2633 4950 2890 5020 episCOpo
2912 4966 3016 5005 una
3046 4951 3345 5009 LXXXVII.

2382 5038 2646 5093 Eat/talia:
2673 5039 2811 5095 dum.
2849 5041 2899 5095 I.
2935 5041 3143 5098 X'XXII.
3176 5044 3229 5096 2.
3270 5044 3589 5101 CLXXVIII.

712 3209 958 3265 Anatolio
980 3208 1331 3279 praefectiano
1360 3224 1469 3265 una
1506 3207 1663 3265 CCV.

710 3305 958 3360 Anatolio
980 3306 1237 3377 episeopo
1267 3304 1469 3360 Adamn
1501 3320 1607 3360 una
1633 3303 1767 3360 CXI.

706 3397 981 3452 Anthemio
1015 3412 1119 3452 una
1148 3396 1396 3452 CXLVII.

707 3489 1026 3545 Antiocheno
1058 3488 1313 3558 episcopo
1341 3502 1449 3541 una
1481 3484 1808 3541 CCXXXIII.

709 3581 966 3635 Antiocho
992 3595 1099 3635 una
1120 3576 1451 3635 CLXXXIX.

709 3671 906 3741 Anysio
932 3670 1183 3741 episcopo
1206 3667 1606 3723 Thessalonica:
1637 3681 1739 3721 una
1760 3663 1961 3720 CLXII.

709 3759 907 3826 Anysio
940 3766 994 3814 et
1027 3758 1147 3814 aliis
1180 3758 1450 3828 episcopis
1486 3774 1591 3811 una
1621 3755 1844 3811 CLXIII.

711 3849 1024 3920 Aphthonio,
1082 3850 1366 3915 Theodoto,
1398 3848 1981 3920 Chwrew’presbyteris
2037 3855 2094 3905 et
2151 3861 2269 3903 mo-

778 3942 967 3996 nachis
992 3942 1132 3996 dua).
1173 3942 1223 3995 I.
1254 3940 1415 3994 LXX.
1440 3942 1493 3994 2.
1524 3938 1707 3993 XCIII.

712 4032 913 4087 Arabio
942 4032 1079 4087 duae.
1115 4034 1166 4086 1.
1198 4031 1425 4086 XLVIII.
1448 4032 1499 4085 2.
1527 4030 1708 4085 CXXI.

716 4123 1046 4176 Artemidore
1080 4137 1186 4177 una
1215 4121 1510 4177 CLXXVII.

714 4214 894 4268 Asello
917 4214 1169 4283 episcOpo
1201 4229 1307 4267 una
1342 4212 1469 4268 CLI.

712 4306 1028 4374 Asyncritia:
1049 4313 1299 4375 quatuor.
1340 4304 1387 4357 I.
1446 4302 1556 4357 XL.
1603 4303 1656 4357 2.
1714 4300 1966 4357 LXXVII.
1998 4303 2050 4358 5.
2079 4301 2264 4359 XCIX.

782 4396 835 4448 4.
860 4394 991 4449 CVI.

714 4496 927 4549 Aurelio
958 4496 1209 4565 episcopo
1252 4495 1664 4566 Carthaginensi
1694 4509 1800 4550 una
1826 4493 2058 4551 CXLIX.

724 4586 925 4640 Basilio
959 4585 1273 4656 presbytero
1303 4602 1409 4641 una
1445 4586 1677 4642 XXVIII.

715 4673 989 4730 Bassianus
1030 4692 1136 4731 una
1161 4674 1272 4730 CX.

716 4764 883 4821 Basso
906 4766 1163 4836 episcopo
1186 4782 1292 4821 una
1319 4765 1430 4820 CX.

716 4856 930 4912 Brisoni
983 4858 1121 4914 duae.
1149 4860 1197 4912 I.
1238 4859 1392 4915 CXC.
1422 4859 1476 4913 2.
1507 4856 1831 4913 CCXXXIV.

716 4946 1025 5004 Callistrato
1052 4950 1269 5005 Isaurite
1296 4950 1550 5022 episcopo
1582 4965 1691 5006 una
1718 4949 1823 5006 CC.

719 5038 1049 5095 Candidiano
1078 5057 1187 5096 una
1221 5040 1381 5095 XLII.

719 5129 973 5185 (ἔπιεν-ἕω
1003 5140 1251 5200 quatuor.
1271 5130 1515 5187 LXVIII.
1538 5133 1592 5187 2.
1622 5132 1855 5189 XXXIV.
1888 5136 1940 5191 5.
1976 5134 2269 5193 CCXXVII.

786 5222 839 5275 4.
877 5219 1177 5275 CCXXXII.

716 5311 956 5365 Carterio
979 5310 1105 5365 duci
1140 5326 1245 5364 una
1268 5310 1591 5367 CCXXXVI.

716 5398 877 5451 Casto
948 5396 1178 5462 Valerio,
1228 5399 1543 5467 Diophanto,
1575 5409 1679 5455 etc.
1740 5416 1854 5457 sex.
1904 5406 1949 5457 I.
2012 5404 2173 5459 XXII.
2215 5406 2268 5458 2.

788 5486 946 5540 LXII.
1008 5488 1061 5541 5.
1144 5486 1321 5542 LXVI.
1414 5491 1465 5546 4.
1546 5489 1699 5547 CVII.
1762 5493 1810 5547 5.
1911 5494 2135 5549 CXXX.
2197 5496 2269 5550 6.

788 5590 1040 5645 CCX'XII.

722 5676 1009 5736 Chalcidico
1062 5690 1314 5749 quatuor.
1384 5685 1432 5739 I.
1507 5684 1741 5741 XXXIX.
1811 5686 1861 5740 2.
1930 5686 2157 5741 LXXVI.
2222 5689 2253 5741 5

789 5768 1011 5827 XCVIII.
1047 5773 1097 5827 4.
1148 5773 1257 5829 CV.
1520 5772 1527 5778 ’

2383 5130 2665 5201 Euthymio
2698 5132 3013 5203 presbytero
3043 5150 3148 5189 una
3176 5134 3451 5191 CCXVIII.

2384 5220 2644 5276 Faustino
2676 5238 2779 5276 una
2818 5222 3095 5280 LXXXIV.

2385 5312 2628 5367 Firmino
2660 5329 2765 5368 una
2790 5313 2998 5370 LXXX.

2386 5403 2687 5459 Gaudentio
2711 5406 2962 5476 episeopo
2991 5408 3185 5465 BI‘IXIIC
3215 5429 3320 5468 una
3341 5413 3669 5470 CLXXXIV.

2388 5494 2614 5550 Gemello
2638 5507 2889 5566 quatuor.
2920 5501 2969 5553 1.
3008 5499 3241 5558 LXXIX.
3261 5506 3311 5561 2.
3336 5505 3569 5563 CXXIV.
3606 5509 3659 5565 3.
3686 5509 3951 5568 CXXXII.

2458 5589 2507 5643 4.
2542 5587 2768 5643 CXCIV.

2386 5688 2632 5743 Ceremia
2654 5690 2964 5761 presbytero
2985 5710 3091 5749 una
3131 5692 3260 5750 LIV.

2390 5781 2669 5837 Ilarmatic
2702 5800 2806 5839 una
2848 5784 3052 5842 LXXV.
