4142 6490
1711 408 2070 470 EPISTOLE
2080 451 2092 466 .

3503 415 3614 476 650

1518 612 2015 699 DOMINE
2062 613 2341 699 ME/E

254 773 658 836 sculorum:
703 792 1132 853 vensnmnm,
1191 794 1269 840 ac
1316 791 1840 838 nummsrssma:
1881 779 2262 850 campum,
2310 791 2722 853 DlACONlSSB,
2770 790 3049 839 manus:
3092 787 3438 839 EPISCOPUS
3501 795 3615 842 u-

1377 895 1596 942 nus-su
1626 895 1694 939 In
1735 893 2011 938 nouttvo.
2060 893 2260 938 EPIST.
2311 896 2332 939 ι
2376 880 2476 954 (a).

1717 1030 1968 1074 ——--69

338 1175 395 1231 l.
431 1173 545 1244 Age
573 1182 702 1226 vero
721 1170 994 1227 mmstitize
1025 1177 1128 1226 tua:
1151 1169 1306 1226 ulcus
1337 1179 1552 1224 rursum
1582 1167 1862 1238 mitigabo,

257 1274 432 1334 atque
456 1261 812 1334 cogitationes
839 1276 954 1327 eas,
976 1276 1097 1332 qua:
1125 1260 1266 1316 hanc
1291 1260 1486 1316 nubem
1509 1261 1728 1332 cogunt,
1757 1259 1868 1315 dis-

249 1357 489 1411 cutiam.
517 1354 656 1424 Quid
697 1355 840 1411 enim
885 1362 967 1410 est
988 1396 1004 1423 ,
1049 1353 1190 1426 quod
1215 1355 1453 1409 animum
1482 1362 1630 1408 tuum
1659 1361 1871 1423 pertur-

257 1449 358 1504 bat
375 1450 401 1504 ἲ
422 1464 520 1506 cur
541 1449 716 1515 doles,
745 1463 842 1504 cur
859 1447 1224 1505 excruciaris?
1247 1451 1328 1504 An
1357 1449 1501 1518 quod
1531 1461 1673 1504 szeva
1699 1456 1753 1502 et
1781 1461 1870 1502 ca-

263 1541 500 1612 liginosa
527 1549 612 1597 est
654 1539 772 1597 haec
806 1549 1096 1610 tempestas
1121 1538 1536 1611 quzc'Ecciesias
1564 1538 1867 1608 occupavit,

257 1641 570 1703 cunctaque
591 1632 642 1687 in
675 1632 1110 1688 obscurissimam
1141 1639 1356 1686 noctem
1385 1627 1757 1696 commutavit,
1789 1638 1870 1682 at-

254 1738 372 1794 que
402 1722 455 1778 in
482 1721 600 1780 dies
619 1732 862 1795 augetur,
883 1731 940 1779 et
959 1722 1150 1778 acerba
1178 1721 1421 1792 quzedam
1447 1718 1726 1790 naufragia
1747 1733 1870 1790 par-

251 1820 420 1883 'turit,
453 1819 709 1890 orbisque
735 1828 1001 1875 terrarum
1030 1815 1277 1874 interitus
1298 1814 1663 1886 ingravescit?
1690 1812 1745 1868 Id
1766 1829 1867 1884 ego

252 1925 480 1982 quoque
508 1919 846 1984 perspectum
874 1909 1069 1976 habeo,
1096 1923 1199 1964 nec
1222 1907 1504 1979 quisquam
1530 1916 1634 1974 est,
1652 1906 1742 1977 qui
1781 1905 1866 1960 in-

254 2000 412 2057 licias
440 2004 521 2058 ire
547 2012 750 2074 queat;
779 2015 865 2068 ac,
899 2000 945 2057 si
969 2000 1074 2068 vis,
1127 2007 1316 2056 eorum
1368 1999 1530 2056 etiam
1577 2013 1697 2069 qua:
1734 1996 1870 2052 ﬁunt

247 2094 555 2164 imaginem
607 2093 898 2166 quamdam
952 2092 1242 2164 eflingam,
1273 2106 1381 2163 quo
1432 2090 1717 2148 clariorem
1772 2089 1866 2148 tibi

243 2188 577 2258 Iragodiam
627 2187 874 2244 reddam.
923 2186 1072 2243 Mare
1097 2185 1372 2243 cernimus
1421 2185 1489 2241 ab
1525 2185 1647 2240 imis
1695 2199 1872 2256 usque

253 2281 560 2352 gurgitibus
597 2281 836 2352 undique
866 2281 1139 2337 revulsum
1160 2321 1177 2348 ,
1203 2288 1395 2335 nautas
1428 2270 1676 2334 mortuos
1711 2276 1864 2334 s'um-

245 2386 345 2428 ma
375 2372 518 2429 unda
561 2384 829 2442 natantes,
863 2374 1000 2429 alios
1025 2387 1242 2444 pessum
1279 2380 1492 2440 euntes,
1538 2373 1758 2427 navium
1789 2381 1866 2426 ta-

243 2460 414 2520 bulas
457 2463 767 2534 dissolutas,
797 2474 1050 2536 perrupta
1077 2473 1132 2521 et
1161 2465 1397 2521 lacerata
1418 2465 1557 2531 vela,
1587 2465 1758 2519 malos
1783 2465 1866 2519 ef-

241 2554 461 2613 ’τι-πως
480 2599 496 2625 ,
528 2571 708 2613 remos
734 2571 766 2614 e
793 2567 1074 2613 nautarum
1104 2557 1354 2613 mnibus
1376 2556 1612 2627 elapsos,
1640 2556 1864 2611 naucle-

257 2663 362 2706 ros
383 2650 872 2720 gubernaculorum
894 2651 1014 2708 loco
1039 2651 1291 2707 tabulatis
1321 2650 1612 2706 insidentes
1635 2692 1649 2716 ,
1674 2663 1866 2705 manus

242 2739 488 2811 genibus
510 2741 874 2812 irmectentes,
915 2752 1075 2814 atque
1119 2743 1176 2798 in
1221 2757 1338 2798 eam
1382 2742 1595 2798 consilii
1630 2742 1861 2813 inopiam

250 2832 534 2901 redactos,
561 2842 619 2889 ut
651 2835 1020 2891 tantummodo
1053 2835 1286 2906 lugeant,
1316 2847 1380 2890 ac
1405 2834 1639 2904 gemitus
1663 2843 1717 2890 ct
1741 2834 1862 2905 eju-

249 2916 408 2980 latus
435 2923 636 2993 edant;
665 2939 773 2982 non
798 2927 987 2982 cazlum
1005 2965 1022 2994 ,
1052 2942 1160 2982 non
1193 2941 1342 2982 mare
1367 2927 1739 2997 conspiciunt.
1767 2926 1862 2983 sed

248 3021 458 3072 densas
501 3025 664 3089 atque
703 3017 962 3075 obscuras
1009 3018 1263 3075 tenebras
1298 3019 1688 3090 caliginemque
1739 3029 1862 3076 tan-

245 3115 370 3166 tam
395 3152 413 3178 ,
443 3118 504 3167 tit
529 3126 598 3167 ne
627 3112 957 3184 propinquos
985 3113 1200 3184 quidem
1237 3114 1544 3186 perspicere
1586 3114 1750 3180 sinat,
1782 3113 1864 3171 in-

246 3211 475 3274 gentem
520 3201 752 3275 denique
779 3203 1038 3261 ﬂuctuum
1089 3205 1322 3260 sonitum
1348 3244 1364 3274 ,
1396 3219 1460 3261 ac
1489 3205 1724 3262 marinas
1749 3206 1860 3263 bel-

245 3291 376 3349 luas
404 3293 460 3349 in
489 3309 584 3353 eos
609 3337 624 3364 ,
653 3296 746 3367 qui
799 3298 1089 3369 navigant,
1133 3296 1282 3352 omni
1311 3312 1378 3353 ex
1421 3307 1573 3369 parte
1599 3299 1858 3371 impetum

247 3382 541 3441 facientes.
573 3385 689 3444 imo
722 3401 853 3444 vero
891 3402 1170 3460 quousque
1206 3387 1258 3444 id
1288 3390 1684 3461 persequimur,
1718 3389 1860 3461 quod

249 3479 518 3550 consequi
546 3494 652 3534 non
679 3481 1002 3550 possumus?
1028 3481 1435 3555 Quamcumque
1457 3485 1601 3540 enim
1629 3501 1862 3556 praesen-

250 3569 394 3626 tium
422 3571 783 3628 calamitatum
810 3573 1040 3645 effigiem
1084 3575 1398 3646 exquiram,
1445 3578 1618 3633 oratio
1661 3578 1712 3633 vi
1744 3594 1861 3634 ma-

249 3660 434 3718 lorum
464 3670 734 3735 superata,
763 3664 954 3734 pedem
983 3664 1169 3722 refert.
1203 3665 1489 3735 Caeterum,
1509 3669 1720 3724 etiamsi
1746 3668 1863 3726 hrcc

250 3757 550 3828 perspicio,
586 3768 765 3814 tamen
793 3759 1073 3815 meliorum
1103 3775 1284 3815 rerum
1310 3775 1461 3830 spem
1489 3776 1594 3817 non
1625 3762 1814 3817 amitto
1843 3780 1856 3816 :

251 3847 481 3918 hujusce
538 3849 902 3906 universitatis
947 3849 1378 3908 Gubernatorem
1439 3862 1563 3908 ante
1619 3854 1859 3910 animum

252 3953 584 4010 proponens,
607 3940 697 4012 qui
726 3955 832 3996 non
859 3951 975 3998 arte
1000 3952 1162 4013 atque
1192 3942 1452 3999 industria
1480 3953 1858 4016 tempestatem

255 4042 519 4104 superat,
551 4049 736 4090 verum
779 4045 910 4091 nutu
957 4036 1073 4092 solo
1105 4038 1392 4106 procellam
1441 4039 1658 4111 frangit.
1704 4040 1858 4109 Quod

251 4125 301 4181 si
337 4123 479 4180 haud
503 4126 734 4197 primum
764 4143 829 4183 ac
854 4131 1036 4185 Statim
1085 4128 1248 4197 facit,
1287 4131 1401 4186 hch
1441 4132 1647 4188 scilicet
1691 4132 1860 4204 ipsius

249 4219 586 4274 consuetudo
609 4230 694 4276 est
721 4261 736 4286 ,
777 4230 834 4274 ut
871 4235 1048 4276 rerum
1078 4221 1400 4279 acerbitates
1430 4238 1538 4278 non
1571 4224 1623 4278 in
1653 4225 1857 4296 princi-

251 4310 349 4388 pio
374 4311 718 4384 exstinguat:
749 4328 932 4368 verum
961 4327 1081 4368 cum
1104 4313 1392 4382 creverint,
1415 4324 1576 4387 atque
1600 4318 1665 4372 ad
1694 4317 1858 4374 linem

251 4411 559 4459 extremum
589 4406 954 4475 pervenerint,
997 4407 1219 4478 jamque
1261 4424 1386 4479 spes
1433 4411 1608 4467 onmis
1654 4427 1685 4467 a
1731 4427 1856 4483 per-

250 4496 440 4552 multis
463 4498 672 4567 abjecta
696 4499 787 4568 sit,
820 4509 931 4555 tum
961 4499 1196 4572 denique
1229 4503 1361 4557 mira
1392 4513 1552 4573 atque
1582 4503 1650 4560 ab
1675 4505 1854 4560 homi-

252 4603 384 4644 num
412 4590 664 4660 opinione
711 4592 886 4648 aliena
928 4590 1165 4650 facinora
1205 4593 1369 4651 edere
1406 4597 1618 4662 soleat;
1661 4607 1716 4653 et
1746 4599 1854 4654 vim

251 4695 408 4737 suam
451 4681 766 4748 ostendens,
797 4694 1087 4755 eteorum,
1114 4687 1206 4757 qui
1253 4687 1305 4742 in
1356 4688 1688 4745 calamitates
1717 4690 1855 4746 inci-

251 4773 409 4837 dunt,
438 4773 747 4843 patientiam
771 4789 1051 4833 exercens.
1091 4776 1456 4846 Quamobrem
1501 4795 1571 4835 ne
1615 4779 1856 4837 animum

251 4863 496 4936 dejicias.

336 4955 488 5011 Nihil
510 4973 663 5029 grave
688 4967 869 5028 pra'ter
908 4971 1186 5031 peccatum.
1219 4959 1359 5017 Deus
1389 4979 1488 5018 non
1515 4965 1685 5018 statim
1723 4982 1857 5021 sem-

253 5066 346 5119 per
370 5050 583 5104 adversa
609 5050 761 5105 tollit.
784 5082 855 5092 —
878 5051 1087 5107 Etenim
1120 5069 1222 5108 una
1251 5053 1528 5110 dumtaxat
1559 5071 1648 5111 res
1681 5059 1859 5128 gravis

252 5155 316 5196 ac
361 5139 790 5212 pertimescenda
840 5153 977 5210 est,
1009 5159 1044 5198 ο
1089 5142 1383 5216 Olympias,
1439 5162 1543 5203 una
1598 5149 1854 5217 tentatio,

251 5250 451 5305 nempe
473 5243 789 5308 peccatum;
826 5247 984 5308 atque
1021 5237 1124 5294 hoc
1163 5239 1384 5295 verbum
1436 5257 1726 5312 numquam
1763 5244 1857 5300 tibi

251 5325 506 5384 occinere
543 5327 724 5384 destiti
751 5347 765 5384 :
801 5329 1007 5401 reliqua
1037 5341 1216 5387 autem
1246 5332 1450 5399 omnia,
1478 5349 1627 5389 mera
1653 5333 1856 5405 fabula,

249 5417 365 5475 sive
390 5417 613 5474 insidias
631 5418 852 5488 dixeris,
871 5422 986 5477 sive
1004 5422 1327 5491 inimicitias,
1349 5424 1462 5480 sive
1483 5423 1718 5495 fraudes,
1743 5428 1856 5486 sive

246 5507 571 5578 calumnias,
601 5511 716 5568 sive
732 5513 1035 5581 maledicta,
1063 5514 1178 5572 sive
1203 5516 1593 5585 accusationes,
1624 5519 1740 5577 sive
1760 5521 1858 5579 bo-

245 5633 656 5751 ώαλερίιιοιω
678 5637 738 5686 ad
761 5634 1105 5713 Olympiadem
1133 5642 1330 5694 collatae
1352 5650 1469 5695 sunt
1492 5659 1606 5716 cum
1631 5649 1854 5723 Fabric,

251 5699 1003 5779 __.'1~!E‘,?.L!fib°,§_..§9§“$;
1043 5703 1180 5779 Ψηιξε
1234 5706 1357 5779 “es.
1385 5723 1396 5756 =
1425 5711 1648 5779 Βριξιοια
1691 5728 1858 5779 nrrma

481 5760 1723 5881 ’ξτῖεΐὲσῗέξέέεκίέῗκοῗὲἐξητῆῩίὶέἵὶξξὶξὲξηξτέδρ
1731 5781 1854 5881 ‘15::

249 5826 402 5881 στολή
427 5826 470 5872 α’
495 5826 872 5901 γραφεῖσφάπὸ
898 5828 1183 5881 Κονκουσοῦ
1215 5839 1300 5888 τῆς
1341 5826 1564 5894 Κιὶιχίας
1608 5826 1854 5902 «pugil-inv

249 5886 490 5937 malev
537 5890 845 5938 ολυαπιαόα.

1984 1183 2176 1224 norum
2209 1170 2652 1240 proscriptiones,
2674 1171 2789 1228 sive
2810 1173 3021 1241 exsilia,
3049 1173 3164 1230 sive
3205 1173 3414 1246 gladios
3456 1181 3597 1248 prmi

1982 1269 2189 1325 acutos,
2221 1261 2341 1316 sive
2373 1277 2540 1327 mare,
2567 1262 2681 1318 sive
2713 1263 2876 1319 totius
2907 1273 3175 1324 terrarum
3205 1265 3354 1321 orbis
3375 1266 3598 1325 bellum.

1977 1337 2111 1405 Nam
2139 1367 2493 1424 qurecumque
2520 1354 2736 1411 tandem
2760 1353 2877 1410 lzrec
2903 1356 3084 1412 omnia
3115 1357 3248 1426 sint,
3270 1364 3421 1416 certe
3450 1360 3592 1416 le’m-

1975 1443 2190 1512 poraria
2245 1453 2302 1499 et
2339 1444 2540 1500 caduca
2589 1454 2738 1514 sunt,
2779 1455 2939 1518 atque
2993 1449 3048 1503 in
3104 1450 3317 1505 mortali
3369 1456 3601 1522 corpure

1981 1535 2269 1603 exsistunt,
2300 1551 2402 1592 nec
2425 1537 2666 1607 vigilanti
2696 1539 2892 1594 animae
2920 1540 3307 1596 detrimentum
3339 1541 3591 1598 alierum.

1981 1626 2242 1694 Quocirca
2275 1630 2436 1684 etiam
2456 1631 2644 1688 beatus
2667 1631 2863 1686 Paulus
2885 1643 2939 1688 et
2960 1633 3356 1704 jucunditatum
3391 1639 3447 1692 et
3478 1652 3598 1694 mo-

1975 1719 2255 1774 lestiarum
2284 1721 2443 1792 hujus
2471 1723 2595 1778 vitae
2622 1723 3044 1781 imbecillitatem
3071 1727 3447 1785 demonstrare
3477 1741 3598 1785 stu-

1978 1811 2131 1880 dens,
2163 1813 2321 1869 un'rco
2346 1813 2609 1872 Vocabula
2638 1816 2692 1872 id
2721 1831 2945 1887 prorsus
2966 1819 3238 1886 indicavit,
3270 1836 3393 1876 cum
3422 1822 3494 1877 ita
3519 1822 3600 1878 lo-

1975 1912 2177 1973 quutus
2206 1912 2330 1959 est:
2363 1904 2493 1971 Qui:
2532 1907 2666 1960 enim
2713 1907 2969 1978 uidentur,
3015 1906 3323 1980 temporalia
3362 1922 3480 1967 sunt
3515 1913 3595 1984 (2.

1978 1994 2100 2050 Ιόν.
2127 1997 2182 2051 4.
2217 1995 2329 2068 l8).
2360 1996 2496 2064 Quid
2525 1998 2687 2067 igitur
2719 2013 2783 2054 ea
2806 2014 2928 2070 qua:
2965 2005 3292 2071 temporaria
3337 2013 3484 2070 sunt,
3531 2018 3598 2059 ac

1973 2085 2256 2142 ﬂuminum
2281 2088 2449 2143 instar
2471 2087 2661 2156 fluunt,
2691 2091 3035 2146 cxtlmescis?
3058 2092 3376 2164 llujusmodi
3398 2096 3598 2168 quippe

1970 2187 2102 2236 sunt
2128 2195 2216 2235 res
2247 2190 2567 2250 prazscntes,
2601 2191 2706 2236 tam
2750 2181 2907 2248 laetas,
2952 2199 3111 2255 quam
3152 2187 3417 2244 molestzc.
3455 2189 3596 2258 Quin

1974 2270 2116 2325 alter
2141 2286 2358 2342 quoque
2388 2272 2654 2342 propheta
2685 2273 2979 2328 humanam
3007 2291 3223 2332 omnem
3257 2278 3594 2350 felicitatem,

1974 2376 2046 2418 ne
2077 2362 2221 2418 [ωηο
2247 2363 2491 2434 quidem,
2517 2380 2706 2420 verum
2731 2367 2886 2421 alteri
2916 2367 3090 2423 viliori
3114 2371 3353 2427 materia:
3377 2387 3600 2445 compa-

1973 2456 2134 2523 ravit,
2163 2470 2282 2510 eam
2311 2456 2563 2513 videlicet
2588 2458 2894 2516 universam
2922 2459 3050 2518 fasni
3073 2462 3263 2519 liorem
3289 2466 3593 2538 appellans.

1972 2545 2160 2616 Neque
2189 2548 2361 2619 ipsius
2389 2549 2671 2606 dumtaxat
2705 2560 2915 2624 partem
2951 2554 3240 2624 quamdam
3281 2560 3484 2628 posuit,
3531 2571 3595 2618 ut

1973 2655 2106 2710 opes
2142 2649 2372 2712 tantum,
2414 2653 2509 2698 aut
2551 2644 2735 2701 luxum
2767 2659 2831 2701 ac
2859 2646 3104 2716 delicias,
3135 2658 3225 2704 aut
3272 2653 3592 2723 potentiam.

1972 2743 2067 2803 aut
2111 2733 2348 2791 honores
2389 2753 2404 2790 :
2439 2751 2623 2792 verum
2670 2738 2850 2793 omnia
2891 2753 2955 2794 ea
2998 2755 3119 2810 quae
3156 2741 3299 2812 apud
3330 2746 3594 2803 mortales

1973 2825 2235 2897 prmclara
2260 2836 2315 2882 et
2343 2828 2623 2898 splendida
2643 2843 2766 2885 esse
2793 2830 3066 2900 videntur,
3100 2834 3258 2888 unico
3289 2836 3475 2905 gloria
3495 2852 3593 2894 vo-

1973 2918 2168 2974 cahulo
2194 2921 2530 2990 complexus,
2561 2920 2633 2974 ita
2659 2920 2881 2977 demum
2909 2922 3213 2994 subjunxit,
3256 2924 3388 2983 freni
3417 2929 3589 2986 simu-

1973 3012 2176 3067 lacrum
2217 3013 2406 3071 dicens
2455 3035 2468 3070 :
2520 3013 2702 3070 Omnis
2741 3015 2910 3088 gloria
2952 3015 3174 3074 hominis
3207 3029 3465 3091 tamquam
3493 3026 3592 3094 [ius

1972 3107 2098 3176 feni
2128 3105 2283 3180 (Isai.
2313 3107 2403 3163 40.
2438 3107 2521 3178 6).

2043 3198 2097 3253 2.
2141 3201 2234 3267 At,
2264 3200 2467 3271 inquis,
2496 3203 2676 3274 gravis
2701 3210 2758 3258 et
2787 3204 2983 3260 acerba
3020 3218 3110 3261 res
3143 3215 3229 3263 est
3263 3207 3584 3267 adversitas.

1976 3291 2045 3344 At
2078 3289 2196 3346 vide
2225 3291 2498 3362 quomodo
2529 3292 2645 3348 haec
2675 3307 2894 3365 quoque
2913 3309 3038 3352 cum
3064 3297 3169 3352 alia
3204 3298 3437 3370 imagine
3459 3317 3591 3358 con:-

1973 3382 2178 3435 leratur
2203 3400 2216 3436 ι
2239 3382 2428 3452 sicque
2456 3381 2596 3438 hanc
2626 3384 2787 3439 etiam
2812 3395 3120 3442 contemne.
3150 3388 3428 3459 Siquidem
3457 3407 3590 3448 conu-

1969 3474 2103 3528 vicia
2132 3482 2187 3529 et
2210 3475 2589 3542 contumelias,
2614 3491 2680 3532 ac
2702 3476 2922 3547 probra,
2953 3487 3008 3535 et
3032 3477 3354 3538 offendicula
3380 3497 3444 3540 ea
3466 3499 3589 3556 qua:

1967 3564 2037 3621 ab
2063 3565 2296 3622 inimicis
2330 3567 2680 3638 objiciuntur,
2711 3578 2768 3624 et
2810 3571 3034 3627 insidias
3074 3573 3394 3633 indumento
3432 3590 3589 3636 vetu-

1966 3671 2109 3716 state
2131 3670 2476 3734 consumpto,
2495 3676 2560 3718 ac
2582 3661 2720 3718 lana:
2736 3675 2915 3720 exesae
2942 3680 3284 3738 comparans,
3308 3669 3392 3728 his
3407 3672 3590 3731 verbis

1969 3752 2216 3807 utebatur
2246 3770 2259 3806 :
2292 3751 2472 3808 Nolite
2497 3754 2671 3808 timere
2700 3758 3033 3826 opprobrium
3065 3759 3349 3829 hominum,
3385 3772 3432 3818 et
3469 3764 3584 3821 Μαι

1970 3844 2228 3913 sphemias
2253 3861 2431 3900 eorum
2463 3862 2526 3901 ne
2566 3849 2824 3902 metuatis.
2865 3848 3016 3904 Sicut
3055 3852 3585 3925 enimuestimentum,

1965 3936 2040 3990 sic
2070 3939 2296 3992 comedet
2353 3955 2437 3995 eos
2476 3939 2659 3994 vermis
2686 3953 2708 3994 :
2732 3949 2782 3994 et
2829 3941 2963 3996 sicut
2987 3943 3185 4013 lanam,
3215 3947 3290 4001 sic
3325 3946 3588 4004 devorabit

1967 4043 2052 4082 eos
2078 4029 2215 4084 tinea
2244 4028 2399 4100 (lsai.
2445 4031 2536 4087 5i.
2579 4032 2634 4087 7.
2664 4031 2748 4105 8).
2780 4032 3144 4101 Quamobrem
3192 4038 3329 4094 nihil
3369 4054 3585 4111 eorum,

1965 4137 2086 4192 qurc
2111 4124 2384 4192 accidunt,
2407 4125 2647 4181 animum
2679 4135 2828 4182 tuum
2858 4131 3142 4186 conturbet
3170 4151 3184 4187 :
3209 4147 3396 4188 verum
3417 4134 3585 4190 alium

1965 4222 2130 4285 atque
2158 4216 2321 4272 alium
2352 4231 2546 4288 rogare
2583 4227 2637 4274 et
2677 4219 2895 4275 umbras
2935 4223 3182 4293 persequi
3221 4224 3587 4296 supersedens

1967 4307 2166 4378 (neque
2209 4309 2354 4364 enim
2399 4310 2546 4366 aliud
2587 4319 2674 4367 est
2714 4311 3009 4368 humanum
3051 4314 3358 4389 auxilium),
3393 4316 3581 4374 Jesum

1967 4413 2126 4469 quem
2155 4401 2312 4466 colis,
2355 4401 2476 4458 sine
2516 4402 2622 4458 ulla
2667 4403 3072 4463 intermissione
3112 4409 3358 4477 obsecra,
3401 4420 3461 4467 ut
3498 4412 3588 4468 vel

1967 4491 2140 4547 solum
2163 4501 2365 4548 annuat
2389 4512 2403 4548 :
2431 4505 2594 4562 atque
2621 4497 2800 4551 omnia
2831 4498 2990 4554 unico
3021 4502 3282 4571 temporis
3308 4512 3588 4561 momento

1967 4585 2292 4642 dilabentur.
2333 4587 2489 4654 Quod
2536 4589 2583 4644 si
2630 4589 2966 4660 obsecrasti,
3013 4607 3116 4648 nec
3158 4604 3337 4652 tamen
3379 4597 3583 4654 malum

1965 4677 2252 4749 depulsum
2297 4688 2401 4748 est,
2446 4680 2500 4736 id
2539 4681 2751 4738 scilicet
2793 4684 2904 4741 Deo
2947 4685 3202 4743 usitatum
3240 4699 3344 4759 est,
3374 4698 3434 4747 ut
3473 4707 3586 4748 non

1967 4774 2149 4828 statim
2197 4774 2279 4845 (ut
2308 4774 2452 4847 quod
2484 4778 2734 4847 superius
2781 4778 2892 4834 dixi
2941 4783 3212 4854 repetam)
3255 4786 3582 4848 acerbitates

1965 4867 2276 4938 cxsnnguat
2299 4886 2314 4924 :
2343 4869 2439 4925 sed
2465 4884 2588 4926 cum
2609 4886 2688 4926 ea:
2705 4871 3062 4930 intumuerint
3086 4885 3250 4947 atque
3271 4888 3443 4938 aucta:
3467 4882 3578 4941 fueo

1966 4959 2096 5026 rint,
2125 4959 2268 5031 iique
2295 4960 2386 5031 qui
2418 4960 2615 5016 bellum
2644 4961 2904 5032 inferunt,
2937 4965 3071 5021 nihil
3101 4966 3216 5023 fere
3254 4969 3323 5026 ad
3361 4985 3592 5032 omnem

1967 5051 2367 5122 improbitatem
2390 5053 2494 5110 sibi
2515 5054 2708 5126 reliqui
2739 5055 2987 5124 fecerint,
3014 5067 3125 5114 tum
3149 5059 3383 5135 denique
3398 5074 3584 5125 omnia

1967 5144 2022 5200 in
2070 5145 2414 5215 tranquillum
2463 5158 2687 5217 repente
2725 5158 2918 5219 mutet,
2963 5160 3125 5223 atque
3169 5152 3224 5208 in
3271 5154 3584 5228 inoptnatos

1965 5237 2228 5308 quosdam
2257 5253 2438 5294 rerum
2467 5248 2640 5294 status
2681 5255 2744 5295 ea
2788 5241 3041 5299 adducat.
3081 5243 3269 5318 Neque
3311 5251 3458 5306 enim
3511 5262 3590 5309 tot

1965 5332 2244 5388 dumtaxat
2267 5333 2406 5389 bona
2432 5331 2652 5389 efficere
2680 5344 2880 5405 potest,
2923 5345 3053 5408 quot
3091 5351 3478 5411 exspectamus
3522 5362 3586 5400 ac

1966 5442 2248 5496 speramus
2290 5445 2303 5482 :
2332 5443 2518 5483 verum
2549 5429 2718 5485 multo
2748 5430 2924 5501 plura,
2955 5441 3118 5504 atque
3148 5434 3370 5492 inllnitis
3415 5441 3582 5510 parti-

1967 5519 2070 5578 bus
2093 5521 2314 5592 majora.
2344 5522 2426 5578 Ob
2447 5523 2606 5595 idque
2626 5525 2786 5580 etiam
2814 5526 3011 5583 Paulus
3029 5527 3243 5586 dicebat
3267 5549 3281 5587 :
3316 5530 3386 5587 Ei
3409 5544 3587 5590 autem

1965 5615 2053 5689 qui
2082 5625 2259 5684 potens
2284 5624 2358 5670 est
2379 5616 2549 5687 facere
2572 5620 3049 5688 superabundanter
3070 5639 3225 5693 quam
3248 5627 3467 5696 petimus
3499 5642 3586 5684 aut

1966 5709 2250 5778 cogitamus
2275 5709 2493 5782 (Ephes.
2523 5712 2578 5767 '5.
2603 5710 2717 5784 20).
2750 5714 2942 5769 Annon
2965 5717 3145 5771 statim
3170 5717 3459 5789 prohibere
3491 5738 3584 5792 po-

1967 5808 2125 5866 terat,
2167 5816 2234 5858 ne
2267 5810 2378 5860 tres
2417 5804 2570 5874 pueri
2613 5804 2666 5860 in
2697 5807 3046 5863 tcntationem
3085 5809 3229 5866 illam
3267 5811 3584 5870 laberentur

1967 5893 2127 5966 (Dan.
2154 5894 2249 5968 5)?
2269 5895 2469 5954 Verum
2494 5897 2546 5955 id
2569 5900 2790 5958 minimc
2813 5900 2991 5960 facere
3013 5903 3203 5974 voluit,
3227 5914 3286 5962 ut
3304 5906 3582 5978 ingentem
