4142 6496
547 458 647 517 filii

545 567 677 638 ipsis
719 567 979 634 quaestum
1022 551 1348 610 conciliaret.
1400 547 1583 638 anue
1625 543 1692 598 de
1729 555 1892 598 causa
1936 554 2041 638 eos.
2075 538 2127 592 in

547 628 892 712 barbarorum
921 660 1130 719 quoque
1155 655 1342 698 manus
1367 637 1559 694 cadere
1587 649 1778 706 passus
1797 641 1900 697 est,
1929 645 1991 685 ac
2018 628 2128 684 for-

547 761 734 803 nacem
789 745 840 797 in
901 735 1262 794 incredibilem
1322 727 1607 802 quamdam
1652 724 1983 780 altitudinem
2037 734 2128 774 ac-

547 837 724 902 cendi,
751 833 1055 902 regiamque
1077 823 1404 881 iracundiam
1431 818 1648 874 fornace
1672 816 1902 872 atrocius
1923 810 2128 868 inﬂam-

547 931 701 992 mari,
738 939 936 995 eosque
965 919 1211 976 manibus
1239 930 1301 971 ac
1326 913 1550 986 pedibus
1577 909 1874 964 arctissime
1914 903 2126 970 vinciri,

549 1031 707 1089 atque
737 1018 789 1071 in
821 1016 992 1085 ignem
1034 1009 1260 1078 conjici;
1308 1020 1430 1060 cum
1459 1011 1633 1058 autem
1661 1013 1867 1064 omnes,
1911 997 2002 1067 qui
2036 1009 2130 1050 eos

549 1110 877 1182 speetabant,
910 1118 1096 1160 eorum
1128 1101 1350 1155 salutem
1379 1111 1475 1167 pro
1501 1094 1772 1163 deplorata
1796 1089 2128 1155 habuissent,

551 1215 662 1258 tum
683 1201 892 1255 demum
920 1195 1094 1250 subito
1119 1207 1181 1247 ac
1202 1198 1393 1260 praeter
1417 1201 1564 1256 spem
1591 1198 1803 1238 omnem
1831 1196 1950 1236 sese
1979 1194 2133 1235 exse-

552 1295 656 1349 ruit
685 1285 1103 1362 praestantissimi
1132 1280 1348 1336 artificis
1391 1278 1491 1332 Dei
1516 1278 1568 1330 in
1599 1275 1870 1330 miraculis
1907 1271 2131 1326 edendis

552 1387 792 1447 facultas,
840 1392 998 1449 atque
1041 1375 1295 1433 eximium
1342 1371 1623 1443 quemdam
1654 1371 1707 1426 in
1739 1368 1952 1424 modum
1993 1367 2130 1422 emi-

556 1476 686 1531 cuit.
725 1470 996 1541 Siquidem
1049 1467 1185 1536 ignis
1225 1463 1571 1526 vinciebatur,
1615 1460 1704 1531 qui
1747 1469 1922 1513 autem
1973 1455 2132 1511 vincti

551 1575 707 1621 erant
743 1562 1115 1622 solvebantur;
1154 1571 1215 1611 ac
1258 1554 1444 1609 fornax
1473 1553 1526 1608 in
1567 1553 1818 1622 templum
1847 1559 1901 1604 et
1928 1547 2130 1603 fontem

551 1675 615 1714 ac
645 1671 821 1712 rorem
869 1652 1192 1714 mutabatur,
1237 1648 1488 1717 regiaque
1541 1645 1660 1699 aula
1713 1639 2134 1713 magnificentior

553 1747 928 1820 augustiorque
955 1741 1276 1798 reddebatur
1306 1757 1320 1791 :
1343 1747 1689 1806 naturamque
1715 1734 1856 1789 illam
1882 1731 2110 1788 edacissi

554 1856 715 1905 niam,
739 1853 800 1893 ac
825 1836 1021 1892 ferrum
1052 1833 1206 1889 etiam
1231 1841 1284 1886 et
1308 1830 1530 1899 lapides,
1557 1839 1714 1899 atque
1741 1841 1955 1880 omnem
1977 1825 2134 1880 deni-

550 1947 658 2002 que
685 1929 954 1983 materiam
985 1932 1348 1994 superantem,
1378 1921 1603 1977 erinium
1646 1930 1831 1974 natura
1865 1916 2132 1974 vincebat.

551 2029 730 2094 Atque
758 2019 1208 2076 modulatissimus
1244 2017 1348 2070 illic
1385 2022 1686 2070 sanctorum
1715 2011 1913 2067 chorus
1939 2010 2132 2078 stabat,

553 2126 808 2184 utrasque
837 2127 924 2167 res
949 2109 1189 2166 conditas
1218 2107 1283 2162 ad
1313 2106 1594 2162 mirificum
1641 2104 1781 2158 hunc
1820 2112 2134 2158 concentum

553 2205 783 2262 invitaus
815 2221 827 2255 :
860 2203 1192 2272 hymnosque
1222 2199 1287 2252 ad
1329 2198 1462 2268 grati
1492 2196 1651 2250 animi
1693 2194 2133 2265 significationem

552 2297 619 2351 ad
649 2297 809 2350 Deum
837 2290 1283 2355 transmittebant,
1315 2289 1456 2360 quod
1488 2287 1734 2342 videlicet
1761 2286 1982 2340 vinculis
2003 2299 2135 2339 con-

553 2389 746 2454 stricti,
794 2386 956 2458 quod,
1003 2394 1254 2456 quantum
1301 2381 1512 2452 quidem
1557 2381 1609 2435 in
1655 2378 1894 2433 hostibus
1941 2376 2132 2441 fuerat,

551 2483 726 2537 exusti
755 2482 793 2547 ‘,
827 2480 964 2550 quod
997 2477 1178 2548 patriis
1208 2475 1422 2531 sedibus
1449 2474 1738 2540 exturbati,
1769 2469 1908 2542 quod
1941 2469 2134 2540 captivi

554 2573 789 2638 abducti,
818 2571 956 2642 quod
998 2570 1241 2624 libertate
1279 2566 1489 2636 spoliati
1535 2565 1780 2629 fuissent,
1811 2561 1952 2632 quod
1995 2561 2138 2615 urbi-

555 2666 687 2728 bus,
741 2663 883 2734 quod
933 2661 1178 2716 domibus
1225 2669 1489 2724 carerent,
1545 2666 1892 2726 extorresque
1934 2663 2134 2718 essent,

553 2757 697 2829 quod
719 2756 946 2825 denique
967 2756 1017 2808 in
1037 2754 1206 2808 aliena
1228 2761 1283 2808 et
1308 2751 1532 2806 barbara
1558 2761 1696 2805 terra
1721 2749 1969 2819 degerent
1997 2766 2009 2801 :
2037 2746 2138 2801 hoc

555 2853 694 2906 enim
734 2850 864 2919 grati
905 2847 1066 2902 animi
1107 2856 1206 2900 est.
1248 2845 1532 2914 Postquam
1579 2853 1753 2897 autem
1802 2852 1854 2898 et
1907 2843 2135 2895 hostium

555 2941 866 3010 improbitas
886 2939 1119 3006 partibus
1146 2936 1392 2991 omnibus
1413 2935 1652 2989 absoluta
1682 2935 1800 2995 fuit.
1825 2933 1972 3002 (quid
1996 2934 2136 2985 enini

557 3034 691 3086 ultra
721 3040 947 3085 mortem
974 3029 1082 3098 jam
1127 3029 1306 3083 conari
1346 3036 1590 3097 poterant
1605 3027 1652 3096 ?)
1680 3036 1732 3080 et
1762 3026 1992 3096 pugilum
2036 3026 2140 3076 vir-

556 3135 640 3179 tus
666 3124 870 3194 expleta
902 3132 1002 3186 est,
1030 3131 1186 3191 atque
1213 3120 1370 3173 etiam
1403 3129 1647 3172 contexta
1679 3132 1894 3180 corona,
1917 3125 1969 3170 et
2001 3131 2137 3185 prae-

555 3216 663 3269 mia
696 3215 821 3284 ipsis
847 3213 1066 3268 collecta
1098 3220 1241 3276 sunt,
1272 3228 1367 3266 nec
1393 3211 1502 3279 jam
1534 3211 1599 3264 ad
1623 3210 1844 3280 gloriam
1880 3209 2136 3264 nominis-

553 3323 658 3378 que
689 3306 1022 3377 splendorem
1045 3305 1328 3374 quidquam
1361 3305 1630 3358 restabat:
1658 3312 1766 3357 tum
1796 3302 2011 3357 demum
2035 3303 2138 3357 sei-

555 3401 678 3456 licet
705 3400 839 3454 mala
871 3398 1232 3467 depelluntur,
1265 3405 1320 3450 et
1357 3394 1446 3465 qui
1493 3393 1760 3448 fornacem
1799 3394 2135 3460 accenderat,

550 3508 757 3563 eosque
785 3501 890 3545 tam
921 3489 1074 3561 gravi
1115 3487 1372 3559 supplicio
1404 3484 1700 3553 addixerat,
1747 3483 1884 3542 idem
1926 3496 2139 3543 sanctos

554 3587 678 3641 illos
707 3584 910 3655 pugiles
935 3583 1170 3638 mirificis
1198 3581 1443 3636 laudibus
1467 3580 1641 3646 effert,
1672 3595 1734 3636 ac
1764 3581 2076 3634 miraculum
2106 3595 2135 3634 a

556 3680 669 3734 Deo
695 3677 892 3733 editum
921 3676 1194 3746 praedicat,
1234 3675 1520 3746 literasque
1556 3674 1753 3744 ingenti
1784 3672 1938 3727 laude
1969 3672 2138 3727 refer-

557 3780 640 3824 tas
666 3783 877 3840 quoquo
901 3767 1356 3839 gentiummittit,
1390 3782 1452 3821 ea
1484 3783 1601 3836 qua:
1649 3766 1952 3821 acciderant
1994 3781 2136 3821 com-

555 3877 880 3928 memorans,
909 3871 1065 3932 atque
1088 3859 1190 3914 fide
1209 3859 1422 3929 dignum
1439 3858 1740 3913 divinorum
1763 3856 2138 3912 miraculorum

559 3967 859 4024 prmconem
909 3967 967 4007 se
1018 3951 1282 4021 praebens.
1330 3948 1460 4004 Nam
1515 3950 1764 4020 quoniam
1808 3949 2052 4002 inimicus
2089 3959 2143 4002 et

559 4046 730 4100 hostis
756 4046 868 4115 ipse
906 4052 1041 4108 erat,
1080 4042 1277 4096 ideirco
1319 4041 1428 4110 jam
1469 4041 1606 4110 apud
1657 4041 1836 4095 hostes
1881 4042 2040 4094 etiam
2075 4039 2143 4092 ab

558 4137 706 4192 omni
729 4135 1028 4206 suspicione
1052 4141 1253 4188 remota
1285 4141 1457 4195 erant,
1489 4147 1607 4200 qua:
1638 4130 2028 4185 scribebantur.

629 4229 681 4283 5.
727 4228 913 4282 Vidisti
955 4225 1046 4279 Dei
1097 4222 1399 4279 solertiam?
1440 4224 1613 4278 vidisti
1664 4223 2016 4293 sapientiam?
2059 4223 2141 4276 vi-

559 4321 680 4375 disti
724 4319 847 4389 quid
885 4326 1079 4387 prmter
1109 4315 1381 4370 hominum
1419 4316 1726 4384 opinionem
1770 4313 2032 4384 patravit?
2063 4315 2144 4369 vi-

559 4414 685 4468 disti
714 4410 1089 4482 benignitatem
1120 4417 1175 4464 et
1202 4409 1421 4463 curam?
1447 4408 1678 4463 Proinde
1707 4423 1774 4462 ne
1802 4422 2143 4463 commovea-

565 4508 636 4562 ris
663 4520 724 4558 ac
751 4503 1100 4574 perturberis,
1128 4517 1310 4556 verum
1336 4517 1429 4570 pro
1451 4503 1697 4555 omnibus
1718 4501 1877 4554 rebus
1897 4509 2146 4555 constan-

567 4607 644 4649 ter
677 4595 776 4664 ipsi
799 4594 991 4662 gratias
1020 4608 1136 4661 age,
1167 4608 1394 4662 eumque
1421 4593 1599 4656 lauda,
1639 4608 1786 4662 roga,
1817 4592 2147 4661 supplexque

573 4688 823 4750 rbsecra;
855 4686 1060 4739 etiamsi
1088 4684 1324 4739 sexcenti
1349 4685 1621 4749 tumultus,
1645 4692 1909 4738 sexcenta:
1933 4693 2146 4754 pertur-

573 4780 812 4834 bationes
840 4793 902 4831 ac
932 4777 1180 4848 procella:
1224 4777 1312 4830 tibi
1345 4777 1414 4830 ob
1451 4777 1636 4829 oculos
1677 4785 1975 4840 versentur,
2019 4774 2147 4828 nihil

572 4878 745 4923 tamen
776 4868 966 4923 horum
999 4878 1048 4921 te
1074 4868 1364 4936 perturbet.
1394 4867 1576 4936 Neque
1605 4867 1746 4921 enim
1778 4867 2031 4922 Dominus
2054 4883 2152 4921 no—

570 4963 648 5016 bis
691 4976 865 5015 rerum
912 4959 1222 5015 difficultate
1273 4961 1643 5024 antevertitur,
1695 4961 1901 5014 etiamsi
1951 4960 2150 5030 alioqui

573 5054 751 5108 omnia
784 5054 833 5107 in
862 5063 1150 5107 extremam
1185 5053 1472 5120 perniciem
1509 5051 1756 5106 devoluta
1801 5052 1926 5106 sint.
1971 5052 2153 5109 Potest

570 5145 765 5214 quippe
793 5145 904 5212 ipse
929 5151 983 5198 et
1005 5144 1246 5212 jacentes
1273 5143 1526 5208 excitare,
1569 5152 1622 5197 et
1652 5153 1894 5197 errantes
1925 5143 1975 5197 in
2011 5145 2150 5198 viam

573 5252 847 5300 revocare,
875 5245 928 5290 et
955 5251 1047 5290 eos
1081 5237 1170 5305 qui
1211 5234 1585 5290 offendiculum
1626 5236 1764 5304 passi
1801 5246 1943 5301 sunt,
1979 5239 2152 5290 corri-

572 5343 718 5398 gere,
752 5337 806 5382 et
829 5343 926 5382 eos
949 5329 1036 5397 qui
1067 5329 1357 5382 innumeris
1389 5330 1620 5396 peccatis
1646 5329 1885 5397 cooperti
1916 5339 2057 5393 sunt,
2094 5329 2155 5383 li-

574 5423 766 5476 berare
797 5434 858 5475 ac
887 5420 1081 5490 probos
1107 5420 1337 5486 efficere,
1369 5431 1423 5475 et
1460 5421 1750 5475 exStinctos
1791 5422 1892 5474 vita
1923 5421 2148 5488 donare,

577 5525 630 5566 et
660 5514 723 5566 iis
753 5529 869 5581 quze
897 5513 1068 5566 diruta
1099 5521 1243 5577 sunt,
1274 5513 1528 5581 majorem
1565 5513 1904 5583 splendorem
1942 5530 2155 5584 compa-

577 5618 716 5667 rare,
741 5613 792 5656 et
813 5619 930 5672 qurc
955 5611 1270 5657 vetustatem
1293 5613 1689 5669 contraxerunt,
1716 5620 1994 5660 renovare.
2025 5606 2154 5661 Nam

578 5705 702 5744 cum
733 5693 833 5746 hoc
861 5694 1076 5759 efficiat,
1123 5701 1179 5748 ut
1214 5709 1332 5763 qua":
1374 5710 1478 5749 non
1511 5705 1662 5750 erant
1691 5698 1952 5765 oriantur,
2002 5711 2054 5754 ct
2094 5702 2157 5756 iis

580 5795 697 5852 qua:
730 5798 988 5854 nusquam
1014 5784 1232 5838 omnino
1277 5787 1650 5853 cernebantur,
1696 5800 1752 5843 ut
1783 5790 1910 5854 sint,
1949 5792 2156 5859 afferat,

646 5877 662 5907 ⁸
683 5875 757 5926 Sic
781 5883 880 5925 Mss.
908 5882 956 5925 tu
978 5875 1120 5927 Editis
1135 5875 1276 5927 deest
1292 5891 1404 5939 vos,
1425 5880 1604 5941 crusti;
1623 5881 1709 5930 sed
1733 5887 1978 5946 tuterpres
2003 5883 2142 5949 legit.

1247 436 1307 496 8.
1345 430 1622 493 JOANNIS
1657 424 2134 486 CHRYSOSTOMI
2172 421 2491 483 ARCHIEP.
2532 417 3064 479 (DNSTANTINOP.

3725 419 3835 478 532

2239 536 2406 592 multo
2438 551 2568 592 sane
2605 536 2773 606 magis
2815 550 2875 590 ea
2905 550 3025 605 qum
3065 542 3208 601 sunt,
3263 542 3314 590 ct
3355 549 3473 606 qua:
3506 534 3640 590 facta
3682 548 3828 598 sunt,

2237 627 2560 684 emendabit.
2589 629 2659 683 At
2696 627 2846 683 multi
2877 637 2998 682 sunt
3037 628 3124 698 qui
3172 637 3412 697 pereant,
3447 627 3596 681 multi
3637 628 3832 699 quibus

2233 722 2544 778 scandalum
2593 721 2893 778 inferatur?
2947 721 3049 777 Sed
3103 722 3265 776 multa
3326 721 3630 791 hujusmodi
3686 735 3831 790 saepe

2235 814 2593 885 contigerunt,
2623 829 2741 886 qua:
2769 824 2946 869 tamen
2975 823 3159 884 postea
3189 829 3329 877 eam,
3371 829 3530 884 quam
3562 829 3661 884 par
3691 825 3827 879 erat,

2237 905 2554 961 medicinam
2575 915 2903 978 consequuta
2927 915 3053 961 sunt
3088 924 3102 960 :
3136 907 3237 960 nisi
3265 906 3353 975 qui
3387 907 3612 960 fortasse
3660 915 3834 960 muta-

2236 999 2304 1052 tis
2344 999 2504 1052 etiam
2559 998 2751 1065 rebus,
2809 997 2862 1052 in
2917 997 3192 1052 incurabili
3251 998 3437 1051 morbo
3490 999 3834 1067 pertinaciter

2235 1087 2526 1143 laeserunt.
2557 1088 2695 1152 Ouid
2723 1095 2898 1142 autem
2927 1102 2993 1142 eo
3023 1087 3238 1141 nomine
3282 1087 3680 1156 perturbatione
3710 1087 3835 1141 affi-

2234 1183 2372 1236 ceris
2401 1183 2745 1252 animumque
2789 1181 2994 1250 dejicis.
3037 1181 3176 1250 quod
3224 1181 3314 1234 ille
3359 1181 3561 1250 ejectus
3604 1183 3691 1246 sit,
3742 1181 3832 1236 ille

2236 1280 2418 1326 contra
2451 1273 2820 1327 introductus?
2846 1273 3091 1327 Christus
3122 1273 3175 1326 in
3215 1287 3426 1326 crucem
3459 1272 3738 1343 agebatur,
3769 1285 3833 1326 ac

2238 1365 2504 1420 Barabbas
2534 1366 2671 1421 latro
2700 1365 3039 1436 poscebatur,
3081 1374 3241 1435 atque
3286 1376 3596 1436 corruptum
3644 1367 3833 1435 vulgus

2238 1458 2557 1514 homicidam
2587 1459 2763 1529 potius
2790 1476 2944 1529 quam
2975 1459 3314 1515 Servatorcm
3345 1475 3406 1514 ac
3438 1467 3516 1515 tot
3541 1460 3833 1515 beneficio-

2235 1563 2352 1602 rum
2397 1533 2669 1604 auctorem
2717 1550 3136 1604 conservandum
3191 1565 3312 1605 esse
3359 1551 3642 1607 clamabat.
3689 1551 3832 1619 Quot

2238 1639 2542 1696 hominibus
2583 1641 2699 1696 lucc
2727 1642 3075 1697 offensionem
3107 1644 3368 1707 attulisse,
3416 1653 3543 1714 quot
3596 1643 3829 1697 homini-

2238 1731 2336 1786 bus
2364 1733 2585 1788 exitium
2617 1734 2878 1790 invexisse
2907 1735 3216 1789 existimas?
3243 1735 3439 1790 Verum
3473 1745 3690 1806 prmstat
3718 1750 3835 1790 ser-

2239 1839 2449 1880 monem
2476 1826 2633 1881 altius
2675 1837 2937 1896 repetere.
2999 1828 3190 1884 Annon
3227 1829 3292 1895 is,
3337 1829 3426 1901 qui
3465 1831 3608 1885 cruci
3643 1829 3836 1884 affixus

2237 1925 2338 1982 est,
2368 1917 2546 1972 statim
2578 1927 2635 1971 ut
2666 1920 2716 1972 in
2750 1919 2920 1975 lucem
2965 1919 3180 1991 prodiit,
3222 1921 3393 1975 solum
3438 1922 3626 1987 vertit,
3673 1930 3836 1991 atque

2238 2021 2356 2062 cum
2389 2007 2630 2063 universa
2661 2007 2821 2063 domo
2861 2011 2929 2065 ab
2966 2012 3094 2080 ipsis
3122 2011 3454 2067 incunabulis
3497 2013 3548 2065 in
3586 2021 3834 2067 exteram

2240 2106 2434 2152 terram
2465 2097 2714 2167 fugitivus
2750 2101 3011 2171 migravit,
3045 2104 3095 2156 in
3129 2103 3474 2158 barbarorum
3507 2104 3710 2158 scilicet
3739 2120 3829 2159 re-

2239 2189 2450 2258 gionem
2483 2200 2588 2244 tam
2618 2191 2776 2262 longo
2799 2193 3004 2247 itineris
3026 2195 3308 2249 intervallo
3348 2195 3632 2249 distantem
3671 2196 3837 2250 abdu-

2241 2271 2395 2336 ctus?
2423 2283 2535 2349 Qua
2567 2284 2780 2354 quidem
2811 2300 2879 2339 ex
2911 2301 3067 2340 causa
3101 2288 3286 2357 ingens
3327 2290 3485 2342 etiam
3519 2289 3602 2342 vis
3627 2290 3838 2344 cruoris

2244 2375 2455 2444 profusa
2499 2384 2600 2440 est,
2645 2377 2821 2432 czcdes
2848 2387 2900 2431 et
2929 2381 3277 2434 mactationes
3305 2382 3637 2445 exstiterunt,
3682 2391 3837 2436 tene-

2240 2481 2404 2536 raque
2440 2468 2614 2522 omnis
2643 2477 2772 2523 tetas
2801 2483 2906 2524 non
2943 2484 3097 2525 secus
3125 2482 3284 2542 atque
3327 2473 3377 2526 in
3419 2472 3602 2541 pra-lio
3629 2481 3682 2526 et
3719 2472 3838 2528 acie

2240 2558 2635 2624 concidebatur,
2669 2559 3002 2632 infantesque
3044 2578 3074 2617 a
3111 2564 3359 2618 mamillis
3393 2564 3556 2618 avulsi
3597 2565 3837 2619 trucida-

2241 2651 2465 2718 bantur,
2521 2666 2750 2722 cumque
2794 2654 2874 2708 lac
2925 2654 3096 2709 adhuc
3144 2657 3195 2710 in
3241 2656 3478 2710 faucibus
3533 2656 3834 2723 haberent,

2241 2759 2424 2799 eorum
2454 2745 2504 2797 in
2529 2743 2715 2814 jugulo
2743 2753 2797 2799 ct
2823 2746 2963 2800 collo
2991 2746 3186 2802 ferrum
3209 2748 3538 2819 adigebatur.
3572 2748 3706 2814 Ouid
3739 2748 3840 2804 hac

2245 2837 2496 2909 tragcedia
2521 2841 2738 2909 gravius
2765 2840 3109 2910 acerbiusque
3137 2840 3258 2912 fingi
3290 2841 3494 2912 potest?
3523 2844 3693 2912 Atque
3724 2841 3842 2897 hmc

2244 2934 2310 2988 ab
2333 2947 2398 2988 eo
2431 2934 2894 3003 perpetrabantur,
2925 2936 3010 3004 qui
3041 2934 3208 3004 ipsum
3233 2933 3296 2988 ad
3323 2948 3504 2990 necem
3525 2933 3796 3005 quaerebat
3823 2954 3838 2990 :

2243 3035 2297 3080 et
2329 3036 2504 3080 tamen
2547 3027 2686 3080 Deus
2713 3041 2811 3096 pro
2849 3040 2942 3080 sua
2984 3026 3218 3091 lenitate,
3265 3041 3386 3080 cum
3430 3035 3536 3080 tam
3577 3027 3837 3096 tragicum

2242 3117 2418 3171 scelus
2448 3115 2835 3186 designaretur,
2875 3127 3127 3188 tantaque
3161 3118 3241 3170 vis
3283 3118 3490 3172 cruoris
3529 3115 3738 3182 flueret,
3785 3117 3837 3172 id

2245 3206 2559 3276 patiebatur,
2591 3206 2663 3273 id,
2697 3208 2932 3276 inquam,
2967 3223 3087 3262 cum
3117 3209 3402 3279 prohibere
3435 3218 3629 3279 posset,
3661 3209 3835 3278 patie-

2245 3301 2418 3363 batur,
2448 3316 2642 3355 arcana
2672 3302 2921 3356 nimirum
2949 3301 3209 3371 sapientia
3247 3312 3445 3356 tantam
3473 3303 3635 3357 animi
3665 3302 3839 3372 τεαυὶ-

2245 3402 2406 3447 tatem
2437 3407 2499 3447 ac
2521 3393 2791 3448 lenitatem
2831 3410 2937 3462 przc
2964 3409 3022 3449 se
3053 3394 3246 3449 ferens.
3281 3395 3565 3465 Postquam
3599 3403 3778 3450 autem
3806 3411 3840 3451 e

2245 3485 2592 3538 barbarorum
2635 3485 2852 3554 regione
2892 3485 2942 3539 in
2987 3486 3210 3554 patriam
3250 3487 3429 3553 rediit,
3478 3496 3636 3557 atque
3681 3495 3842 3542 mtate

2245 3584 2430 3634 auctus
2453 3585 2556 3640 est,
2587 3575 2782 3630 bellum
2805 3577 3033 3644 undique
3058 3577 3314 3632 adversus
3335 3594 3454 3631 eum
3477 3578 3832 3633 excitabatur.

2244 3668 2320 3723 Ac
2359 3669 2590 3738 primum
2640 3666 2860 3722 Joannis
2907 3667 3150 3737 discipuli
3200 3668 3366 3724 livore
3410 3671 3839 3736 concitabantur,

2246 3759 2451 3829 ipsique
2499 3756 2836 3825 invidebant;
2881 3759 3089 3814 tametsi
3137 3759 3334 3830 alioqui
3383 3759 3617 3815 Joannes
3661 3764 3836 3832 ipsum

2245 3850 2444 3905 coleret
2489 3862 2540 3904 et
2585 3850 2928 3917 observaret;
2974 3861 3134 3923 atque
3174 3853 3256 3907 his
3298 3853 3477 3908 verbis
3507 3853 3841 3910 utebantur:

2250 3943 2348 4006 Qui
2380 3945 2485 3995 crat
2509 3953 2670 3996 tectun
2711 3955 2850 3998 trans
2879 3945 3182 4012 Jordanem,
3219 3963 3328 4001 ecce
3362 3948 3470 4018 ipse
3508 3948 3755 4019 baptizat,
3798 3962 3846 4004 et

2247 4050 2416 4088 omnes
2443 4035 2510 4087 ad
2535 4052 2646 4089 cum
2673 4038 2874 4091 veniunt
2909 4038 3086 4109 (Joan.
3119 4040 3171 4094 3.
3213 4039 3324 4112 26).
3353 4041 3477 4096 [hec
3507 4043 3647 4098 enim
3681 4045 3845 4099 verba

2250 4127 2530 4183 hominum
2556 4139 2729 4196 erant,
2757 4131 2843 4199 qui
2879 4131 2987 4200 jam
3022 4131 3232 4186 invidia:
3263 4135 3490 4190 stimulis
3528 4151 3838 4206 pungeren-

2250 4232 2353 4286 tur,
2385 4230 2542 4289 atque
2566 4220 2667 4274 hoc
2694 4221 2882 4274 morbo
2916 4217 3237 4276 laborarent.
3268 4223 3348 4278 Ob
3375 4239 3600 4295 eantque
3625 4241 3846 4284 causam

2251 4329 2386 4368 unus
2415 4315 2574 4369 etiam
2605 4330 2669 4368 ex
2694 4313 2988 4385 discipulis,
3017 4315 3106 4386 qui
3138 4315 3274 4370 hanc
3309 4319 3606 4374 orationem
3637 4319 3849 4377 habue-

2249 4418 2391 4474 rant,
2425 4423 2546 4462 cum
2568 4407 2753 4463 Iudaeo
2780 4409 3009 4479 quodam
3037 4411 3394 4466 contendebat
3423 4427 3485 4466 ac
3508 4413 3845 4479 decertabat,

2250 4499 2660 4569 disputationem
2689 4499 2755 4554 de
2783 4502 3236 4570 purificationibus
3287 4519 3508 4558 movens
3529 4545 3544 4568 ,
3576 4521 3638 4560 ac
3669 4507 3812 4575 bapti
3833 4540 3846 4548 -

2254 4608 2427 4646 Stilum
2457 4591 2678 4647 Joannis
2729 4609 2848 4647 cum
2901 4593 3165 4663 baptismo
3212 4595 3594 4664 discipulorum
3645 4597 3848 4653 Christi

2253 4683 2558 4738 conferens.
2588 4682 2748 4737 Facta
2794 4694 2867 4738 est
2910 4687 3074 4749 enim,
3111 4687 3278 4755 inquit
3331 4687 3439 4752 ille,
3487 4706 3549 4742 ea:
3586 4689 3851 4760 discipulis

2253 4777 2469 4831 Joannis
2509 4793 2623 4830 cum
2653 4776 2838 4832 ludam
2879 4778 3098 4848 quodam
3137 4779 3345 4847 quanio
3387 4782 3450 4834 de
3495 4783 3854 4851 puriﬁcatione

2257 4867 2431 4938 (Joan.
2463 4869 2514 4923 3.
2547 4868 2660 4939 25).
2693 4867 2762 4924 Ut
2791 4880 2968 4923 autem
3014 4871 3265 4924 miracula
3307 4871 3468 4928 edere
3506 4875 3688 4943 coepit,
3718 4891 3853 4944 quat

2257 4961 2532 5015 calumniis
2560 4963 2824 5031 appetitus
2855 4963 2969 5016 est?
2996 4963 3097 5018 Alii
3129 4965 3269 5018 enim
3300 4964 3692 5021 Samaritanum
3721 4983 3848 5023 cum

2257 5062 2310 5107 et
2338 5053 2723 5108 dmmoniacum
2756 5055 3111 5123 appellabant,
3145 5056 3226 5112 his
3256 5059 3454 5126 verbis,
3487 5060 3852 5118 Samaritanus

2257 5162 2310 5198 es
2339 5156 2412 5212 tu,
2439 5155 2484 5199 et
2513 5146 2819 5200 dwmonium
2847 5148 2994 5202 habes
3023 5148 3198 5217 (Joan.
3231 5152 3283 5206 8.
3317 5151 3442 5225 48);
3469 5154 3555 5208 alii
3589 5156 3822 5223 imposta
3847 5185 3861 5193 -

2259 5236 2698 5301 rem,dicentes:
2736 5235 2836 5289 llic
2879 5255 2977 5291 non
3009 5255 3068 5293 ea:
3110 5239 3239 5306 Deo,
3288 5245 3375 5296 sed
3421 5244 3612 5298 seducit
3655 5247 3858 5300 turbam

2261 5326 2436 5399 (Joan.
2467 5328 2522 5381 7.
2554 5326 2672 5396 l2);
2697 5327 2783 5382 alii
2814 5332 3269 5400 prmstigiatorem,
3294 5334 3375 5388 his
3397 5336 3575 5391 verbis
3598 5344 3810 5392 utentes
3839 5357 3858 5394 :

2263 5419 2330 5472 In
2384 5419 2658 5474 Beelzebub
2710 5422 2935 5491 principe
2989 5423 3357 5479 dtemoniorum
3412 5429 3545 5498 ejicit
3604 5431 3863 5484 da’monh

2265 5511 2480 5581 (Matth.
2515 5511 2566 5567 9.
2603 5513 2726 5580 34);
2760 5528 2821 5567 ac
2849 5515 3074 5570 subinde
3118 5517 3232 5572 hzec
3278 5520 3607 5589 repetebant,
3657 5523 3864 5594 Deique

2265 5603 2474 5658 hostem
2515 5614 2566 5659 et
2598 5604 2897 5661 helluoncm
2945 5619 3007 5663 ac
3050 5625 3293 5665 voraccm
3335 5623 3388 5667 ct
3428 5615 3550 5669 vino
3593 5615 3860 5681 deditum.

2265 5706 2422 5766 atque
2469 5697 2829 5764 improborum
2860 5715 2921 5754 ac
2954 5702 3278 5770 perditorum
3311 5704 3584 5761 hominum
3623 5710 3862 5768 amicum

2266 5803 2386 5842 eunt
2425 5788 2704 5843 vocabant.
2764 5789 2906 5843 Vcnit
2946 5793 3086 5845 enim
3114 5835 3128 5859 ,
3184 5794 3370 5864 inquit,
3423 5795 3589 5853 Filius
3637 5802 3864 5860 hominis

2269 5882 2580 5938 mamlucans
2609 5892 2653 5938 et
2689 5884 2874 5951 bibens,
2906 5896 2949 5940 ct
2991 5888 3153 5942 dicitis
3188 5905 3204 5942 :
3245 5887 3375 5945 Ecce
3420 5892 3567 5947 Iconio
3609 5908 3768 5950 vorax
3814 5909 3866 5953 et
