4192 6490
205 422 301 479 55!

202 541 366 616 λήθη,
403 541 613 615 πολλὴν
656 546 849 612 αὐτοῖς
893 547 1142 617 συνάγων
1194 544 1291 619 τὴν
1349 545 1642 618 ἐμπορίαν.
1712 545 1812 599 Διά

202 637 364 693 τοῦτο
394 638 582 709 ἀφῆκε
609 641 921 714 καίιχερσίν
950 643 1149 708 αὐτοὺς
1179 643 1546 716 βαρϐαρικαῖς
1568 640 1813 713 παραδο-

203 736 387 807 θῆναι,
420 738 519 790 καὶ
542 738 641 810 τήν
661 740 892 813 κάμινον
923 740 1227 811 ἐξωθῆναι
1249 741 1384 813 πρὸς
1416 740 1551 811 ὕψος
1581 739 1812 809 ἄφατον,

204 834 299 887 καὶ
327 832 431 905 τὴν
477 834 769 906 βασιλικὴν
812 837 983 909 ὀργὴν
1011 837 1111 909 τῆς
1157 838 1395 909 καμίνου
1426 834 1813 908 χαλεπώτερον

202 929 497 1001 ἐκκαῆναι,
529 931 625 985 καὶ
645 934 837 1003 χεῖρας
864 932 1084 1004 δεθῆναι
1107 936 1199 988 καὶ
1232 935 1400 999 πόδας
1430 932 1571 1005 μετὰ
1609 932 1814 1003 πολλῆς

203 1026 302 1097 τῆς
328 1027 715 1101 σφοδρότητος,
740 1030 837 1085 καὶ
859 1033 939 1095 εἰς
957 1032 1019 1085 τὸ
1050 1032 1161 1104 πῦρ
1192 1030 1565 1103 ἐμϐληθῆναν
1599 1030 1695 1084 καὶ
1722 1030 1812 1084 ὅτε

206 1122 413 1186 πάντες
445 1127 496 1178 οἰ
540 1124 875 1196 θεωροῦντες
909 1128 1107 1193 αὐτοὺς
1138 1129 1470 1197 ἀπέγνωσαν
1504 1126 1688 1181 αὐτῶν
1713 1126 1813 1198 τὴν

207 1218 509 1290 σωτηρίαν,
536 1222 658 1275 τότε
688 1221 884 1292 ἀθρόον
934 1225 1029 1277 καὶ
1075 1223 1207 1295 παρ’
1233 1224 1428 1279 ἐλπίδα
1470 1225 1653 1277 πᾶσαν
1688 1224 1814 1277 ἁνε-

204 1317 432 1385 φαίνετο
460 1319 495 1388 ή
531 1317 934 1387 θαυματοποιία
966 1317 1061 1373 τοῦ
1092 1320 1479 1391 ἀριστοτέχνου
1519 1320 1679 1387 Θεοῦ,
1718 1321 1813 1374 καὶ

207 1415 348 1484 μετά
366 1414 574 1487 πολλῆς
593 1414 867 1486 ἐξέλαμπε
892 1416 991 1488 τῆς
1004 1417 1105 1470 ὑπε
1115 1417 1333 1489 ρϐολῆς.
1350 1418 1424 1470 Τὸ
1444 1408 1543 1489 μὲν
1564 1418 1674 1489 γάρ
1699 1416 1812 1488 πῦρ

205 1511 509 1580 ἐδεσμεῖτο,
535 1512 584 1563 οἰ
606 1510 882 1581 δεσμῶται
909 1512 969 1565 δέ
997 1511 1235 1566 ἐλύοντοο
1259 1514 1353 1567 καὶ
1370 1513 1494 1579 ναὸς
1522 1514 1813 1584 εύκτήριος

206 1602 238 1671 ή
267 1601 504 1670 κάμινος
531 1602 767 1671 ἐγένετο,
805 1604 902 1657 καὶ
927 1606 1103 1677 πηγὴ,
1135 1605 1231 1659 καὶ
1263 1606 1474 1677 δρόσος,
1500 1605 1598 1660 καὶ
1630 1605 1811 1660 αὐλῶν

208 1692 504 1762 βασιλικῶν
562 1696 884 1769 σεμνοτέρα,
940 1698 1035 1751 καὶ
1092 1697 1190 1768 τὴν
1263 1700 1564 1770 παμφάγον
1623 1699 1812 1753 οὐσίαν

204 1786 447 1856 ἐκείνην,
484 1789 579 1840 καὶ
623 1788 865 1860 σιδήρου,
898 1790 994 1844 καὶ
1041 1790 1205 1843 λίθων
1241 1791 1687 1863 περιγινομένην,
1716 1790 1813 1843 καὶ

204 1880 394 1949 πάσης
450 1880 763 1951 κρατοῦσαν
830 1881 984 1952 ὕλης,
1018 1882 1224 1953 τριχῶν
1259 1883 1414 1936 ἐνίκα
1467 1882 1650 1952 φύσις.
1700 1884 1811 1936 Καὶ

204 1972 366 2041 χορὸς
398 1972 587 2027 ἵστατο
628 1974 1003 2045 παναρμόνιος
1051 1972 1206 2047 [550]
1253 1976 1441 2029 αὐτόθι
1496 1976 1607 2029 τῶν
1640 1975 1809 2045 ἁγίων

206 2064 436 2118 ἐκείνων
460 2066 730 2138 ἑκατέραν
758 2065 856 2137 τὴν
886 2068 1066 2122 κτίσιν
1091 2070 1173 2132 εἰς
1208 2068 1306 2140 τὴν
1341 2068 1654 2141 θαυμασίαν
1674 2069 1810 2124 ταύ⁴

203 2173 307 2227 την
350 2156 665 2211 καλούντων
710 2158 982 2231 μελῳδίαν
1026 2177 1040 2192 ο
1071 2156 1198 2235 ᾖδόν
1243 2178 1303 2215 τε
1357 2161 1813 2233 εὐχαριστηρίους

202 2248 628 2321 ἀναπέμποντες
662 2250 864 2322 ῦμνους
913 2252 1054 2325 ὑπὲρ
1085 2246 1161 2307 ὧν
1202 2253 1483 2324 ἐδέθησαν,
1550 2254 1692 2325 ὑπὲρ
1733 2249 1811 2308 ὧν

202 2338 524 2410 ἐκάησανι,
552 2341 613 2394 τό
647 2358 711 2410 γε
755 2342 967 2415 ἐχθρῶν
1000 2344 1193 2417 μέρος,
1222 2344 1364 2417 ὑπὲρ
1415 2338 1491 2400 ὧν
1552 2347 1810 2418 πατρίδος

205 2430 487 2499 ἐξέπεσον,
525 2434 667 2506 ὑπὲρ
702 2428 777 2489 ὧν
818 2436 1160 2508 αἰχμάλωτοι
1215 2440 1528 2509 γεγόνασιν,
1558 2440 1700 2512 ὑπὲρ
1732 2434 1808 2495 ὧν

199 2525 301 2597 τὴν
328 2526 648 2597 ἐλευθερίαν
686 2528 1064 2601 ἀφῃρέθησαν,
1100 2530 1244 2603 ὑπὲρ
1292 2524 1368 2586 ὧν
1398 2533 1668 2600 ἀπόλιδες,
1703 2534 1811 2589 ἀοι-

201 2633 289 2669 κοι
342 2618 440 2670 καὶ
500 2618 840 2687 μετανάσται
876 2619 1150 2689 ἐγένοντο,
1190 2622 1331 2693 ὑπὲρ
1361 2615 1437 2676 ὧν
1461 2624 1520 2677 ἐν
1548 2623 1807 2696 ἀλλοτρία

186 2709 297 2761 ,καὶ
332 2708 596 2781 βαρϐάρῳ
619 2709 887 2783 διέτριϐον
920 2714 990 2784 γῇ
1012 2728 1025 2741 ⁸
1055 2713 1214 2767 τοῦτο
1243 2715 1352 2786 γάρ
1396 2714 1570 2787 ψυχῆς
1602 2715 1803 2784 εὐγνώ-

206 2816 390 2869 μονος.
419 2800 530 2853 Καὶ
560 2799 749 2871 ἐπειδὴ
774 2801 868 2854 καί
894 2801 963 2855 τά
1008 2804 1109 2874 τῆς
1140 2804 1340 2868 κακίας
1371 2804 1483 2858 τῶν
1510 2807 1637 2859 πολε
1647 2806 1807 2879 μούν-

200 2908 311 2945 των
344 2893 656 2964 ἀπήρτιστο
688 2894 761 2965 (τί
804 2894 914 2966 7&9
938 2897 1076 2966 μετά
1108 2896 1338 2951 θάνατον
1384 2898 1571 2952 λοιπὸν
1598 2900 1807 2971 ἐπιχει-

206 2984 373 3057 ρῆσαι
405 2986 672 3057 ἠδύναντο
690 2992 755 3057 ;),
781 2989 878 3044 καὶ
909 2989 981 3044 τὰ
1011 2989 1121 3044 τῶν
1140 2988 1389 3061 ἀθλητῶν
1424 2992 1803 3063 ἐπεπλήρωτο,

201 3080 299 3133 xal
330 3080 361 3133 6
391 3080 658 3151 στέφανος
687 3081 922 3153 ἐπλάκη,
956 3082 1049 3136 καὶ
1101 3081 1169 3136 τὰ
1201 3082 1431 3154 βραϐεῖα
1479 3085 1661 3149 αὐτοῖς
1688 3102 1808 3138 συν-

200 3172 388 3243 ελέγη,
411 3173 509 3226 καί
534 3172 687 3227 οὐδὲν
706 3172 893 3228 λοιπὸν
912 3172 1177 3247 έλ[ε]ιπεν
1199 3177 1278 3238 εἰς
1297 3175 1669 3249 εὐδοκίμησινο
1684 3178 1806 3231 τότε

199 3264 268 3337 δὴ
292 3265 364 3320 τά
381 3258 533 3319 δεινά
555 3264 764 3331 λύεται,
795 3266 891 3320 καὶ
909 3267 939 3319 ό
958 3266 1058 3338 τὴν
1084 3268 1317 3338 κάμινον
1345 3267 1550 3338 ἐνάψας
1576 3271 1670 3323 καὶ
1711 3288 1804 3324 το-

205 3354 386 3428 σαύτῃ
436 3355 719 3426 παραδοὺς
766 3357 1029 3429 τιμωρίᾳ,
1059 3352 1215 3422 οὗτος
1247 3356 1561 3429 θαυμαστὸς
1587 3360 1807 3414 ἐπαινέ-

202 3462 302 3515 της
337 3444 449 3499 τῶν
475 3445 651 3514 ἀγίων
678 3446 907 3501 ἐκείνων
933 3447 1187 3517 ἀθλητῶν
1217 3449 1450 3518 γίνεται,
1485 3449 1579 3504 καὶ
1630 3452 1804 3523 κήρυξ

200 3535 302 3606 τῆς
348 3535 445 3589 τοῦ
472 3535 610 3589 Θεοῦ
658 3536 1140 3607 παραδοξοποιίας,
1170 3540 1267 3593 καὶ
1290 3540 1567 3612 πανταχοῦ
1600 3542 1698 3614 τῆς
1724 3542 1805 3595 οἰ-

200 3628 479 3699 κουμένης
508 3628 784 3699 ἐκπέμπει
808 3630 1114 3703 γράμματα
1143 3631 1344 3703 πολλῆς
1369 3633 1610 3704 γέμοντα
1636 3636 1808 3706 εὐφη-

205 3718 356 3791 μίας,
422 3719 782 3792 διηγούμενος
836 3722 908 3775 τὰ
966 3723 1334 3795 γεγενημένα,
1366 3725 1462 3779 καὶ
1493 3728 1807 3794 ἀξιόπιστος

200 3811 493 3883 γινόμενος
519 3813 589 3884 κή
600 3812 697 3884 ρυξ
720 3812 830 3867 τῶν
859 3813 954 3868 τοῦ
982 3815 1414 3887 παραδοξοποιοῦ
1438 3817 1575 3872 Θεοῦ
1594 3819 1809 3891 θαυμά-

200 3920 332 3959 των.
378 3904 599 3976 Ἐπειδὴ
631 3904 743 3977 γάρ
766 3905 961 3977 ἐχθρὸς
988 3901 1058 3977 ἦν
1086 3907 1183 3963 καὶ
1217 3908 1497 3980 πολέμιος,
1520 3911 1808 3967 ἀνύποπτα

201 3997 389 4052 λοιπὸν
420 3998 519 4051 καὶ
545 3996 698 4069 παρὰ
718 4000 833 4060 τοῖς
863 3996 1078 4069 ἐχθροῖς
1100 3997 1167 4053 τά
1201 3999 1526 4071 γραφόμενα
1555 3997 1644 4073 ἦν.

272 4098 346 4161 7’.
376 4085 534 4155 Εἶδες
580 4089 643 4143 τὸ
677 4090 985 4161 εὐμήχανον
1014 4090 1109 4145 τοῦ
1142 4090 1312 4158 Θεοῦ;
1343 4088 1486 4159 εἶδες
1510 4095 1571 4148 τὸ
1606 4097 1805 4166 σοφόνς

203 4180 346 4247 εἶδες
374 4182 439 4236 τὸ
475 4181 815 4253 παράδοξον;
844 4177 985 4247 εἶδες
1015 4182 1076 4236 τὸ
1100 4183 1485 4256 φιλάνθρωπον
1512 4186 1607 4239 καὶ
1643 4188 1804 4259 κηδε-

204 4276 462 4349 μονικόν;
492 4274 585 4346 Μὴ
624 4275 804 4328 τοίνυν
850 4275 1104 4347 θορυϐοῦ,
1170 4278 1307 4349 μηδὲ
1343 4279 1637 4350 ταράττου,
1670 4281 1807 4336 ἀλλά

206 4367 337 4440 μένε
368 4365 636 4437 διηνεκῶς
677 4367 818 4438 ὑπὲρ
850 4367 1073 4422 πάντων
1100 4368 1180 4440 τῷ
1209 4370 1331 4441 Θεῷ
1382 4371 1807 4443 εὐχαριστοῦσα,

203 4457 1021 4530 δοξολογοῦσα,παρακαλοῦσα,
1044 4460 1298 4533 δεομένη,
1328 4462 1673 4519 ἱκετεύουσα·
1704 4465 1807 4521 κᾶν

206 4550 398 4621 μυρίοι
447 4549 690 4620 θόρυϐοι,
746 4548 848 4604 κᾶν
903 4552 1091 4623 μυρίαι
1162 4554 1399 4624 ταραχαὶ
1441 4555 1660 4623 ἐπίωσι,
1706 4558 1811 4611 κᾶν

205 4644 526 4712 καταιγίδες
558 4643 645 4697 ἐπ’
674 4642 796 4714 ὄψιν
838 4645 1071 4699 κέωνται
1098 4646 1147 4710 b,
1184 4647 1350 4718 μηδέν
1391 4665 1452 4701 σε
1480 4650 1687 4703 τούτων
1715 4669 1811 4705 τα-

207 4734 479 4807 ραττέτω.
512 4734 589 4788 Οὐ
626 4735 738 4808 γάρ
768 4736 1219 4808 προλαμϐάνεται
1282 4740 1414 4809 ήμίν
1452 4744 1480 4795 ὁ
1531 4743 1807 4813 Δεσπότης

207 4825 313 4879 ὑπὸ
345 4825 452 4897 τῆς
481 4825 591 4879 τῶν
618 4828 962 4898 πραγμάτων
992 4826 1300 4894 δυσκολίας,
1325 4831 1430 4885 κᾶν
1476 4834 1558 4895 εἰς
1586 4832 1813 4903 ἔσχατον

205 4918 430 4989 ὄλεθρον
485 4918 665 4972 πάντα
718 4920 1040 4991 κατενεχθῇ.
1101 4920 1340 4975 Δυνατὸν
1378 4921 1489 4995 γὰρ
1523 4924 1674 4995 αὐτῷ
1718 4927 1813 4980 καὶ

207 5014 336 5077 τοὺς
389 5011 756 5075 πεπτωκότας
806 5012 1041 5082 ἐγεῖραι,
1074 5012 1171 5067 καί
1210 5013 1337 5075 τοὺς
1364 5014 1813 5085 πεπλανημένους

210 5100 563 5172 ἐπιπρέψαι,
592 5100 687 5153 καὶ
710 5101 839 5163 τοὺς
863 5100 1352 5168 σκανδαλισθέντας
1376 5103 1690 5176 διορθῶσαι,
1719 5109 1813 5162 καὶ

207 5193 335 5255 τοὺς
378 5192 593 5260 μυρίων
622 5189 1016 5261 πληρωθέντας
1057 5192 1478 5264 ἁμαρτημάτων
1504 5196 1814 5264 ἀπαλλάξαι

215 5284 309 5336 καὶ
335 5282 587 5345 δικαίους
616 5283 863 5351 ποιῆσαι,
897 5282 993 5336 καὶ
1027 5285 1153 5348 τοὺς
1206 5285 1581 5356 νεκρωθέντας
1608 5289 1813 5359 ζωογο-

215 5377 395 5444 νῆσαι,
441 5374 540 5428 xal
588 5374 1019 5445 κατασκαφέντα
1056 5376 1413 5450 λαμπρότερα
1447 5380 1811 5451 ἐργάσασθαι,

214 5470 305 5525 καὶ
351 5470 421 5523 τὰ
462 5468 843 5522 παλαιωθέντα
886 5469 1211 5526 ἀνανεῶσαι.
1243 5472 1307 5525 Εἰ
1339 5472 1449 5543 7&9
1478 5474 1545 5528 τὰ
1576 5476 1650 5547 μὴ
1684 5478 1815 5534 ὂντα

276 5684 300 5711 δ
330 5682 415 5731 Sic
438 5693 557 5748 mss.
583 5679 636 5748 in
656 5678 807 5729 editis
830 5680 954 5742 hac,
978 5682 1097 5746 ὐπὲρ
1120 5683 1187 5731 ὧν
1222 5684 1683 5748 ἐκάησαν,ιίρευηι;
1723 5690 1814 5738 sed

221 5751 469 5803 thTPI‘QS
501 5746 642 5803 legit.

279 5808 305 5845 ι
347 5806 549 5876 Omnes
583 5806 910 5876 manuscripti
941 5808 1355 5876 xatai716£5'_x&v
1395 5812 1548 5876 πάντα
1589 5814 1661 5859 ἐπ’
1706 5816 1814 5876 ὄψιν

220 5870 402 5940 ringi;
447 5874 697 5940 pgstrcma
728 5868 876 5915 verba
899 5869 947 5916 in
974 5868 1109 5940 prius
1135 5871 1283 5921 editis
1309 5874 1525 5935 variant;
1547 5876 1636 5925 sed
1658 5868 1811 5927 intér-

220 5932 369 5994 pratis
390 5930 545 5980 lectio
568 5942 678 5977 cum
702 5942 800 5978 mss
842 5939 1087 5980 cunsunat

1658 415 2050 476 EHSTOLE.

3386 420 3502 477 559

1920 547 2064 599 ποιεῖ
2086 546 2357 623 γενέσθαι,
2390 546 2486 602 καὶ
2512 546 2630 612 τοῖς
2658 544 2910 618 μηδαμοῦ
2942 544 3209 618 μηδαμῶς
3256 547 3517 616 φαινομέι

1917 656 2032 703 νοις
2058 638 2345 711 χαρίζεται
2393 640 2456 694 τὸ
2493 635 2657 707 εἶναι,
2692 638 2877 710 πολλῷ
2922 638 3124 709 μᾶλλον
3149 636 3219 692 τὰ
3261 636 3392 692 ὂντα
3422 636 3519 691 καὶ

1919 732 2190 803 γενομένα
2220 733 2601 803 διορθώσεται.
2647 733 2811 787 Ἀλλά
2836 731 3025 785 πολλοὶ
3048 733 3097 785 οἰ
3126 729 3515 801 ἀπολλύμενοι,

1921 820 2108 874 πολλοὶ
2148 822 2197 874 οἰ
2238 821 2751 893 σκανδαλιζόμενοι;
2782 820 2965 875 Πολλά
3006 820 3269 884 πολλάκις
3288 819 3385 873 καὶ
3413 818 3514 889 ήδη

1917 913 2143 967 τοιαῦτα
2179 914 2423 983 γέγονεν,
2447 915 2564 981 ἀλλ’
2595 914 2824 986 ὓστερον
2855 912 2955 984 τὴν
2980 914 3367 983 προσήκουσαν
3394 910 3517 964 ἐλα-

1918 1004 1979 1059 ϐε
2014 1006 2192 1060 πάντα
2225 1006 2533 1077 διόρθωσιν,
2566 1006 2706 1078 πλὴν
2738 1008 2787 1059 εἰ
2819 1006 2892 1078 μή
2927 1020 3071 1068 τινες
3100 1004 3334 1067 ἀνιάτως
3361 1001 3516 1072 ἐμει-

1918 1109 2016 1145 ναν
2062 1093 2277 1164 ἔχοντες
2326 1094 2422 1158 καὶ
2460 1094 2599 1165 μετὰ
2626 1094 2728 1163 τὴν
2755 1094 2862 1148 τῶν
2899 1094 3244 1165 πραγμάτων
3281 1091 3515 1163 μεταϐο-

1916 1184 2035 1267 λήν.
2077 1185 2143 1238 Τί
2172 1187 2437 1258 ταράττῃ,
2471 1187 2565 1239 καὶ
2588 1185 2796 1252 ἀλύεις,
2829 1186 2878 1238 εἰ
2907 1186 2936 1238 6
2968 1184 3119 1239 δεῖνα
3161 1183 3512 1254 ἐκϐέϐληται,

1916 1282 2013 1333 καὶ
2064 1281 2093 1334 6
2137 1280 2285 1333 δεῖνα
2338 1282 2741 1353 εἰσενήνεκται;
2788 1274 2848 1332 '0
2884 1278 3122 1348 Χριστὸς
3158 1275 3511 1346 ἐσταυροῦτο,

1926 1374 2023 1428 καὶ
2050 1373 2343 1445 Βαραϐϐᾶς
2368 1375 2397 1426 ὁ
2417 1374 2623 1447 λῃστὴς
2662 1372 2965 1446 ἐξῃτεῖτοε,
2996 1371 3093 1425 καὶ
3115 1372 3143 1423 ό
3179 1368 3516 1441 διεφθαρμέ-

1917 1482 2007 1529 νος
2049 1465 2181 1519 ἐϐόα
2220 1466 2411 1537 δῆμος,
2457 1465 2550 1518 τὸν
2602 1464 2927 1537 ἀνδροφόνον
2972 1463 3066 1516 τοῦ
3120 1462 3374 1533 Σωτῆρος
3419 1460 3517 1514 καὶ

1916 1556 2211 1627 εὐεργέτου
2244 1556 2354 1610 δεῖν
2386 1557 2586 1626 μᾶλλον
2623 1556 2886 1627 σωθῆναι.
2923 1556 3131 1618 Πόσους
3165 1552 3321 1626 [551]
3362 1551 3515 1623 νομί-

1916 1646 2031 1713 ζεις
2082 1647 2256 1701 ταῦτα
2295 1649 2652 1703 ἐσκανδάλισε
2706 1649 2859 1716 τότε;
2897 1648 3098 1711 πόσους
3146 1646 3319 1701 ταῦτα
3375 1645 3515 1708 τέως

1915 1736 2201 1805 άπὼλεσε;
2238 1739 2455 1793 Μᾶλλον
2496 1740 2555 1794 δὲ
2602 1739 2876 1810 ἀνώτερον
2904 1738 2998 1793 τὸν
3025 1739 3183 1808 λόγον
3214 1739 3516 1807 ἀναγκαῖον

1915 1833 2165 1902 ἀγαγεῖν.
2187 1834 2304 1887 Οὐκ
2332 1832 2539 1897 εὐθέως
2553 1832 2768 1903 τεχθεὶς
2788 1826 2940 1895 οὗτος
2964 1832 2991 1884 6
3020 1829 3374 1903 παυρωθείς,
3394 1847 3517 1900 μετ⁶

1916 1924 2160 1996 ανάστης
2200 1925 2409 1994 ἐγίνετο
2456 1924 2552 1978 καὶ
2581 1923 2764 1993 φυγάς
2795 1923 2889 1976 καὶ
2920 1920 3061 1992 μετὰ
3088 1920 3389 1992 ὁλοκλήρου
3414 1921 3516 1991 τῆς

1913 2016 2094 2079 οἰκίας
2108 2015 2246 2087 πρὸς
2275 2016 2375 2087 τὴν
2393 2015 2683 2087 ἀλλοτρίαν
2702 2013 2760 2082 ἐξ
2790 2012 2970 2067 αὐτῶν
3028 2011 3362 2085 σπαργάνων
3406 2011 3515 2065 ἀπ·-

1912 2108 2165 2179 ῳκίζετο,
2200 2107 2475 2179 διάστημα
2512 2104 2635 2160 ὁδοῦ
2671 2104 2924 2158 τοσοῦτον
2963 2106 3044 2168 είς
3092 2103 3367 2175 βάρϐαρον
3409 2104 3519 2157 ἀπ-

1914 2199 2182 2269 αγόμενος
2215 2198 2435 2270 χώραν;
2461 2197 2573 2252 Καὶ
2597 2198 2847 2267 αἱμάτων
2866 2197 3071 2268 ρύακες
3103 2196 3169 2249 ἐκ
3194 2196 3295 2267 τῆς
3317 2194 3517 2249 ὐποθέ-

1914 2310 2053 2356 σεως
2082 2291 2288 2361 ταύτης
2316 2290 2577 2359 ἐγίνοντο,
2606 2289 2701 2341 καὶ
2734 2288 2885 2357 φόνοι
2918 2287 3113 2354 άδικοι,
3154 2286 3249 2340 καὶ
3283 2285 3512 2356 σφαγαὶ,

1912 2385 2007 2438 καὶ
2034 2386 2067 2454 ἡ
2109 2383 2291 2454 ἄωρος
2312 2381 2497 2453 ήλικία
2524 2382 2678 2435 πᾶσα
2709 2380 2963 2451 καθάπερ
2996 2380 3054 2433 ἐν
3088 2380 3391 2451 παρατάξει
3420 2378 3516 2433 καὶ

1913 2477 2137 2550 πολέμῳ
2180 2478 2572 2553 κατεκόπτετο,
2612 2475 2707 2530 καὶ
2739 2475 2850 2530 τῶν
2900 2474 3089 2547 μαζῶν
3120 2473 3515 2545 ἀποσπώμενοι

1907 2570 1960 2623 οἰ
2013 2569 2201 2634 παῖδες
2250 2572 2435 2641 σφαγῇ
2494 2567 2868 2641 παρεδίδοντο,
2892 2568 2986 2621 καὶ
3011 2567 3091 2621 ἔτι
3120 2565 3216 2620 τοῦ
3239 2564 3517 2635 γάλακτος

1911 2662 2006 2716 ἐπὶ⁹
2032 2661 2126 2715 τοῦ
2157 2662 2440 2734 φάρυγγος
2469 2660 2645 2727 ὄντος,
2676 2661 2763 2715 διὰ
2786 2659 2883 2714 τοῦ
2915 2658 3120 2730 λαιμοῦ
3150 2659 3369 2729 καὶτῆς
3388 2658 3517 2731 δέῤ-

1912 2762 2014 2831 ρης
2042 2759 2104 2813 τὸ
2131 2758 2284 2829 ξίφος
2306 2756 2592 2828 ἠλαύνετο.
2616 2755 2681 2810 Τί
2698 2754 2905 2826 ταύτης
2920 2753 3304 2825 χαλεπώτερον
3338 2769 3514 2825 τραγ-

1910 2852 2105 2923 ῳδίας;
2136 2852 2246 2906 Καὶ
2310 2848 2483 2904 ταῦτα
2514 2848 2786 2923 ἔπραττεν
2815 2849 2843 2901 6
2878 2845 3060 2918 ζητῶν
3090 2847 3252 2901 αὐτὸν
3278 2845 3511 2911 ἀνελεῖν,

1910 2945 2006 2998 καὶ
2033 2946 2062 2998 6
2092 2944 2448 3015 μακρόθυμος
2478 2942 2611 3007 Θεὸς
2645 2940 2895 3012 ἠνείχετο
2931 2938 3191 3010 τοιαύτης
3220 2937 3514 3010 τολμωμέ-

1909 3051 2007 3105 νης
2030 3033 2360 3105 τραγῳδίας,
2395 3032 2650 3087 τοσούτου
2687 3032 2906 3104 ῥέοντος
2942 3030 3196 3100 αἳματος,
3230 3028 3325 3083 καὶ
3373 3028 3515 3099 ήνεί·

1910 3143 2034 3197 χετο
2081 3125 2324 3180 κωλῦσαι
2358 3125 2680 3199 δυνάμενος,
2717 3126 3017 3197 ἀπορρήτῳ
3059 3123 3167 3177 τινὶ
3219 3122 3383 3193 σοφίᾳ
3412 3122 3516 3193 τὴν

1910 3218 2181 3289 τοσαύτην
2233 3216 2678 3290 ἐπιδεικνύμενος
2730 3216 3138 3289 μακροθυμίαν.
3188 3213 3411 3286 Ἐπειδὴ
3456 3214 3514 3267 δὲ

1910 3312 2217 3385 ἐπανῆλθεν
2258 3312 2367 3367 ἀπὸ
2412 3312 2510 3383 τῆς
2546 3309 2828 3383 βαρϐάρου
2875 3310 3085 3383 χώρας,
3126 3308 3223 3362 καὶ
3274 3308 3512 3380 ηὐξήθη,

1913 3408 2154 3479 πόλεμος
2176 3406 2327 3477 αὐτῷ
2352 3405 2691 3477 πανταχόθεν
2718 3405 3127 3479 ἀνερριπίζετο.
3151 3403 3264 3459 Καὶ
3294 3402 3517 3475 πρῶτον

1915 3504 2014 3575 μὲν
2044 3504 2091 3556 οἱ
2134 3500 2379 3556 Ἰωάννου
2411 3498 2653 3571 μαθηταὶ
2677 3498 3011 3569 διεφθόνουν,
3038 3499 3132 3553 καὶ
3165 3496 3513 3563 ἐϐάσκαινον,

1911 3596 2092 3650 καίτοι
2112 3612 2173 3664 γε
2192 3593 2401 3649 ἐκείνου
2427 3592 2498 3646 τὰ
2514 3590 2680 3647 αὐτοῦ
2693 3591 2720 3632 ἀ
2746 3590 3163 3665 θεραπεύοντος,
3188 3590 3284 3644 xal
3304 3588 3512 3657 ἔλεγον,

1911 3687 1993 3741 ὅτι
2032 3688 2129 3751 Ὃς
2177 3686 2261 3753 ’ἦν
2306 3687 2458 3754 μετὰ
2482 3683 2599 3738 σοῦ
2615 3682 2809 3752 πέραν
2852 3681 3180 3752 Ἰορδάνου,
3218 3679 3307 3735 ἴδε
3334 3676 3514 3747 οὗτος

1905 3776 2201 3845 βαπτίζει,
2222 3777 2319 3831 καὶ
2344 3775 2570 3842 πάντες
2595 3776 2876 3846 ἔρχονται
2906 3774 3057 3843 πρὸς
3084 3774 3292 3830 αὐτόν.
3326 3771 3517 3827 Ταῦτα

1912 3870 2021 3943 γὰρ
2052 3868 2497 3938 ύποκνιζομένων
2523 3864 2592 3939 ἦν
2616 3867 2804 3921 λοιπὸν
2831 3866 2900 3921 τὰ
2934 3868 3176 3940 ῥήματα,
3202 3865 3297 3920 καὶ
3331 3864 3515 3935 φθόνῳ

1916 3958 2283 4031 βαλλομένων,
2316 3956 2411 4010 καί.
2442 3954 2766 4028 τηκομένων
2790 3954 2869 4025 τῷ
2898 3954 3082 4011 πάθει.
3109 3953 3210 4007 Διά
3241 3969 3324 4005 τοι
3354 3950 3517 4004 τοῦτο

1914 4051 2010 4107 καὶ
2044 4050 2184 4122 μετά
2209 4049 2468 4104 Ἰουδαίου
2502 4048 2649 4112 τινὸς
2678 4041 2760 4112 εἷς
2790 4046 2900 4101 τῶν
2929 4045 3189 4118 μαθητῶν
3211 4044 3317 4099 τῶν
3340 4043 3515 4097 ταῦτα

1912 4144 2214 4216 εἰρηκότων
2236 4141 2585 4213 ἐφιλονείκει,
2605 4143 2703 4194 καὶ
2735 4140 3006 4193 ἐπύκτευε
3043 4137 3135 4191 τὸν
3157 4136 3284 4208 περὶ
3311 4134 3519 4207 καθαρ-

1914 4235 2043 4289 σίων
2080 4234 2239 4304 λόγον
2269 4234 2460 4301 κινῶν,
2484 4233 2582 4286 καὶ
2633 4232 2920 4302 βάπτισμα
2956 4228 3294 4299 βαπτίσματι
3329 4242 3517 4299 παρα-

1913 4326 2147 4395 ϐάλλων,
2180 4327 2241 4379 τὸ
2282 4325 2531 4380 Ἰωάννου
2562 4323 2641 4395 τῷ
2668 4322 2778 4377 τῶν
2815 4321 3076 4395 μαθητῶν
3127 4319 3222 4374 τοῦ
3251 4318 3513 4392 Χριστοῦ.

1926 4421 2194 4493 Ἐγένετο
2246 4418 2377 4491 γὰρ,
2416 4418 2605 4489 φησὶν,
2648 4418 2718 4471 ἐκ
2747 4414 2869 4470 τῶν
2905 4411 3193 4486 μαθητῶν
3230 4413 3517 4468 Ἰωάννου

1909 4513 2063 4585 μετὰ
2099 4498 2397 4568 Ἰουδαίου
2440 4508 2610 4575 τινὸς
2660 4507 2897 4577 ζήτησις
2936 4506 3069 4575 περί
3116 4503 3514 4574 καθαρισμοῦ.

1927 4604 2154 4675 Ἐπειδὴ
2192 4604 2249 4657 δέ
2275 4602 2371 4657 καὶ
2403 4600 2513 4653 τῶν
2556 4600 2799 4669 σημείων
2824 4597 3025 4669 ἥψατο,
3058 4599 3223 4650 πόσαι
3246 4613 3521 4666 συκοφαν-

1912 4698 2064 4765 τίαις
2102 4698 2165 4751 υἱ
2203 4695 2303 4766 μὲν
2343 4691 2693 4765 Σαμαρείτην
2745 4690 2976 4744 ἐκάλουν
3022 4688 3120 4744 καὶ
3147 4688 3516 4761 δαιμονῶντα,

1911 4790 2189 4859 λέγοντες,
2248 4788 2330 4841 ὅτι
2390 4785 2763 4855 Σαμαρείτης
2808 4778 2865 4836 εἷ
2911 4782 3015 4847 σὺ,
3051 4781 3151 4835 καί
3203 4780 3522 4851 δαιμόνιον

1915 4884 2109 4954 ἔχῃς’
2144 4881 2194 4934 οἰ
2232 4880 2290 4933 δέ
2323 4878 2548 4943 πλάνον,
2580 4876 2853 4945 λέγοντες,
2891 4870 3087 4941 Οὗτος
3112 4876 3224 4928 οὐκ
3252 4873 3426 4927 ἐστιν
3450 4874 3521 4929 ὲκ

1915 4975 2024 5029 τοῦ
2076 4972 2247 5039 Θεοῦ,
2285 4970 2449 5027 ἀλλὰ
2497 4964 2705 5035 πλανᾷ
2732 4968 2840 5021 τὸν
2871 4966 3100 5037 ὄχλον·
3133 4966 3183 5019 οἰ
3224 4964 3282 5018 δὲ
3320 4966 3516 5035 γόητα,

1916 5066 2193 5136 λέγοντες,
2226 5066 2309 5119 ὅτι
2345 5065 2448 5118 Ἐν
2481 5061 2560 5128 τῷ
2610 5061 2858 5131 ἄρχοντι
2892 5058 3014 5113 τῶν
3048 5058 3417 5129 δαιμονίωνυ
3440 5058 3523 5124 τῷ

1920 5158 2284 5221 Βεελζεϐοὺλ
2326 5155 2609 5211 ἐκϐάλλει
2664 5153 2737 5207 τὰ
2796 5152 3106 5221 δαιμόνια·
3150 5150 3245 5205 καὶ
3280 5151 3522 5221 συνεχῶς

1917 5254 2093 5309 ταῦτα
2116 5251 2399 5320 ἐπέλεγον,
2428 5248 2523 5301 καί
2543 5245 2790 5300 ἀντίθεον
2830 5244 3138 5315 ὠνόμαζον,
3181 5244 3275 5299 καὶ
3294 5247 3522 5316 γαστρί-

1922 5346 2275 5419 μαργονριαὶ
2288 5344 2589 5415 ἀδηφάγον,
2612 5341 2708 5395 καὶ
2744 5340 2999 5411 μέθυσον,
3026 5340 3119 5393 καὶ
3148 5339 3403 5410 πονηρῶν
3426 5339 3521 5391 καὶ

1918 5439 2329 5511 διεφθαρμένων
2362 5436 2534 5507 φίλον.
2558 5431 2741 5490 Ἦλθε
2774 5433 2905 5504 γὰρ,
2946 5434 3132 5505 φησὶν,
3170 5435 3202 5486 ὁ
3248 5432 3379 5496 Υἱὸς
3412 5431 3520 5484 τοῦ

1920 5531 2237 5601 ἀνθρώπου
2266 5531 2490 5585 ἐσθίων
2517 5526 2614 5581 καί
2640 5526 2853 5591 πίνων,
2882 5524 2982 5579 καί
3004 5524 3319 5593 λέγουσιν,
3362 5520 3521 5577 Ἰδοὺ

1982 5749 2006 5779 ε
2033 5746 2118 5796 Sic
2139 5744 2342 5795 Coislin.
2387 5748 2546 5796 recte,
2574 5744 2725 5799 atque
2762 5737 2830 5784 ita
2870 5734 2995 5797 legit
3019 5731 3275 5796 interpres
3302 5734 3427 5784 editi
3456 5736 3527 5793 ἐε-

1923 5812 2076 5873 ήγετο.
2098 5810 2304 5867 Quidam
2331 5819 2445 5873 mss:
2476 5802 2706 5873 ἐξῃτεῖτο.

1979 5873 2004 5911 ιι
2028 5873 2231 5932 Aliquot
2396 5870 2455 5932 τα
2486 5868 2662 5932 αὐτῶν.

1986 5951 2008 5975 τ
2028 5918 2254 5984 -ἐῆεῖηεε
2295 5931 2348 5981 ιιι
2372 5930 2520 5979 editis
2543 5930 2638 5974 τῶν
2667 5921 2921 5987 δαιμονίων
2942 5918 3100 5969 deest.
