4142 6490
190 399 286 452 s53
1650 387 2028 448 EPISTOLAE.

192 522 385 583 potator
414 512 537 576 viui.
570 510 960 583 publicanorum
983 519 1030 564 et
1056 515 1375 581 peccatorum
1404 505 1596 560 arnicas
1623 502 1778 578 (Luc.

193 613 240 664 7.
265 609 376 681 54).
405 611 542 679 Quin
573 611 738 666 etiam
769 624 890 666 cum
921 608 1034 679 ipse
1071 621 1192 663 cum
1227 614 1407 660 scorto
1445 601 1777 672 colloquere-

194 712 291 768 tur,
337 700 528 756 falsum
577 702 886 772 prophetam
925 715 1046 754 eum
1079 697 1455 767 nuncupabant
1497 712 1510 749 :
1559 692 1620 747 Si
1650 691 1780 744 enim

194 794 434 863 propheta
463 804 610 858 esset,
635 791 964 863 inquiebant,
993 791 1142 844 sciret
1168 805 1281 859 qua:
1304 796 1350 841 ct
1373 784 1541 857 quatis
1570 793 1641 838 est
1671 787 1780 836 Ita'c

194 886 366 938 ntulier
394 901 508 954 qua:
546 885 767 954 loquitur
805 883 874 935 ad
911 899 1024 936 eum
1063 879 1216 949 (Luc.
1263 880 1315 932 7.
1363 877 1493 946 39);
1549 875 1779 944 denique

193 976 429 1044 quotidie
453 976 711 1029 adversus
739 990 860 1028 cum
881 973 1069 1026 dentes
1087 970 1368 1026 acuebant.
1396 966 1508 1024 Nec
1532 981 1660 1021 vero
1687 964 1780 1020 Ju-

192 1067 284 1120 daai
315 1066 612 1131 dumtaxat,
654 1065 718 1117 ad
755 1064 894 1118 hunc
937 1063 1153 1118 modmn
1190 1076 1314 1117 eum
1352 1059 1495 1115 bello
1543 1059 1775 1114 laeesse-

200 1158 354 1212 bant:
387 1172 510 1211 nam
542 1173 609 1212 ne
639 1158 671 1210 ii
697 1156 931 1226 quidem,
957 1155 1046 1226 qui
1079 1153 1242 1224 ipsius
1266 1150 1460 1206 fratres
1498 1164 1618 1206 esse
1654 1164 1777 1205 cre-

191 1251 473 1318 debentur,
513 1251 726 1305 sincero
754 1263 881 1320 erga
923 1263 1047 1305 eum
1090 1246 1271 1302 animo
1310 1253 1483 1310 erant,
1526 1257 1709 1298 verum
1745 1257 1773 1296 a

193 1341 496 1412 propinquis
525 1340 652 1408 ipsis
695 1340 891 1396 bellum
929 1341 983 1394 in
1009 1352 1131 1394 eum
1165 1335 1496 1392 movebatur.
1526 1334 1775 1406 Perspice

189 1434 376 1504 quippe
396 1448 465 1489 ex
486 1433 569 1488 his
588 1449 706 1502 quae
727 1433 1052 1504 evangelista
1074 1439 1257 1501 postea
1283 1427 1617 1500 subjiciebat,
1642 1442 1777 1499 quo-

191 1526 341 1578 modo
373 1524 474 1594 ipsi
505 1539 716 1595 quoque
740 1523 976 1596 corrupti
1010 1530 1166 1579 erant
1192 1540 1206 1576 :
1240 1519 1422 1593 Neque
1445 1521 1580 1576 enim
1615 1520 1775 1592 ipsius

190 1616 364 1685 fratres
391 1617 660 1671 credebant
689 1617 742 1671 in
766 1632 880 1671 eum
907 1614 1086 1686 (Joau.
1115 1614 1169 1668 7.
1197 1613 1278 1683 5).

253 1709 304 1764 ὅ.
339 1709 508 1764 Porro
535 1709 784 1779 quoniam
833 1708 1030 1762 multos
1054 1705 1290 1762 oﬂ’ensos
1321 1704 1484 1761 fuisse
1508 1711 1667 1775 atque
1687 1719 1772 1758 re.

190 1811 266 1855 ω
287 1802 366 1855 via
395 1801 678 1857 aberrasse
693 1813 1104 1864 commemoras,
1128 1807 1279 1867 quot,
1315 1811 1522 1868 qumso,
1543 1795 1773 1866 discipu-

195 1893 267 1947 los
307 1893 476 1948 fuisse
524 1902 693 1961 putas,
734 1889 827 1960 qui
872 1889 1048 1946 crucis
1100 1901 1340 1960 tempore
1388 1885 1578 1942 oﬂ'ensi
1631 1886 1773 1941 sint?

194 1981 328 2039 Unus
354 1983 611 2052 prodidit,
641 1981 728 2035 alii
751 1981 804 2037 in
841 1982 1015 2052 fugam
1043 1995 1103 2036 se
1127 1979 1484 2046 contulerunt,
1516 1979 1652 2033 alius
1680 1979 1770 2034 ab-

189 2074 374 2143 juravit
403 2093 418 2128 :
452 2089 684 2143 cumque
711 2088 901 2128 omnes
929 2071 1318 2137 secessissent,
1347 2069 1495 2126 solus
1522 2071 1635 2139 ipse
1657 2069 1772 2122 vin-

191 2174 298 2218 ctus
341 2163 659 2220 ducebatur.
691 2163 829 2232 Quot
877 2163 1038 2233 igitur
1085 2161 1329 2216 homines
1379 2159 1474 2214 tibi
1505 2158 1770 2223 videntur,

191 2269 302 2310 cum
330 2272 434 2310 non
471 2256 546 2310 ita
577 2255 779 2325 pridem
807 2269 930 2310 eum
959 2269 1046 2309 res
1069 2253 1235 2309 miras
1257 2251 1602 2316 efllcientem,
1632 2268 1776 2307 mor-

193 2361 300 2406 tuos
319 2351 665 2413 excitantem,
697 2347 936 2417 leprosos
974 2354 1285 2417 purgantem
1309 2385 1325 2410 ,
1355 2343 1629 2400 daemones
1680 2359 1770 2399 ειν

194 2445 494 2514 pellentem,
525 2455 690 2512 panes
714 2439 877 2497 fontis
902 2439 1068 2495 instar
1091 2436 1478 2501 effundentem,
1521 2449 1586 2490 ac
1613 2434 1770 2490 deni-

192 2550 285 2606 que
307 2536 406 2590 alia
436 2531 690 2588 miracula
718 2537 1108 2602 perpetrantem
1138 2527 1418 2595 vidissent,
1441 2541 1508 2582 eo
1531 2535 1774 2596 tempore

194 2626 369 2682 ..παιδί
423 2627 610 2690 fuisse,
651 2639 773 2680 cum
802 2637 924 2693 eum
953 2623 1123 2678 solum
1163 2620 1376 2686 abduci,
1427 2635 1495 2676 ac
1534 2620 1772 2675 vinctum

195 2723 346 2775 teneri
372 2719 771 2789 conspicerent,
801 2715 998 2772 vilibus
1025 2723 1080 2771 et
1117 2713 1339 2784 abiectis
1365 2712 1620 2768 militibus
1647 2727 1771 2768 eum

195 2811 535 2880 cingentibus,
555 2807 894 2878 Judaicisque
919 2804 1287 2863 sacerdotibus
1312 2819 1344 2859 a
1373 2813 1521 2874 tergo
1544 2818 1744 2874 sequen
1759 2832 1772 2843 -

196 2903 324 2957 tibus
367 2917 432 2958 ac
484 2899 945 2964 tumultuantibus,
987 2907 1146 2969 atque
1175 2897 1358 2952 hostes
1383 2910 1572 2952 omnes
1597 2896 1770 2952 solum

193 3009 302 3048 eum
323 2995 421 3048 sibi
446 2994 738 3048 haerentem
761 2993 813 3048 in
845 2991 1020 3048 medio
1049 2991 1325 3056 habentes,
1350 2999 1773 3061 praesentemque

194 3100 249 3140 ac
276 3095 441 3139 tutum
476 3083 768 3140 insolenter
791 3099 851 3139 se
883 3081 1194 3139 cﬂ‘ercntem
1216 3081 1542 3152 proditorem
1565 3080 1770 3150 ?Quid,

193 3189 302 3231 cum
347 3177 532 3248 ﬂagris
567 3175 898 3232 czederetar?
931 3175 1232 3230 Verisimile
1269 3173 1412 3230 enim
1457 3182 1543 3229 est
1597 3174 1774 3230 inlini-

197 3279 292 3327 ωω
314 3268 707 3326 multitudinem
734 3269 971 3326 aﬂ'uisse.
1002 3269 1128 3325 Erat
1156 3270 1353 3341 quippe
1381 3268 1576 3326 festum
1605 3269 1770 3339 peril-

196 3363 366 3430 lustre,
388 3365 532 3436 quod
563 3379 751 3420 omnes
777 3363 1173 3435 congregabat:
1204 3374 1260 3418 et
1285 3362 1598 3433 metropolis
1626 3372 1764 3424 erat.

195 3472 304 3525 qua:
329 3456 518 3513 nefarii
566 3456 788 3513 sceleris
828 3454 1140 3526 tragoediam
1179 3465 1464 3526 exceperat
1494 3473 1506 3510 :
1531 3465 1586 3510 ct
1613 3454 1773 3511 meri-

193 3548 340 3604 diano
384 3559 627 3620 tempore
667 3563 753 3605 res
789 3549 1092 3619 gerebatur.
1124 3547 1266 3615 Quot
1318 3548 1476 3618 igitur
1522 3549 1773 3603 mortales

198 3651 310 3696 tunc
327 3641 544 3698 siluisse
565 3641 860 3708 existimas,
901 3641 990 3712 qui
1017 3655 1140 3696 cum
1164 3654 1286 3695 eum
1317 3638 1568 3702 vinctum,
1597 3640 1773 3710 ﬂagris

196 3732 448 3797 allectum,
475 3748 667 3788 cruore
686 3733 975 3788 stillantem
997 3744 1158 3802 atque
1183 3731 1250 3788 ad
1279 3732 1514 3803 pra-fecti
1540 3733 1770 3788 tribunal

197 3838 392 3878 eausam
414 3824 706 3891 dieenlem,
749 3839 848 3880 nec
873 3824 1254 3894 discipulorum
1281 3839 1602 3895 quemquam
1633 3839 1770 3893 prce-

197 3926 388 3970 sentem
414 3927 722 3980 cernerent,
745 3915 938 3970 animis
963 3913 1149 3970 offensi
1176 3913 1322 3968 sint?
1347 3913 1505 3982 Quid.
1533 3928 1654 3968 cum
1681 3929 1773 3967 va-

200 4005 280 4060 riis
309 3987 604 4075 ipsiiitodis
633 4006 943 4072 illudcbant,
969 4016 1130 4075 atque
1167 4020 1309 4061 nunc
1329 4021 1450 4061 cum
1471 4005 1656 4076 spinea
1675 4021 1772 4061 co-

200 4112 314 4152 roua
361 4099 820 4163 donabant,nune
860 4097 1198 4170 chlamydem
1252 4098 1352 4167 ipsi
1403 4098 1768 4167 imponebant,

200 4204 324 4247 nunc
338 4195 600 4248 calamum
629 4192 681 4246 in
713 4207 926 4246 manum
949 4190 1166 4253 dabant,
1195 4204 1337 4245 nunc
1359 4189 1772 4259 procumbentes

199 4296 307 4336 eum
334 4283 645 4347 adorabunt,
693 4283 893 4336 nullum
925 4283 1158 4351 denique
1183 4281 1448 4337 irrisionis
1469 4297 1531 4336 ac
1558 4281 1770 4338 ludibrii

199 4389 347 4444 genus
391 4376 912 4447 pra-termittebant?
942 4377 1082 4443 Quot
1128 4375 1370 4431 homines
1398 4374 1653 4439 oﬂ'ensos,
1685 4385 1769 4430 at-

199 4484 289 4537 que
310 4470 534 4540 agitatos
573 4479 628 4524 ct
667 4469 1005 4538 perturbatos
1057 4467 1220 4524 fuisse
1245 4467 1542 4533 arbitraris,
1567 4484 1684 4523 eum
1717 4469 1768 4522 in

201 4559 375 4614 malam
413 4576 537 4616 eum
591 4560 869 4624 feriebant,
911 4570 1071 4630 atque
1121 4560 1204 4614 his
1241 4559 1419 4615 verbis
1463 4561 1766 4627 utebantur,

206 4651 489 4722 l’rophetiza
555 4655 714 4716 nobis,
772 4654 986 4716 Christe,
1051 4654 1163 4723 quis
1205 4665 1278 4708 est
1319 4654 1407 4723 qui
1440 4663 1486 4707 te
1528 4656 1770 4724 percussit

203 4742 413 4809 (.llattlt.
444 4745 536 4798 9.6.
565 4745 700 4816 68)?
730 4755 890 4815 atque
917 4747 1088 4815 ipsum
1120 4746 1223 4800 huc
1251 4755 1304 4800 et
1327 4746 1449 4800 illuc
1477 4746 1765 4810 ddi-ebant,

203 4846 349 4893 totum
375 4841 516 4895 diem
541 4841 591 4894 in
618 4841 822 4895 catillis
841 4853 894 4894 et
921 4842 1199 4906 conviciis,
1231 4842 1282 4894 in
1317 4841 1548 4896 ludibrio
1581 4853 1635 4897 et
1659 4844 1766 4897 risu

201 4946 596 4995 consumentes,
646 4933 801 5005 idque
846 4934 896 4988 iu
941 4935 1117 4988 medio
1169 4933 1477 4989 Judzeorum
1527 4935 1769 4990 theatro?

201 5025 342 5092 Quid,
366 5044 484 5083 cum
517 5027 786 5083 Pontiﬁcis
814 5043 1002 5084 servus
1029 5027 1238 5094 alapam
1269 5027 1371 5096 ipsi
1417 5028 1769 5100 impingeret?

202 5117 333 5184 quid,
357 5133 477 5174 cum
505 5119 704 5174 milites
743 5119 907 5188 ipsius
927 5119 1247 5173 vestimenta
1271 5119 1409 5174 inter
1425 5135 1485 5175 se
1506 5120 1769 5190 partiren-

202 5211 314 5263 ιυτῖ
345 5211 491 5282 quid,
533 5225 654 5266 cum
691 5209 861 5266 nudus
902 5226 966 5266 ac
991 5211 1272 5266 verberum
1327 5221 1481 5266 notas
1523 5212 1575 5265 in
1622 5221 1770 5282 tergo

203 5301 385 5359 inustas
407 5321 618 5376 gerens,
645 5303 710 5359 ad
741 5319 956 5360 crucem
980 5304 1360 5368 abduceretur,
1391 5315 1550 5374 atque
1567 5306 1617 5360 in
1644 5321 1768 5360 cru-

203 5406 304 5448 cem
334 5397 646 5452 tolleretur?
691 5395 820 5450 Nam
869 5412 936 5451 ne
967 5406 1077 5450 tum
1121 5396 1340 5468 quidem
1374 5397 1633 5452 immanes
1666 5397 1768 5452 illa:

204 5483 312 5540 fera:
337 5489 728 5556 molliebantur,
758 5505 939 5544 verum
966 5489 1154 5559 majori
1182 5489 1342 5545 etiam
1373 5491 1552 5546 furore
1585 5491 1770 5562 prmci-

206 5577 325 5644 pites
347 5580 670 5645 ferebantur,
703 5580 1064 5652 tragmdiaque
1091 5583 1515 5652 ingravescebat,
1539 5599 1602 5638 ac
1628 5584 1767 5638 ludi-

205 5668 304 5726 bria
345 5675 672 5731 crescebant.
721 5676 824 5730 Alii
874 5677 1016 5730 enim
1061 5675 1353 5730 dicebant:
1398 5675 1769 5746 l’ah!quide-

207 5764 341 5817 struis
360 5769 598 5836 templum
619 5766 730 5831 Dei,
759 5768 876 5822 etin
907 5768 1073 5821 triduo
1096 5767 1376 5836 recdiﬁcas
1404 5769 1534 5822 illud
1555 5768 1766 5838 (Matth.

207 5853 281 5907 Ξῖ.
301 5857 414 5927 ιο).
441 5860 540 5914 Alii
570 5861 694 5915 item
729 5876 740 5913 :
767 5859 904 5915 Alios
925 5861 1090 5915 salvos
1119 5861 1276 5929 fecit:
1302 5864 1521 5933 seipsum
1553 5881 1651 5919 non
1680 5880 1769 5938 po-

493 5973 755 6032 hrum-
803 5974 917 6032 (ξιξ.
974 5970 1095 6033 1.ΙΙ.

3385 381 3491 442 556

1889 509 1982 555 test
1996 500 2193 556 salvum
2207 502 2377 573 [acac
2392 499 2606 574 (Matth.
2620 500 2706 556 27.
2727 501 2842 572 42).
2859 502 2963 557 Alii
2981 517 3196 559 rursum
3243 502 3310 558 Si
3327 503 3497 562 Filius

1893 591 1986 646 Dei
2015 609 2088 657 es,
2106 593 2354 648 descende
2367 594 2434 650 de
2449 611 2617 659 cruce,
2643 605 2690 650 et
2709 594 2971 649 credemus
3005 596 3095 652 tibi
3117 595 3286 669 (Ibid.
3304 613 3348 652 ο.
3381 598 3498 669 ω).

1887 683 2049 752 Quid.
2072 698 2195 740 cum
2215 687 2514 756 spongiam,
2540 685 2609 741 fel
2630 695 2686 741 et
2701 694 2909 742 acetum
2928 687 3162 758 potionis
3177 700 3341 744 causa
3359 685 3494 744 olfe-

1889 783 2092 843 rentes,
2117 791 2212 846 per
2238 791 2503 833 summam
2543 777 2926 833 contumeliam
2977 779 3078 849 ipsi
3123 779 3494 835 insultabaut?

1884 867 2035 937 quid,
2077 883 2200 923 cum
2259 869 2496 925 latrones
2547 871 2846 927 maledictis
2877 887 3000 927 eum
3038 872 3493 943 proseindebant!

1884 957 2012 1026 quid
2061 959 2391 1014 horrendum
2437 960 2567 1016 illud
2608 962 2949 1032 maximeque
2977 961 3241 1018 nefarium
3287 965 3488 1030 scelus,

1882 1052 2026 1122 quod
2065 1052 2228 1107 etiam
2258 1067 2288 1106 a
2338 1068 2427 1109 me
2469 1053 2580 1124 jam
2633 1069 3118 1112 commemoratum
3157 1068 3258 1122 est,
3296 1071 3490 1128 nempe

1882 1160 2003 1198 cum
2036 1145 2299 1201 latronem
2346 1148 2494 1204 illmn
2525 1164 2590 1204 ac
2620 1149 2886 1219 parietum
2915 1150 3284 1219 eﬂ'ractorem,
3331 1152 3489 1209 innu-

1882 1237 2151 1310 morisque
2164 1239 2401 1296 cazdibus
2413 1252 2750 1311 coopertum,
2769 1242 3092 1313 digniorem,
3111 1260 3270 1314 quam
3289 1245 3498 1316 ipsum,

1881 1343 2003 1386 esse
2029 1331 2296 1396 dicebant,
2338 1348 2499 1404 quem
2545 1334 2806 1404 petitione
2842 1350 2945 1391 sua
2982 1337 3249 1406 supplicio
3285 1338 3487 1394 exime-

1882 1429 2002 1476 rent
2046 1440 2061 1477 :
2099 1422 2332 1494 dataque
2377 1439 2408 1478 a
2440 1425 2622 1495 judice
2659 1427 2881 1497 optione
2908 1428 3207 1484 Barabbam
3241 1431 3489 1500 pratulo.

1881 1521 2005 1568 runt
2034 1531 2049 1568 :
2072 1514 2326 1570 nimirum
2349 1530 2453 1572 non
2467 1515 2739 1574 Christum
2770 1519 3227 1578 dumtaxateruce
3243 1521 3486 1588 allicere.

1879 1603 1974 1658 sed
2003 1605 2164 1660 etiam
2206 1606 2507 1677 improbam
2547 1608 2741 1665 famam
2785 1611 2886 1682 ipsi
2918 1612 3137 1669 inurere
3163 1617 3491 1686 cupientes?

1883 1696 2016 1753 l-linc
2037 1697 2180 1753 enim
2210 1713 2270 1755 se
2299 1701 2429 1756 illud
2460 1703 2686 1771 probare
2723 1719 2887 1775 posse
2943 1707 3293 1776 statuebam,
3326 1710 3472 1780 quod

1880 1788 2088 1846 latrone
2139 1805 2353 1863 quoque
2380 1794 2698 1852 sceleratior
2740 1807 2906 1864 esset,
2960 1800 3229 1870 tantisque
3272 1803 3491 1874 ﬂagitiis

1879 1879 2178 1946 devinctus,
2210 1893 2272 1938 ut
2311 1899 2410 1941 nec
2437 1887 2825 1954 misericordia,
2858 1904 2960 1946 nec
3001 1890 3123 1946 festi
3147 1893 3378 1965 dignitas
3403 1909 3494 1952 sa-

1879 1977 2043 2032 lutem
2088 1977 2189 2048 ipsi
2228 1977 2422 2036 aﬂ’erre
2450 1989 2650 2052 posset.
2682 1981 2796 2038 lluc
2822 1985 2966 2040 enim
2998 1986 3243 2042 actiones
3294 2002 3488 2046 omnes

1878 2081 2006 2122 suas
2051 2067 2378 2137 referebant,
2414 2081 2472 2126 nt
2499 2073 2667 2144 ipsius
2690 2074 3143 2132 existimationem
3183 2077 3443 2136 laederent
3472 2098 3489 2135 :

1876 2172 2047 2229 eaque
2077 2159 2145 2216 de
2189 2175 2349 2216 causa
2396 2162 2534 2219 duos
2573 2165 2736 2220 etiam
2769 2165 3006 2224 latrones
3049 2183 3154 2223 una
3194 2184 3321 2226 cum
3372 2172 3493 2242 ipso

1878 2249 2026 2305 cruci
2051 2249 2357 2307 aiﬂxerunt.
2407 2255 2479 2310 At
2514 2255 2714 2311 veritas
2764 2272 2871 2312 non
2915 2257 3326 2325 obscurabatur.
3381 2262 3493 2320 imo

1878 2341 2208 2410 splendidius
2230 2343 2492 2402 elucebat.
2520 2347 2602 2404 Ad
2629 2348 2746 2406 ha-c
2765 2351 2926 2406 etiam
2956 2352 3218 2411 aﬂ'ectata:
3245 2357 3491 2428 tyranni-

1877 2436 1962 2491 dis
1983 2451 2106 2493 eum
2134 2438 2535 2508 insimulabant,
2567 2440 2653 2498 his
2682 2445 2889 2501 verbis:
2912 2446 2948 2509 ζ
2952 2447 3229 2518 uicumque
3249 2467 3304 2506 se
3318 2467 3490 2523 regem

1875 2530 2022 2598 facit,
2037 2545 2137 2584 non
2158 2532 2438 2588 estansicus
2458 2531 2706 2590 Canaris‘
2730 2535 2912 2607 (Joan.
2930 2539 3020 2605 i9,
3038 2539 3131 2614 12)
3155 2559 3169 2595 :
3185 2544 3491 2616 tyrannidis

1875 2618 2124 2676 videlicet
2147 2637 2270 2677 eum
2287 2634 2644 2690 arcessentes,
2678 2628 2766 2698 qui
2787 2627 2874 2684 ubi
2889 2639 3054 2700 caput
3064 2631 3352 2689 reclinaret
3375 2650 3485 2691 non

1877 2708 2124 2768 habebat.
2139 2711 2278 2782 Quin
2290 2715 2678 2786 blasphemiam
2693 2734 2909 2791 quoque
2921 2721 3019 2792 ipsi
3034 2736 3134 2794 per
3149 2723 3477 2782 calumniam

1875 2801 2216 2872 objiciebant.
2282 2805 2527 2862 Pontifex
2581 2809 2728 2864 enim
2781 2810 2943 2866 scidit
2993 2813 3311 2869 vestimenta
3365 2832 3484 2884 sua,

1877 2891 2067 2950 dicens
2123 2914 2137 2951 '.
2187 2896 2614 2968 Blaspltemavit;
2645 2903 2771 2972 quid
2807 2904 2978 2959 adhuc
3026 2921 3234 2977 egemus
3277 2908 3486 2965 testibus

1875 2983 2091 3056 (Matth.
2133 2987 2225 3043 26.
2249 2990 2340 3060 65)
2363 2989 2387 3043 ἲ
2413 2989 2552 3058 Quid
2591 3007 2740 3048 mors
2769 2994 2975 3064 ipsius?
3001 2995 3192 3053 Nonne
3216 3000 3491 3056 violenta?

1876 3092 2056 3135 nonne
2067 3081 2311 3152 capitalis
2325 3098 2480 3140 none
2499 3086 2907 3143 conviciorum?
2929 3103 3108 3146 nonne
3128 3094 3479 3150 exsecranda:

1876 3168 2234 3240 improbitatis
2254 3171 2533 3230 hominum
2551 3177 2576 3230 ἳ
2603 3192 2785 3233 nonne
2813 3181 3163 3252 turpissima?
3189 3199 3370 3242 nonne
3393 3200 3492 3242 eo-

1878 3278 2018 3330 rum,
2049 3264 2139 3334 qui
2165 3267 2500 3336 gravissimis
2542 3268 2758 3342 ﬂagitiis
2804 3288 2925 3330 sese
2953 3275 3394 3346 obstrinxisseut,
3425 3296 3492 3337 ac

1878 3370 1946 3410 ne
1972 3355 2120 3429 digni
2148 3359 2363 3429 quidem
2392 3371 2596 3430 essent,
2640 3364 2733 3436 qui
2760 3365 2813 3421 in
2847 3375 2989 3423 terra
3014 3379 3317 3427 extremum
3366 3373 3492 3431 vita:

1875 3449 2124 3520 spiritum
2149 3453 2500 3511 emitterent?
2526 3459 2720 3514 Annon
2750 3462 3040 3530 sepultura
3069 3479 3240 3534 genus
3282 3465 3492 3522 beneﬂ-

1877 3545 1946 3600 cii
2001 3548 2294 3619 gratiaeque
2341 3549 2462 3606 loco
2501 3551 2602 3623 ipsi
2653 3558 2971 3624 praestatur?
3019 3557 3303 3615 Accedens
3345 3562 3491 3618 enim

1876 3637 2141 3708 quispiam
2165 3655 2365 3713 corpus
2411 3644 2582 3713 petiit.
2627 3644 2782 3702 Adeo
2804 3662 2873 3702 ne
2897 3663 2962 3703 ex
2997 3650 3314 3722 propinquis
3362 3654 3487 3724 qui—

1877 3731 2021 3797 dem,
2053 3747 2153 3788 nec
2177 3748 2244 3789 ex
2266 3733 2353 3802 iis,
2385 3751 2521 3806 quos
2547 3737 2824 3795 beneficiis
2853 3739 3128 3808 aﬂ'ecerat,
3172 3758 3276 3799 inec
3311 3760 3378 3800 ex
3402 3746 3490 3802 di-

1877 3823 2113 3892 scipulis,
2141 3840 2240 3881 nec
2265 3841 2330 3882 ex
2359 3826 2424 3882 iis
2451 3829 2543 3898 qui
2573 3838 2777 3884 tantam
2809 3831 2879 3886 ab
2904 3846 2972 3888 eo
2994 3833 3242 3889 ﬁduciam
3300 3851 3364 3890 ac
3395 3852 3486 3892 sa-

1879 3915 2042 3971 lutem
2069 3917 2432 3987 obtinuerant,
2463 3921 2746 3993 quisquam
2763 3934 2898 3990 erat,
2931 3926 3022 3997 qui
3048 3942 3174 3981 cum
3194 3931 3488 4000 sepultum:

1877 4007 2158 4065 mandaret
2190 4012 2369 4082 :quod
2407 4013 2656 4070 videlicet
2684 4030 2874 4072 omnes
2900 4019 3267 4088 evanuissent,
3299 4038 3490 4081 omnes

1877 4101 2253 4173 profugissem.
2280 4103 2399 4159 iam
2431 4105 2648 4161 sinistra
2691 4123 2753 4163 ea
2786 4117 2841 4164 et
2871 4109 3112 4180 improba
3136 4111 3296 4180 fama,
3329 4130 3488 4186 quam

1877 4206 1976 4260 per
2018 4195 2467 4250 resurrectionem
2521 4208 2853 4266 struxerant,
2909 4200 3172 4270 dicentes,
3233 4203 3490 4263 Venerunt

1875 4283 2115 4353 discipuli
2134 4285 2266 4355 ejus,
2294 4297 2339 4340 et
2361 4290 2646 4357 furatisuut
2667 4306 2780 4343 eum
2806 4290 3020 4361 (Matth.
3040 4292 3131 4349 28.
3164 4295 3266 4368 15)
3289 4340 3303 4364 ,
3327 4314 3488 4369 quam

1877 4373 2059 4430 multis
2087 4375 2370 4432 offensioni
2396 4377 2538 4434 fuit?
2577 4397 2739 4450 quam
2771 4383 2970 4438 multos
3015 4383 3070 4438 in
3115 4385 3354 4442 fraudem
3385 4390 3490 4445 iut-

1878 4466 2049 4533 pulit?
2090 4465 2364 4539 Siquidem
2409 4471 2497 4526 hic
2552 4486 2754 4537 sermo,
2802 4490 3124 4545 quamquam
3182 4477 3368 4545 falsus,
3425 4498 3489 4537 ac

1877 4557 2049 4626 pretio
2074 4567 2304 4629 emptus,
2336 4572 2445 4616 tum
2479 4564 2664 4617 valuit.
2700 4563 2898 4631 Valuit,
2914 4566 3156 4637 inquam,
3185 4572 3326 4640 apud
3350 4590 3490 4629 tton-

1876 4649 2050 4704 nullos
2074 4692 2090 4717 ,
2122 4660 2242 4720 post
2270 4653 2460 4721 sigilla,
2493 4664 2612 4724 post
2627 4664 2826 4711 tantum
2859 4659 3099 4716 veritatis
3128 4666 3482 4733 perspicuita-

1878 4751 2004 4798 tem.
2035 4741 2217 4813 Nequc
2241 4745 2384 4798 enim
2427 4749 2794 4815 promiscuum
2828 4752 3017 4822 vulgus
3073 4757 3485 4815 resurrectionis

1875 4832 2171 4888 doctrinam
2205 4846 2375 4891 norat.
2409 4837 2517 4894 Nec
2548 4841 2741 4893 mirum
2792 4843 2907 4911 (a),
2942 4857 3063 4898 cum
3114 4861 3184 4900 ne
3215 4849 3313 4916 ipsi
3360 4851 3484 4920 qui-

1875 4924 1997 4979 dem
2021 4926 2264 4996 diseipuli
2292 4943 2411 4982 eam
2441 4942 2661 4985 nossent
2695 4951 2708 4986 :
2743 4931 2922 5002 Neque
2959 4935 3113 5004 enim,
3148 4937 3318 5008 inquit
3348 4941 3438 4996 ille
3464 4985 3480 5008 ,

1875 5019 2115 5089 discipuli
2139 5021 2248 5091 ejus
2287 5022 2548 5088 sciebant,
2585 5026 2721 5093 quod
2764 5038 3015 5097 oporteret
3041 5046 3156 5083 eum
3198 5047 3231 5084 a
3270 5036 3487 5091 mortuis

1890 5114 2163 5170 resurgere
2209 5099 2409 5172 (Joan.
2443 5121 2534 5171 xx,
2571 5107 2656 5176 9).
2711 5110 2886 5174 Quam
2933 5114 3137 5168 tnultos
3167 5115 3336 5186 igitur
3367 5117 3480 5171 illis

1888 5189 2081 5248 diebus
2111 5192 2286 5249 fuisse
2320 5207 2479 5263 putas
2508 5200 2600 5267 qui
2627 5200 2820 5256 offensi
2846 5205 2992 5258 sint?
3019 5204 3082 5258 Et
3114 5216 3297 5263 tamen
3333 5208 3476 5266 Deus

1888 5297 1989 5352 pro
2029 5301 2127 5340 sua
2156 5287 2381 5343 lenitate
2426 5291 2478 5343 id
2531 5293 2757 5360 terebat,
2805 5312 3007 5352 arcana
3058 5315 3160 5354 sua
3203 5303 3474 5372 sapientia

1885 5384 2066 5432 omnia
2095 5380 2514 5439 administrans.

1945 5478 2000 5533 ὅ.
2057 5476 2256 5533 Deinde
2309 5486 2431 5546 post
2470 5489 2567 5532 eos
2612 5475 2727 5531 dies
2787 5474 3030 5547 discipuli
3085 5491 3298 5531 rursum
3354 5478 3478 5531 lati-

1878 5580 2090 5638 tantes,
2143 5568 2338 5639 iugati,
2394 5577 2537 5623 metu
2589 5567 2855 5640 perterriti
2885 5607 2902 5633 ,
2961 5575 3291 5636 trementes,
3322 5582 3384 5622 ac
3410 5568 3480 5622 de

1942 5687 1957 5751 ξ
1995 5690 2096 5751 Duo
2111 5689 2239 5740 Mss,
2268 5680 2563 5751 contradicit
2583 5680 2786 5733 cessari.
3112 5743 3121 5751 .
3164 5743 3194 5751 Α,
3337 5743 3366 5751 _.

1939 5747 2012 5809 (tl)
2047 5746 2127 5795 Hie
2139 5746 2362 5808 quaedam
2383 5745 2612 5804 deerant,
2636 5756 2763 5809 (ιιιεΔ
2795 5743 3476 5809 ex_manu§cript_i_s_restituta

1879 5801 2010 5857 sunt;
2033 5816 2145 5866 Quae
2159 5801 2460 5870 sequuntur,
2496 5801 2641 5870 quam
2656 5801 2834 5856 inultos
2855 5803 3003 5867 igitur
3024 5801 3334 5866 illis-diebus,
3361 5812 3480 5861 etc,

1885 5884 1947 5920 ex
1971 5870 2142 5920 iisdem
2175 5869 2513 5932 ma’nuscriptis
2533 5869 2794 5933 desumpta
2815 5874 2949 5919 sunt.

3026 5965 3094 6027 11
