4142 6496
670 413 773 469 $55

665 524 787 582 loco
808 523 859 577 iu
902 522 1074 577 locum
1103 519 1328 578 subinde
1355 519 1662 591 migrantes,
1716 534 1835 575 sese
1863 521 2196 577 occultabant
2224 537 2238 574 :

667 621 824 683 atque
856 620 973 682 post
995 612 1368 683 quinquaginta
1400 609 1516 666 dies
1542 625 1662 666 cum
1691 624 1811 667 sese
1839 611 2245 682 conSpiciendos

665 705 905 774 pnebere
928 719 990 758 ac
1017 702 1270 759 miracula
1295 705 1455 759 edere
1480 703 1793 772 cepissent,
1825 717 1894 758 ne
1919 702 1997 758 sic
2023 702 2238 773 quidem

665 804 842 848 tamen
871 793 971 849 hoc
998 793 1310 865 consequuti
1330 804 1472 858 sunt,
1502 802 1559 848 ut
1578 793 1708 848 nihil
1737 793 1866 864 ipsis
1895 793 2234 850 metuendum

663 898 824 943 esset.
860 888 1068 943 Etenim
1108 897 1228 958 post
1266 888 1414 959 signa
1443 888 1530 942 illa
1557 887 1720 953 edita,
1770 886 1972 942 inlinita
2021 885 2241 940 offendi-

659 978 779 1033 cula
812 979 947 1033 inter
974 977 1352 1034 imbecilliores
1379 977 1524 1033 fuere
1548 995 1562 1032 :
1591 976 1730 1047 quod
1761 976 1860 1046 ipsi
1885 976 2046 1047 virgis
2065 975 2240 1032 caede-

661 1077 868 1135 rentur,
913 1069 1150 1124 Ecclesia
1195 1071 1516 1133 turbaretur,
1582 1068 1710 1138 ipsis
1760 1067 2012 1137 expulsis,
2063 1067 2242 1121 hostes

660 1161 844 1216 multis
868 1162 918 1215 in
941 1162 1070 1216 locis
1097 1161 1396 1232 superiores
1423 1170 1624 1227 essent,
1654 1173 1716 1214 ac
1743 1159 1995 1215 tumultus
2016 1159 2235 1214 cierent.

661 1253 795 1309 Nam
820 1255 1226 1326 contingentem
1275 1253 1344 1309 ob
1371 1253 1620 1307 miracula
1665 1250 1912 1315 ﬁduciam
1963 1250 2240 1321 loquendi.

659 1360 764 1414 que
791 1343 1087 1398 libertatem
1119 1342 1293 1412 adepti
1323 1342 1573 1407 fuissent,
1599 1352 1724 1397 tunc
1745 1355 1955 1396 rursum
1983 1339 2237 1410 Stephani

660 1449 805 1489 mors
827 1449 1043 1505 gravem
1086 1432 1550 1503 persequutionem
1593 1431 1898 1494 accersivit,
1946 1443 2238 1498 omnesque

658 1524 930 1594 dispersit,
966 1533 1125 1593 atque
1172 1521 1461 1578 Ecclesiam
1494 1522 1545 1576 in
1577 1521 1857 1576 tumultum
1883 1529 1935 1574 et
1963 1520 2236 1590 perturba-

661 1618 856 1671 tionem
883 1615 1142 1686 conjecit:
1171 1630 1486 1685 rursumque
1501 1614 1744 1684 discipuli
1767 1614 1818 1668 in
1843 1622 2007 1678 metu,
2027 1626 2235 1666 rursum

659 1709 711 1763 in
765 1708 904 1779 fuga,
950 1724 1160 1765 rursum
1216 1709 1268 1763 in
1319 1721 1522 1762 summa
1569 1705 1914 1760 sollicitudine
1943 1715 2098 1774 atque
2139 1717 2239 1757 an»;

660 1814 791 1868 gere
823 1800 1022 1854 versari
1068 1807 1361 1870 cmperunt.
1414 1799 1482 1852 At
1511 1797 1586 1852 sic
1613 1809 1822 1867 quoque
1852 1805 2022 1850 tamen
2051 1793 2235 1849 Eccle-

660 1890 754 1943 sia:
779 1904 865 1943 res
892 1903 1103 1959 semper
1124 1888 1470 1959 augebantur,
1499 1903 1622 1942 cum
1652 1903 1743 1956 per
1761 1887 1908 1956 signa
1941 1885 2224 1949 florebant,

658 1995 777 2035 cum
821 1980 939 2035 lmta
993 1980 1252 2050 principia
1309 1979 1594 2035 habebant.
1629 1977 1696 2033 Et
1723 1991 1860 2033 unus
1903 1977 2114 2048 quidem
2140 1991 2236 2048 per

660 2071 946 2127 fenestram
993 2069 1368 2126 detnittebatur
1409 2111 1424 2134 ,
1463 2071 1645 2140 sicque
1672 2085 1702 2124 e
1729 2067 1963 2139 praefecti
1991 2067 2234 2122 manibus

656 2163 867 2232 elapsus
891 2172 976 2218 est
1017 2179 1031 2218 :
1092 2161 1226 2217 alios
1268 2171 1444 2217 autem
1497 2160 1718 2231 angelus
1763 2160 1964 2225 eduxit,
1995 2161 2175 2230 sicque
2202 2173 2231 2212 a

657 2257 878 2311 vinculis
909 2257 1186 2322 liberavit;
1216 2255 1352 2310 alios
1397 2269 1607 2309 rursum
1635 2253 1701 2308 ab
1729 2251 1814 2318 iis,
1836 2252 1924 2322 qui
1946 2251 2138 2320 opibus
2167 2264 2230 2304 ac

659 2348 887 2417 potentia
915 2347 1193 2410 ﬂorebant,
1222 2354 1440 2402 vexatos
1467 2354 1520 2400 et
1548 2344 1861 2414 exagitatos,
1891 2341 2234 2397 circumfora-

661 2440 745 2493 nei
767 2439 1008 2493 homines
1019 2446 1176 2508 atque
1189 2437 1404 2506 opifices
1431 2435 1572 2489 omni
1591 2432 1750 2488 officii
1779 2448 1971 2503 genere
1999 2431 2234 2500 comple-

653 2532 949 2594 ctebantur,
981 2528 1307 2598 purpurarize
1351 2541 1541 2596 nempe
1579 2524 1850 2589 mulieres,
1879 2539 1941 2578 ac
1981 2523 2234 2578 tentorio-

654 2636 771 2674 rum
802 2619 1052 2682 artifices,
1082 2627 1137 2675 et
1175 2617 1407 2683 coriarii,
1439 2617 1490 2672 in
1519 2616 1772 2671 extremis
1798 2615 2005 2670 urbium
2053 2627 2231 2669 reces-

653 2713 802 2766 sibus
842 2719 1002 2782 atque
1056 2709 1122 2764 ad
1153 2710 1300 2764 littus
1337 2719 1390 2763 et
1441 2723 1587 2763 mare
1625 2707 1940 2764 habitantes.
1989 2707 2231 2777 Perstepe

651 2804 810 2857 etiam
841 2817 909 2858 ne
929 2802 980 2856 in
1010 2801 1203 2856 mediis
1223 2800 1438 2870 quidem
1464 2800 1682 2856 urbibus
1725 2814 2037 2870 comparere
2062 2798 2227 2854 aude-

650 2891 919 2957 bant;aut
957 2893 1004 2946 sl
1031 2889 1315 2956 audebant,
1371 2889 1607 2960 hospites
1655 2897 1800 2945 certe
1842 2904 1935 2944 eos
1984 2890 2229 2959 excipere

654 2982 1061 3054 haudquaquam
1115 2981 1398 3037 audebant.
1440 2983 1613 3052 Atque
1636 2980 1703 3036 ad
1725 2981 1864 3035 hunc
1893 2980 2105 3035 modum
2135 2996 2230 3051 per

653 3073 990 3141 tentationes,
1017 3082 1073 3129 et
1099 3073 1397 3128 animorum
1424 3073 1783 3129 recreationes
1801 3074 1818 3104 ⁸
1845 3073 2050 3143 negotia
2082 3081 2228 3128 texe-

653 3168 881 3223 bantur:
911 3175 966 3224 et
989 3167 1077 3237 qui
1107 3183 1210 3222 non
1238 3167 1404 3222 multo
1429 3173 1552 3222 ante
1572 3166 1759 3221 offensi
1791 3166 2020 3232 fuerant,
2045 3176 2226 3238 postea

650 3259 972 3314 sanabuntur
997 3275 1011 3312 :
1039 3267 1092 3312 et
1115 3258 1202 3328 qui
1229 3257 1625 3322 aberraverant,
1646 3257 1698 3312 in
1731 3258 1870 3313 viam
1899 3258 2226 3314 reduceban-

652 3357 740 3403 tur
767 3367 781 3401 :
813 3359 868 3404 et
891 3365 1010 3420 qua:
1038 3359 1301 3419 prostrata
1345 3363 1408 3403 ac
1437 3349 1553 3403 solo
1580 3359 1785 3419 aequata
1837 3349 2062 3416 fuerant,
2094 3366 2230 3421 prmo

648 3440 847 3494 clarius
874 3448 928 3494 et
956 3440 1379 3510 magnificentius
1426 3438 1874 3494 instanrabantur.
1903 3439 1984 3494 Ob
2007 3455 2227 3510 eamque

652 3544 864 3583 causam
891 3543 1011 3584 cum
1060 3529 1254 3584 Paulus
1308 3530 1552 3598 precibus
1606 3529 1984 3592 contendisset,
2031 3540 2088 3585 ut
2135 3546 2230 3600 per

648 3620 880 3689 quietem
933 3620 1097 3674 solam
1149 3628 1200 3675 et
1248 3620 1681 3689 tranquillitatem
1735 3621 2065 3691 evangelium
2109 3636 2229 3691 pro-

648 3711 978 3780 grederetur,
1030 3710 1447 3782 sapientissimus
1477 3727 1540 3766 ac
1586 3713 1965 3767 solertissimus
1994 3712 2131 3767 Deus
2149 3712 2229 3767 di-

649 3803 852 3873 scipulo
877 3819 1076 3857 morem
1099 3803 1316 3857 minime
1345 3803 1530 3873 gessit,
1585 3819 1707 3866 nec,
1741 3818 1862 3858 cum
1909 3818 2050 3871 saepe
2076 3818 2228 3872 roga-

649 3902 816 3960 retur,
846 3894 1092 3963 precibus
1135 3893 1300 3962 ipsius
1324 3893 1522 3956 cessit,
1553 3909 1735 3948 verum
1768 3893 1849 3948 his
1898 3893 2073 3948 verbis
2104 3907 2226 3950 usus

651 3995 736 4040 est
764 4003 778 4038 ε
808 3984 1003 4055 Suﬁcit
1031 3985 1117 4038 tibi
1142 3986 1304 4053 gratia
1331 4001 1439 4037 mea
1471 3999 1488 4038 :
1518 3984 1672 4037 virtus
1699 3984 1830 4037 enim
1857 3999 1965 4036 mea
1988 3985 2039 4035 in
2078 3984 2226 4049 inﬁr-

648 4078 822 4129 mitate
863 4075 1122 4144 perﬁcitur
1150 4074 1225 4139 (2.
1255 4076 1372 4128 Cor.
1408 4075 1493 4128 l2.
1521 4074 1611 4144 9).
1646 4075 1702 4129 Si
1737 4075 1893 4143 igitur
1937 4087 2077 4128 nunc
2105 4088 2226 4128 cum

651 4166 908 4222 molestiis
937 4166 1087 4220 ltetos
1112 4181 1319 4235 quoque
1342 4180 1618 4220 successus
1642 4165 1938 4220 subducere
1973 4166 2224 4231 volueris,

649 4259 698 4313 si
729 4272 833 4312 non
864 4256 1024 4311 multa
1053 4257 1199 4325 signa
1243 4262 1300 4308 et
1322 4255 1593 4320 miracula,
1634 4265 1690 4309 at
1716 4256 1910 4311 multas
1937 4263 2113 4310 tamen
2140 4271 2226 4310 res

653 4349 920 4405 miraculis
944 4365 1049 4404 non
1080 4348 1364 4403 dissimiles
1409 4348 1730 4418 conSplcies,
1756 4365 1874 4418 qua:
1903 4349 2116 4420 quidem
2147 4351 2227 4404 in-

649 4441 822 4510 gentis
851 4439 943 4494 Dei
969 4439 1310 4509 providentiie
1353 4448 1511 4509 atque
1552 4439 1730 4493 auxilii
1760 4440 2036 4510 perspicua
2065 4456 2224 4510 argu-

653 4537 832 4585 menta
854 4530 980 4584 sint.
1012 4529 1204 4584 Verum
1227 4544 1294 4584 ne
1315 4530 1496 4583 omnia
1519 4530 1666 4584 nullo
1713 4545 1832 4583 cum
1864 4530 2044 4585 labore
2072 4546 2100 4584 a
2133 4546 2227 4586 no-

651 4621 734 4675 bis
763 4619 968 4687 audias,
996 4619 1132 4674 hanc
1163 4620 1253 4674 tibi
1283 4631 1484 4689 partem
1514 4620 1778 4688 relinquo,
1816 4629 1872 4674 ut
1895 4632 2140 4677 accurate
2165 4638 2227 4678 ac

649 4713 933 4780 diligenter
956 4720 1145 4766 cuncta
1176 4710 1410 4780 colligas,
1453 4719 1610 4780 atque
1635 4727 1754 4764 cum
1791 4711 1949 4767 rebus
1993 4713 2226 4769 molestis

652 4811 706 4857 et
734 4803 938 4857 acerbis
964 4801 1226 4868 conferas,
1256 4802 1436 4870 sicque
1462 4802 1716 4872 praeclara
1731 4804 2080 4872 occupatione
2107 4807 2226 4859 ani-

653 4907 798 4946 mum
823 4889 1340 4961 distinens,teipsam
1359 4907 1386 4944 a
1410 4892 1658 4946 mmstitia
1690 4902 1960 4962 etangore
1984 4908 2179 4948 avoces
2205 4911 2219 4948 :

651 4985 772 5040 hinc
785 4985 926 5040 enim
939 4985 1219 5038 maximam
1239 4984 1653 5039 censolationem
1671 4986 1946 5055 percipies.
1969 4986 2049 5041 Tu
2066 4987 2225 5043 velim

650 5077 911 5132 universas
987 5085 1090 5130 tua:
1159 5075 1452 5130 benedictae
1497 5074 1676 5131 domui
1739 5077 2018 5146 plurimam
2064 5094 2095 5133 a
2141 5096 2227 5135 mc

650 5169 873 5222 salutem
897 5167 1061 5223 dicas.
1091 5165 1244 5221 Faxit
1273 5167 1412 5222 Deus
1439 5175 1495 5220 ut
1521 5176 1576 5222 et
1622 5169 1777 5223 firma
1825 5171 2065 5240 corporis
2091 5173 2226 5227 vale-

653 5258 854 5323 tudine,
909 5267 963 5313 et
993 5258 1118 5314 laeto
1139 5266 1296 5327 atque
1349 5256 1502 5311 hilari
1532 5258 1710 5314 animo
1753 5273 1966 5328 semper
2001 5263 2097 5328 sis,
2126 5263 2223 5316 do-

654 5349 795 5403 mina
827 5364 941 5404 mea
992 5363 1333 5417 summopere
1371 5349 1675 5404 veneranda
1705 5359 1758 5405 et
1805 5352 2221 5421 religiosissima.

723 5440 778 5494 Si
827 5440 902 5492 vis
929 5439 1060 5493 mihi
1100 5438 1364 5507 longiores
1390 5439 1625 5495 scribere
1672 5441 1870 5508 literas,
1921 5443 2019 5498 hac
2048 5444 2116 5498 de
2167 5459 2224 5500 re

653 5546 740 5585 me
765 5541 1045 5586 certiorem
1088 5529 1264 5595 facito,
1297 5546 1395 5584 nec
1417 5546 1501 5585 me
1530 5531 1792 5600 decipias;
1825 5549 2014 5603 nempe
2045 5545 2095 5589 te
2117 5551 2222 5590 om-

651 5636 771 5678 nem
827 5622 988 5676 animi
1041 5637 1323 5676 mcerorem
1369 5622 1718 5692 deposuisse,
1749 5635 1803 5680 et
1851 5627 1902 5680 in
1935 5630 2224 5700 tranquilli-

653 5723 757 5770 tate
799 5731 976 5785 agere.
1010 5715 1139 5770 Nam
1177 5717 1227 5771 in
1264 5718 1365 5774 hoc
1388 5722 1544 5772 situm
1571 5731 1654 5775 est
1686 5721 1956 5778 literarum
1986 5739 2222 5781 mearum

714 5827 729 5859 ι
766 5835 865 5876 nuo
887 5835 1011 5889 Mss,
1039 5841 1130 5879 non
1154 5842 1237 5889 por
1260 5835 1524 5882 animorum
1546 5831 1875 5884 retractiones.

1408 405 1465 464 S.
1505 404 1781 464 JOANNIS
1817 400 2285 465 CHRYSOSTOII
2325 401 2639 461 ARCHIEP.
2680 404 3212 463 CONSTANTINOP.

2356 517 2668 584 remedium,
2701 526 2760 574 ut
2789 519 2878 575 tibi
2923 535 3166 592 magnam
3210 521 3372 576 animi
3403 520 3642 576 laetitiam
3675 521 3887 592 pariant
3919 541 3933 577 :

2351 623 2415 665 ac
2460 609 2767 682 frequentes
2794 612 3025 682 accipies
3051 613 3327 684 epistolas.
3356 613 3552 668 Verum
3574 626 3643 668 ne
3673 612 3807 667 mihi
3835 613 3934 667 ite-

2349 718 2467 758 rum
2496 703 2718 769 scribas,
2747 712 2799 759 te
2824 719 3069 774 magnam
3097 721 3165 761 ex
3187 705 3358 761 literis
3370 705 3504 762 meis
3528 705 3774 774 accipere
3803 719 3932 760 con-

2349 796 2663 851 solationem
2693 814 2706 849 :
2735 812 2856 852 nam
2889 797 3019 852 illud
3069 814 3168 869 ego
3209 799 3375 869 probe
3405 799 3568 866 novi;
3599 798 3696 854 sed
3727 806 3933 854 tantam

2347 898 2598 960 quantam
2637 905 2737 961 ego
2757 893 2940 960 cupio;
2992 891 3063 945 ita
3094 900 3150 946 ut
3177 907 3348 961 neque
3373 892 3552 947 animo
3582 889 3929 962 perturberis,

2346 995 2515 1052 neque
2547 981 2806 1052 lacrymas
2827 981 3088 1049 efl'undas,
3115 983 3209 1038 sed
3238 983 3520 1054 tranquille
3553 991 3760 1039 etcum
3799 997 3932 1054 gau-

2346 1070 2436 1126 dio
2463 1069 2624 1142 degas
2645 1070 2742 1144 (a).

2758 1204 2838 1258 Ad
2861 1204 3087 1258 eamdem
3117 1202 3282 1274 Epist.
3315 1202 3379 1258 II
3409 1204 3505 1276 (δ).

2415 1337 2470 1392 1.
2508 1336 2836 1407 Quamquam
2859 1336 3081 1406 epistola
3106 1351 3166 1391 ea
3189 1378 3202 1400 ,
3227 1351 3385 1406 quam
3415 1351 3584 1407 nuper
3611 1336 3678 1392 ad
3707 1347 3761 1392 te
3786 1337 3929 1402 misi,

2342 1427 2408 1482 ad
2437 1428 2637 1483 doloris
2664 1429 2736 1483 tui
2763 1436 3023 1483 tumorem
3048 1428 3503 1498 comprimendum
3529 1428 3740 1483 abunde
3782 1430 3931 1482 solii-

2343 1521 2518 1576 ciebat
2557 1539 2570 1574 :
2616 1530 2792 1576 tamen
2831 1521 2952 1590 quia
2992 1521 3238 1576 mmroris
3278 1521 3542 1577 acerbitas
3584 1522 3844 1591 majorem
3876 1523 3930 1579 in

2342 1613 2558 1667 modum
2581 1621 2632 1667 te
2651 1611 2856 1679 afﬂixit,
2877 1612 3072 1668 idcirco
3089 1627 3305 1668 necesse
3331 1613 3458 1669 mihi
3487 1628 3607 1669 esse
3627 1615 3928 1671 existimavi

2341 1705 2559 1758 alteram
2585 1718 2794 1773 quoque
2821 1704 3095 1773 epistolam
3121 1705 3380 1774 superiori
3403 1704 3713 1776 adiungere,
3744 1721 3853 1776 quo
3873 1717 3928 1762 tu

2340 1795 2609 1864 copiosam
2650 1803 2705 1849 et
2727 1794 2944 1850 uberem
2973 1794 3392 1850 consolationem
3422 1795 3701 1864 percipias.
3723 1811 3790 1851 ac
3810 1796 3921 1866 jam

2340 1884 2591 1940 valetudo
2635 1894 2722 1940 tua
2768 1886 2820 1939 in
2870 1893 2984 1940 tuto
3015 1897 3276 1940 versetur.
3317 1886 3429 1956 Age
3469 1885 3658 1956 igitur,
3708 1887 3927 1944 aliunde

2339 1991 2549 2047 quoque
2569 1976 2840 2047 pulverem
2859 1991 3003 2042 eum,
3021 1992 3178 2047 quem
3195 1992 3260 2032 ex
3280 1978 3440 2031 animi
3463 1992 3693 2033 mmrore
3711 1989 3927 2033 contra-

2338 2066 2483 2132 xisti,
2509 2065 2812 2121 discutiam.
2835 2065 3105 2136 Siquidem
3126 2081 3247 2120 eum
3273 2081 3337 2120 ex
3357 2066 3534 2122 ulcere
3560 2068 3923 2137 gravissimis-

2337 2173 2440 2229 que
2475 2158 2768 2214 tumoribus
2795 2157 2846 2212 in
2876 2159 3143 2228 pulverem
3173 2171 3488 2213 conversum
3509 2175 3628 2214 esse
3648 2160 3920 2216 existimo.

2339 2248 2532 2305 Verum
2561 2264 2628 2305 ne
2653 2250 2728 2304 sic
2749 2249 2962 2319 quidem
2986 2249 3301 2304 valetudinis
3331 2260 3434 2305 tua:
3461 2266 3587 2306 cura
3623 2251 3920 2308 deserenda

2339 2353 2421 2399 est
2445 2360 2457 2397 :
2484 2344 2681 2398 etenitn
2709 2343 2879 2412 pulvis
2904 2357 3134 2413 quoque,
3158 2343 3257 2396 nisi
3288 2344 3405 2413 quis
3431 2357 3551 2398 eum
3579 2359 3791 2398 summo
3810 2355 3922 2398 stu-

2335 2434 2424 2489 dio
2451 2435 2741 2504 pr0pellat,
2771 2436 2904 2504 parti
2939 2435 3172 2489 omnium
3214 2436 3662 2506 pncstantissima:
3700 2435 3920 2493 exitium

2334 2527 2508 2594 aﬂert,
2554 2529 2762 2598 pupilla:
2803 2528 3052 2582 nimirum
3093 2528 3522 2597 perspicuitatem
3551 2527 3790 2584 inliciens
3811 2572 3826 2596 ,
3857 2544 3921 2586 ac

2336 2630 2503 2676 totum
2534 2621 2808 2676 merentis
2833 2618 3044 2675 oculum
3077 2619 3314 2675 turbans.
3344 2618 3422 2675 Ne
3471 2619 3630 2690 igitur
3654 2619 3756 2675 hoc
3780 2635 3919 2690 quo-

2333 2727 2439 2784 que
2465 2711 2549 2766 hic
2583 2712 2822 2774 accidat,
2856 2710 2976 2766 mali
3007 2710 3261 2781 reliquias
3282 2726 3487 2766 summa
3512 2725 3636 2765 cura
3659 2721 3711 2764 et
3739 2711 3921 2766 studio

2332 2803 2620 2858 evellamus
2673 2806 2740 2856 At
2782 2811 2836 2856 tu
2876 2817 3086 2873 quoque
3111 2812 3162 2857 te
3190 2802 3366 2873 erige,
3399 2817 3718 2872 manumque
3761 2803 3920 2858 nobis

2333 2897 2528 2966 prmbe.
2551 2895 2680 2950 Nam
2713 2895 3156 2966 quemadmodum
3186 2896 3237 2950 in
3288 2895 3353 2950 iis
3399 2896 3487 2966 qui
3517 2911 3662 2967 aegro
3689 2911 3921 2967 corpore

2330 2999 2455 3044 sunt
2483 2990 2696 3044 evenire
2725 2989 2882 3054 solet,
2913 2997 2988 3051 ut,
3018 2988 3062 3044 si
3092 2988 3282 3044 medici
3303 2987 3518 3058 quidem
3543 3003 3631 3053 ea,
3652 3003 3770 3058 qua:
3800 3004 3918 3043 mu-

2332 3079 2475 3134 neris
2503 3079 2582 3133 sui
2609 3089 2767 3142 sunt,
2797 3087 3083 3148 praastent,
3126 3077 3202 3134 illi
3233 3088 3409 3133 autem
3441 3089 3618 3148 partes
3657 3093 3784 3134 suas
3815 3080 3917 3135 mi-

2332 3171 2477 3226 nime
2528 3171 2808 3239 expleant,
2867 3171 3108 3225 sanitatis
3162 3171 3366 3226 lucrum
3430 3173 3849 3242 interrumpatur
3899 3190 3914 3226 :

2329 3263 2518 3319 eodem
2550 3263 2708 3317 modo
2734 3263 2786 3316 in
2813 3263 2987 3317 anima
3028 3279 3240 3333 quoque
3278 3279 3364 3318 res
3407 3278 3525 3318 sese
3565 3263 3762 3318 habere
3787 3277 3920 3319 eon-

2331 3359 2521 3414 suevit.
2553 3357 2933 3425 Quamobrem.
2965 3371 3031 3412 ne
3061 3357 3162 3411 hoc
3189 3356 3393 3411 accidat
3413 3397 3428 3419 ,
3452 3370 3547 3425 pro
3585 3371 3647 3411 ea
3676 3355 3918 3426 pruden-

2333 3451 2424 3517 tia,
2446 3466 2564 3520 quae
2589 3451 2686 3504 abs
2709 3459 2758 3504 te
2787 3449 3102 3520 postulatur,
3129 3448 3195 3502 da
3217 3463 3456 3518 operam,
3484 3458 3540 3502 ut
3570 3455 3686 3502 tuas
3703 3463 3920 3519 quoque

2329 3552 2510 3614 partes
2537 3542 2698 3596 obeas
2727 3559 2738 3594 :
2767 3556 2873 3612 quo
2915 3551 3135 3612 utraque
3177 3557 3242 3596 ex
3288 3550 3434 3611 parte
3484 3540 3672 3611 ingens
3717 3541 3920 3597 utilitas

2329 3636 2552 3689 oriatur.
2582 3636 2648 3689 At
2692 3634 2826 3689 forte
2866 3633 3012 3688 dices
3034 3675 3048 3699 ,
3099 3635 3257 3704 cupio
3281 3634 3494 3703 quidem
3526 3633 3665 3689 istud
3684 3675 3700 3698 ,
3729 3647 3916 3690 verum

2331 3742 2537 3797 nequeo
2560 3766 2576 3793 ,
2612 3742 2732 3791 nec,
2765 3727 3010 3797 quamvis
3033 3728 3189 3782 etiam
3233 3742 3475 3797 magnam
3520 3729 3917 3785 contentionem

2332 3817 2626 3881 adhibens,
2674 3817 2854 3871 densae
2899 3826 3075 3872 tamen
3118 3827 3276 3888 atque
3315 3826 3446 3872 etne
3490 3821 3740 3875 mmroris
3790 3820 3917 3876 nubi

2328 3907 2703 3978 propulsandae
2743 3922 2835 3976 par
2873 3922 3010 3962 sum.
3052 3907 3208 3962 Heras
3251 3909 3624 3964 excusationes
3663 3923 3730 3965 ac
3779 3911 3919 3967 meri

2330 4006 2616 4066 praetextus
2654 3997 2752 4051 ista
2781 4005 2905 4051 sunt
2934 4015 2946 4050 :
2977 3998 3096 4051 novi
3131 3996 3273 4052 enim
3313 3998 3506 4053 mentis
3532 4011 3636 4054 tua:
3660 4001 3918 4056 nobilita-

2333 4097 2458 4151 tem,
2493 4088 2591 4158 pia:
2614 4098 2716 4143 tua:
2737 4088 2926 4142 animm
2947 4088 3127 4152 robur,
3154 4089 3443 4158 prudentia:
3469 4089 3914 4159 magnitudinem,

2329 4176 2603 4246 sapientiae
2627 4177 2756 4246 vim,
2786 4179 3002 4249 scioque
3035 4190 3117 4234 sat
3148 4179 3240 4234 tibi
3261 4194 3379 4235 esse
3406 4178 3598 4234 furenti
3627 4181 3749 4238 huic
3777 4197 3921 4238 mm-

2330 4269 2489 4325 stitiaa
2521 4269 2652 4324 mari
2688 4269 2970 4339 imperare,
2997 4279 3054 4324 ut
3092 4271 3368 4342 tranquilla
3399 4273 3577 4326 omnia
3600 4272 3916 4329 reddantur.

2331 4360 2526 4416 Verum
2565 4375 2672 4430 quo
2720 4360 2770 4415 id
2820 4360 3024 4416 facilius
3064 4362 3316 4433 consequi
3362 4365 3566 4433 possis,
3597 4379 3659 4419 ea
3702 4380 3920 4436 quoque

2328 4467 2448 4520 quae
2493 4461 2794 4506 nostrarum
2840 4452 3067 4520 partium
3104 4463 3256 4519 sunt,
3287 4453 3648 4511 conferamus.
3674 4456 3919 4526 Quanam

2332 4536 2492 4606 igitur
2532 4536 2740 4590 ratione
2791 4535 2844 4590 id
2886 4535 3099 4591 efficere
3146 4538 3386 4606 poteris?
3428 4538 3629 4610 Nempe
3669 4542 3713 4596 si
3750 4551 3806 4599 et
3849 4557 3919 4602 ea

2329 4625 2506 4681 omnia
2531 4665 2546 4689 ,
2577 4641 2695 4695 quae
2739 4627 3011 4696 superiore
3058 4629 3276 4696 epistola
3329 4632 3668 4686 continentur
3689 4674 3706 4699 ,
3735 4641 3919 4692 locum

2329 4715 2635 4771 consideres
2660 4715 2943 4786 (siquidem
2972 4717 3134 4772 multa
3163 4733 3193 4772 a
3224 4734 3339 4784 me,
3366 4735 3485 4790 quae
3521 4721 3589 4776 ad
3623 4720 3724 4778 hoc
3750 4737 3922 4794 argu-

2329 4816 2565 4862 mentum
2587 4817 2848 4878 spectent,
2879 4810 2929 4864 in
2961 4825 3021 4864 ea
3051 4823 3465 4867 commemorata
3497 4813 3664 4887 sunt),
3688 4831 3752 4872 ac
3772 4832 3920 4888 pre-

2331 4909 2474 4954 terea
2504 4897 2604 4954 hoc
2629 4915 2755 4970 agas
2775 4899 2914 4970 quod
2943 4901 3034 4955 tibi
3065 4917 3204 4956 nunc
3230 4917 3330 4973 ego
3357 4903 3580 4974 impero.

2406 4989 2748 5044 Perniciosa»:
2776 5000 2850 5044 est
2879 5007 2970 5059 pro
2998 4992 3178 5046 alienis
3207 4996 3424 5064 peccatis
3451 4997 3620 5052 animo
3647 4998 3921 5072 [ωερε.-

2329 5081 2587 5150 Quidnam
2616 5093 2793 5136 autem
2825 5081 2926 5137 hoc
2962 5084 3079 5138 est?
3103 5083 3232 5139 Cum
3261 5085 3328 5139 ad
3368 5097 3420 5142 te
3455 5087 3674 5144 allatum
3716 5092 3880 5149 fuerit
3902 5138 3918 5160 ,

2333 5175 2688 5232 Ecclesiarum
2736 5176 2896 5230 aliam
2948 5190 3161 5246 pessum
3200 5177 3359 5245 iisse,
3391 5179 3549 5236 aliam
3599 5191 3921 5254 tempestate

2325 5265 2553 5334 jactari,
2608 5267 2766 5319 aliam
2818 5267 2972 5321 saevis
3018 5264 3265 5324 ﬂuctibus
3310 5269 3502 5336 obrui,
3553 5272 3710 5328 aliam
3751 5276 3919 5332 etiam

2329 5356 2652 5426 gravissimis
2695 5356 2933 5411 cladibus
2984 5356 3164 5426 affici,
3223 5360 3379 5414 aliam
3422 5360 3602 5432 lupum
3658 5379 3759 5434 pro
3822 5383 3921 5436 pa.

2329 5458 2493 5513 store,
2521 5447 2675 5501 aliam
2713 5447 3015 5516 praedonem
3062 5465 3156 5518 pro
3195 5451 3570 5519 gubernatore,
3593 5455 3753 5511 aliam
3795 5472 3920 5514 car-

2330 5539 2538 5594 nificcm
2576 5554 2671 5609 pro
2698 5539 2905 5593 medico
2950 5544 3255 5610 accepisse,
3293 5544 3476 5599 doleas
3507 5548 3719 5616 quidem
3751 5551 3918 5620 licet;

2390 5651 2464 5726 ςα)
2497 5657 2596 5726 Hoc
2613 5652 2988 5726 additamentum
3011 5667 3037 5702 a
3060 5655 3243 5726 verbis,
3263 5657 3311 5726 si
3334 5657 3403 5726 uis
3434 5667 3552 5710 mla
3586 5662 3844 5726 ισηςίαια,
3870 5668 3923 5718 in

2329 5715 2858 5787 tribus_vetustissirnis
2902 5717 3237 5786 manuscriptis
3280 5718 3504 5787 habetur,
3531 5731 3582 5787 et
3623 5715 3925 5787 germanum

2331 5776 2456 5847 haud
2478 5775 2636 5847 dubie
2652 5783 2743 5832 est,
2783 5775 3214 5847 dignissimutpq'ue
3238 5783 3366 5844 quod
3391 5796 3419 5831 e
3443 5775 3660 5837 tenebris

2395 5837 2462 5899 (θ)
2496 5839 2674 5900 Scripta
2696 5834 2876 5889 Cucqu
2900 5852 3025 5891 anno
3045 5834 3152 5890 ιοιζ
3256 5834 3269 5844 ’
3621 5834 3655 5837 ν-
3692 5834 3736 5844 ι·
3752 5834 3892 5847 ww.
3910 5834 3926 5849 .
