4192 6492
209 439 308 498 555

212 559 529 636 τρέμοντες,
563 557 731 612 τόπον
760 559 824 610 ὲκ
853 556 1020 610 τόπου
1049 551 1287 625 συνεχῶς
1334 549 1655 623 ἀμείϐοντες
1673 591 1688 613 ,
1717 547 1803 601 οὒ-

213 678 318 726 τως
349 659 664 724 ἐλάνθανον,
708 661 804 712 καὶ
841 655 978 730 μετά
1020 655 1358 725 πεντήκοντα
1392 651 1608 722 ἡμέρας
1635 647 1808 720 ἀρξά-

215 775 366 830 μενοι
407 756 716 826 φαίνεσθαι,
748 755 842 810 καὶ
873 752 1116 825 σημείων
1153 750 1442 811 ἅπτεσθαι,
1479 746 1600 800 οὐδὲ
1633 745 1807 807 οὕτως

213 854 398 918 ἀδείας
429 855 774 925 ἀπήλαυσαν.
816 852 978 906 Ἀλλά
1007 851 1103 905 καὶ
1139 847 1277 920 μετά
1303 848 1511 911 ἐκεῖνα,
1535 844 1607 897 τὰ
1638 840 1809 912 μυρία

213 954 496 1009 σκάνδαλα
531 951 945 1025 μαστιζομένων
977 947 1157 1003 αὐτῶν
1184 945 1396 1015 ἐγίνετο
1429 944 1487 996 ὲν
1507 942 1620 1004 τοῖς
1646 937 1808 992 ἀσθε-

210 1051 511 1120 νεστέροις,
528 1053 630 1120 τῆς
656 1047 986 1118 Ἐκκλησίας
999 1043 1430 1116 ταραττομένης,
1457 1041 1637 1094 αὐτῶν
1655 1040 1808 1094 ὲλαυ·

211 1147 456 1218 νομένων
481 1188 497 1212 ,
544 1145 652 1199 τῶν
695 1143 906 1216 ἐχθρῶν
948 1141 1297 1214 κρατούντων
1345 1136 1616 1209 πολλαχοῦ
1653 1137 1680 1166 ⁸
1715 1137 1809 1191 καὶ

211 1241 615 1315 θορυϐούντων.
645 1241 771 1295 Ὅτε
802 1239 913 1310 γάρ
940 1236 1142 1310 πολλὴν
1158 1237 1224 1290 ὲκ
1247 1235 1358 1289 τῶν
1383 1235 1627 1306 σημείων

210 1339 519 1411 ἐκτήσαντο
544 1335 878 1409 παρρησίαν,
907 1334 1031 1388 τότε
1055 1331 1214 1388 πάλιν
1242 1334 1275 1405 ή
1298 1331 1394 1386 τοῦ
1419 1329 1692 1400 Στεφάνου
1719 1345 1807 1382 τε-

211 1435 379 1506 λευτὴ
411 1435 654 1506 διωγμὸν
681 1431 919 1504 χαλεπὸν
949 1432 1263 1502 εἰργάσατο,
1321 1429 1414 1482 καὶ
1461 1426 1673 1489 πάντας
1699 1425 1807 1479 διέο

212 1552 430 1608 σπειρε,
477 1535 575 1588 καὶ
615 1533 717 1604 τὴν
761 1530 1087 1600 Ἐκκλησίαν
1119 1530 1176 1582 ἐν
1208 1526 1423 1598 θορύϐῳ
1462 1525 1802 1596 κατέστησε·

210 1632 305 1688 καὶ
335 1632 503 1687 πάλιν
529 1631 589 1684 ἐν
625 1630 776 1700 φόϐῳ
804 1629 872 1683 τά
916 1627 1027 1681 τῶν
1079 1625 1358 1697 μαθητῶν,
1398 1625 1491 1678 καὶ
1535 1623 1698 1678 πάλιν
1747 1623 1806 1675 ἐν

210 1735 382 1803 φυγῇ,
426 1733 522 1784 καὶ
553 1728 715 1784 πάλιν
738 1729 796 1781 ἐν
821 1726 1049 1797 ἀγωνίᾳ.
1080 1724 1190 1778 Καὶ
1236 1722 1380 1776 οὕτω
1420 1719 1713 1785 διαπαντὸς
1738 1720 1807 1773 τά

206 1830 312 1900 τῆς
349 1827 681 1900 Ἐκκλησίας
719 1824 915 1897 ηὔξετο
938 1866 952 1889 ,
982 1825 1072 1878 ὅτε
1100 1821 1255 1895 ήνθει
1279 1821 1368 1876 διὰ
1399 1821 1512 1875 τῶν
1538 1821 1801 1891 σημείων,

208 1929 300 1983 ὅτε
334 1925 541 2000 φαιδρὰ
572 1928 636 1980 ἐκ
663 1923 968 1996 προοιμίων
1002 1923 1232 1992 ἐγίνετο.
1268 1920 1374 1975 Καὶ
1394 1922 1424 1974 ό
1448 1922 1547 1992 μὲν
1579 1920 1667 1974 διὰ
1708 1919 1804 1974 θυ-

212 2025 358 2096 ρίδος
385 2025 620 2096 ἐχαλᾶτο
647 2023 698 2090 δ,
727 2023 820 2077 καὶ
848 2021 1022 2085 οὕτως
1045 2021 1278 2091 ἐξέφυγε
1307 2019 1404 2074 τοῦ
1426 2021 1688 2092 ἀρχοντος
1705 2018 1803 2081 τάς

207 2125 433 2194 χεῖρας·
487 2122 614 2186 τοὺς
662 2120 719 2174 δὲ
773 2119 1004 2191 ἅγγελος
1060 2119 1305 2186 ἐξέϐαλε,
1347 2119 1443 2171 καὶ
1492 2117 1666 2181 οὕτως
1693 2115 1801 2193 τῶν

208 2221 459 2277 ἁλύσεων
492 2217 773 2291 ἀπήλαττε
797 2237 810 2249 ·
837 2220 964 2282 τοὺς
986 2217 1044 2270 δὲ
1063 2217 1310 2288 ἀγοραῖοι
1347 2217 1441 2270 καὶ
1464 2216 1801 2287 χειροτέχναι

208 2317 601 2387 ὑποδεχόμενοι
620 2314 773 2387 παρά
800 2313 912 2368 τῶν
937 2316 995 2368 ἐν
1021 2313 1361 2377 δυναστείαις
1386 2313 1802 2384 ἐλαυνομένους,

207 2417 374 2472 παντὶ
407 2417 743 2486 ἐθεράπευον
780 2413 968 2486 τρόπῳ
1016 2425 1066 2479 ε,
1107 2411 1592 2486 πορφυροπώλιδες
1617 2414 1806 2482 γυναῖ-

209 2531 326 2581 κες,
351 2515 448 2570 καὶ
487 2515 879 2590 πηνορῥάφοι,
916 2516 1012 2571 καὶ
1063 2513 1412 2583 σκυτοδέψαι,
1458 2513 1597 2585 πρὸς
1635 2512 1804 2576 αύτάς

206 2613 488 2677 οἰκοῦντες
524 2614 626 2678 τάς
650 2613 908 2685 ἐσχατιάς
930 2612 1039 2666 τῶν
1090 2612 1323 2676 πόλεων,
1378 2612 1513 2680 παρ’
1557 2609 1806 2681 αἰγιαλὸν

206 2712 305 2766 καὶ
331 2710 632 2766 θάλασσαν.
667 2710 936 2774 Πολλάκις
963 2710 1022 2764 δέ
1059 2711 1153 2765 καὶ
1177 2708 1299 2763 οὐδὲ
1332 2709 1391 2762 ἐν
1428 2708 1624 2780 μέσαις
1658 2708 1807 2763 ἐτόλ-

210 2828 330 2885 μων
359 2810 652 2881 φαίνεσθαι
670 2813 793 2874 ταῖς
818 2811 1060 2865 πόλεσινο
1081 2812 1131 2865 εί
1155 2809 1213 2864 δὲ
1238 2809 1335 2863 καὶ
1355 2809 1510 2862 αὐτοὶ
1536 2807 1801 2877 ἐτόλμων,

205 2910 324 2967 ἀλλ’
357 2913 407 2966 οί
432 2910 696 2983 ξενοδόχοι
724 2913 824 2965 οὐκ
858 2911 1124 2984 ἐτόλμων.
1164 2895 1501 2975 Καὶκοῦτως
1551 2909 1807 2979 ὕφαίνετο

206 3004 276 3058 τά
307 3003 615 3073 πράγματα
644 3001 735 3056 διά
766 3003 1113 3075 πειρασμῶν,
1143 3003 1212 3058 δι’
1241 3003 1486 3058 ἀνέσεων
1509 3000 1564 3068 ἀ,
1618 3001 1717 3056 καὶ
1757 3003 1805 3054 οί

209 3093 406 3166 πρώην
441 3094 940 3161 σκανδαλισθέντες,
976 3094 1117 3166 μετά
1137 3094 1312 3149 ταῦτα
1331 3093 1678 3167 διωρθοῦντο,
1709 3094 1807 3149 καὶ

208 3187 258 3242 οί
309 3186 676 3257 πλανηθέντες
715 3188 1074 3260 ἐπανήγοντο,
1131 3189 1225 3243 καὶ
1277 3187 1347 3242 τά
1376 3187 1807 3259 κατεσκαμμένα

206 3280 545 3353 ᾠκοδομεῖτο
572 3279 858 3350 μειζόνως.
894 3280 994 3334 Διά
1049 3279 1210 3334 τοῦτο
1240 3281 1336 3334 καὶ
1386 3278 1602 3334 Παύλου
1653 3279 1808 3350 αίτή-

212 3393 406 3442 σαντος
454 3377 522 3431 δι’
557 3377 795 3442 ἀνέσεως
832 3376 1003 3448 μόνης
1057 3375 1295 3446 βαδίζειν
1327 3375 1389 3429 τδ
1438 3377 1722 3448 κήρυγμα,
1780 3376 1810 3427 ό

210 3471 490 3540 πάνσοφος
523 3471 616 3523 καὶ
649 3469 955 3539 εὐμήχανος
985 3468 1119 3533 Θεὸς
1149 3469 1250 3522 οὐκ
1287 3469 1549 3540 ἠνέσχετο
1579 3467 1673 3521 τοῦ
1703 3485 1810 3538 μα-

213 3563 404 3637 θητοῦ,
432 3563 567 3616 ἀλλά
590 3563 682 3615 καὶ
698 3561 957 3625 πολλάκις
983 3559 1432 3634 παρακαλοῦντος
1451 3561 1552 3614 ούκ
1581 3561 1808 3613 ἐπένευ-

215 3673 325 3721 σεν,
357 3655 477 3710 ἀλλ’
505 3653 678 3708 εἶπεν·
712 3653 910 3723 Ἀρκεῖ
928 3670 1029 3709 σοι
1054 3655 1092 3716 ἡ
1123 3653 1297 3723 χάρις
1319 3671 1439 3724 μου
1460 3669 1474 3683 ⁸
1507 3654 1546 3721 ἠ
1565 3653 1674 3723 γὰρ
1707 3652 1810 3708 δύ-

211 3749 393 3816 ναμίς
417 3747 627 3815 μουέν
650 3745 935 3813 ἀσθενείᾳ
960 3744 1316 3800 τελειοῦται.
1363 3746 1427 3798 El
1459 3744 1638 3815 βούλει
1692 3746 1808 3800 τοί-

103 3865 106 3871 π
211 3855 306 3890 νυν
337 3837 437 3890 καὶ
469 3836 566 3890 νῦν
586 3835 906 3904 λογίσασθαι
933 3835 1070 3907 μετά
1115 3836 1225 3899 τῶν
1261 3835 1525 3908 λυπηρῶν
1564 3836 1634 3890 τά
1675 3855 1810 3909 χρη-

212 3928 333 3994 στά,
384 3926 557 3982 πολλά
605 3926 726 3997 ὄψει
755 3927 1120 3998 γεγενημένα,
1158 3927 1251 3982 καὶ
1279 3930 1326 3981 εί
1361 3929 1437 3999 μὴ
1482 3932 1685 4001 σημεῖα
1715 3929 1810 3984 καὶ

212 4020 493 4091 θαύματα,
526 4018 641 4072 ἀλλ’
685 4019 901 4072 ἐοικότα
935 4018 1184 4089 σημείοις
1214 4019 1550 4090 πράγματα,
1583 4021 1676 4073 καὶ
1702 4020 1813 4074 δεί-

211 4126 401 4180 γματα
425 4108 529 4178 τῆς
559 4107 762 4178 πολλῆς
779 4107 873 4162 τοῦ
902 4107 1038 4160 Θεοῦ
1068 4108 1323 4179 προνοίας
1353 4109 1447 4162 καὶ
1471 4109 1811 4180 ἀντιλήψεως

211 4205 419 4273 ἄφατα.
461 4200 599 4254 Ἀλλ’
632 4201 720 4254 ἵνα
756 4201 830 4271 μὴ
861 4200 1038 4254 πάντα
1070 4200 1188 4272 μετ’
1217 4201 1468 4265 εὐκολίας
1491 4203 1621 4276 παρ’
1654 4203 1810 4274 ἡμῶν

211 4297 442 4370 ἀκούῃς,
472 4293 632 4348 τοῦτό
661 4310 744 4347 σοι
773 4294 1174 4363 καταλιμπάνω
1197 4294 1259 4348 τὸ
1291 4295 1476 4366 μέρος,
1502 4295 1640 4348 ὥστε
1671 4297 1811 4366 μετά

210 4386 505 4459 ἀκριϐείας
538 4385 797 4449 ἀναλέξαι
833 4397 856 4424 ο
913 4385 1112 4447 πάντα.
1173 4387 1266 4440 καὶ
1314 4387 1644 4459 παραθεῖναι
1696 4391 1808 4454 τοῖς

211 4481 510 4553 λυπηροῖς,
540 4482 635 4533 καὶ⁵
665 4481 837 4552 καλὴν
867 4481 1277 4553 ἀσχολουμένην
1315 4482 1597 4553 ἀσχολίαν,
1634 4483 1809 4549 οὕτως

211 4577 527 4644 ἀπαγαγεῖν
553 4576 758 4646 σαυτήν
778 4576 879 4644 τῆς
912 4574 1153 4646 ἀθυμίας
1177 4594 1188 4605 ·
1227 4576 1430 4648 πολλὴν
1462 4577 1574 4649 γάρ
1598 4578 1693 4631 καὶ
1722 4580 1809 4632 ὲν-

209 4667 405 4722 τεῦθεν
426 4667 555 4740 δέξῃ
585 4667 683 4738 τὴν
713 4667 1082 4738 παράκλησιν.
1119 4669 1304 4723 Πάντα
1333 4687 1428 4722 σου
1463 4669 1554 4723 τὸν
1584 4670 1811 4742 εὐλογη-

211 4759 377 4831 μένον
422 4754 571 4812 οἷκον
613 4760 742 4830 παρ’
765 4757 925 4830 ήμῶν
967 4757 1138 4812 πολλά
1171 4763 1487 4830 προσειπεῖν
1519 4761 1809 4833 παρακλή-

211 4850 358 4921 θητι.
397 4849 723 4921 Ἐῥρωμένη
765 4852 860 4903 καὶ
923 4851 1306 4923 εύθυμουμένη
1341 4851 1682 4924 διατελοίης,
1723 4855 1808 4909 δέ-

210 4942 412 4997 σποινά
445 4958 548 5011 μου
577 4941 981 5014 αίδεσιμωτάτη
1017 4943 1112 4994 καὶ
1152 4941 1562 5015 θεοφιλεστάτη.

281 5050 349 5106 El
375 5049 558 5122 βούλει
597 5068 688 5122 μοι
721 5052 907 5123 μακρὰ
946 5054 1203 5123 γράφειν,
1259 5053 1355 5107 καὶ
1381 5054 1608 5112 τοιαῦτα
1635 5056 1809 5129 δήλω-

208 5144 302 5198 σόν
333 5162 448 5214 μοι,
504 5142 580 5214 μὴ
622 5144 891 5198 ἀπατῶσα
926 5146 1108 5215 μέντοι
1144 5164 1234 5216 με,
1283 5147 1365 5199 ὅτι
1394 5148 1574 5202 πᾶσαν
1599 5149 1805 5203 ἀπέθου

203 5237 308 5308 τὴν
333 5236 596 5308 ἀθυμίαν,
616 5237 710 5290 καὶ
732 5238 790 5290 ὲν
822 5237 1002 5291 ἀνέσει
1036 5237 1265 5305 διάγεις.
1294 5240 1550 5294 Τοιοῦτον
1567 5241 1678 5312 γάρ
1697 5242 1807 5296 τῶν

204 5329 559 5402 γραμμάτων
580 5329 740 5384 τοῦτο
767 5330 828 5384 τὸ
869 5331 1181 5404 φάρμακον,
1203 5333 1278 5398 ὡς
1298 5335 1393 5391 καὶ
1418 5335 1683 5407 εὐθυμίαν
1723 5354 1805 5392 σοι

273 5502 450 5575 100').
471 5516 606 5575 ωτι..
631 5505 930 5575 κρατούντων
972 5506 1284 5568 πανταχόθεν.
1313 5504 1464 5557 .Editi
1505 5509 1805 5572 κρατούντων

203 5565 475 5628 πολλαχοῦ,
497 5571 551 5614 ει
569 5566 638 5614 sic
665 5565 931 5628 inlerpres.
1126 5565 1157 5568 ”
1540 5565 1550 5572 ’

208 5689 228 5702 .
320 5626 447 5702 "fres
474 5641 592 5702 mss:
610 5628 802 5702 ηὔξετο,
819 5628 899 5676 ὅτε
935 5629 1062 5702 ἤνθει
1077 5630 1173 5702 ,διά
1197 5631 1292 5702 τῶν
1327 5632 1555 5702 σημείων,
1577 5633 1673 5702 ᾅτε-
1695 5653 1804 5698 φαι-

204 5689 300 5760 δρά
320 5689 376 5760 ἐκ
400 5689 661 5760 προοιμίων
697 5690 936 5760 ἐφαίνετο⁸
966 5691 1047 5738 καί
1069 5693 1096 5739 ὁ
1119 5692 1201 5760 μὲν
1224 5693 1302 5741 διά
1327 5689 1551 5758 σπυρίδος
1573 5689 1798 5760 ἐκαλεῖτο.

272 5753 298 5816 εξ
320 5748 562 5816 ροοιῐιεέ.
590 5752 743 5816 πάντα
763 5752 1041 5816 ἐθεράπευον
1060 5748 1250 5816 τρόπον.

269 5809 300 5852 δ
323 5811 431 5861 Duo
456 5825 570 5863 mss.
604 5814 658 5860 οὐ
682 5813 742 5860 δι’
774 5809 995 5862 ἀνέσεων.

277 5887 305 5918 ο
326 5874 448 5929 Iros
467 5889 582 5926 mss.
619 5867 945 5932 ἀναλέξασθαι.

1681 429 2074 488 ΕΡΙΒΤΟΙΑΣ.

3404 421 3510 476 556

1913 545 2215 617 ἐμποιῆσαι
2245 544 2475 616 πολλήν·
2509 543 2606 596 καὶ
2652 542 2772 612 δψει
2827 538 3065 610 συνεχῶς
3102 523 3506 591 ἐπιστέλλοντα.

1923 643 2073 716 [535]
2122 641 2285 696 Ἀλλά
2318 644 2392 712 μή
2429 658 2518 712 μοι
2539 641 2756 713 γράψῃς
2809 637 2997 703 πάλιν,
3026 637 3109 688 ὅτι
3147 633 3510 706 Παραμυθίαν

1916 744 2026 814 ἔχω
2065 743 2266 813 πολλὴν
2296 744 2360 796 ἐκ
2386 742 2496 795 τῶν
2523 741 2869 811 γραμμάτων
2893 755 3018 791 σουδ
3048 734 3208 789 τοῦτο
3256 733 3366 804 γὰρ
3393 727 3512 788 οἶδα

1914 840 2105 909 κάγώ’
2131 841 2247 895 ἀλλ’
2281 841 2363 894 ότι
2396 839 2666 909 τοσαύτην
2699 839 2833 908 ὅσην
2861 835 2975 906 ἐγὼ
3010 835 3292 907 βούλομαι,
3340 835 3424 887 ὅτι
3448 835 3512 888 ού

1917 937 2145 1010 συγχέῃ,
2171 940 2255 992 ὅτι
2299 938 2359 992 ού
2386 937 2663 1009 δακρύεις,
2692 934 2807 988 ἀλλ’
2844 934 2903 988 ὲν
2932 932 3115 988 ἀνέσει
3148 934 3243 987 καὶ
3275 930 3516 1003 εὐθυμία

1909 1034 2138 1103 διάγεις.

2251 1193 2411 1262 Πρὸς
2444 1191 2562 1260 τὴν
2608 1190 2805 1258 αὐτὴν
2824 1188 3124 1257 ἐπιστολὴ
3146 1187 3227 1252 β’.

1980 1323 2052 1377 α’.
2075 1323 2275 1395 Ἤρκει
2298 1323 2398 1394 μὲν
2433 1324 2525 1376 καὶ
2552 1325 2585 1395 ή
2616 1321 2810 1395 πρώην
2840 1321 3072 1376 ἐλθοῦσα
3090 1320 3346 1393 ἐπιστολὴ
3373 1319 3511 1392 πρὸς

1908 1421 2009 1493 τὴν
2047 1421 2349 1493 ἐμμέλειαν
2381 1422 2400 1460 ί
2439 1422 2540 1492 τὴν
2574 1419 2693 1491 σὴν,
2727 1419 3077 1475 καταστεῖλαι
3120 1437 3213 1473 σου
3255 1419 3357 1490 τῆς
3390 1417 3511 1473 ὀδύ-

1907 1538 2008 1594 νης
2043 1520 2144 1593 τήν
2178 1520 2493 1592 φλεγμονὴν
2517 1536 2530 1550 ο
2561 1518 2750 1590 ἐπειδὴ
2775 1518 2831 1571 δέ
2859 1535 2917 1571 σε
2956 1518 3165 1589 σφόδρα
3214 1518 3510 1587 κατειργά-

1909 1634 2042 1671 σατο
2057 1617 2153 1688 τῆς
2171 1616 2410 1688 ἀθυμίας
2427 1617 2460 1686 ἡ
2477 1617 2748 1688 τυραννὶς,
2769 1616 3069 1681 ἀναγκαῖον
3100 1610 3237 1668 εἶναι
3281 1614 3512 1685 ἐνόμισα

1907 1713 2004 1769 καὶ
2034 1713 2296 1784 δευτέραν
2317 1712 2635 1784 προσθεῖναι
2661 1714 2728 1783 τῇ
2757 1711 3022 1784 προτέρα,
3077 1710 3218 1764 ὥστε
3261 1729 3319 1764 σε
3371 1711 3510 1782 μετά

1907 1808 2192 1879 δαψιλείας
2214 1808 2417 1880 πολλῆς
2448 1807 2850 1880 καρπώσασθαι
2873 1808 2974 1880 τήν
3007 1808 3375 1878 παράκλησιν,
3416 1810 3511 1861 καὶ

1909 1907 1970 1960 ὲν
1991 1907 2227 1977 ἀσφαλεῖ
2258 1924 2340 1961 σοι
2360 1906 2428 1962 τά
2459 1906 2558 1977 τῆς
2585 1906 2776 1976 ὑγείας
2806 1899 2947 1960 εἶναι
2993 1905 3198 1959 λοιπόν.
3244 1905 3416 1978 Δεῦρο
3444 1907 3509 1976 δὴ

1908 1999 2003 2058 οὖν
2030 2005 2126 2059 καὶ
2167 2004 2438 2075 ἑτέρωθεν
2489 2003 2833 2058 διασκεδάσω
2865 2021 2960 2058 σου
2995 2005 3098 2074 τῆς
3141 2004 3384 2074 ἀθυμίας
3409 2005 3511 2076 τὴν

1907 2101 2080 2158 κόνιν.
2129 2102 2243 2156 Καὶ
2278 2103 2388 2173 γὰρ
2415 2102 2525 2156 ἀπὸ
2555 2100 2747 2165 ἕλκους
2793 2101 2890 2155 καὶ
2919 2100 3228 2171 οίδημάτων
3254 2101 3509 2170 χαλεπῶν

1907 2199 2057 2254 κόνιν
2083 2194 2242 2270 οἶμαι
2264 2199 2434 2268 αὐτὴν
2469 2197 2819 2268 γεγενῆσθαι.
2856 2198 3005 2268 Πλὴν
3034 2197 3149 2251 ἀλλ’
3183 2198 3302 2252 ούδὲ
3339 2199 3511 2262 οὕτως

1907 2296 2209 2368 ἀμελητέον
2237 2296 2340 2367 τῆς
2366 2296 2686 2367 ἐπιμελείας
2719 2296 2820 2368 τῆς
2845 2297 2963 2367 σῆς,
3001 2296 3125 2349 ἐπεὶ
3168 2296 3264 2349 καὶ
3302 2298 3334 2366 ή
3361 2296 3511 2359 κόνις

1909 2393 2000 2447 τὸν
2031 2394 2107 2466 μὴ
2132 2394 2272 2465 μετά
2295 2393 2535 2465 σπουδῆς
2562 2394 2735 2465 αύτὴν
2757 2393 3078 2447 ἐκκλίνοντα
3098 2394 3156 2447 ὲν
3181 2393 3259 2464 τῷ
3287 2411 3512 2466 καιριω-

1907 2493 2059 2563 τάτῳ
2087 2493 2197 2546 τῶν
2230 2489 2414 2563 μελῶν
2459 2491 2658 2560 ἐπάγει
2709 2489 2810 2562 τὴν
2838 2489 3040 2562 λύμην,
3078 2491 3140 2544 τὸ
3190 2491 3384 2555 διειδὲς
3407 2491 3512 2561 τῆς

1907 2590 2078 2663 κόρης
2109 2582 2360 2654 θολοῦσα,
2398 2589 2495 2642 καὶ
2514 2587 2811 2659 ὁλόκληρον
2837 2587 3273 2659 διαταράττουσα
3289 2588 3384 2641 τοῦ
3413 2589 3512 2660 ρᾳ-

1909 2687 2212 2759 θυμοῦντος
2251 2687 2315 2741 τδ
2341 2689 2519 2759 δμμα.
2553 2687 2650 2740 Ἴν’
2683 2682 2778 2740 οῦν
2813 2686 2888 2758 μὴ
2934 2688 3028 2741 καὶ
3062 2687 3300 2742 ἐνταῦθα
3349 2687 3512 2741 τοῦτο

1906 2785 2157 2853 γένηται,
2197 2783 2335 2855 μετά
2389 2784 2625 2855 σπουδῆς
2653 2783 2856 2858 πολλῆς
2888 2786 2987 2839 καὶ
3012 2786 3073 2839 τὸ
3127 2785 3382 2856 λείψανον
3415 2789 3512 2839 άν-

1905 2883 2120 2954 έλωμεν
2146 2883 2242 2937 τοῦ
2274 2883 2469 2939 κακοῦ.
2515 2883 2677 2937 ’Λλλά
2701 2883 3044 2956 διανάστηθι,
3064 2885 3158 2938 καὶ
3191 2887 3350 2957 χεῖρα
3375 2887 3512 2957 ἡμῖν

1906 2981 2116 3054 ὄρεξον.
2147 2982 2328 3054 Ὅπερ
2362 2981 2472 3051 γάρ
2513 2982 2608 3034 ἐπὶ
2641 2981 2752 3035 τῶν
2794 2982 2865 3036 τά
2907 2981 3144 3053 ,σώματα
3189 2983 3513 3054 καμνόντων

1909 3076 2236 3148 συμϐαίνειν
2264 3077 2477 3144 εἴωθεν,
2522 3080 2590 3132 ἂν
2624 3078 2695 3133 τά
2719 3078 2831 3134 τῶν
2864 3079 3068 3151 ἰατρῶν
3101 3080 3200 3151 μὲν
3245 3081 3514 3152 είσφέρη-

1906 3191 2020 3242 ται,
2041 3175 2112 3229 τὰ
2131 3175 2189 3228 δὲ
2212 3176 2439 3228 ἐκείνων
2461 3176 2791 3248 ἐλλιμπάνῃ,
2814 3177 3171 3231 διακόπτεται
3197 3177 3297 3249 τῆς
3321 3178 3514 3246 ὑγείας

1907 3273 1969 3326 τὸ
2001 3272 2214 3344 κέρδος,
2245 3271 2408 3326 τοῦτο
2441 3275 2536 3326 καὶ
2569 3273 2665 3325 ἐπὶ
2687 3274 2786 3343 τῆς
2816 3273 2995 3345 ψυχῆς
3039 3275 3289 3343 γίνεσθαι
3337 3275 3513 3344 πέφυο

1906 3387 2023 3423 κεν.
2065 3371 2166 3422 ”Ιν’
2196 3366 2290 3424 οὖν
2320 3369 2397 3442 μὴ
2419 3369 2646 3440 γένηται
2676 3370 2858 3437 τοῦτο,
2880 3370 2974 3425 καὶ
3000 3371 3070 3426 τά
3099 3372 3252 3443 παρά
3276 3372 3516 3444 σεαυτῆς

1914 3465 2053 3537 μετά
2079 3467 2178 3538 τῆς
2206 3466 2593 3538 προσηκούσης
2617 3485 2698 3521 σοι
2728 3467 2998 3532 συνέσεως
3023 3468 3294 3534 σπούδαζε
3325 3469 3514 3539 είσφέ-

1914 3580 2029 3634 ρειν
2058 3566 2228 3635 ἡμῖν,
2263 3563 2405 3616 ὥστε
2455 3565 2798 3637 ἑκατέρωθεν
2858 3565 3060 3637 πολλὴν
3104 3564 3362 3633 γενέσθαι
3413 3565 3515 3638 τὴν

1910 3661 2202 3731 ὠφέλειαν.
2248 3662 2411 3716 Ἀλλά
2437 3662 2703 3734 βούλομαι
2734 3663 2855 3733 μὲν,
2894 3664 3025 3727 ἴσως
3061 3665 3227 3734 ἐρεῖς,
3262 3665 3322 3717 ού
3354 3664 3516 3719 δύνασ

1915 3775 2014 3829 μαι
2045 3759 2134 3813 δέ*
2166 3760 2290 3813 οὐδὲ
2325 3760 2435 3832 γάρ
2467 3761 2624 3831 ἀρκῶ
2678 3761 3112 3831 διακρούσασθαι
3149 3762 3211 3815 τὸ
3261 3762 3422 3832 νέφος
3454 3762 3516 3816 τὸ

1913 3858 2119 3912 πυκνὸν
2147 3860 2241 3912 καὶ
2267 3858 2507 3928 ζοφῶδες
2527 3860 2627 3931 τῆς
2657 3859 2893 3930 ἀθυμίας
2913 3902 2928 3926 ,
2966 3862 3146 3915 καίτοι
3189 3862 3396 3931 σφόδρα
3426 3879 3516 3932 φι-

1912 3953 2253 4008 λονεικοῦσα.
2314 3936 2522 4026 Σκῆψις
2565 3955 2738 4009 ταῦτα
2784 3957 2880 4010 καὶ
2914 3955 3186 4029 πρόφασις
3208 3975 3219 3986 ·
3256 3960 3369 4027 ἐγὼ
3403 3959 3516 4031 γάρ

1909 4049 2028 4105 οῐδά
2061 4069 2155 4106 σου
2180 4050 2291 4105 τῶν
2317 4051 2596 4122 λογισμῶν
2627 4052 2727 4122 τὴν
2752 4052 3052 4121 εὐγένειαν,
3082 4050 3199 4108 οίδα
3224 4055 3324 4127 τῆς
3355 4057 3516 4112 εύλα-

1916 4147 2047 4211 ϐοῦς
2097 4165 2191 4203 σου
2239 4147 2423 4220 ψυχῆς
2475 4149 2574 4220 τὴν
2615 4152 2791 4220 ἰσχὺν,
2828 4146 2946 4205 οἶδα
2976 4152 3078 4223 τῆς
3133 4155 3406 4220 συνέσεως
3453 4158 3516 4212 τὸ

1910 4244 2142 4317 πλῆθος,
2196 4247 2296 4318 τῆς
2331 4247 2654 4317 φιλοσοφίας
2687 4249 2789 4319 τὴν
2822 4249 3077 4320 δύναμιν,
3119 4252 3214 4305 καὶ
3248 4252 3323 4316 ὡς
3351 4253 3517 4324 ἀρκεῖ

1913 4361 1995 4397 σοι
2032 4344 2194 4415 μόνον
2214 4345 2468 4412 ἐπιτάξαι
2500 4346 2580 4418 τῷ
2616 4350 2931 4422 μαινομένῳ
2959 4351 3056 4423 τῆς
3077 4350 3319 4422 ἀθυμίας
3343 4353 3514 4409 πελάο

1910 4457 2021 4508 γει,
2057 4441 2154 4496 καὶ
2185 4441 2366 4497 πάντα
2399 4444 2620 4515 ποιῆσαι
2673 4445 2942 4518 γαλήνην.
2978 4449 3098 4503 Ἵνα
3142 4449 3202 4503 δέ
3239 4467 3322 4503 σοι
3350 4449 3514 4504 τοῦτο

1910 4533 2005 4587 καὶ
2028 4533 2396 4605 εὐκολώτερον
2422 4535 2667 4606 γένηται,
2700 4539 2796 4593 καὶ
2818 4538 2889 4592 τά
2919 4541 3050 4612 παρ’
3085 4541 3297 4595 ἑαυτῶν
3339 4542 3508 4595 είσοί-

1911 4639 2115 4696 σωμεν.
2155 4625 2282 4688 Πῶς
2308 4622 2401 4679 οὖν
2436 4627 2637 4698 ῥαδίως
2658 4627 2867 4703 δυνήσῃ
2903 4631 3062 4684 τοῦτο
3087 4631 3350 4702 ποιῆσαι;
3399 4634 3511 4688 Καὶ

1907 4715 1978 4769 τὰ
2008 4717 2067 4769 ἐν
2103 4718 2171 4788 τῇ
2227 4718 2476 4788 προτέρᾳ
2531 4719 2788 4790 ἐπιστολῇ
2839 4721 3275 4794 ἀναλογιζομένη
3331 4725 3513 4780 πάντα

1911 4810 2039 4878 (καὶ
2061 4809 2169 4881 γὰρ
2198 4809 2371 4864 πολλὰ
2392 4811 2595 4883 ταύτης
2614 4795 2804 4866 ἕνεκεν
2843 4816 2974 4886 ἡμῖν
2999 4811 3217 4888 εἴρηται
3251 4819 3351 4889 τῆς
3378 4821 3513 4873 ὑπο-

1909 4903 2112 4966 θέσεως
2143 4906 2200 4957 ὲν
2235 4904 2466 4977 ἐκείνῃ),
2486 4904 2578 4957 καὶ
2616 4907 2734 4974 μετ’
2759 4906 2988 4962 ἐκείνων
3013 4908 3109 4962 καὶ
3139 4909 3299 4963 τοῦτο
3324 4912 3511 4965 ποιοῦο

1911 5010 1982 5047 σα
2010 4995 2148 5066 ὅπερ
2184 4997 2460 5050 ἐπιτάττω
2481 4995 2578 5049 νῦν
2616 4997 2748 5064 ἐγώ.

1981 5088 2046 5140 Τί
2069 5087 2126 5140 δὲ
2154 5088 2312 5142 τοῦτό
2329 5090 2513 5156 ἐστιν;
2547 5091 2730 5156 Ὅταν,
2749 5090 2989 5165 ἀκούσῃς
3018 5093 3101 5145 ὅτι
3133 5093 3240 5146 τῶν
3270 5094 3507 5160 Ἐκκλη-

1910 5179 2044 5233 σιῶν
2067 5182 2102 5251 ή
2131 5182 2231 5252 μὲν
2262 5182 2480 5243 κατέδυ,
2523 5184 2555 5252 ή
2595 5182 2651 5235 δὲ
2688 5183 2999 5251 σαλεύεται,
3051 5185 3219 5256 ἑτέρα
3248 5186 3509 5256 χαλεποῖς

1909 5275 2319 5345 περιαντλεῖται
2353 5275 2614 5345 κύμασιν,
2651 5275 2786 5347 άλλη
2821 5276 2889 5330 τά
2943 5277 3079 5332 ἀλλα
3127 5278 3197 5332 τά
3229 5281 3508 5350 ἀνήκεστα

1910 5365 2204 5431 πέπονθεν,
2239 5368 2273 5434 ή
2315 5366 2413 5436 μὲν
2441 5365 2606 5419 λύκον
2645 5367 2766 5420 ἀντὶ
2795 5369 3054 5438 ποιμένος
3085 5367 3348 5432 λαϐοῦσα,
3387 5373 3420 5440 ή
3451 5371 3508 5425 δὲ

1909 5458 2176 5528 πειρατὴν
2209 5458 2331 5513 ἀντὶ
2351 5458 2711 5530 κυϐερνήτου,
2745 5462 2777 5531 ή
2817 5460 2873 5514 δὲ
2916 5460 3111 5532 δήμιον
3138 5463 3259 5515 ἀντὶ
3293 5463 3502 5533 ίατροῦ,

1973 5638 1992 5677 ί
2022 5639 2306 5704 _SicAin_cipu
2331 5639 2437 5688 haec
2480 5637 2692 5704 9pislo!a
2716 5641 2765 5687 in
2793 5638 3020 5704 qmnibus
3057 5639 3164 5690 fere
3196 5654 3313 5691 mss.
3351 5647 3504 5704 atque

1903 5703 1975 5767 ila_
2017 5702 2144 5767 legi;
2169 5698 2449 5767 Ιιιιειιρνεε.Δ
2488 5698 2562 5767 Ιίι⁸
2585 5698 2732 5767 prius_
2757 5702 2906 5767 editis
2941 5703 3231 5767 legebatur:
3258 5705 3394 5767 ἤρκει
3420 5698 3508 5766 μὲν

1901 5763 1982 5825 καί
2001 5764 2208 5825 ἡπρώτη
2233 5763 2460 5819 ἐπιστολή
2483 5764 2598 5825 πρὸς
2608 5764 2692 5819 τήν
2715 5763 2982 5824 ἐμμέλειαν.
3000 5763 3052 5813 In
3075 5765 3199 5814 hanc
3212 5763 3382 5815 voc'em
3398 5763 3505 5816 h'nc

1906 5779 1982 5810 και
2001 5779 2078 5820 ηπ
2110 5779 2208 5820 ωτη
2233 5779 2460 5819 επιστολη
2483 5779 2598 5825 προς
2608 5779 2692 5819 την
2715 5779 2982 5824 εμμελειαν.
3000 5779 3052 5813 ιη
3075 5779 3199 5814 nanc
3212 5779 3382 5815 vocem
3398 5779 3497 5816 nm

1906 5823 2051 5887 habet
2078 5779 2264 5885 ἰθείης
2288 5837 2414 5877 unus
2437 5825 2486 5887 in
2507 5823 2743 5873 inferiore
2768 5829 2993 5885 margine
3020 5829 3175 5887 prima
3196 5841 3369 5879 manu:
3387 5828 3497 5887 Ἐμ-

1900 5885 2082 5949 ιιέλεια,
2116 5889 2152 5945 ἡ
2175 5886 2405 5946 σύνθεσις,
2425 5886 2456 5945 ἢ
2481 5887 2622 5943 ὠςάν
2644 5888 2770 5936 εἴποι
2792 5903 2863 5946 τις
2892 5891 2918 5946 ἡ
2955 5885 3216 5953 ἐπιμέλεια.
