4142 6496
179 459 274 514 ιω
1691 450 2069 513 εἷ’ιὸτοΙῶ

176 587 350 642 neque
387 572 536 628 enim
594 573 712 626 hac
764 573 884 629 sine
910 573 1115 629 doloris
1137 586 1296 628 sensu
1335 571 1477 628 ferre
1521 577 1764 640 oportet:

170 677 364 720 verum
395 663 469 718 ita
509 663 731 726 doleas.
764 675 823 721 ut
862 665 1076 721 modum
1118 663 1290 720 dolori
1345 665 1609 734 imponas.
1641 659 1774 716 Nam

170 769 300 811 cum
327 756 381 810 in
413 757 481 812 iis
506 760 692 824 rebus,
720 757 772 813 in
798 757 993 830 quibus
1024 757 1124 827 ipsi
1153 770 1456 827 peccamus,
1478 765 1534 810 et
1560 754 1628 809 de
1653 755 1773 824 qui-

172 849 279 902 bus
301 849 544 904 rationes
572 849 832 904 reddituri
852 863 1059 914 sumus,
1083 846 1302 904 minime
1328 844 1687 902 necessarium
1711 856 1776 900 ac

172 946 350 993 tutum
378 939 452 994 sit
473 980 490 1005 ,
518 955 703 996 verum
737 954 990 1010 perquam
1031 939 1297 995 funestum
1330 952 1396 995 ac
1423 935 1730 1009 pestiferum
1753 976 1772 1004 ,

171 1030 339 1084 nimis
372 1031 724 1088 vehementer
750 1031 1062 1087 discruciari
1099 1047 1114 1086 :
1145 1040 1348 1103 quanto
1375 1030 1545 1100 magis
1586 1042 1776 1099 super-

171 1135 474 1177 vacaneum
507 1131 564 1177 et
591 1137 782 1178 vanum
809 1133 913 1190 est,
944 1124 1050 1178 imo
1074 1121 1369 1178 satanieum
1396 1131 1556 1191 atque
1579 1120 1774 1176 anima:

170 1212 462 1268 exitiosum
478 1253 496 1279 ,
519 1228 618 1284 pro
643 1214 831 1269 alienis
853 1214 1145 1270 sceleribus
1171 1215 1352 1270 animo
1376 1213 1546 1285 frangi
1577 1227 1641 1270 ac
1675 1211 1774 1268 de-

173 1304 379 1360 bilitari
408 1305 433 1359 ?

243 1396 301 1450 2.
348 1399 529 1467 Atque
554 1405 615 1452 ut
657 1398 769 1454 tunc
811 1398 880 1452 ita
923 1413 1043 1453 esse
1082 1397 1378 1469 intelligas,
1413 1404 1650 1453 veterem
1679 1393 1775 1451 tibi

175 1486 462 1542 historiam
511 1487 760 1542 narrabo.
810 1487 901 1542 Vir
937 1487 1152 1560 quidam
1201 1487 1544 1552 Corinthius.
1587 1501 1772 1544 sacro-

171 1587 359 1632 sancta
387 1577 529 1632 nnda
572 1578 766 1634 tinctus
797 1577 892 1650 (i.
923 1579 1043 1635 Cor.
1073 1581 1108 1636 5
1129 1583 1168 1649 ),
1196 1595 1261 1636 ac
1284 1596 1382 1651 per
1413 1581 1660 1651 baptismi
1687 1595 1774 1636 sa-

171 1677 512 1724 cramentum
567 1670 854 1735 lustratus,
905 1671 1303 1741 trentendteque
1361 1673 1522 1728 etiam
1572 1688 1739 1728 mens.

171 1761 470 1829 adhibitus,
500 1773 662 1834 atque
680 1805 694 1827 ,
723 1775 780 1820 ut
804 1766 1108 1821 summatim
1135 1766 1338 1832 dieam.
1375 1769 1614 1828 omnium
1643 1767 1773 1826 reli-

171 1855 348 1924 gionis
376 1867 576 1911 nnstru:
616 1858 989 1928 mysteriorum
1022 1859 1288 1929 particeps
1316 1859 1509 1926 factus,
1537 1876 1600 1915 ac
1632 1877 1769 1931 pra:-

173 1957 357 2012 tcrea,
394 1960 452 2003 ut
487 1950 727 2020 plerique
772 1951 954 2016 aiunt,
985 1953 1222 2023 magistri
1265 1969 1484 2010 munere
1516 1954 1768 2021 fungens,

169 2050 292 2108 post
322 2054 534 2096 sacram
568 2041 710 2095 illam
739 2042 1114 2110 initiationem,
1144 2054 1266 2114 post
1289 2060 1481 2101 arcana
1515 2047 1600 2101 illa
1635 2049 1771 2102 bona

169 2129 236 2184 ad
274 2147 398 2200 qua
442 2132 708 2188 admissus
732 2133 924 2200 fuerat,
957 2145 1075 2205 post
1117 2137 1317 2207 primos
1344 2136 1618 2209 dignitatis
1645 2154 1769 2210 gra-

167 2220 271 2276 dus
295 2237 437 2292 quos
459 2223 511 2276 in
543 2223 774 2280 Ecclesia
805 2225 1145 2293 obtinuerat,
1177 2226 1231 2283 in
1259 2229 1629 2299 gravissimum
1661 2230 1769 2286 cri-

170 2330 292 2368 men
325 2314 536 2370 incidit.
569 2314 700 2371 Nam
739 2331 860 2372 cum
892 2318 1060 2389 patris
1093 2335 1315 2376 uxorem
1341 2321 1618 2378 sceleratis
1643 2337 1772 2378 ocu-

167 2406 234 2462 lis
279 2410 694 2479 conspexisset,
741 2427 846 2468 non
900 2413 954 2468 in
1000 2413 1102 2470 hac
1153 2414 1394 2487 improba
1453 2425 1508 2473 et
1565 2418 1765 2474 nefaria

164 2496 464 2566 cupiditate
503 2499 724 2570 gradum
759 2501 893 2570 ﬁxit,
926 2519 1109 2560 verum
1138 2506 1303 2561 etiam
1332 2505 1653 2577 impudicam
1681 2523 1769 2563 vo-

165 2588 432 2647 luntatem
482 2593 537 2647 in
575 2607 710 2664 opus
753 2595 1004 2666 perduxit
1035 2614 1050 2650 ε
1081 2606 1243 2668 atque
1290 2598 1392 2654 hoc
1437 2600 1614 2656 scelus
1658 2615 1767 2657 non

170 2681 336 2737 modo
359 2691 604 2753 stuprum
625 2696 762 2755 erat,
789 2687 883 2744 sed
909 2687 1071 2744 etiam
1099 2689 1418 2746 adulterium
1442 2735 1456 2757 ,
1481 2692 1590 2746 imo
1615 2693 1768 2749 adul-

164 2776 305 2829 terio
335 2791 551 2847 quoque
572 2780 742 2836 multo
771 2782 1026 2837 atrocius.
1057 2782 1138 2839 0b
1170 2782 1330 2854 idque
1356 2784 1544 2841 beatus
1572 2785 1765 2844 Paulus

165 2879 226 2922 re
261 2869 479 2938 cognita
500 2910 515 2935 ,
543 2884 666 2926 cum
693 2873 964 2944 proprium
986 2888 1051 2931 ac
1088 2875 1218 2931 satis
1243 2875 1461 2949 dignum
1489 2878 1611 2934 huic
1641 2895 1764 2936 scc-

164 2957 260 3013 lcri
293 2975 491 3016 nomen
539 2962 812 3033 imponere
849 2967 1068 3024 minime
1096 2979 1308 3039 posset,
1341 2973 1448 3028 alio
1483 2972 1645 3030 modo
1671 2974 1765 3029 ﬁa-

160 3051 276 3121 gitii
309 3051 614 3122 hujusmodi
643 3057 1059 3128 magnitudinem
1089 3069 1144 3117 et
1161 3063 1476 3132 gravitatem
1502 3065 1759 3134 declarat,

162 3143 247 3198 his
276 3145 458 3202 verbis
488 3157 675 3220 utens;
702 3147 922 3206 Omnino
947 3153 1159 3209 auditur
1185 3156 1317 3211 inter
1349 3173 1435 3213 ros
1467 3159 1758 3228 fornicatio,

161 3245 208 3291 et
238 3239 360 3292 talis
402 3241 711 3310 fornicatio,
743 3245 908 3313 qualis
954 3263 1045 3302 nec
1088 3248 1222 3303 inter
1247 3261 1419 3322 gentes
1471 3253 1762 3308 nominatur

160 3328 240 3395 (l.
274 3328 407 3383 Con.
427 3331 479 3387 5.
517 3332 589 3402 Ι).
619 3333 735 3390 Non
773 3334 929 3406 dixit,
965 3337 1076 3394 Nec
1119 3351 1473 3412 perpetratur,
1503 3345 1620 3413 sed,
1651 3344 1760 3400 Nec

160 3422 460 3476 nominatur
489 3441 508 3480 :
543 3425 626 3480 his
654 3427 902 3486 videlicet
939 3431 1119 3488 verbis
1167 3433 1535 3492 incredibilem
1565 3455 1757 3509 quam-

160 3512 287 3566 dam
313 3513 532 3571 sceleris
554 3517 693 3573 illius
719 3522 1137 3591 magnitudinem
1164 3526 1398 3585 indicare
1427 3531 1668 3602 cupiens.
1695 3534 1759 3589 Et

158 3605 382 3673 quidem
413 3624 534 3664 eum
565 3609 776 3668 diabolo
812 3614 1046 3684 addicit,
1083 3627 1242 3690 atque
1275 3621 1344 3676 ab
1380 3624 1628 3680 universa
1659 3625 1758 3680 Ec-

157 3697 325 3752 clesia
355 3700 645 3768 cxscindit;
688 3718 752 3759 ac
779 3720 846 3762 ne
874 3706 940 3762 ad
969 3723 1308 3768 communem
1349 3715 1562 3784 quidem
1610 3735 1758 3773 mcu-

157 3802 276 3843 sam
306 3788 478 3859 ipsum
499 3793 810 3852 admittendi
841 3806 1157 3868 potestatem
1182 3806 1430 3876 cuiquam
1454 3807 1596 3863 facit.
1621 3809 1753 3865 Cum

159 3879 430 3948 ejusmodi
471 3883 614 3939 enim
644 3885 859 3944 homine
889 3905 956 3946 ne
992 3892 1169 3948 cibum
1198 3895 1412 3966 quidem
1455 3913 1648 3967 capere
1680 3902 1756 3956 ius

155 3984 284 4024 esse
307 3971 381 4024 ait
407 3971 426 4039 (
451 3973 503 4027 i.
533 3973 652 4030 Cor.
681 3977 732 4032 5.
764 3979 824 4034 ll
856 3978 898 4051 ).
924 3981 1164 4054 Denique
1193 4000 1385 4058 magno
1413 3988 1612 4059 impetu
1644 3990 1752 4046 fer-

158 4071 266 4156 tur,
301 4074 593 4122 extremam
619 4068 687 4122 ab
713 4085 780 4126 eo
806 4085 1018 4142 pinnam
1045 4086 1322 4147 expetens,
1342 4083 1754 4156 carniﬁcemque

155 4153 221 4206 ad
251 4169 372 4210 eam
413 4173 524 4213 rem
567 4171 805 4220 satzmam
832 4159 1094 4224 adhibens
1113 4212 1127 4236 ,
1159 4186 1221 4226 ae
1247 4175 1509 4244 perillum
1536 4153 1752 4234 carnem

157 4245 325 4315 ipsius
352 4248 610 4307 lacerans.
646 4253 714 4309 Et
741 4264 916 4313 tamen
945 4260 988 4315 is
1013 4262 1102 4332 qui
1129 4263 1196 4318 ab
1219 4263 1454 4321 Ecclesia
1483 4270 1751 4326 hominem

154 4337 491 4404 absciderat,
523 4345 612 4413 qui
658 4362 724 4401 ne
755 4348 1035 4416 profanam
1064 4354 1278 4425 quidem
1315 4374 1554 4415 mensam
1600 4377 1751 4417 com-

156 4443 376 4486 munem
425 4447 547 4487 cum
596 4450 662 4490 eo
711 4439 909 4496 habere
973 4445 1217 4516 cuiquam
1269 4451 1622 4520 permiserat,
1661 4457 1750 4523 qui

154 4523 409 4577 omnibus
438 4525 634 4582 luctum
669 4531 833 4600 ipsius
857 4549 1016 4591 causa
1046 4539 1308 4596 indixerat
1338 4542 1357 4614 (
1383 4544 1442 4597 Et
1469 4561 1553 4600 vos
1584 4549 1751 4618 inﬂati

154 4613 294 4677 estis,
318 4615 522 4687 inquit,
551 4629 596 4672 et
622 4639 722 4676 non
761 4628 921 4696 magis
946 4628 1136 4684 luctum
1167 4613 1433 4699 habuistis,
1464 4646 1516 4690 ut
1542 4613 1752 4694 tollatur

153 4707 217 4758 de
236 4707 404 4761 medio
429 4721 644 4764 uestrum
670 4716 753 4781 qni
779 4717 874 4771 hoc
897 4735 1026 4788 Opus
1053 4721 1172 4792 fecit
1209 4722 1284 4794 [1.
1311 4724 1428 4780 Cor.
1459 4729 1511 4784 5.
1530 4727 1635 4802 2]),
1657 4731 1748 4802 qui

153 4810 279 4850 eum
308 4813 412 4853 non
447 4816 599 4856 secus
626 4820 690 4860 ac
724 4808 1033 4878 pestiferum
1059 4816 1344 4884 quemdam
1377 4819 1751 4893 undecumque

154 4889 390 4958 pellebat
409 4932 435 4984 ,4
449 4895 544 4984 qui
586 4912 653 4952 ex
678 4900 915 4956 omnium
960 4904 1163 4962 aedibus
1191 4909 1515 4977 excluserat,
1543 4914 1632 4984 qui
1662 4889 1750 4970 sa-

153 4987 296 5075 taua:
322 4982 634 5075 tradiderat,
661 4987 728 5055 is,
759 4990 995 5063 inquam,
1017 4997 1105 5067 qui
1139 5006 1342 5055 tantum
1363 5005 1430 5057 ab
1457 5017 1522 5058 eo
1548 4982 1746 5075 suppli-

149 5071 294 5161 cium
317 5073 600 5146 exigebat,
634 5091 912 5152 postquam
943 5099 1064 5141 eum
1095 5088 1281 5145 dolore
1305 5091 1552 5148 aﬁ‘ectum
1573 5137 1587 5161 ,
1615 5071 1745 5151 sce-

152 5160 389 5234 lerisun
431 5165 650 5223 admissi
702 5173 1050 5241 pauitantem
1096 5179 1262 5246 vidit,
1319 5160 1747 5255 palinodiamquc

151 5257 329 5326 reipsa
355 5270 637 5316 canentem
658 5303 674 5326 ,
705 5262 755 5317 in
799 5264 941 5322 hunc
964 5270 1180 5325 modum
1213 5273 1326 5342 ipse
1361 5291 1574 5345 quoque
1617 5293 1744 5333 sen-

151 5347 376 5404 tentiam
403 5355 654 5420 retexuit,
687 5365 742 5410 ut
769 5358 851 5420 iis,
879 5359 1073 5428 quibus
1101 5361 1218 5418 haec
1245 5365 1510 5431 edixerat,
1534 5379 1745 5423 contra.

148 5441 231 5493 ria
253 5441 368 5532 jam
400 5441 708 5512 imperaret.
741 5447 871 5503 Nam
896 5453 988 5522 qui
1011 5452 1240 5521 dixerat,
1265 5455 1593 5524 Exscindite,
1619 5463 1743 5532 reji-

149 5531 274 5594 cile,
296 5531 492 5602 lugete,
507 5550 571 5591 ac
583 5535 827 5594 diabolus
843 5539 1012 5611 ipsum
1029 5545 1270 5614 arripiat,
1285 5548 1413 5618 quid
1431 5552 1532 5603 ait?
1551 5531 1747 5606 rm.

153 5631 196 5673 te
215 5621 269 5675 in
291 5639 406 5677 eum
433 5627 714 5696 caritatem,
746 5647 810 5686 ne
834 5632 1192 5692 abundantiori
1219 5641 1421 5695 tristitia
1448 5644 1744 5713 huiusmodi

153 5713 300 5768 homo
311 5716 655 5788 absorbeatur,
671 5739 733 5776 ac
753 5725 1205 5784 circumveniantur
1219 5749 1250 5784 a
1267 5744 1448 5788 satana
1465 5752 1484 5790 :
1499 5753 1596 5792 non
1611 5739 1742 5793 enim

153 5808 309 5876 ipsius
333 5813 661 5880 cogitationes
690 5817 982 5888 ignoramus
1005 5821 1080 5896 (2.
1096 5823 1214 5880 Cor.
1235 5826 1289 5880 2.
1313 5829 1403 5883 7.1
1422 5830 1492 5899 l).
1513 5830 1740 5889 Videsne

153 5901 599 5969 quemadmodum
620 5917 820 5967 satana:
842 5911 1148 5970 instinctum
1167 5917 1422 5988 redoleat,
1457 5923 1733 5994 laqueique

3376 478 3486 538 538

1885 566 2054 637 ipsius
2072 585 2206 640 opus
2226 571 2317 638 sit,
2343 570 2628 627 immodico
2651 569 2837 625 dolore
2860 568 3021 635 allici,
3040 576 3098 623 ut
3119 567 3208 638 qni
3238 567 3487 626 videlicet

1878 660 2112 717 salutare
2133 661 2479 732 pharmacum
2504 677 2599 732 per
2621 659 3119 716 itnutodcrationem
3143 661 3193 714 itt
3217 674 3484 716 venenum

1879 753 2189 808 convertat?
2204 753 2475 824 Siquidem
2501 754 2552 807 in
2575 767 2839 808 venenum
2863 751 3172 822 degenerat,
3195 759 3357 820 atque
3382 750 3484 806 ho-

1880 845 2080 900 minem
2105 855 2304 901 satana:
2327 847 2507 913 tradit,
2528 861 2654 902 cum
2671 847 2886 903 modum
2905 845 3234 910 excesserit;
3255 845 3484 916 ideoque

1877 935 2092 992 dicebat
2111 955 2125 993 :
2146 935 2232 993 Nc
2253 936 2707 994 circumveniantur
2721 953 2755 990 α
2770 946 2988 992 satana.
3002 937 3159 1006 Quod
3177 937 3401 1008 perinde
3427 949 3490 990 ac

1878 1029 1924 1083 si
1945 1027 2184 1085 diceret:
2207 1027 2412 1100 Ingenti
2448 1027 2632 1085 scabie
2650 1038 2907 1100 cooperta
2943 1041 3113 1099 pecus
3133 1026 3250 1084 iure
3270 1036 3387 1082 erat
3411 1067 3429 1094 ,
3459 1038 3488 1080 a

1877 1135 2038 1192 grege
2061 1131 2266 1177 remota
2292 1131 2376 1176 est
2404 1137 2416 1174 :
2445 1121 2516 1177 ah
2544 1120 2799 1178 Ecclesia:
2825 1129 2969 1178 cmtu
2994 1123 3218 1191 abrupta
3246 1135 3262 1184 ;
3293 1132 3483 1172 verum

1879 1211 2125 1267 morbum
2163 1210 2390 1282 depulit,
2421 1222 2585 1284 atque
2610 1211 2665 1268 in
2693 1212 2978 1282 pristinum
3011 1219 3208 1266 statum
3237 1207 3484 1265 restituta

1877 1311 1960 1358 est
1985 1319 2000 1356 :
2023 1317 2088 1359 ea
2115 1302 2260 1359 enim
2290 1302 2620 1374 pmnitentia:
2647 1303 2728 1358 vis
2751 1312 2854 1359 est.
2878 1303 2959 1358 Ad
2984 1317 3200 1373 gregem
3241 1307 3486 1356 nostrum

1873 1394 1984 1464 jam
2024 1392 2204 1449 rediit.
2228 1392 2456 1450 Prorsus
2476 1408 2599 1449 eum
2637 1392 2970 1460 alliciamus,
2995 1391 3199 1462 supinis
3237 1390 3488 1446 manibus

1877 1483 2227 1556 excipiamus,
2240 1485 2646 1556 amplectamur.
2663 1485 3058 1548 exosculamur,
3077 1483 3232 1539 nobis
3251 1483 3381 1556 ipsis
3401 1483 3489 1537 ad-

1875 1577 2299 1650 jungamus.Nisi
2323 1579 2464 1635 enim
2487 1578 2540 1634 id
2565 1578 2741 1634 facere
2760 1579 2809 1632 iu
2831 1577 3065 1632 animum
3093 1576 3482 1640 induxerimus,

1878 1671 2086 1727 fraudat
2103 1673 2213 1742 jam
2241 1686 2339 1728 nos
2364 1680 2599 1738 satanas,
2615 1683 2722 1726 non
2749 1685 2903 1725 suum
2920 1669 3211 1739 accipiens,
3236 1667 3332 1725 sed
3357 1683 3480 1724 eum

1876 1765 1964 1835 qni
1995 1774 2176 1820 noster
2201 1765 2423 1823 eil'ectus
2455 1773 2558 1830 est,
2588 1779 2684 1835 per
2703 1763 3006 1821 socordiam
3032 1772 3294 1828 nostram,
3315 1770 3483 1832 atque

1897 1857 2223 1911 IllmddlClllll
2253 1856 2418 1926 ipsius
2449 1871 2736 1912 tntnrorem
2766 1855 3120 1926 demergens,
3165 1854 3374 1924 sibique
3425 1852 3480 1908 in

1879 1958 2150 2017 posterum
2186 1963 2456 2006 asserens.
2487 1948 2572 2005 0b
2615 1949 2775 2020 idque
2820 1950 2982 2004 etiam
3024 1947 3330 2015 subiunxit.
3363 1945 3482 2002 Non

1874 2039 2009 2094 enim
2051 2039 2214 2111 ipsius
2253 2040 2584 2113 cogitationes
2620 2040 2916 2112 ignorantia
2941 2039 3018 2112 (ἰ.
3043 2039 3164 2095 Cor.
3193 2039 3248 2094 2.
3276 2054 3328 2092 υ.
3369 2040 3480 2107 il),

1874 2145 2070 2201 nempe
2090 2131 2234 2203 quod
2253 2132 2416 2188 etiam
2441 2147 2538 2204 per
2549 2146 2636 2198 ea,
2656 2147 2776 2203 qua:
2794 2147 2916 2188 cum
2940 2132 3169 2189 utilitate
3188 2132 3478 2201 conjuncta

1873 2230 2019 2289 sunt,
2045 2237 2166 2280 cum
2190 2239 2320 2292 non,
2338 2232 2397 2280 ut
2413 2239 2508 2295 par
2530 2233 2635 2292 est,
2667 2223 2822 2290 ﬁunt,
2847 2239 2943 2281 eos
2959 2224 3052 2295 qui
3077 2225 3313 2280 animum
3341 2223 3487 2279 haud

1872 2317 2006 2374 satis
2028 2316 2334 2386 attendunt,
2359 2318 2414 2374 in
2439 2317 2683 2375 fraudem
2707 2316 2987 2390 impellere
3007 2319 3304 2374 consuevit.

1943 2407 1997 2464 ὅ.
2038 2408 2191 2478 Quod
2233 2410 2280 2466 si
2325 2424 2424 2481 pro
2458 2424 2526 2467 eo
2553 2410 2791 2473 scelere.
2821 2419 2878 2467 et
2904 2410 3120 2482 quidem
3152 2419 3259 2466 tam
3284 2413 3430 2482 gravi
3459 2452 3479 2474 ,

1871 2499 2015 2570 quod
2033 2499 2296 2572 quispiam
2313 2501 2606 2575 commisit,
2622 2500 2820 2558 Paulus
2839 2517 2960 2558 cum
2979 2501 3147 2558 nimio
3167 2517 3402 2558 mterore
3418 2517 3480 2558 se

1869 2591 2138 2649 conﬁcere
2166 2607 2272 2649 non
2293 2592 2442 2660 sinit,
2462 2608 2651 2649 verum
2677 2608 2943 2651 summam
2967 2593 3300 2666 diligentiam
3324 2592 3481 2650 adbi-

1869 2685 1978 2751 bet,
1998 2684 2238 2756 nihilque
2262 2701 2367 2742 non
2393 2685 2503 2758 agit
2529 2700 2594 2742 ac
2623 2687 2864 2754 molitur,
2881 2702 2990 2760 quo
3019 2689 3270 2745 mereris
3297 2697 3475 2744 tumo-

1868 2791 1981 2834 rem
2009 2778 2308 2846 exscindat,
2338 2786 2539 2834 satana
2567 2777 2818 2835 videlicet
2842 2793 2906 2834 ac
2919 2779 3120 2836 diaboli
3139 2780 3476 2837 circumscsi-

1867 2871 2104 2942 ptionem
2136 2869 2441 2941 hujusmodi
2485 2870 2988 2929 immoderationem
3029 2886 3173 2941 esse,
3206 2882 3366 2944 atque
3405 2872 3475 2929 ab

1867 2963 2036 3035 ipsius
2054 2964 2288 3020 versutia
2303 2972 2359 3020 et
2378 2963 2635 3034 improbis
2657 2963 3074 3036 cogitationibus
3092 2964 3359 3036 proﬁcisci
3385 2978 3473 3021 as-

1865 3069 2081 3114 serens:
2099 3072 2276 3112 annon
2297 3066 2554 3114 extremm
2569 3055 2810 3115 stultitia:
2829 3066 2989 3129 atque
3007 3059 3227 3116 insania:
3248 3068 3351 3125 est,
3372 3075 3472 3132 pro

1864 3149 2102 3221 peccatis
2125 3149 2319 3206 alienis
2338 3189 2354 3214 ,
2376 3157 2434 3205 et
2456 3149 2525 3206 de
2548 3149 2743 3222 quibus
2777 3150 2898 3206 aliis
2927 3149 3190 3221 judicium
3225 3151 3468 3208 subeun-

1863 3240 1990 3297 dum
2020 3254 2087 3297 ac
2111 3254 2270 3310 pana
2309 3239 2501 3297 luenda
2526 3248 2612 3296 est
2633 3280 2650 3307 ,
2679 3239 2733 3296 in
2761 3248 2909 3296 tanto
2933 3239 3122 3298 dolore
3149 3251 3206 3298 et
3227 3241 3466 3298 cruciatu

1862 3333 2088 3398 versari,
2116 3341 2176 3388 ut
2201 3332 2363 3389 etiam
2389 3332 2741 3390 densissimas
2765 3334 3016 3390 tenebras
3036 3376 3054 3403 ,
3086 3335 3468 3410 ingentemque

1862 3423 2148 3481 tumultum
2174 3432 2232 3481 et
2268 3423 2637 3482 confusionem
2684 3439 2751 3480 ac
2777 3425 3236 3496 perturbationem
3257 3469 3272 3493 ,
3302 3437 3469 3500 atque

1863 3516 2187 3575 horrendam
2242 3525 2618 3590 tempestatem
2671 3517 2854 3575 animo
2903 3518 3163 3575 invehas?
3204 3519 3355 3588 Quod
3418 3521 3465 3578 si

1861 3609 1992 3666 mihi
2029 3623 2241 3665 rursum
2291 3607 2480 3666 eadem
2524 3607 2726 3665 dixeris
2748 3649 2766 3677 ,
2799 3609 3052 3666 nimirum
3084 3620 3138 3667 te
3162 3610 3336 3680 velle,
3364 3613 3462 3669 sed

1860 3702 2083 3760 minime
2110 3717 2292 3774 posse,
2322 3718 2537 3760 rursum
2567 3703 2663 3760 tibi
2691 3703 2880 3761 eadem
2911 3719 3125 3777 quoque
3153 3705 3270 3776 ipse
3307 3719 3461 3777 rege.

1858 3809 1997 3863 ram,
2029 3808 2224 3867 nempe
2252 3810 2431 3853 meras
2457 3796 2835 3854 excusationes
2859 3811 3142 3868 merosque
3173 3806 3460 3868 prmtextus

1859 3888 1976 3944 hinc
1997 3902 2119 3945 esse
2150 3905 2165 3943 :
2198 3903 2392 3946 nervos
2417 3890 2560 3946 enim
2589 3890 2974 3962 philoSOphica:
3001 3892 3196 3948 anima:
3227 3900 3331 3947 tua:
3359 3907 3457 3948 co-

1858 3980 2036 4054 gnitos
2063 3995 2130 4036 ac
2156 3991 2465 4052 perspectos
2491 3981 2683 4038 habeo.

1929 4069 1998 4128 In
2042 4071 2256 4144 publicis
2283 4073 2658 4130 calamitatibus
2682 4073 2807 4145 quid
2833 4076 3108 4146 agendum.
3138 4107 3207 4117 —
3251 4074 3319 4132 Ut
3363 4091 3456 4132 au-

1857 4174 1964 4222 tem
1995 4165 2096 4222 alia
2125 4180 2343 4238 quoque
2371 4168 2580 4224 ratione
2616 4167 2909 4224 faciliorem
2942 4169 3033 4224 tibi
3075 4169 3332 4226 adversus
3359 4171 3456 4226 im-

1859 4269 2144 4329 portunum
2175 4256 2316 4314 hunc
2353 4267 2408 4314 et
2448 4260 2760 4330 pestiferum
2801 4275 3089 4316 mmrorem
3121 4278 3350 4333 pugnam
3392 4278 3458 4319 ac

1859 4352 2134 4409 victoriam
2184 4353 2436 4422 reddam,
2487 4354 2589 4410 hoc
2631 4370 2850 4422 rursus,
2880 4355 3021 4427 quod
3057 4356 3260 4428 jnbeo,
3292 4356 3457 4413 facias

1856 4443 2038 4499 velim.
2083 4441 2217 4500 Cum
2262 4444 2494 4516 aliquem
2526 4445 2668 4504 hanc
2710 4447 3003 4518 perniciem
3030 4463 3455 4504 commemoran-

1855 4544 1964 4591 tem
1987 4535 2241 4604 audieris,
2264 4536 2333 4594 ab
2361 4537 2666 4609 hujusmodi
2693 4541 3014 4612 cogitatione
3037 4557 3195 4611 quam
3224 4542 3453 4612 primum

1855 4636 1908 4682 te
1937 4641 2178 4696 remove,
2207 4637 2369 4699 atque
2410 4628 2478 4684 ad
2511 4629 2832 4687 formidandi
2868 4631 3006 4687 illius
3035 4633 3142 4688 diei
3168 4633 3453 4704 cogitatio-

1855 4733 1976 4774 nem
2002 4733 2188 4786 curre,
2212 4727 2495 4792 tecumque
2537 4721 2865 4780 horrendum
2897 4723 3028 4779 illud
3068 4725 3298 4781 tribunal
3325 4742 3450 4782 con-

1852 4808 2050 4878 sidera,
2083 4811 2449 4883 incorruptum
2470 4811 2714 4871 Iudicem
2739 4857 2753 4882 ,
2784 4815 2970 4887 igneos
2995 4832 3206 4881 amnes,
3234 4819 3326 4889 qui
3358 4834 3451 4888 pro

1852 4899 1946 4956 illo
1972 4901 2223 4958 tribunali
2251 4903 2537 4960 trahuntur
2561 4914 2615 4961 et
2647 4905 3020 4962 ardentissima
3050 4906 3266 4963 ﬂamma
3295 4909 3451 4965 ebul-

1851 4994 1988 5051 liunt
2009 5037 2025 5063 ,
2058 5007 2342 5068 peraeutos
2369 4997 2611 5069 gladios,
2641 5008 2853 5056 atroces
2884 5015 3070 5071 ptenas
3094 5043 3108 5067 ,
3153 5003 3450 5059 cruciatum

1851 5089 2258 5158 sempiternum,
2292 5100 2483 5146 tetram
2509 5091 2814 5163 caliginem,
2844 5094 3142 5149 exteriores
3178 5095 3450 5164 tenebras,

1853 5181 2162 5249 pestiferum
2208 5197 2446 5238 vermem
2479 5223 2495 5249 ,
2545 5184 2756 5239 vincula
2801 5199 2922 5255 qua).
2970 5184 3116 5240 nulla
3163 5185 3216 5239 vi
3278 5184 3450 5256 frangi

1852 5282 2068 5342 queant,
2111 5272 2350 5330 dentium
2396 5273 2715 5341 stridorem,
2763 5277 3016 5346 ejulatum
3066 5275 3471 5336 consolationis

1851 5378 2161 5438 expertem,
2193 5369 2340 5425 orbis
2380 5370 2645 5427 theatrum
2668 5412 2683 5436 ,
2713 5372 2792 5426 \el
2823 5373 2999 5443 potius
3041 5374 3318 5444 utriusque
3349 5388 3447 5428 na-

1853 5468 1985 5514 tura:
2011 5458 2278 5516 theatrum
2298 5502 2314 5530 ,
2346 5461 2448 5517 hoc
2472 5471 2557 5518 est
2594 5464 2888 5534 superioris
2912 5475 2966 5520 et
2998 5463 3292 5522 inferioris.
3333 5463 3446 5520 Vir-

1851 5561 1979 5607 tutes
2003 5553 2146 5608 enim
2176 5553 2416 5608 calorum
2458 5555 2784 5610 movebuntur
2812 5555 3035 5627 (Matth.
3065 5556 3156 5613 24.
3189 5557 3260 5614 29
3281 5557 3300 5628 )
3325 5597 3343 5623 ,
3375 5558 3446 5613 ait

1850 5642 2112 5700 Christus.
2140 5644 2271 5701 Nam
2298 5648 2398 5703 etsi
2442 5648 2639 5706 nullius
2668 5650 2889 5705 sceleris
2918 5649 3019 5705 sibi
3062 5650 3315 5713 conscita,
3348 5660 3460 5704 nec

1845 5737 2103 5807 judicium
2135 5739 2392 5796 subitura:
2433 5751 2591 5809 sunt,
2619 5751 2800 5796 tamen
2824 5741 3130 5797 universum
3157 5740 3446 5798 hominum

1848 5848 2017 5905 genus
2042 5835 2438 5906 conspicientes
2457 5878 2472 5903 ,
2503 5845 2660 5907 atque
2689 5837 2922 5893 infinitas
2949 5839 3195 5896 nationes
3222 5847 3444 5896 causam

1849 5925 2111 5996 dicentes,
2144 5943 2250 5985 non
2278 5929 2393 5985 sine
2421 5939 2562 5986 metu
2591 5931 2695 5986 illic
2719 5933 3033 5992 adstabunt.
3056 5936 3258 5990 Tantus
3289 5932 3442 5986 vidu-
