4142 6490
740 449 804 502 ἴῖς)
1375 446 1431 502 8.
1470 441 1745 500 JOANNIS
1771 435 2240 498 CIIRYSOSTOMI
2281 431 2592 490 ARCHIEP.
2635 430 3168 490 CONSTANTINOP.

701 568 826 620 licet
863 575 983 618 tunc
1025 571 1197 618 terror
1219 563 1342 618 erit.
1394 561 1516 616 iltee
1557 558 1869 624 considera,
1914 572 2084 627 eaque
2124 569 2276 625 argu-

701 666 915 720 menta,
943 672 1009 712 ex
1056 657 1246 725 quibus
1293 654 1532 710 elabendi
1582 653 1718 708 ratio
1766 652 1908 707 nulla
1955 651 2045 706 sit.
2098 648 2281 719 Neque

701 753 843 807 enim
884 751 1280 806 accusatoribus
1303 749 1463 819 judex
1501 748 1589 804 ille
1616 762 1750 816 opus
1782 747 1961 810 habet,
1998 759 2097 801 nec
2124 743 2278 798 testi-

705 843 840 905 bus.
896 856 996 896 nec
1034 841 1399 908 argumentis,
1449 854 1548 895 nec
1595 837 2048 908 probationibus:
2096 848 2280 889 verum

705 933 882 986 omnia
907 973 924 996 ,
954 940 1012 985 ut
1034 941 1177 1002 gesta
1204 940 1350 997 sunt,
1377 931 1430 985 in
1460 931 1693 986 medium
1722 928 1942 1000 profert,
1975 936 2134 997 atque
2160 934 2283 981 ante

701 1023 886 1078 oculos
911 1037 1094 1077 eorum
1121 1022 1209 1092 qni
1237 1020 1586 1090 deliquerunt.
1610 1020 1742 1074 Tum
1773 1031 1948 1084 nemo,
1973 1016 2061 1088 qui
2097 1031 2127 1070 e
2156 1029 2282 1086 sup-

703 1115 867 1187 plicio
907 1115 1135 1184 eripiat,
1165 1113 1440 1167 adfuturus
1469 1120 1584 1173 est.
1615 1127 1718 1165 non
1754 1117 1904 1178 pater
1927 1150 1942 1172 ,
1969 1124 2073 1163 non
2105 1107 2244 1162 filius
2264 1149 2279 1172 ,

705 1221 810 1260 non
842 1205 977 1268 lilia,
1002 1221 1106 1258 non
1149 1212 1344 1267 mater,
1380 1218 1483 1257 non
1523 1202 1655 1255 alius
1695 1201 1954 1271 quispiam
1991 1207 2279 1269 cognatus,

707 1311 812 1350 non
838 1296 1040 1350 vicinus
1066 1337 1078 1357 .
1112 1310 1215 1350 non
1261 1295 1492 1357 amicus,
1531 1307 1636 1347 non
1668 1299 1952 1360 patronus,
1986 1306 2090 1344 non
2125 1304 2284 1360 pecu-

707 1388 911 1442 niarum
962 1385 1208 1457 largitio,
1241 1401 1345 1439 non
1393 1400 1551 1454 opum
1593 1383 1916 1454 amplitudo,
1950 1396 2052 1436 non
2096 1390 2281 1436 aucto-

703 1481 875 1534 ritatis
925 1494 987 1534 ac
1034 1478 1280 1547 potentiae
1323 1488 1531 1541 tumor;
1578 1459 1770 1530 veruni
1806 1473 1919 1527 haec
1961 1473 2136 1526 omnia
2177 1487 2280 1526 non

705 1587 859 1626 secus
903 1586 964 1625 ac
1010 1571 1181 1642 pulvis
1209 1585 1240 1626 e
1269 1568 1488 1640 pedibus
1533 1581 1751 1623 excussa
1778 1577 1920 1630 sunt,
1946 1580 2010 1621 ac
2054 1564 2200 1620 solus
2239 1566 2284 1618 is

705 1670 791 1738 qui
844 1683 1056 1724 causam
1109 1666 1275 1732 dicit,
1306 1682 1370 1722 ex
1425 1666 1487 1721 iis
1533 1681 1652 1735 qua:
1685 1665 1753 1719 ab
1797 1664 1910 1734 ipso
1946 1671 2093 1733 gesta
2123 1668 2279 1724 sunt,

707 1762 788 1816 vel
835 1761 1156 1825 absolvitur,
1196 1759 1277 1813 vel
1304 1757 1704 1814 condemnatur.
1740 1755 1887 1827 Tlunc
1918 1767 2074 1809 nemo
2112 1752 2180 1806 ob
2218 1765 2279 1806 ea

706 1868 826 1919 qua:
863 1852 998 1905 alius
1032 1850 1381 1921 perpetravit,
1410 1851 1462 1904 in
1497 1848 1752 1917 judicium
1795 1856 2030 1910 vocatur,
2062 1844 2154 1898 sed
2185 1859 2282 1914 pro

710 1943 772 1996 iis
792 1958 910 2012 qum
933 1943 1153 2011 ipsemet
1172 1941 1456 1997 commisit.
1482 1939 1573 1994 llis
1601 1939 1756 2008 igitur
1776 1939 2019 1992 omnibus
2046 1936 2096 1990 in
2118 1949 2280 1990 unum

705 2035 902 2089 εαηειίς
924 2075 941 2098 ,
971 2042 1129 2101 atque
1161 2033 1260 2086 hoc
1290 2040 1494 2086 terrore
1521 2030 1744 2085 adaucto
1764 2070 1778 2092 ,
1823 2027 2180 2095 satauicccque
2218 2039 2281 2080 ac

710 2125 996 2193 perniciem
1027 2123 1205 2176 animo
1231 2121 1473 2178 afferenti
1508 2122 1770 2175 "mestitiae
1795 2120 2061 2188 apposito,
2092 2119 2161 2172 ita
2188 2117 2281 2170 de-

711 2232 852 2268 nnnn
883 2215 1138 2268 adversus
1159 2228 1274 2268 eam
1303 2215 1353 2266 in
1382 2215 1493 2268 acie
1517 2223 1596 2266 sta
1621 2230 1635 2265 :
1661 2213 1710 2266 in
1733 2227 1834 2282 qua
1859 2212 1939 2266 vel
1970 2212 2083 2279 ipso
2103 2209 2280 2262 oblatu

709 2323 825 2359 eam
869 2307 1089 2372 facilius,
1118 2320 1276 2376 quam
1305 2320 1515 2361 araneze
1545 2306 1738 2370 telam,
1769 2305 2073 2373 discerpere
2122 2317 2185 2356 ae
2214 2302 2280 2356 de

712 2397 886 2452 medio
913 2398 1098 2452 tollere
1124 2398 1337 2466 poteris.
1366 2395 1496 2452 Nam
1525 2412 1587 2452 ea
1617 2405 1968 2466 przeterquam
1995 2394 2134 2464 quod
2166 2394 2279 2446 ina-

711 2491 793 2543 nis
818 2505 878 2544 ac
905 2505 1293 2558 supervacanea
1319 2499 1421 2556 est,
1455 2491 1640 2560 ingens
1665 2504 1873 2560 quoque
1902 2489 2279 2542 detrimentum

710 2596 771 2635 ac
794 2581 1076 2648 perniciem
1104 2582 1240 2650 parit
1265 2598 1277 2633 :
1307 2590 1489 2636 centra
1518 2582 1674 2636 timor
1705 2580 1792 2635 ille
1825 2579 2156 2634 necessarius
2176 2587 2280 2640 est,

709 2682 762 2724 et
808 2671 1120 2725 commodus
1165 2681 1322 2740 atque
1360 2671 1534 2739 utilis,
1576 2685 1868 2740 magnoque
1911 2684 2030 2723 cum
2075 2669 2282 2724 emolu-

710 2774 891 2818 mento
922 2779 986 2820 ac
1017 2765 1184 2818 fructu
1210 2764 1539 2834 coujunctus.
1577 2763 1767 2818 Verum
1814 2763 2116 2832 imprudens
2157 2776 2281 2816 ora—

715 2856 878 2909 tionis
905 2855 1100 2922 impetu
1129 2854 1423 2909 abstractus
1443 2869 1558 2908 sum
1590 2870 1604 2906 :
1632 2863 1808 2923 atque,
1837 2867 1956 2907 cum
1989 2851 2039 2905 id
2066 2852 2154 2905 tibi
2179 2852 2281 2905 mi-

717 2949 856 3002 nime
882 2948 1203 3014 conveniret,
1238 2947 1337 3002 hoc
1363 2947 1489 3001 mihi
1516 2947 1749 3016 sumpsi,
1776 2957 1831 3000 ut
1867 2954 1918 3000 te
1962 2959 2234 3000 monerem
2264 2960 2276 2994 :

715 3038 844 3092 mihi
870 3039 1010 3093 enim
1046 3039 1214 3108 iisque
1235 3079 1248 3103 ,
1274 3039 1362 3108 qui
1393 3039 1492 3094 mei
1534 3039 1698 3093 instar
1723 3039 1980 3092 scelerum
2022 3038 2160 3092 mole
2185 3036 2280 3091 de-

713 3130 881 3198 pressi
911 3139 1068 3200 atque
1108 3130 1280 3184 obruti
1314 3139 1454 3194 sunt,
1487 3129 1782 3184 necessaria
1821 3137 1902 3183 est
1932 3127 2044 3182 haec
2069 3128 2238 3182 oratis
2265 3144 2280 3181 :

715 3231 878 3277 terret
913 3223 1052 3276 enim
1090 3230 1249 3290 atque
1287 3222 1518 3286 exciuit;
1561 3221 1649 3274 tibi
1695 3232 1869 3274 autem
1919 3230 1994 3275 tot
2033 3221 2281 3274 virtutum

714 3314 1038 3368 ornamentis
1061 3312 1288 3378 florenti,
1309 3323 1467 3383 atque
1490 3312 1624 3368 adeo
1655 3313 1822 3382 ipsum
1852 3312 2102 3367 calorum
2129 3327 2281 3366 axem

711 3407 820 3475 jam
848 3404 1155 3475 attingenti,
1190 3420 1254 3459 ne
1298 3404 1560 3458 tantillum
1608 3402 1820 3472 quidem
1863 3402 2067 3457 timoris
2092 3400 2284 3457 afferre

711 3506 892 3566 queat.
927 3495 1124 3552 Idcirco
1161 3496 1225 3549 ad
1256 3495 1483 3550 alterum
1511 3496 1740 3550 musices
1763 3509 1930 3565 genus
1955 3509 2040 3549 me
2064 3508 2285 3549 conver-

716 3598 842 3650 tam,
871 3596 923 3641 te
944 3587 1236 3658 alloquens,
1259 3602 1321 3642 ac
1346 3602 1562 3642 nervum
1585 3587 1805 3641 alterum
1829 3585 2050 3656 pulsabo
2078 3603 2091 3639 :
2119 3599 2285 3655 quan-

714 3679 996 3749 doquidem
1025 3679 1108 3732 hic
1137 3689 1187 3734 te
1209 3688 1378 3734 metus
1407 3678 1757 3747 perstringere
1787 3677 1989 3747 nequit,
2013 3676 2110 3730 nisi
2127 3691 2287 3746 quan-

715 3779 824 3824 tum
852 3770 1063 3839 angelos
1087 3784 1295 3840 quoque
1320 3769 1640 3840 perstringit.
1663 3768 1920 3836 Quocirca
1949 3768 2052 3822 huc
2078 3781 2286 3838 quoque

716 3876 816 3914 nos
859 3870 1227 3915 eonvertamus
1257 3875 1355 3916 :ac
1399 3869 1452 3915 tu
1488 3861 1644 3916 etiam
1687 3860 1844 3916 simul
1883 3875 2002 3915 cum
2047 3861 2288 3915 oratione

717 3963 896 4008 nostra
943 3963 994 4007 te
1027 3963 1309 4021 converte,
1341 3963 1497 4024 atque
1534 3969 1716 4010 eorum
1759 3970 1876 4023 qua:
1901 3964 2044 4009 recte
2073 3961 2126 4008 et
2166 3968 2288 4006 cum

717 4044 874 4099 iaude
903 4046 1108 4114 gessisti
1155 4047 1367 4116 praemia
1407 4061 1526 4100 cum
1573 4046 1749 4100 animo
1775 4053 1866 4099 tuo
1895 4054 2074 4113 reputa
2097 4086 2110 4109 ,
2145 4044 2293 4098 lucu-

723 4139 891 4192 lentas
919 4136 1138 4206 palmas,
1167 4137 1469 4205 splendidas
1497 4151 1741 4200 coronas,
1768 4135 2016 4190 choream
2041 4149 2160 4190 eum
2190 4135 2292 4187 vir-

719 4229 951 4296 ginibus,
978 4243 1157 4283 sacros
1185 4228 1463 4293 thalamos,
1490 4227 1738 4282 cmlorum
1760 4226 2081 4289 cubiculum,
2109 4224 2290 4280 sedem

719 4334 840 4373 cum
870 4320 1088 4388 angelis,
1115 4319 1354 4375 ﬁduciam
1383 4329 1437 4374 et
1466 4318 1777 4373 familiarem
1799 4332 1917 4372 cum
1943 4331 2138 4386 sponso
2166 4330 2293 4371 (-on-

723 4409 1050 4463 suetudinem
1073 4449 1088 4472 ,
1131 4408 1421 4464 mirabilem
1452 4409 1600 4463 illum
1625 4408 1961 4478 splendorem
1981 4447 1996 4471 ,
2023 4407 2158 4462 bona
2205 4406 2291 4459 illa

721 4517 844 4570 quae
865 4514 1165 4557 sermonem
1200 4515 1409 4555 omnem
1446 4516 1510 4556 ac
1539 4501 1731 4556 mentis
1765 4508 1976 4567 captum
2003 4497 2290 4553 excedunt.

797 4592 849 4645 4.
890 4590 1065 4644 Vidine
1087 4595 1223 4660 ipsas
1258 4590 1484 4660 Virgines
1509 4592 1698 4644 meritis
1727 4600 1934 4660 possunt
1960 4606 2294 4658 superare.—

724 4681 803 4736 Ne
836 4697 1110 4736 sermones
1137 4697 1284 4736 meos
1312 4692 1586 4752 pr0pterea
1609 4724 1623 4746 ,
1655 4697 1814 4750 carpe
1853 4682 1993 4751 quod
2021 4692 2070 4736 te
2098 4682 2151 4736 in
2183 4682 2295 4736 vir-

723 4773 905 4840 ginum
949 4772 1170 4826 chorum
1211 4781 1265 4826 et
1307 4773 1532 4828 classem
1574 4771 1946 4843 adscripserim
1991 4781 2294 4828 sanctarum

726 4863 940 4918 illarum
964 4903 979 4928 ,
1008 4879 1125 4932 quae
1146 4863 1197 4916 in
1228 4862 1478 4917 viduitate
1505 4863 1700 4919 vixisti.
1725 4863 1877 4932 Saepe
1903 4862 2044 4917 enim
2075 4879 2160 4918 me
2186 4873 2294 4917 tum

729 4955 970 5024 privatim
992 4995 1008 5021 ,
1051 4964 1159 5009 tum
1191 4955 1396 5024 publice
1419 4955 1633 5018 audisti,
1663 4969 1806 5017 cuni,
1839 4971 1957 5026 qua:
1986 4955 2297 5025 virginitatis

729 5049 964 5103 definitio
1000 5057 1173 5116 esset,
1205 5049 1565 5117 explicarem,
1603 5047 1838 5117 illudque
1880 5047 2257 5103 contenderem
2279 5089 2294 5113 ,

729 5139 859 5192 nihil
889 5154 1133 5206 umquam
1181 5138 1556 5205 impedimento
1609 5139 1756 5203 fore,
1805 5139 2087 5207 quominus
2137 5153 2198 5193 ea
2244 5139 2294 5192 in

730 5229 990 5298 virginum
1022 5244 1296 5282 numerum
1325 5237 1378 5282 et
1405 5230 1642 5282 ordinem
1675 5230 1979 5290 referretur.
2007 5231 2112 5283 imo
2136 5230 2295 5285 etiam

730 5336 820 5373 eis
851 5320 1007 5388 longo
1033 5320 1307 5374 intervallo
1331 5331 1636 5389 superaret,
1669 5337 1784 5389 qua!
1813 5322 1862 5373 in
1907 5323 2112 5375 caneris
2142 5323 2299 5376 rebus

732 5410 960 5480 ingentis
986 5411 1327 5480 philosophice
1371 5413 1638 5480 specimen
1687 5411 1958 5466 edidisset.
2008 5412 2186 5481 anue
2233 5413 2300 5468 de

730 5517 888 5555 causa
921 5502 1112 5557 Paulus
1139 5503 1329 5568 etiam,
1359 5517 1476 5556 eum
1508 5504 1760 5573 virginem
1791 5503 2145 5568 describeret,
2196 5521 2301 5560 non

733 5610 849 5647 eam
903 5595 1183 5648 dumtaxat
1232 5611 1349 5664 qua:
1408 5597 1722 5650 matrimonii
1786 5597 2056 5666 virilisque
2102 5613 2299 5653 concu-

735 5684 875 5738 bitus
935 5700 1127 5754 expers
1179 5694 1346 5752 esset,
1406 5688 1660 5758 virginem
1729 5689 2044 5758 appellavit,
2118 5705 2300 5744 verum

739 5777 896 5829 etiam
917 5790 1032 5829 eam
1061 5776 1142 5831 cui
1171 5791 1265 5839 ea,
1295 5792 1411 5846 qua:
1457 5777 1524 5832 ad
1557 5778 1646 5833 Dei
1690 5778 1888 5832 cultum
1937 5779 2299 5848 pertinerent,

741 5880 882 5921 tunc
912 5875 1086 5921 essent
1113 5867 1156 5936 (l
1195 5868 1304 5919 (ἔον.
1335 5868 1379 5920 7.
1431 5868 1537 5937 Si).
1582 5867 1716 5934 Quin
1759 5870 1868 5938 ipse
1896 5885 2102 5939 quoque
2143 5871 2286 5924 Ωιιτί-

3861 413 3964 472 500

2389 558 2522 615 stus,
2541 550 2830 606 ostendens
2853 563 3108 623 quantum
3125 553 3482 622 eleemosyna,
3509 546 3661 618 cujus
3687 553 3742 601 tu
3768 543 3968 614 jamdiu

2386 641 2739 713 principatum
2783 652 2968 709 tenes,
2999 659 3062 698 ac
3105 657 3356 698 coronam
3405 641 3592 710 adepta
3621 654 3717 703 es,
3749 636 3972 708 virgini-

2387 735 2548 780 tatem
2567 727 2869 793 antecellat,
2895 742 2960 782 ex
2984 728 3243 798 virginum
3269 726 3436 782 choro
3453 725 3726 780 dimidiam
3761 733 3966 792 partem

2385 816 2543 885 ejecit
2561 857 2577 879 ,
2604 818 2852 887 quoniam
2881 818 3082 889 absque
3108 817 3207 872 hac
3233 818 3425 872 virtute
3453 818 3707 887 ingressae
3737 815 3970 880 fuerant,

2389 907 2473 960 vel
2511 908 2685 977 potius
2725 909 2845 979 quia
2876 923 2992 963 eam
3034 907 3171 963 haud
3197 908 3412 976 copiose
3458 906 3843 977 possidebant:
3887 913 3974 959 et-

2387 999 2526 1052 enim
2565 999 2741 1054 olenm
2784 999 3078 1066 habebant,
3115 1010 3169 1054 at
3213 999 3423 1069 parcius
3447 1013 3605 1068 quam
3631 996 3966 1052 conveniret.

2387 1091 2582 1145 Contra
2604 1134 2618 1157 ,
2669 1107 2762 1146 eos
2792 1093 2880 1162 qui
2912 1093 3027 1146 sine
3056 1092 3354 1162 virginitate
3399 1098 3737 1145 accesserant
3757 1131 3772 1154 ,
3825 1087 3971 1158 quod

2388 1181 2750 1237 misericordia
2782 1184 2952 1237 ornati
2981 1191 3189 1248 essent,
3220 1183 3508 1238 honoriﬁce
3528 1184 3776 1250 excepit,
3809 1180 3974 1236 bene-

2386 1273 2556 1328 dictos
2584 1273 2752 1328 Patris
2784 1275 2863 1328 sui
2890 1291 2984 1329 eos
3009 1275 3281 1345 appellans
3303 1315 3317 1337 ,
3343 1274 3408 1328 ad
3439 1289 3498 1330 se
3527 1289 3724 1328 vocans
3749 1315 3765 1339 ,
3791 1273 3971 1344 regni-

2386 1380 2488 1433 que
2511 1363 2858 1420 hcreditatem
2884 1365 3356 1436 ipsisimpertiens,
3381 1380 3445 1420 ac
3469 1374 3739 1435 spectante
3753 1365 3969 1418 univer-

2385 1472 2445 1513 so
2463 1469 2722 1513 terrarum
2739 1459 2868 1513 orbe
2881 1460 3106 1514 virtutes
3117 1474 3299 1514 eorum
3319 1459 3611 1529 prmdicans
3628 1456 3968 1528 (Mattft35):

2385 1559 2542 1618 atque
2567 1551 2702 1606 adeo
2728 1551 3076 1622 praesentibus
3116 1551 3318 1622 angelis
3356 1561 3516 1622 atque
3545 1552 3795 1607 universo
3821 1564 3972 1605 mor-

2387 1640 2569 1696 talium
2598 1655 2791 1712 genere
2815 1681 2830 1706 ,
2864 1642 3008 1711 ipsos
3038 1642 3286 1696 nutritios
3313 1651 3368 1696 et
3395 1641 3634 1710 hospites
3673 1655 3800 1696 suos
3827 1656 3971 1694 nun-

2386 1747 2580 1804 eupare
2601 1749 2704 1787 non
2732 1733 3011 1788 dubitavit.
3045 1733 3192 1788 Hanc
3217 1745 3269 1788 lu
3299 1749 3510 1805 quoque
3540 1733 3749 1789 beatam
3780 1748 3970 1790 vocem

2388 1835 2510 1879 tunc
2537 1824 2750 1890 audies;
2794 1824 2933 1880 hanc
2976 1835 3029 1879 tu
3061 1825 3361 1880 mercedem
3404 1825 3732 1896 amplissime
3779 1840 3974 1881 conse-

2387 1915 2588 1984 queris.
2615 1914 2781 1970 Porro
2806 1930 2925 1969 cum
2943 1931 3039 1986 pro
3054 1917 3393 1988 eleemosyna
3418 1916 3528 1971 sola
3551 1925 3694 1971 tanta
3726 1919 3972 1987 premis,

2387 2013 2546 2059 tanta:
2574 2020 2815 2067 coronae,
2851 2015 2992 2058 tanta
3017 2005 3230 2060 claritas
3253 2047 3268 2072 ,
3301 2015 3476 2060 tantus
3519 2006 3791 2078 splendor,
3824 2017 3971 2062 tanta

2384 2097 2549 2165 gloria
2572 2095 2914 2166 percipiatur,
2947 2096 2990 2149 si
3027 2096 3156 2150 alias
3185 2111 3396 2166 quoque
3423 2098 3633 2151 virtutis
3661 2107 3764 2151 tua:
3790 2106 3973 2166 partes

2386 2201 2715 2253 recenseam,
2742 2201 2898 2256 quam
2951 2187 3163 2242 tandem
3215 2188 3420 2242 veniam
3473 2188 3716 2244 obtinere
3757 2203 3970 2260 queas,

2386 2293 2504 2347 qua:
2539 2294 2659 2332 eum
2705 2279 2825 2334 ideo
2861 2279 3053 2334 festum
3082 2293 3262 2350 agere,
3312 2280 3603 2347 exsultare,
3643 2280 3836 2336 choros
3873 2280 3974 2336 du-

2385 2384 2508 2425 cere
2531 2413 2546 2437 ,
2574 2385 2636 2425 ac
2659 2385 2855 2426 corona
2896 2379 3054 2440 caput
3101 2369 3370 2426 devincire
3429 2370 3652 2426 deberes
3675 2412 3691 2440 ,
3746 2372 3975 2442 teipsam

2387 2472 2569 2518 contra
2591 2506 2605 2531 ,
2637 2465 2764 2534 quia
2787 2464 2921 2517 alius
2949 2462 3128 2518 furore
3152 2471 3339 2532 captus
3365 2472 3466 2529 est,
3483 2463 3618 2517 alius
3641 2461 3974 2533 praecipitem

2388 2569 2447 2609 se
2471 2554 2650 2620 dedit,
2676 2570 2874 2625 angore
2893 2555 3143 2609 conficias
3159 2596 3176 2621 ,
3207 2555 3519 2626 facilemque
3545 2555 3777 2622 diabolo,
3806 2569 3976 2626 quem

2388 2647 2452 2700 ad
2486 2648 2625 2701 hunc
2652 2661 2818 2717 usque
2859 2647 2997 2701 diem
3026 2647 3296 2702 lancinare
3321 2663 3427 2702 non
3469 2647 3738 2715 destitisti,
3775 2646 3974 2702 adver-

2389 2751 2480 2792 sus
2525 2746 2763 2792 sanetam
2794 2738 3022 2791 animam
3051 2749 3196 2792 tuam
3228 2738 3498 2793 incursum
3547 2737 3782 2793 reddas?
3831 2736 3976 2794 Nam

2388 2827 2513 2897 quid
2541 2829 2741 2882 variam
2761 2843 2822 2883 ac
2849 2829 3197 2898 multiplicem
3227 2830 3538 2900 patientiam
3560 2840 3704 2884 tuam
3730 2844 3978 2886 comme-

2387 2921 2766 2988 morem?qu:e
2796 2920 2966 2973 oratio
2986 2959 3000 2984 ,
3031 2919 3172 2990 quod
3199 2920 3433 2975 historiae
3481 2921 3727 2976 volumen
3755 2919 3821 2975 ad
3848 2935 3976 2977 eam

2388 3025 2502 3065 rem
2535 3009 2664 3063 mihi
2685 3011 2813 3065 satis
2832 3025 2954 3066 esse
2982 3020 3181 3082 queat,
3209 3012 3252 3067 si
3271 3013 3602 3067 calamitates
3629 3027 3720 3068 eas
3739 3054 3757 3078 ,
3778 3027 3919 3080 quas
3944 3027 3974 3067 a

2389 3100 2573 3170 puerili
2600 3110 2756 3156 tetate
2781 3101 2844 3154 ad
2874 3101 2973 3156 hoc
3003 3119 3168 3172 usque
3194 3113 3399 3174 tempus
3439 3105 3734 3173 pertulisti,
3783 3120 3977 3161 recen-

2388 3209 2508 3250 sere
2535 3195 2690 3249 velim
2715 3213 2729 3259 ;
2761 3195 2859 3250 hoc
2883 3205 2997 3260 est,
3024 3211 3155 3266 quas
3183 3205 3286 3249 tam
3315 3212 3344 3249 a
3373 3197 3477 3252 tuis
3497 3240 3510 3262 ,
3543 3213 3699 3268 quam
3729 3197 3797 3252 ab
3833 3199 3977 3255 alie-

2389 3288 2472 3340 nis
2494 3329 2509 3353 ,
2561 3296 2666 3342 tam
2691 3287 2759 3341 ab
2797 3287 3016 3353 amicis,
3046 3303 3202 3358 quam
3249 3288 3316 3343 ab
3342 3288 3611 3357 hostibus,
3653 3299 3756 3344 tam
3790 3290 3862 3346 ab
3907 3291 3978 3348 iis

2389 3380 2477 3449 qui
2501 3387 2676 3434 tecum
2720 3395 2916 3449 genere
2957 3380 3224 3450 conjuncti
3267 3389 3453 3446 erant,
3503 3397 3658 3453 quam
3687 3383 3777 3452 qui
3822 3383 3979 3440 nullo

2392 3473 2798 3543 propinquitatis
2841 3472 3007 3542 gradu
3035 3482 3086 3528 te
3112 3474 3475 3544 attingebant,
3525 3484 3629 3528 tam
3675 3476 3742 3530 ab
3774 3476 3838 3530 iis
3883 3475 3978 3547 qui

2392 3565 2624 3634 potentia
2653 3563 2912 3618 florebant
2935 3606 2950 3629 ,
2979 3579 3137 3635 quam
3189 3565 3258 3620 ab
3297 3565 3584 3620 humilibus
3628 3575 3682 3620 et
3709 3566 3976 3636 abjcctis,

2393 3665 2498 3709 tam
2519 3655 2587 3710 ab
2613 3656 2677 3708 iis
2704 3656 2793 3725 qui
2843 3656 3151 3725 magistratu
3200 3655 3571 3725 fungebantur,
3599 3672 3757 3726 quam
3789 3672 3818 3710 a
3863 3657 3982 3726 pri-

2394 3746 2530 3800 vatis
2549 3785 2566 3813 ,
2610 3761 2674 3800 ac
2701 3747 2926 3816 denique
2956 3748 3024 3801 ab
3066 3747 3130 3800 iis
3150 3746 3238 3817 qui
3266 3747 3403 3801 inter
3431 3748 3654 3803 clericos
3679 3748 3981 3803 censeban-

2398 3847 2502 3901 tur,
2525 3837 2809 3906 aecepisti?
2839 3834 2979 3893 Nihil
3004 3838 3144 3892 enim
3191 3838 3379 3892 horum
3409 3848 3524 3902 est,
3554 3837 3694 3907 quod
3713 3878 3728 3904 ,
3761 3838 3808 3892 si
3827 3837 3980 3909 sigil-

2395 3927 2537 3981 latim
2561 3929 2627 3982 ab
2655 3929 2829 3998 aliquo
2855 3927 3137 3992 referatur,
3167 3929 3424 3999 integram
3458 3930 3730 3985 historiam
3757 3929 3981 3986 efficere

2397 4028 2639 4087 nequeat.
2671 4019 2820 4086 Quod
2851 4019 2894 4073 si
2939 4021 3056 4089 quis
3106 4019 3173 4074 ad
3203 4020 3303 4074 alia
3342 4020 3454 4088 jam
3501 4023 3720 4088 hujusce
3764 4023 3980 4078 virtutis

2396 4125 2591 4180 genera
2637 4125 2694 4166 se
2725 4121 3035 4174 convertat,
3091 4126 3287 4182 easque
3312 4113 3661 4178 afflictiones,
3692 4129 3827 4182 quas
3868 4129 3979 4169 non

2393 4202 2500 4271 jam
2531 4201 2654 4269 alii,
2677 4202 2768 4256 sed
2797 4203 3022 4272 ipsamet
3056 4203 3148 4257 tibi
3175 4204 3498 4258 accersiviin
3518 4246 3532 4271 ,
3555 4205 3796 4260 oratione
3825 4219 3979 4260 com-

2400 4295 2682 4364 plectatur,
2707 4295 2847 4364 quod
2875 4310 3082 4360 saxum,
3117 4296 3256 4365 quod
3289 4296 3506 4361 ferrum,
3534 4313 3690 4367 quem
3715 4298 3978 4354 adaman-

2399 4397 2503 4442 tem
2526 4403 2630 4442 non
2654 4388 2882 4458 reperiet
2900 4388 2992 4442 abs
3015 4397 3068 4443 te
3092 4390 3425 4457 superatum?
3449 4389 3576 4444 Nam
3603 4405 3722 4444 cum
3755 4404 3981 4447 carnem

2399 4493 2566 4548 usque
2603 4478 2736 4534 adeo
2759 4488 2992 4533 teneram
3019 4494 3082 4533 ac
3107 4478 3386 4535 delicatam
3414 4522 3429 4546 ,
3460 4490 3620 4550 atque
3647 4480 3795 4534 omni
3822 4481 3983 4536 luxus

2399 4571 2580 4642 generi
2607 4580 2871 4625 assuetam
2899 4572 3224 4641 accepisses,
3266 4589 3384 4627 eam
3427 4573 3585 4626 variis
3603 4570 3985 4628 afflictionibus

2401 4663 2471 4717 ita
2501 4663 2838 4733 oppugnasti,
2862 4673 2920 4717 ut
2941 4679 3082 4718 nunc
3107 4664 3275 4719 nihilo
3296 4664 3515 4720 meliore
3535 4674 3677 4720 statu
3698 4665 3790 4730 sit,
3819 4681 3982 4737 quam

2401 4758 2445 4812 si
2472 4775 2687 4829 prorsus
2708 4761 2964 4814 exstincta
2995 4769 3138 4815 esset
3171 4777 3185 4814 :
3229 4769 3431 4814 tantum
3455 4760 3598 4815 enim
3647 4760 3699 4814 in
3725 4775 3789 4814 ea
3837 4775 3982 4816 mor-

2403 4851 2589 4906 borum
2619 4867 2840 4907 examen
2877 4853 3117 4908 excitasti
3138 4893 3155 4919 ,
3178 4861 3235 4908 ut
3254 4863 3308 4908 et
3333 4852 3659 4908 medicorum
3686 4863 3858 4908 artem
3877 4894 3894 4919 ,
3929 4863 3986 4910 et

2404 4947 2910 5001 medicamentorum
2937 4947 3042 5000 vim
3073 4961 3135 5000 ac
3165 4945 3466 4999 facultatem
3487 4987 3503 5012 ,
3534 4955 3589 5000 et
3635 4960 3797 5000 omne
3826 4960 3985 5000 cura.

2404 5039 2562 5093 tionis
2588 5054 2754 5109 genus
2783 5039 2984 5105 vincat,
3011 5048 3170 5109 atque
3197 5038 3307 5109 ipsa
3331 5040 3383 5092 in
3410 5037 3678 5108 perpetuis
3704 5037 3985 5093 doloribus

2403 5133 2652 5187 verseris.

2475 5225 2526 5278 5.
2555 5223 2868 5294 Olympiadis
2896 5228 3195 5284 virtutes.-
3216 5224 3335 5280 Jam
3353 5238 3482 5280 vero
3496 5225 3542 5280 si
3567 5225 3684 5295 quis
3724 5233 3874 5280 tuam
3926 5224 3979 5280 in

2405 5333 2586 5375 mensa
2618 5318 2742 5372 etin
2769 5319 3042 5373 nocturnis
3063 5317 3256 5387 vigiliis
3284 5318 3618 5373 tolerantiam
3643 5325 3698 5371 et
3719 5316 3984 5385 asperita-

2407 5421 2511 5466 tem
2539 5424 2804 5478 exponere
2833 5410 2988 5474 velit,
3016 5425 3117 5479 qna
3147 5417 3328 5464 utatur
3351 5408 3625 5464 oratione?
3653 5408 3983 5479 Quamquam

2405 5501 2748 5557 continentia:
2790 5509 2882 5555 aut
2911 5501 3204 5555 tolerantiae
3249 5499 3510 5554 vocabulo
3539 5499 3589 5552 in
3621 5507 3675 5552 te
3710 5497 3823 5567 jam
3878 5513 3984 5552 non

2406 5594 2646 5665 estquod
2669 5593 2927 5664 quispiam
2955 5602 3130 5648 utatur
3165 5612 3176 5646 :
3210 5607 3394 5648 verum
3425 5591 3568 5646 aliud
3591 5591 3673 5644 his
3702 5591 3984 5646 virtutibus

2409 5703 2599 5742 nomen
2632 5688 2801 5741 multo
2825 5687 3164 5756 praestantius
3183 5686 3565 5756 exquirendum
3587 5694 3689 5740 est.
3710 5685 3983 5756 Siquidem

2408 5795 2526 5834 eum
2554 5779 2878 5834 continentia
2902 5793 2964 5831 ac
2992 5777 3268 5832 tolerantia
3297 5776 3571 5846 prteditum
3589 5789 3708 5830 esse
3737 5776 3982 5840 dicimus,

2411 5875 2497 5942 qui
2531 5872 2816 5943 cupiditate
2845 5872 3018 5934 aliqua
3049 5881 3289 5940 vexatur,
3324 5884 3545 5937 umque
3574 5868 3854 5924 vincit.’l‘n
3881 5881 3978 5922 au-
