4192 6508
218 475 318 536 559

212 601 328 656 ἐκεῖ
348 594 756 668 παρεστήκασι.
787 591 1054 656 Τοσοῦτος
1082 591 1112 645 6
1141 587 1305 659 φόϐος
1325 585 1467 639 τότε.
1491 581 1682 638 Ταῦτα
1702 579 1812 632 τοί-

213 707 310 746 νυν
339 692 540 757 ἐννόει,
591 691 689 744 καὶ
721 691 850 754 τοῦς
888 687 1167 758 ἀφύκτους
1200 684 1477 753 ἐλέγχους.
1519 676 1656 733 Οὐδὲ
1705 673 1818 745 γάρ

217 787 546 861 κατηγόρων
575 788 749 842 δεῖται
775 787 984 848 ἐκεῖνος
1003 787 1032 838 ὀ
1052 782 1334 853 δικαστὴς,
1354 778 1476 832 οὐδὲ
1498 772 1815 848 μαρτύρων,

215 885 339 938 οὐδὲ
372 883 730 951 ἀποδείξων,
752 881 875 936 ούδέ
911 881 1174 952 ἐλέγχων,
1199 877 1336 932 ἀλλά
1357 873 1536 928 πάντα
1549 871 1626 936 ώς
1648 869 1821 942 ἐπρά-

218 980 322 1052 χθη
354 979 516 1052 φέρει
547 981 629 1044 είς
666 980 834 1051 μέσον
862 978 959 1032 καὶ
989 978 1098 1049 πρὸ
1124 976 1234 1030 τῶν
1266 970 1562 1044 ὀφθαλμῶν
1583 969 1695 1024 τῶν
1724 985 1822 1022 1:2-

220 1078 724 1150 πλημμεληκότων.
771 1075 906 1130 Τότε
945 1073 1125 1137 οὐδεὶς
1160 1075 1190 1127 6
1214 1069 1589 1144 παρεσόμενος
1611 1066 1706 1120 καὶ
1735 1064 1823 1130 ἐξο

219 1175 491 1244 αρπάσων
519 1174 622 1245 τῆς
652 1172 949 1245 τιμωρίας,
969 1171 1032 1225 οὐ
1069 1169 1274 1242 πατὴρ,
1293 1169 1391 1239 οὐχ
1412 1166 1550 1229 υίὸς,
1569 1165 1629 1218 οὐ
1657 1161 1824 1230 θυγά-

220 1285 347 1346 τηρ,
375 1271 440 1325 οὐ
477 1272 683 1342 μήτηρ,
717 1268 820 1322 οὐκ
857 1267 1018 1331 ἄλλος
1062 1283 1147 1330 τις
1189 1262 1482 1335 συγγενὴς,
1505 1261 1567 1315 οὐ
1603 1260 1820 1328 γείτων,

221 1367 286 1421 οὐ
315 1367 496 1437 φίλος,
517 1367 580 1420 οὐ
605 1366 935 1438 συνήγορος,
960 1363 1023 1418 οὐ
1041 1361 1340 1434 χρημάτων
1367 1358 1534 1421 δόσις,
1569 1355 1632 1409 οὐ
1662 1353 1825 1408 πλού·-

222 1481 317 1518 του
346 1463 658 1534 περιουσία,
682 1464 744 1516 οὐ
765 1458 1094 1524 δυναστείας
1117 1458 1304 1527 ὀγκος,
1324 1453 1466 1510 ἀλλά
1493 1451 1672 1507 πάντα
1693 1448 1826 1504 ταῦ-

223 1578 292 1615 τα
325 1560 521 1633 ὥσπερ
556 1560 706 1624 κόνις
731 1555 978 1613 ἐκποδὼν
1014 1555 1298 1628 ἐλήλαται,
1334 1549 1431 1606 καὶ
1464 1548 1673 1620 μόνοςό
1704 1563 1827 1617 κρι-

224 1657 452 1729 νόμενος
489 1656 600 1711 ἀπὺ
626 1657 736 1710 τῶν
778 1653 930 1726 αὐτῷ
983 1649 1413 1724 πεπραγμένων,
1446 1647 1481 1719 ἢ
1531 1645 1630 1718 τὴν
1674 1644 1822 1698 ἐλευο

227 1751 519 1824 θεροῦσαν,
555 1753 590 1825 ή
618 1751 716 1823 τὴν
751 1749 1080 1814 δικάζουσαν
1137 1745 1402 1817 ὑπομένει
1445 1741 1649 1813 ψῆφον.
1691 1739 1826 1793 Τότε

224 1849 405 1914 οὐδεὶς
443 1849 587 1920 ὑπὲρ
635 1842 712 1904 ὧν
761 1847 918 1910 ἀλλος
961 1843 1359 1916 ἐπλημμέλησε
1393 1839 1663 1911 κρίνεται,
1710 1835 1827 1890 ἀλλ’

229 1948 376 2020 ὑπὲρ
401 1939 480 2001 ὧν
515 1945 680 2012 αὐτὸς
713 1945 950 2008 ἕκαστος
988 1943 1231 2014 ῆμαρτε.
1269 1939 1458 1994 Ταῦτα
1485 1933 1580 1992 οῦν
1614 1937 1828 1991 ἁπαντα

231 2042 646 2112 συναγαγοῦσα,
675 2041 769 2097 καὶ
797 2041 891 2094 τὸν
934 2037 1103 2109 φόϐον
1153 2037 1343 2093 τοῦτον
1372 2049 1400 2079 ι
1447 2033 1826 2105 ἐξογκώσασα.

229 2142 328 2195 καὶ
350 2140 735 2212 ἐπιτειχίσασα
752 2142 821 2212 τῇ
874 2139 1143 2210 σατανικῇ
1171 2136 1264 2192 καὶ
1291 2134 1629 2208 ψυχοϐλαϐεῖ
1658 2132 1826 2204 λύπῃ,

229 2236 411 2302 οὕτως
439 2239 499 2292 ἐν
524 2240 592 2309 τῇ
619 2237 757 2308 πρὸς
781 2235 955 2308 αὐτὴν
990 2234 1148 2307 στῆθι
1190 2233 1516 2306 παρατάξει,
1540 2232 1600 2285 ἐν
1734 2229 1830 2284 καὶ

231 2337 469 2404 φανεῖσα
501 2335 684 2405 μόνον,
714 2333 960 2405 ἀράχνης
1003 2331 1174 2403 αὐτὴν
1204 2329 1571 2402 εὐκολώτερον
1599 2325 1833 2382 διασπά-

233 2449 328 2487 σαι
380 2433 479 2486 καὶ
507 2431 772 2501 ἀφανίσαι
815 2431 1046 2504 δυνήσῃ.
1075 2428 1227 2500 Αὐτὴ
1269 2427 1369 2500 μιν
1412 2427 1525 2498 769
1556 2423 1694 2497 μετά
1734 2422 1831 2477 τοῦ

237 2529 474 2600 μάταιος
503 2526 644 2582 εἶναι
667 2528 696 2569 δ
715 2526 811 2583 καὶ
838 2526 1093 2600 περιττή,
1127 2525 1222 2580 καὶ
1250 2523 1492 2596 ὀλέθριος
1513 2520 1718 2592 σφόδρα
1738 2519 1834 2574 καὶ

236 2627 502 2699 βλαϐερά·
529 2627 738 2692 ἐκεῖνος
762 2625 822 2680 δέ
855 2626 950 2680 καὶ
974 2625 1270 2693 ἀναγκαῖος
1299 2624 1329 2676 6
1357 2622 1541 2693 φόϐος,
1576 2619 1671 2674 καὶ⁵
1699 2617 1836 2690 χρήο

237 2740 401 2794 σιμος
437 2723 536 2777 καὶ
555 2723 872 2794 ἐπωφελὴς,
899 2724 996 2778 καῖ
1026 2722 1162 2777 πολὺ
1186 2721 1250 2776 τὸ
1268 2720 1460 2793 κέρδος
1493 2719 1654 2790 έχων.
1673 2715 1835 2770 Ἀλλὰ

237 2819 348 2891 γάρ
407 2819 598 2874 ἔλαθον
647 2820 753 2874 61:6
783 2823 886 2893 τῆς
911 2821 1008 2876 τοῦ
1057 2820 1217 2888 λόγου
1250 2819 1432 2892 ῥύμης
1469 2816 1831 2889 παρασυρεὶςν

237 2917 334 2970 καὶ
378 2917 480 2988 οὐχ
519 2917 870 2989 ἀρμόζουσάν
917 2934 1000 2971 σοι
1055 2915 1261 2988 ταύτην
1316 2914 1686 2986 ποιησάμενος
1737 2910 1836 2982 τὴν

239 3012 589 3084 παραίνεσιν⁸
622 3015 748 3086 ἐμοὶ
779 3015 880 3086 μὲν
928 3016 1038 3086 769
1085 3015 1178 3068 καὶ
1222 3015 1338 3077 τοῖς
1371 3013 1491 3067 κατ’
1539 3010 1642 3082 ἐμὲ
1676 3008 1837 3079 βεϐα-

240 3109 568 3181 πτισμένοις
607 3111 1028 3184 ἁμαρτημάτων
1071 3110 1267 3183 πλήθει
1295 3109 1592 3178 ἀναγκαῖος
1623 3099 1780 3169 οὗτος
1808 3106 1838 3158 ὀ

241 3204 420 3275 λόγος’
448 3206 608 3278 φοϐεῖ
632 3207 742 3279 γάρ
779 3207 874 3262 καὶ⁸
920 3206 1246 3279 διανίστησιο
1281 3205 1342 3259 σέ
1373 3204 1429 3258 δέ
1468 3206 1527 3258 ἐν
1564 3203 1838 3266 τοσούτοις

241 3303 637 3376 κατορθώμασι
692 3304 976 3377 κομῶσαν,
1027 3304 1123 3358 καὶ
1165 3303 1339 3374 αὐτῆς
1367 3303 1469 3374 ῆδη
1504 3301 1606 3372 τῆς
1652 3301 1839 3370 ἁψῖδος

240 3398 353 3453 τῶν
375 3400 626 3472 οὐρανῶν
652 3400 964 3472 ἀψαμένην,
999 3399 1121 3454 οὐδέ
1156 3399 1342 3463 ἁπλῶς
1381 3397 1594 3452 νύττειν
1634 3395 1840 3450 δύναιτ’

241 3499 331 3554 ἄν.
368 3496 463 3550 Διό
490 3497 626 3570 πρὸς
653 3497 848 3570 ἐτέραν
877 3498 1291 3569 καταστήσομαι
1334 3495 1600 3568 μελῳδίαν
1625 3493 1761 3564 πρὸς
1783 3493 1843 3547 σέ

242 3595 654 3668 διαλεγόμενος.
709 3598 805 3651 καὶ
863 3597 1059 3669 ἑτέραν
1131 3594 1543 3667 ἀνακρούσομαι
1609 3593 1841 3666 νευράν,

245 3690 435 3764 ἐπειδή
464 3709 562 3748 σου
587 3685 742 3760 οὗτος
769 3694 798 3746 6
826 3693 990 3762 φόϐος
1007 3690 1330 3747 καθικέσθαι
1355 3692 1415 3745 οὐ
1438 3691 1686 3756 δύναται,
1703 3690 1844 3759 πλὴν

243 3788 370 3843 ὅσον
409 3789 506 3843 καὶ
559 3789 670 3844 τῶν
716 3790 985 3859 ἀγγέλων.
1013 3788 1468 3861 Μεταταξώμεθα
1518 3788 1700 3842 τοίνυν
1750 3787 1846 3841 καῖ⁵

244 3886 430 3959 δεῦρο,
455 3889 550 3941 καὶ
578 3887 720 3961 αὐτὴ
752 3887 1053 3959 μετάστηθι
1079 3888 1219 3958 μετά
1244 3887 1338 3941 τοῦ
1376 3886 1559 3956 λόγου,
1591 3886 1686 3939 καὶ
1717 3885 1845 3939 ἁνα-

249 3987 469 4057 λογίζου
519 3987 627 4042 τῶν
657 3987 1116 4061 κατωρθωμάτων
1155 4005 1249 4041 σου
1283 3987 1384 4052 τάς
1429 3987 1748 4051 ἀντιδόσεις,
1777 3985 1848 4040 τά

252 4083 489 4156 βραδεῖα
509 4085 579 4140 τά
611 4085 861 4157 λαμπρά,
909 4086 1037 4159 τοὺς
1070 4084 1330 4156 φαιδροὺς
1379 4083 1700 4152 στεφάνους,
1747 4084 1847 4156 τὴν

253 4181 394 4252 μετά
415 4184 526 4236 τῶν
552 4181 840 4253 παρθένων
864 4181 1104 4253 χορείαν,
1122 4181 1220 4244 τάς
1248 4181 1529 4244 παστάδας
1553 4181 1651 4246 τὰς
1673 4180 1846 4252 ίεράς,

248 4280 346 4333 τὸν
373 4277 645 4349 νυμφῶνα
676 4281 785 4333 τῶν
809 4277 1055 4349 οὐρανῶν
1088 4287 1140 4342 ο,
1165 4278 1264 4346 τὴν
1295 4277 1435 4349 μετά
1463 4278 1573 4334 τῶν
1599 4278 1850 4347 ἀγγέλων

251 4376 429 4446 λῆξιν,
461 4377 564 4449 τὴν
591 4376 730 4448 πρὸς
750 4377 841 4430 τὸν
879 4377 1114 4448 νυμφίον
1145 4376 1459 4450 παρρησίαν
1486 4376 1582 4430 καὶ
1608 4376 1844 4448 ὁμιλίαν,

251 4469 353 4539 τὴν
381 4469 708 4540 θαυμαστὴν
731 4469 1020 4541 δᾳδουχίαν
1059 4470 1298 4542 ἐκείνην,
1333 4469 1404 4524 τά
1434 4470 1616 4540 ἀγαθὰ
1645 4471 1713 4524 τά
1754 4470 1849 4524 καὶ

251 4560 414 4631 λόγον
446 4564 544 4616 καὶ
568 4562 693 4616 νοῦν
720 4561 1140 4635 ὑπερϐαίνοντα.

324 4649 386 4704 δ’.
420 4648 584 4703 Ἀλλά
613 4650 687 4720 μή
711 4667 812 4720 μου
838 4650 948 4703 τῶν
977 4647 1152 4716 λόγων
1180 4648 1438 4721 ἐπιλάϐῃ,
1470 4650 1520 4704 εί
1541 4649 1635 4703 καὶ
1652 4651 1732 4714 είς
1757 4649 1850 4704 τὸν

253 4741 419 4810 χορὸν
446 4740 556 4795 τῶν
587 4742 871 4813 παρθένων
907 4759 966 4794 σε
997 4741 1368 4813 κατελέξαμεν
1393 4742 1487 4796 τὸν
1518 4741 1690 4811 ἁγίων
1713 4741 1852 4796 ἐκείο

256 4851 385 4899 νων,
423 4835 483 4886 ἐν
507 4833 704 4907 χηρείᾳ
743 4834 1092 4904 βεϐιωκυῖαν.
1122 4836 1403 4899 Ἤκουσας
1437 4834 1547 4908 γάρ
1577 4853 1679 4906 μου
1719 4835 1849 4889 πολ-

255 4923 415 4986 λάκις
446 4923 546 4977 καὶ
603 4923 710 4996 ίδία
749 4925 842 4978 καὶ
870 4925 1108 4996 δημοσίᾳ
1139 4924 1548 4997 διαλεγομένου,
1594 4925 1679 4990 τίς
1719 4927 1851 4980 ποτέ

256 5016 376 5070 ἐστι
401 5016 503 5086 τῆς
526 5015 826 5086 παρθενίας
843 5017 872 5069 6
892 5016 1038 5086 ὄρος,
1064 5017 1160 5069 καὶ
1187 5015 1263 5080 ὡς
1295 5017 1396 5070 οὐκ
1418 5016 1484 5070 ἂν
1505 5015 1656 5089 [559]
1678 5016 1854 5071 κωλυ-

255 5107 412 5177 θείης
455 5107 590 5161 ποτέ
635 5106 718 5170 είς
769 5125 831 5161 τε
859 5107 953 5162 τὸν
984 5107 1211 5162 ἐκείνων
1254 5108 1627 5179 καταλεγῆναι
1669 5110 1852 5183 χορὸν,

258 5201 470 5273 μᾶλλον
508 5198 568 5254 δέ
602 5200 698 5253 καὶ
729 5199 946 5264 ἐκείνας
998 5200 1309 5272 ὑπερϐῆναι
1349 5201 1489 5271 μετὰ
1523 5200 1724 5273 πολλῆς
1755 5202 1856 5272 τῆς

257 5291 611 5364 περιουσίας,
659 5291 695 5362 ἠ
737 5290 942 5363 πολλὴν
974 5291 1032 5346 ἐν
1077 5294 1192 5351 τοῖς
1235 5290 1419 5355 ἀλλοις
1465 5290 1854 5363 ἐπιδειξαμένη

257 5384 608 5455 φιλοσοφίαν.
634 5384 734 5439 Διά
759 5400 843 5437 τοι
885 5383 1044 5438 τοῦτο
1072 5385 1102 5438 ὀ
1128 5383 1339 5449 Παῦλος
1372 5385 1498 5455 ὅρον
1525 5385 1626 5454 τῆς
1653 5385 1860 5459 παρθε-

258 5477 382 5541 νίας
405 5476 601 5541 τιθεὶς,
629 5477 690 5530 οὐ
732 5475 832 5549 τὴν
874 5476 1254 5550 ἁπειρόγαμον
1293 5478 1387 5532 καὶ
1425 5477 1860 5550 ἀπηλλαγμένην

267 5567 558 5631 συνουσίας
595 5567 791 5640 ἀνδρὸς
849 5569 1123 5638 παρθένον
1159 5571 1441 5635 ἐκάλεσεν,
1497 5570 1636 5624 ἀλλά
1667 5571 1764 5642 τὴν
1794 5570 1864 5623 τά

260 5659 362 5716 ’.οῦ
378 5658 582 5731 Κυρίου
607 5660 983 5733 μεριμνῶσαν.
1012 5663 1123 5715 Καὶ
1152 5661 1314 5726 αὐτὸς
1345 5662 1403 5716 δὲ
1434 5663 1462 5715 6
1501 5664 1739 5734 Χριστὸς
1763 5664 1864 5718 δει-

332 5799 356 5872 ξ
385 5798 500 5872 [κιο
518 5810 636 5846 mss.
661 5797 743 5844 καὶ
764 5798 835 5872 τῷ
858 5797 991 5872 φόϐῳ
1014 5797 1187 5863 τούτῳ.
1219 5796 1360 5849 Alius
1391 5800 1461 5863 τῷ
1497 5799 1630 5866 φόϐῳ
1662 5801 1860 5852 τούτων.

333 5860 358 5900 δ
383 5861 490 5910 Ι)υο
507 5873 627 5908 mss.
652 5860 828 5920 ματαία
847 5860 978 5908 εἶναι.

335 5923 356 5954 ⁸
381 5923 532 5974 Iidem
558 5923 786 5986 νυμφῶνα
809 5922 890 5971 τὸν
917 5921 1149 5985 οὐράνιον.

1673 459 2065 520 ΕΡΙδΤΟΙιΑζ.

3408 440 3514 499 560

1929 579 2062 643 κνῦς
2089 577 2202 649 ὅσῳ
2243 577 2449 649 μείζων
2481 574 2781 646 παρθενίας
2803 567 3170 642 ἐλεημοσύνη,
3197 563 3266 640 ἦξ
3287 566 3355 620 τὰ
3384 564 3524 637 σκῆο

1928 686 2078 741 πτρα
2102 670 2354 740 κατέχεις
2386 668 2547 741 αὐτὴ,
2576 667 2672 722 καὶ
2699 668 2793 721 τὸν
2822 665 3088 735 στέφανον
3134 664 3382 735 ἁνεδήσω
3415 663 3526 718 πά-

1929 760 2041 827 λαι,
2070 762 2165 815 ἀπ’
2187 762 2399 815 ἐκείνου
2425 763 2526 833 μὲν
2545 761 2642 816 τοῦ
2671 759 2836 833 χοροῦ
2853 759 2916 813 τὸ
2941 760 3117 830 ῆμισυ
3151 757 3316 828 μέρος
3337 757 3527 822 ἐξέϐα-

1928 854 2043 921 λεν,
2076 855 2266 925 ἐπειδὴ
2295 855 2503 926 ταύτης
2533 852 2782 925 εἰσῆλθον
2803 853 2993 926 χωρὶς,
3031 850 3232 922 μᾶλλον
3249 849 3309 904 δὲ
3337 848 3528 920 ἐπειδὴ

1927 947 2166 1019 δαψιλῶς
2189 947 2359 1021 αὐτὴν
2402 949 2503 1003 οὐκ
2539 949 2854 1019 ἐκέκτηντο·
2891 947 2986 1002 καὶ
3009 945 3120 1017 γάρ
3155 940 3302 1015 εἶχον
3323 944 3528 1010 ἔλαιον,

1932 1039 2049 1095 ἀλλ’
2069 1039 2170 1095 οὐκ
2201 1039 2426 1112 ἀρκοῦν.
2460 1042 2600 1106 Τοὺς
2624 1041 2684 1095 δὲ
2726 1039 2898 1114 χωρὶς
2927 1037 3229 1111 παρθενίας
3258 1036 3530 1092 είσελθόνυ

1931 1150 2051 1197 τας,
2088 1133 2281 1207 ἐπειδὴ
2315 1133 2522 1206 ταύτην
2543 1131 2687 1207 ἦσαν
2717 1131 3199 1204 περιϐεϐλημένοι,
3231 1128 3373 1203 μετὰ
3395 1129 3530 1183 πολ-

1930 1225 2031 1298 λῆς
2060 1226 2360 1292 ὑπεδέξατο
2391 1226 2493 1291 τῆς
2531 1227 2719 1299 τιμῆς,
2751 1225 3152 1298 εὐλογημένους
3184 1241 3244 1278 τε
3264 1222 3360 1279 τοῦ
3412 1226 3530 1279 Πα-

1934 1318 2064 1389 τρὸς
2086 1319 2392 1390 ὀνομάζων,
2431 1319 2528 1374 καὶ
2556 1320 2693 1393 πρὸς
2724 1320 2920 1374 ἐαυτὸν
2951 1318 3152 1384 καλῶν,
3183 1318 3279 1373 καὶ
3306 1316 3408 1388 τῆς
3430 1315 3531 1385 βας

1935 1409 2142 1473 σιλείας
2175 1408 2274 1482 τήν
2301 1409 2672 1482 κληρονομίαν
2713 1411 2899 1474 αὐτοῖς
2931 1408 3314 1482 χαριζόμενος,
3352 1408 3448 1462 καὶ
3471 1408 3532 1462 ἐν

1940 1501 2081 1574 μέσῃ
2106 1501 2504 1573 ἀνακηρύττων
2537 1505 2604 1574 τῇ
2636 1503 2956 1575 οἰκουμένῃ·
2983 1503 3081 1558 καὶ
3123 1503 3185 1557 οὐ
3209 1503 3535 1575 παρῃτήσα-

1933 1610 2015 1659 το,
2039 1594 2136 1647 καὶ
2169 1594 2422 1663 ἀγγέλων
2469 1595 2692 1666 καὶτῆς
2723 1595 2957 1659 κτίσεως
2990 1595 3178 1666 πάσης
3223 1594 3533 1666 παρούσης,

1934 1683 2172 1755 τροφέας
2189 1700 2251 1736 τε
2283 1682 2453 1738 αὐτοῦ
2493 1683 2590 1737 καὶ
2618 1682 2933 1754 ξενοδόχους
2956 1682 3156 1744 αὐτοὺς
3188 1681 3533 1752 προσειπεῖν.

1937 1775 2156 1847 Ταύτης
2193 1777 2291 1830 κα)⁸
2327 1775 2468 1847 αὐτὴ
2493 1775 2705 1849 ἀκούσῃ
2737 1775 2860 1830 τότε
2893 1777 2990 1847 τῆς
3015 1775 3295 1846 μακαρίας
3325 1772 3532 1844 φωνῆς.

1934 1868 2142 1941 ταύτης
2197 1869 2483 1942 ἀπολαύσῃ
2537 1869 2638 1940 τῆς
2690 1869 2928 1940 ἀμοιϐῆς
2979 1868 3119 1940 μετά
3176 1865 3380 1938 πολλῆς
3433 1865 3536 1936 τῆς

1935 1961 2277 2033 περιουσίας.
2304 1962 2366 2015 El
2393 1962 2450 2016 δέ
2485 1961 2628 2033 ὑπὲρ
2663 1960 3037 2032 ἐλεημοσύνης
3067 1959 3228 2031 μόνον
3278 1957 3537 2012 τοσαῦται

1937 2055 1995 2108 αἱ
2029 2054 2350 2119 ἀντιδόσεις,
2389 2051 2638 2108 τοσοῦτοι
2666 2053 2716 2106 οἱ
2741 2053 3017 2122 στέφανοι,
3058 2048 3298 2118 τοσαύτη
3327 2049 3362 2119 ἡ
3393 2048 3538 2119 λαμ-

1943 2147 2174 2218 πρότης,
2209 2146 2449 2219 τοσαύτη
2473 2147 2859 2219 ὴπεριφάνεια
2884 2145 2980 2199 καὶ
3013 2146 3045 2216 ή
3071 2142 3220 2211 δόξα,
3243 2143 3293 2196 εί
3347 2141 3440 2195 καὶ
3469 2141 3540 2196 τὰ

1937 2241 2076 2295 ἀλλα
2097 2241 2198 2312 τῆς
2217 2240 2422 2313 ἀρετῆς
2438 2239 2726 2310 ἐπέλθοιμι
2755 2255 2837 2293 σοι
2864 2238 3030 2310 μέρη,
3065 2236 3227 2291 ποίαν
3251 2235 3318 2290 6v
3350 2235 3540 2305 σχοίης

1942 2332 2293 2405 συγγνώμην,
2323 2333 2616 2400 ὀφείλουσα
2641 2332 2895 2386 ἐντεῦθεν
2910 2331 3013 2404 ῆδη
3035 2330 3230 2403 ἐορτῆν
3250 2330 3426 2399 ἀγειν,
3445 2331 3541 2382 καὶ

1942 2424 2195 2496 σκιρτᾷν,
2229 2421 2325 2478 καὶ
2347 2421 2618 2494 χορεύειν,
2647 2422 2740 2476 καὶ
2756 2419 3180 2491 στεφανοῦσθαι,
3213 2419 3404 2490 ἐπειδὴ
3427 2419 3481 2472 δὲ
3509 2418 3541 2472 ὀ

1939 2517 2088 2572 δεῖνα
2106 2515 2306 2587 ἐμάνη.
2324 2517 2422 2570 καὶ
2445 2517 2474 2570 ὀ
2487 2515 2636 2570 δεῖνα
2663 2513 2805 2569 κατά
2840 2513 3104 2586 κρημνῶν
3123 2510 3280 2586 ἦλθε,
3296 2513 3538 2567 κατακό-

1940 2623 2152 2660 πτουσα
2173 2604 2395 2677 ἑαυτὴν,
2411 2605 2506 2660 καὶ
2535 2604 2759 2660 εὔκολον
2779 2605 2921 2660 κατά
2937 2605 3036 2676 τῆς
3056 2605 3221 2673 ἁγίας
3243 2622 3337 2658 σου
3358 2604 3540 2675 ψυχῆς

1943 2699 2023 2770 τῷ
2051 2697 2286 2770 διαϐόλῳ
2335 2698 2570 2752 ποιοῦσα
2591 2698 2689 2769 τὴν
2723 2697 2914 2767 ἔφοδον
2933 2696 2985 2764 ά,
3019 2697 3079 2751 6v
3108 2699 3271 2769 μέχρι
3300 2699 3542 2768 σήμερον

1942 2791 2344 2858 καταξαίνουσα
2359 2791 2461 2845 οὐκ
2481 2790 2738 2856 ἐπαύσως
2757 2791 2824 2846 Τί
2839 2791 2949 2864 γὰρ
2963 2791 3028 2846 ἀν
3044 2808 3129 2854 τις
3141 2790 3286 2844 εἴποι
3299 2791 3400 2862 τήν
3418 2791 3546 2844 ὀπός

1945 2884 2112 2956 μονὴν
2133 2884 2234 2957 τὴν
2267 2883 2521 2950 ποικίλην
2541 2880 2638 2937 καὶ
2658 2882 2914 2954 πολυειδῆ
2932 2884 3026 2936 καὶ
3042 2882 3407 2954 πολύτροπον;
3443 2883 3541 2935 καὶ

1941 2975 2106 3038 πόσος
2128 2976 2260 3045 ἡμῖν
2283 2974 2364 3038 είς
2392 2971 2553 3027 τοῦτο
2568 2971 2796 3044 ἀρκέσει
2815 2973 2995 3041 λόγος,
3015 2971 3183 3027 πόσον
3199 2973 3256 3027 δὲ
3304 2973 3545 3046 ἱστορίας

1945 3066 2167 3137 μέτρον,
2189 3065 2244 3120 εῐ
2262 3082 2350 3130 τις
2375 3064 2448 3120 τά
2476 3066 2542 3119 ἐκ
2566 3064 2792 3138 πρώτης
2817 3065 3036 3136 ἡλικίας
3069 3065 3234 3138 μέχρι
3267 3066 3363 3121 τοῦ
3384 3065 3482 3120 νῦν
3519 3076 3551 3107 ο

1943 3157 2247 3231 παθήματά
2285 3174 2379 3212 σου
2413 3155 2732 3227 καταλέγοι,
2765 3157 2835 3211 τά
2868 3157 3020 3230 παρά
3062 3157 3173 3212 τῶν
3210 3158 3447 3222 οἰκείων,
3479 3158 3548 3212 τὰ

1944 3253 2098 3325 παρά
2119 3251 2227 3305 τῶν
2245 3252 2563 3322 ἀλλοτρίων.
2589 3252 2658 3305 τά
2675 3251 2830 3324 παρά
2848 3251 2957 3305 τῶν
2975 3250 3240 3322 φίλων,τά
3263 3251 3418 3323 παρά
3437 3251 3549 3305 τιῖω

1944 3348 2178 3420 ἐχθρῶν,
2204 3347 2274 3400 τά
2311 3347 2464 3418 παρά
2505 3346 2616 3400 τῶν
2643 3345 2791 3415 γένει
2844 3345 3257 3416 προσηκόντων,
3286 3345 3356 3400 τά
3397 3338 3562 3416 παρὰ

1945 3441 2055 3495 τῶν
2089 3441 2403 3513 μηδαμόθεν
2432 3439 2846 3512 προσηκόντων,
2886 3438 2956 3494 τά
2994 3438 3151 3512 παρά
3173 3437 3285 3493 τῶν
3309 3440 3368 3493 ἐν
3389 3439 3553 3493 δυναο

1951 3534 2178 3598 στείαις,
2213 3533 2284 3587 τὰ
2315 3532 2469 3605 παρὰ
2497 3532 2607 3588 τῶν
2638 3532 2898 3597 εὐτελῶν,
2933 3531 3004 3585 τὰ
3036 3532 3188 3603 παρά
3217 3530 3328 3585 τῶν
3355 3530 3555 3602 ἀρχόνο

1946 3640 2078 3689 των,
2099 3621 2165 3676 τὰ
2193 3623 2346 3696 παρὰ
2365 3624 2474 3676 τῶν
2507 3621 2754 3686 ἰδιωτῶν,
2788 3623 2857 3676 τά
2885 3621 3038 3693 παρὰ
3064 3622 3173 3675 τῶν
3202 3623 3282 3686 είς
3307 3621 3398 3675 τὸν
3421 3619 3555 3691 κλῆ-

1954 3733 2046 3788 ρον
2099 3715 2431 3779 τελούντων;
2464 3713 2686 3768 Τούτων
2715 3713 2826 3786 γάρ
2877 3714 3136 3777 ἕκαστον,
3167 3712 3222 3766 εί
3252 3730 3336 3776 τις
3365 3713 3558 3780 διεξίοι

1950 3807 2082 3861 αὐτὸ
2128 3805 2252 3861 καθ’
2301 3807 2464 3860 ἐαυτό
2509 3807 2692 3878 μόνον,
2742 3807 2987 3878 ἱστορίαν
3036 3805 3331 3879 ὀλόκληρον
3369 3807 3560 3860 ἱκανὸν

1953 3899 2179 3970 ποιῆσαι
2211 3899 2274 3953 τὸ
2303 3899 2569 3972 διήγημα.
2608 3901 2672 3953 Εί
2702 3899 2761 3954 δέ
2816 3917 2900 3964 τις
2935 3899 3032 3954 καὶ
3081 3899 3222 3974 1:96;
3278 3900 3346 3954 1:6
3385 3900 3558 3973 ἐτερα

1954 3995 2070 4064 εῐδη
2097 3995 2197 4065 τῆς
2243 3993 2450 4067 ἀρετῆς
2484 3993 2690 4063 ταύτης
2746 3994 3074 4066 μετασταίη,
3113 3995 3208 4048 καὶ
3237 3994 3438 4067 μηκέτι
3487 3993 3564 4050 τὸ

1953 4086 2085 4156 παρ’
2131 4086 2358 4157 ἐτέρων,
2394 4083 2534 4138 ἀλλά
2577 4083 2649 4138 τά
2698 4084 2854 4157 παρά
2901 4085 2996 4140 σοῦ
3038 4086 3561 4143 κατασκευασθέντα

1953 4178 2278 4249 διηγήσαιτο
2333 4177 2516 4248 πάθη,
2546 4179 2668 4231 τίνα
2723 4177 2893 4242 λίθον,
2941 4179 3065 4232 τίνα
3119 4179 3360 4251 σίδηρον,
3406 4182 3562 4236 ποῖον

1955 4272 2242 4341 ἀδάμαντα
2267 4271 2368 4342 οὐχ
2393 4271 2620 4342 εὑρήσει
2645 4271 2943 4343 νικηθέντα
2968 4270 3124 4344 παρά
3151 4272 3276 4338 σοῦ;
3314 4273 3562 4346 Ἀπαλην

1955 4364 2066 4434 γὰρ
2096 4362 2240 4416 οὓτω
2275 4363 2456 4435 σάρκα
2484 4361 2730 4417 λαϐοῦσα
2767 4363 2863 4417 καὶ
2893 4364 3197 4436 τρυφερὰν,
3233 4366 3396 4418 παντὶ
3429 4366 3563 4420 εἴδει

1955 4456 2168 4527 τρυφῆς
2201 4457 2627 4526 συντραφεῖσαν,
2679 4453 2855 4518 οὔτως
2900 4455 3072 4525 αὐτὴν
3121 4456 3390 4521 ποικίλοις
3432 4458 3564 4510 ἐπο-

1957 4547 2256 4617 λιόρκησας
2293 4546 2548 4609 πάθεσιν,
2580 4545 2656 4610 ώς
2696 4545 2863 4617 μηδὲν
2894 4547 3120 4618 ἄμεινον
3154 4547 3309 4620 [540]
3342 4549 3443 4620 τῆς
3469 4565 3563 4603 νεο

1959 4640 2272 4712 κρωθείσης
2303 4639 2631 4692 διακεῖσθαι’
2669 4640 2764 4693 καὶ
2785 4639 3044 4694 τοσοῦτον
3064 4641 3278 4711 ἀνῆψας
3306 4642 3364 4694 ἐν
3400 4658 3565 4695 σεαυ-

1957 4735 2024 4802 τῇ
2059 4732 2386 4801 νοσημάτων
2445 4730 2640 4802 ἐσμὸν,
2689 4731 2767 4795 ὡς
2811 4733 2906 4786 καὶ
2961 4733 3164 4804 ίατρῶν
3216 4733 3438 4804 τέχνην,
3469 4736 3568 4788 καὶ

1959 4826 2271 4897 φαρμάκων
2301 4826 2556 4894 δύναμιν,
2613 4825 2708 4880 καὶ
2762 4827 2944 4881 πάντα
2982 4827 3304 4897 ἐπιμελείας
3347 4828 3566 4897 ἐλέγξαι

1957 4919 2180 4991 τρόπον,
2206 4920 2302 4972 καὶ
2325 4918 2601 4991 διηνεκέσι
2631 4918 2801 4990 συζῆν
2826 4919 3058 4984 ὀδύναις.

2034 5009 2099 5066 ε’.
2123 5011 2236 5082 Τὴν
2255 5011 2313 5065 δὲ
2340 5012 2433 5064 ἐπὶ
2465 5012 2568 5082 τῆς
2589 5011 2876 5083 τραπέζης
2897 5011 2917 5051 ί
2943 5013 3245 5085 καρτερίαν
3270 5031 3330 5068 τε
3353 5015 3448 5069 καὶ
3473 5015 3573 5087 ἐγ-

1968 5105 2253 5178 κράτειαν,
2291 5104 2385 5158 καὶ
2432 5103 2532 5174 τὴν
2584 5106 2642 5158 ἐν
2677 5107 2796 5169 ταῖς
2851 5104 3004 5170 νυξὶν
3049 5104 3104 5158 εῐ
3139 5123 3224 5170 τις
3278 5105 3572 5181 βουληθείη

1962 5199 2274 5266 διεξελθεῖν,
2304 5199 2488 5253 πόσων
2520 5198 2772 5270 δεήσεται
2821 5197 3038 5267 λόγων;
3091 5199 3311 5254 Μᾶλλον
3344 5200 3402 5254 δέ
3447 5200 3574 5256 οὐδὲ

1967 5293 2158 5355 είασας
2175 5291 2346 5360 αὐτὴν
2376 5290 2705 5361 ἐγκράτειαν
2730 5291 3017 5345 καλεῖσθαι
3048 5292 3258 5358 λοιπὸν,
3288 5293 3410 5348 οὐδὲ
3438 5312 3578 5366 καρ-

1965 5385 2154 5457 τερίαν
2188 5385 2282 5438 ἐπὶ
2314 5383 2430 5451 σοῦ,
2461 5383 2577 5436 ἀλλ’
2597 5385 2784 5456 ἕτερον
2823 5384 2999 5456 ὄνομα
3039 5385 3270 5450 ταύταις
3301 5387 3436 5459 ημῖν
3476 5388 3576 5460 ζη-

1967 5478 2160 5549 τητέον
2190 5479 2310 5541 ταῖς
2353 5476 2578 5548 ἀρεταῖς
2607 5478 2790 5548 πολλῷ
2831 5479 3036 5548 μεῖζον.
3073 5479 3185 5532 Καὶ
3229 5479 3340 5551 γάρ
3369 5481 3578 5551 ἐγκρα-

1968 5572 2224 5627 τεύεσθαι
2245 5572 2460 5626 ’ἐκεῖνόν
2497 5589 2678 5641 φαμεν
2704 5572 2797 5624 καὶ
2827 5573 3137 5642 καρτερεῖν,
3179 5572 3272 5626 τὸν
3296 5572 3400 5626 ὑπό
3431 5588 3574 5634 τινος

1973 5666 2273 5736 ἐπιθυμίας
2299 5664 2821 5736 ἐνοχλούμενον,καὶ
2842 5663 3149 5736 κρατοῦντα
3169 5663 3394 5737 ταύτης.
3423 5663 3495 5717 Σὺ
3521 5663 3577 5718 δέ

2035 5801 2060 5840 d
2084 5801 2287 5851 Coislin.
2313 5805 2366 5848 et
2387 5799 2510 5861 Reg.
2533 5801 2618 5856 τήν
2642 5799 2844 5853 εἴσοδον.

2041 5879 2062 5905 c
2092 5864 2218 5913 Tres
2240 5875 2358 5910 mss.
2385 5862 2574 5918 ἡλικίας
2597 5861 2688 5916 iw;
2711 5861 2810 5909 νῦν.

2048 5924 2067 5963 ί
2105 5926 2210 5977 Ἐπὶ
2237 5928 2320 5982 τάς
2339 5924 2590 5986 τραπέζας,
2611 5923 2682 5973 sic
2713 5923 2813 5974 duo
2833 5935 2933 5973 mss
