4192 6480
701 570 802 626 οὐκ
823 569 966 641 ἔχεις
993 571 1116 624 ότου
1139 570 1448 640 κρατήσεις
1484 570 1648 640 πολλῇ
1673 569 1781 640 γάρ
1823 573 1890 641 τῇ
1926 568 2072 640 ῥύμη
2123 566 2273 636 παρά

704 665 802 734 τὴν
835 662 1009 734 ἀρχὴν
1037 662 1317 716 πνεύσασα
1357 661 1498 715 κατά
1524 661 1624 731 τῆς
1663 662 1882 732 σαρκὸς,
1915 660 2141 717 ἔσϐεσας
2179 657 2274 710 αύ-

703 755 803 823 1?};
830 756 929 818 τάς
951 753 1243 825 ἐπιθυμίας
1278 753 1499 816 ταύτας,
1524 753 1584 805 ού
1606 752 1950 824 χαλινώσασα
1977 749 2066 802 τδν
2087 749 2270 812 ῐππον,

699 845 838 902 ἀλλά
854 845 1255 916 συμποδίσασα,
1294 844 1391 898 καὶ
1422 845 1596 914 χαμαὶ
1629 843 1850 915 ῥίψασα,
1887 841 1979 895 καὶ
2007 841 2275 911 ποιήσασα

702 936 884 1005 μένειν
913 934 1186 1006 ἀκίνητον.
1216 936 1329 990 Καὶ
1355 937 1479 986 τότε
1509 932 1608 1004 μὲν
1641 933 1964 1002 ἐγκράτειαν
1994 928 2272 1001 κατορθώο

704 1041 864 1086 σισα,
890 1025 984 1079 νῦν
1010 1025 1067 1079 δέ
1093 1025 1361 1080 ἀπάθειαν
1389 1025 1596 1078 λοιπόν.
1623 1024 1696 1077 ού
1727 1023 1835 1094 γὰρ
1861 1022 2119 1092 διενοχλεῖ
2145 1039 2244 1093 τρυ
2261 1052 2274 1062 -

700 1120 808 1191 φῆς
837 1120 1121 1191 ἐπιθυμία,
1149 1121 1243 1173 καὶ
1273 1119 1432 1174 πόνον
1451 1120 1592 1190 ἔχεις
1613 1117 1752 1172 ὥστε
1785 1116 1957 1186 αὐτῆς
1980 1117 2268 1188 κρατῆσαι⁸

700 1211 836 1266 ἀλλά
884 1211 1136 1278 καθάπαξ
1186 1211 1354 1280 αὐτὴν
1398 1210 1729 1278 ἀφανίσασα.
1765 1209 1860 1262 καὶ
1888 1208 2084 1262 άϐατον
2133 1208 2269 1279 αὐτῇ

699 1305 799 1376 τήν
828 1306 1006 1377 σάρκα
1037 1305 1328 1374 ποιήσασα,
1366 1301 1618 1356 τοσοῦτον
1645 1299 1940 1355 ἀπολαύειν
1973 1299 2120 1353 σίτου
2177 1300 2270 1352 καὶ

703 1396 865 1450 ποτοῦ
918 1397 1018 1468 τὴν
1040 1395 1282 1466 γαστέρα
1315 1394 1660 1458 ἐπαίδευσας,
1706 1393 1831 1446 ὅσον
1861 1392 1936 1464 μὴ
1983 1391 2270 1445 ἀποθανεῖν

700 1489 796 1542 καὶ
812 1489 968 1560 δίκην
994 1487 1198 1541 δοῦναι.
1226 1488 1323 1542 Διά
1341 1503 1424 1540 τοι
1443 1485 1602 1540 τοῦτο
1637 1485 1698 1537 ού
1728 1484 2001 1555 νηστείαν,
2029 1483 2150 1536 ούδέ
2177 1484 2267 1551 ἐγ-

702 1580 957 1651 κράτειαν
989 1579 1145 1634 τοῦτο
1169 1579 1342 1642 καλῶ,
1383 1579 1498 1632 ἀλλ’
1524 1577 1710 1648 ἐτερόν
1746 1595 1798 1630 τι
1830 1577 2018 1630 τούτου
2063 1575 2262 1646 μεῖζον.

699 1673 870 1729 Τοῦτο
898 1676 992 1728 καὶ
1024 1676 1116 1729 ἐπί
1156 1675 1254 1746 τῆς
1287 1675 1592 1747 ἀγρυπνίας
1645 1690 1740 1727 σου
1774 1674 1872 1743 τῆς
1926 1674 2074 1744 ἱερᾶς
2121 1670 2267 1726 ἐστιν

701 1767 848 1818 ίόεῖν·
882 1767 975 1820 καὶ
1002 1765 1110 1834 γάρ
1136 1768 1169 1834 ή
1196 1763 1289 1818 τοῦ
1313 1763 1590 1818 καθεύδειν
1605 1763 1886 1834 ἐπιθυμία,
1911 1763 2122 1832 ἐκείνης
2145 1761 2267 1815 σϐε-

699 1856 944 1925 σθείσης,
995 1854 1460 1925 συγκατεσϐέσθη·
1510 1854 1683 1927 τροφὴ
1736 1854 1844 1924 γὰρ
1891 1852 2056 1906 ὕπνου
2097 1853 2261 1905 σιτία.

697 1945 808 1999 Καὶ
840 1945 1012 2015 ἐτέρῳ
1036 1945 1091 1998 δέ
1115 1944 1285 2015 αὐτὴν
1315 1943 1616 2006 κατέλυσας
1653 1942 1854 2012 τρόπῳ,
1883 1942 1940 2007 ἐξ
1961 1942 2134 2013 ἀρχῆς
2167 1941 2266 2010 μὲν

697 2038 788 2089 καὶ
842 2036 1012 2105 αὐτὴν
1061 2036 1364 2104 βιασαμένη
1419 2035 1518 2105 τὴν
1570 2032 1749 2103 φύσιν,
1799 2033 1893 2086 καὶ
1941 2031 2265 2102 ὁλοκλήρους

695 2128 893 2191 νύκτας
936 2129 1175 2190 ἀύπνους
1218 2127 1494 2195 διάγουσα·
1557 2124 1780 2196 ὕστερον
1819 2125 1878 2178 δὲ
1931 2128 1998 2195 τῇ
2054 2126 2267 2193 συνεχεῖ

696 2219 951 2288 συνηθείᾳ
977 2222 1069 2272 καὶ
1103 2220 1181 2282 εις
1207 2218 1366 2287 φύσιν
1395 2217 1676 2286 ἀγαγοῦσα
1707 2217 1768 2269 10
1798 2217 2262 2288 πρᾶγμα.”Ωσπερ

694 2309 805 2380 γαρ
843 2312 954 2372 τοῖς
996 2310 1173 2372 ἀλλοις
1211 2308 1353 2363 κατά
1397 2311 1558 2378 φύσιν
1582 2307 1644 2361 10
1690 2307 1990 2373 καθεύδειν,
2016 2307 2158 2361 οὕτω
2183 2310 2263 2361 σοὶ

695 2403 757 2454 10
789 2402 1165 2473 ἐγρηγορέναι.
1215 2401 1516 2471 Θαυμαστὰ
1573 2402 1670 2472 μὲν
1719 2397 1812 2456 οὖν
1839 2400 2013 2456 ταῦτα
2041 2400 2135 2454 καὶ
2170 2402 2263 2454 ἐκ-

695 2490 942 2562 πλήξεως
970 2492 1228 2562 γέμοντα,
1267 2493 1363 2545 καὶ
1379 2491 1501 2546 καθ’
1539 2492 1706 2548 ἐαυτά
1726 2508 1739 2522 ⁸
1777 2493 1826 2546 εί
1858 2492 1916 2546 δέ
1938 2511 2022 2557 τις
2049 2495 2142 2548 καὶ
2172 2493 2265 2547 10v

691 2585 886 2653 καιρὸν
915 2585 1236 2648 ἐξετάσεων,
1268 2586 1352 2638 δτι
1376 2586 1434 2638 ἐν
1456 2583 1620 2658 ἀώρῳ
1647 2585 1832 2658 ἡλικία
1857 2585 2028 2641 ταῦτα
2055 2603 2265 2659 κατωρ-

694 2675 872 2735 θοῦτο.
897 2677 992 2732 καὶ
1019 2675 1116 2747 τὴν
1138 2677 1372 2747 ἐρημίαν
1399 2677 1510 2730 τῶν
1549 2677 1886 2743 διδαξόντων,
1917 2677 2011 2732 καὶ
2037 2679 2098 2732 10
2126 2678 2261 2749 πλῆ-

692 2767 786 2830 θος
811 2768 921 2820 τῶν
948 2766 1432 2831 σκανδαλιζόντων,
1461 2770 1554 2822 καὶ
1580 2770 1662 2824 δτι
1693 2770 1751 2822 ἐν
1775 2768 1919 2840 ψυχῇ
1945 2770 2003 2834 ἐξ
2033 2769 2264 2833 ἀσεϐοῦς

691 2857 843 2909 οῖκου
864 2855 960 2910 νῦν
983 2855 1397 2929 αὐτομολησάσῃ
1423 2857 1557 2928 1:90;
1584 2858 1684 2929 τὴν
1717 2857 1995 2929 ἀλήθειαν,
2057 2859 2151 2912 κα).
2179 2860 2262 2913 δτι

693 2947 752 3001 ἐν
775 2946 988 3019 σώματι
1023 2948 1318 3019 γυναικείῳ
1348 2965 1409 3002 τε
1459 2951 1554 3002 καὶ
1597 2949 1772 3012 an»;
1818 2949 2010 3019 ἀπαλῷ
2045 2949 2132 3003 διὰ
2163 2949 2262 3020 τὴν

690 3036 800 3088 τῶν
823 3037 1102 3108 προγόνων
1124 3037 1478 3110 περιφάνειαν
1506 3037 1599 3091 καὶ
1624 3037 1850 3109 τρυφὴν,
1892 3039 2031 3092 πόσα
2053 3039 2262 3112 πελάγη

693 3127 986 3199 θαυμάτων
1009 3130 1233 3201 εὑρήσει
1257 3130 1382 3184 καθ’
1415 3130 1646 3183 ἐκαστον
1672 3129 1877 3184 τούτων
1904 3132 2260 3203 ἀνοιγόμενας

690 3219 790 3272 Διά
810 3235 891 3274 τοι
918 3220 1078 3274 τοῦτο
1112 3218 1220 3275 τῶν
1244 3219 1418 3276 ἀλλων
1459 3219 1580 3274 οὗδέ
1609 3219 2109 3292 ἐπιμνησθήσομαι,
2162 3222 2262 3293 τῆς

688 3310 1206 3383 ταπεινοφροσύνης,
1245 3313 1344 3382 τῆς
1389 3313 1628 3382 ἀγάπης,
1672 3311 1781 3365 «In:
1820 3312 2023 3376 λοιπῶν
2051 3313 2261 3382 ἀρετῶν

687 3401 788 3470 τῆς
815 3401 973 3469 Wa:
1006 3417 1103 3456 σου
1129 3402 1326 3474 ψυχῆς
1353 3404 1464 3456 Καὶ
1494 3403 1604 3473 γὰρ
1634 3404 1813 3474 μόνον.
1838 3404 1913 3468 ὡς
1933 3404 2207 3479 ιμνήσθιιιν
2231 3417 2259 3447 ⁸

686 3489 915 3556 τούτων,
941 3491 1036 3544 καὶ
1057 3491 1154 3556 τὰς
1186 3493 1556 3563 προσηγορίας
1570 3487 1740 3558 εἶπον,
1773 3494 1975 3564 μυρίας
1999 3493 2260 3548 ἀνέϐλυσέ

692 3599 784 3653 μοι
813 3583 979 3637 πάλιν
1002 3586 1036 3654 ή
1080 3583 1290 3638 διάνοια
1332 3584 1532 3654 πηγὰς,
1575 3584 1668 3638 καὶ
1700 3582 1938 3654 βιάζεται
1959 3586 2054 3638 καὶ
2087 3587 2260 3641 εἰπεῖν

688 3672 912 3738 τούτων,
932 3675 1008 3738 ὡς
1043 3673 1140 3746 τῆς
1171 3675 1460 3746 προτέρας,
1509 3675 1612 3728 κᾶν
1654 3676 1718 3728 ἐκ
1751 3675 1970 3747 μέρους,
2022 3677 2093 3730 τὰ
2119 3677 2258 3748 εἴδη,

691 3764 893 3835 μᾶλλον
913 3763 972 3826 δέ
1003 3765 1102 3829 τὰς
1127 3765 1411 3830 ὑποθέσεις
1441 3767 1622 3837 μόνον’
1656 3768 1831 3820 ἐκεῖνο
1850 3767 1958 3838 γὰρ
1982 3769 2010 3808 δ
2035 3769 2260 3839 ἄπειρον

689 3857 895 3927 σφόδρα
938 3856 1186 3926 ἐπιζητεῖ
1226 3857 1402 3926 λόγον.
1445 3857 1604 3911 Ἀλλά
1645 3860 1745 3912 ούκ
1785 3859 2067 3928 ἀνέξομαι,
2119 3859 2259 3914 ὥστε

691 3946 769 4019 μὴ
809 3948 907 4019 τῆς
954 3948 1260 4013 ὑποθέσεως
1292 3950 1564 4015 ἐκπεσεῖν,
1602 3950 1670 4020 ἢν
1711 3950 2040 4021 προειλόμην
2067 3967 2261 4023 κατορ-

689 4036 884 4102 θῶσαι,
921 4041 1002 4104 εἰς
1034 4039 1262 4110 ἄπειρον
1287 4039 1586 4110 ἐξενεχθεὶς
1616 4040 1869 4109 πέλαγος.
1911 4042 2064 4095 Ἐπεὶ
2087 4043 2134 4094 εί
2186 4044 2260 4113 μὴ

686 4128 846 4182 τοῦτο
876 4128 1163 4202 προῦκειτό
1209 4149 1297 4200 μοι
1344 4131 1438 4184 νῦν
1470 4132 1532 4185 10
1565 4131 1857 4202 πρόρριζον
1882 4132 1980 4203 τὴν
2026 4133 2260 4202 ἀθυμίαν

689 4218 840 4294 [5M]
871 4222 979 4276 ἀπὸ
1005 4221 1099 4276 σοῦ
1131 4223 1466 4282 ἀνασπάσαι.
1508 4223 1677 4292 ήδέως
1701 4223 1906 4286 τούτοις
1939 4225 2260 4294 ἐνδιέτριϐον

688 4315 798 4376 τοῖς
817 4313 1014 4382 λόγοις,
1051 4313 1146 4366 καὶ
1182 4313 1416 4381 πέλαγος
1467 4314 1690 4384 ἄπειρον
1717 4313 1926 4374 ἔπλεον,
1977 4315 2175 4384 μᾶλλον
2203 4316 2258 4369 δέ

687 4402 918 4473 πελάγη,
947 4404 1180 4475 ἑκάστης
1205 4420 1298 4458 σου
1327 4405 1527 4476 ἀρετῆς
1553 4404 1652 4469 τὰς
1691 4404 2028 4475 πολυσχιδεῖς
2067 4408 2259 4460 ἀνατέ-

689 4511 836 4565 μνων
865 4495 1038 4563 ὀδοὺς,
1071 4489 1146 4550 ὧν
1173 4496 1380 4567 ἑκάστη
1427 4496 1545 4560 000;
1591 4496 1825 4565 πέλαγος
1853 4497 2029 4552 ἐτικτε
2073 4499 2255 4562 πάλιν,

687 4587 790 4640 κάν
813 4589 878 4657 τῇ
910 4587 1177 4657 ὑπομονῇ,
1225 4588 1330 4640 κάν
1363 4590 1429 4656 τῇ
1477 4592 1962 4660 ταπεινοφροσύνῃ,
1988 4592 2082 4643 καὶ
2108 4593 2258 4664 ἐλεη-

686 4675 894 4747 μοσύνη
935 4679 1000 4747 τῇ
1035 4677 1302 4730 πολυειδεῖ
1342 4677 1596 4748 καὶπρὸς
1625 4679 1765 4731 αύτά
1801 4679 1902 4746 τῆς
1933 4681 2258 4752 οἰκουμένης

684 4766 754 4821 τά
788 4766 1000 4837 πέρατα
1028 4767 1361 4841 ἀπλωθείσῃ,
1397 4770 1499 4821 κάν
1531 4771 1598 4840 τῇ
1637 4771 1827 4840 ἀγάπῃ
1845 4774 1912 4841 τῇ
1938 4772 2136 4842 μυρίας
2175 4792 2256 4826 νι-

682 4855 836 4927 κώση
860 4857 1140 4927 καμίνους.
1163 4860 1264 4912 κάν
1280 4861 1346 4930 τῇ
1373 4861 1581 4914 συνέσει
1604 4863 1668 4931 τῇ
1695 4861 1925 4932 ἀπείρῳ,
1943 4864 2035 4916 καὶ
2059 4862 2256 4932 πολλῆς

678 4948 926 5026 ,γεμούσῃ
970 4951 1210 5022 χάριτος,
1242 4952 1336 5004 καὶ⁵
1389 4952 1457 5005 τά
1502 4951 1675 5022 μέτρα
1703 4953 1800 5022 τῆς
1843 4952 2055 5022 φύσεως
2085 4957 2250 5027 ὑπερ-

681 5042 842 5113 ϐάσῃ.
875 5042 956 5095 Τά
1006 5041 1064 5096 δέ
1097 5043 1496 5114 κατορθώματα
1539 5044 1605 5096 τά
1645 5044 1891 5098 ἐντεῦθεν
1918 5045 2170 5115 τεχθέντα
2203 5048 2257 5100 εί

679 5151 764 5198 τις
791 5132 1032 5203 βούλοιτο
1063 5136 1291 5198 ἐπιέναι,
1321 5136 1515 5189 ταύτδν
1551 5137 1764 5207 ποιήσει
1804 5132 1914 5190 οἷον
1959 5141 2010 5192 εἴ
2049 5157 2131 5202 τις
2160 5143 2253 5194 καὶ

683 5225 750 5277 τὰ
781 5224 1000 5295 κύματα
1023 5223 1293 5293 θαλάσσης
1331 5227 1580 5298 ἀριθμεῖν
1610 5229 1932 5299 ἐπιχειροίη.

752 5321 830 5380 ς’.
861 5316 952 5370 Διδ
982 5316 1050 5370 τά
1076 5317 1276 5386 ἄπειρα
1300 5316 1470 5371 ταῦτα
1502 5320 1872 5391 παραδραμὼν
1898 5323 2127 5394 πελάγη,
2159 5323 2250 5376 τὸν

679 5405 866 5464 λέοντα
898 5408 1006 5459 ἀπὸ
1039 5408 1130 5461 τοῦ
1151 5408 1340 5479 ὄνυχος
1355 5409 1525 5474 δεῖξαι
1554 5413 1904 5484 πειράσομαι,
1936 5416 2089 5483 ὀλίγα
2115 5419 2249 5471 ἄττα

679 5499 811 5569 περὶ
840 5499 938 5569 τῆς
964 5499 1158 5569 στολῆς
1186 5515 1281 5553 σου
1302 5501 1620 5570 διαλεχθεὶς,
1660 5507 1786 5573 περὶ
1814 5506 1918 5557 τῶν
1945 5506 2130 5570 ἁπλῶς
2158 5511 2248 5561 καὶ

678 5589 800 5656 εἰκῆ
837 5607 917 5643 σοι
948 5594 1348 5662 περικειμένων
1396 5595 1642 5663 ἱματίων.
1675 5598 1794 5650 Τῶν
1817 5600 1914 5668 μὲν
1940 5600 2042 5672 γὰρ
2076 5603 2246 5656 ἀλλων

677 5682 894 5736 ἐλαττον
926 5679 1062 5737 εἶναι
1093 5686 1241 5738 δοκεῖ
1264 5687 1325 5740 10
1355 5688 1702 5759 κατόρθωμαο
1739 5694 1785 5744 εἰ
1807 5691 1860 5744 δέ
1894 5709 1975 5756 τις
2005 5694 2244 5765 ἀκριϐῶς

739 5815 762 5882 ξ
791 5815 923 5882 Τεεη-
945 5831 1059 5867 mss.
1084 5820 1222 5879 μόνον
1256 5821 1500 5882 ἐμνήσθην.

738 5876 766 5917 δ
789 5879 881 5926 Alii
908 5880 1062 5927 eum
1087 5876 1191 5943 γάρ.

1370 453 1427 509 S.
1450 452 1733 511 ιοΑΝΝιδ
1769 445 2251 509 CHRYSOSTOII
2288 446 2613 506 ARCHIEP.
2653 449 3206 510 CONSTANTINOP.

2384 566 2516 619 αὐτὸ
2536 567 2837 631 ἐξετάσειε,
2870 565 3073 638 σφόδρα
3099 572 3322 639 εὑρήσει
3352 565 3491 638 μέγα
3507 583 3563 620 τε
3599 566 3840 637 ὑπάρχον
3866 563 3960 619 καὶ

2385 663 2672 733 φιλοσόφου
2719 664 2970 734 δεόμενον
3013 665 3209 734 ψυχῆς,
3250 665 3432 719 καὶτὰ
3467 663 3693 733 βιωτικά
3745 665 3958 718 ἃπαντα

2387 761 2830 832 καταπατούσης,
2880 761 2972 816 καὶ
3005 759 3139 832 1:90;
3158 761 3318 813 αὑτὸν
3353 759 3653 830 ἱπταμένης
3676 760 3765 812 τὸν
3790 760 3956 830 οὐρα-

2381 855 2488 910 νόν.
2536 857 2735 928 Διόπερ
2761 856 2860 909 οὐκ
2915 858 2974 908 ἐν
2998 858 3064 927 τῇ
3095 856 3269 927 Καινῇ
3312 856 3493 924 μόνον,
3519 855 3651 909 ἀλλά
3690 854 3784 906 καὶ
3807 857 3865 907 ἐν
3886 857 3954 924 τῇ

2382 954 2613 1024 Παλαιᾷ,
2644 954 2734 1007 ὅτε
2763 953 2853 1006 διά
2888 955 3051 1017 σκιᾶς
3075 953 3171 1006 καὶ
3206 951 3378 1005 τύπου
3418 953 3479 1005 τὸ
3521 950 3628 1005 τῶν

2377 1051 2406 1103 ό
2437 1049 2568 1112 Θεος
2606 1045 2708 1120 ἦγε
2747 1049 2924 1118 γένος,
2951 1050 3045 1102 καὶ
3081 1047 3536 1120 σωματικώτερον
3568 1049 3637 1102 τά
3679 1047 3777 1117 τῆς
3803 1047 3955 1101 πολι-

2376 1145 2525 1208 τείας
2554 1147 2938 1216 ἐρρυθμίζετο,
2979 1147 3213 1214 καὶπερὶ
3238 1144 3345 1198 τῶν
3378 1145 3645 1216 οὐρανίων
3673 1144 3846 1208 οὐδεὶς
3868 1144 3956 1198 οὒ-

2375 1242 2524 1296 δέπω
2561 1243 2718 1311 λόγος
2739 1237 2829 1314 ἦν,
2851 1242 2972 1296 οὐδέ
3001 1241 3298 1312 μελλόντων
3334 1243 3542 1312 μνήμη,
3575 1241 3695 1295 οὐδὲ
3719 1241 3821 1312 τῆς
3856 1241 3956 1297 νῦν

2376 1338 2710 1410 κατεχούσης
2742 1339 3058 1410 φιλοσοφίας
3082 1339 3328 1409 αἴνιγμα,
3362 1337 3498 1391 ἀλλά
3519 1338 3821 1410 παχύτερόν
3836 1355 3955 1404 πως

2377 1437 2470 1490 καὶ
2506 1435 2912 1509 σαρκικιὶντερον
2931 1439 2980 1490 οί
2999 1435 3152 1507 νόμοι
3183 1439 3295 1499 τοῖς
3339 1434 3606 1505 Ἑϐραίοις
3630 1435 3951 1506 ἐγράφοντο,

2379 1537 2516 1608 μετά
2568 1537 2773 1608 πολλῆς
2803 1538 2902 1606 τῆς
2944 1537 3301 1608 σφοδρότητος
3347 1537 3445 1608 τὴν
3469 1539 3526 1590 ἐν
3554 1540 3667 1600 τοῖς
3715 1538 3954 1608 ἱματίοις

2374 1637 2733 1708 ἀπαγορεύων
2779 1637 3154 1706 φιλοκοσμίαν,
3193 1637 3363 1691 ταῦτα
3405 1637 3493 1689 διά
3548 1637 3641 1689 τοῦ
3675 1638 3953 1708 προφήτου

2374 1737 2524 1808 φησί’
2549 1736 2692 1790 Τάδε
2705 1736 2864 1804 λέγει
2884 1741 2916 1790 ό
2931 1739 3145 1806 Κύριος
3158 1737 3255 1790 ἐπὶ
3272 1737 3375 1803 τὰς
3395 1738 3538 1806 ἁρχο
3549 1738 3702 1804 ὐσας
3717 1735 3954 1806 θυγατέ-

2363 1853 2478 1904 ρας
2507 1836 2677 1897 Σιὼν,
2708 1835 2854 1889 Ἀνσ
2869 1827 2957 1888 ὧν
2970 1835 3304 1903 ὑψώθησαν
3318 1837 3376 1888 αι
3392 1833 3709 1904 θυγατέρες
3731 1833 3950 1902 αὐτῶν,

2372 1937 2471 1989 καί
2495 1936 2906 2005 ἐπορεύθησαν
2936 1935 3155 2005 ὑψηλῷ
3190 1935 3494 2004 τραχήλῳ,
3535 1935 3632 1988 καί
3659 1935 3955 2004 νεύμασιν

2371 2036 2713 2106 ὀφθαλμῶν,
2734 2037 2830 2091 καί
2854 2035 2927 2106 τῇ
2940 2039 3144 2106 πορείᾳ
3156 2035 3273 2090 τῶν
3284 2035 3485 2090 ποδῶν
3495 2039 3793 2106 σύρουσαι
3808 2036 3952 2104 τοὺς

2371 2139 2646 2208 χιτῶνας,
2665 2141 2762 2194 καί
2787 2139 2909 2204 τοῖς
2926 2140 3111 2193 ποσὶν
3126 2139 3245 2208 ἅμα
3271 2139 3607 2199 παίζουσαι·
3631 2141 3728 2194 καὶ
3760 2154 3952 2194 taxu-

2371 2242 2550 2295 νώσει
2581 2243 2797 2309 Κύριος
2824 2240 2930 2306 τὰς
2952 2242 3263 2310 ἀρχούσας
3299 2240 3626 2311 θυγατέρας
3651 2241 3826 2306 Σιὼν,
3852 2243 3952 2296 καί

2370 2342 2750 2411 ἀνακαλύψω
2767 2343 2827 2410 tt;
2843 2343 3053 2412 σχῆμα
3069 2340 3288 2408 αὐτῶν,
3303 2342 3397 2396 καί
3414 2342 3750 2412 άςρελεῖτὴν
3763 2342 3953 2409 δόξαν

2371 2441 2476 2496 τοῦ
2517 2442 2838 2512 ἱματισμοῦ
2867 2441 3085 2505 αὐτῶν,
3122 2441 3219 2495 καί
3264 2441 3436 2496 ἔσται
3462 2457 3561 2496 σοι
3586 2443 3720 2496 ἀντὶ
3752 2441 3952 2512 ὀσμῆς

2373 2542 2578 2608 ἡδείας
2591 2542 2916 2610 κονιορτὸς,
2932 2543 3027 2595 καί
3041 2542 3172 2595 ἀντί
3189 2539 3372 2608 ζώνης
3389 2542 3640 2612 σχοινίῳ
3653 2540 3832 2610 ζώσῃ,
3851 2542 3952 2598 καὶ

2370 2642 2499 2694 ἀντὶ
2513 2640 2619 2694 τοῦ
2635 2630 2865 2710 κόσμού
2887 2638 2993 2707 τῆς
3007 2639 3276 2708 κεφαλῆς
3287 2655 3403 2693 σου
3419 2639 3783 2709 φαλάκρωμα
3791 2639 3950 2706 ἔξεις

2369 2741 2467 2793 δ’ιά
2505 2741 2576 2794 τὰ
2601 2741 2743 2809 ἔργα
2791 2757 2928 2804 σου,
2958 2740 3093 2794 ἀντὶ
3130 2739 3198 2792 δὲ
3219 2739 3324 2793 τοῦ
3361 2739 3613 2808 χιτῶνος
3637 2739 3743 2794 τοῦ
3765 2754 3951 2809 μεσο-

2368 2838 2676 2905 πορφύρου
2708 2834 2998 2905 περιᾰὶισῃ
3027 2837 3288 2890 σάκκοιυ
3314 2835 3488 2890 ταῦτά
3518 2853 3602 2889 σοι
3635 2837 3755 2890 ἀντὶ
3793 2837 3953 2892 καλλο

2367 2931 2640 3003 ωπισμοῦ.
2700 2927 2852 2995 Εἶδες
2901 2932 3069 3003 ὀργὴν
3114 2933 3354 3001 ἀφατον;
3411 2927 3552 2997 εἶδες
3591 2932 3811 2988 κόλασιν
3851 2935 3952 2988 καὶ

2367 3029 2640 3098 τιμωρίαν
2671 3028 3064 3100 σφοδροτάτηνς
3101 3024 3242 3094 εἶδες
3277 3028 3653 3100 αἰχμαλωσίαν
3693 3029 3950 3084 ἐπιτεταμ-

2373 3124 2574 3195 μένην;
2613 3125 2705 3177 Ἐκ
2739 3123 2929 3178 τούτου
2965 3135 2988 3163 ο
3035 3124 3297 3195 στοχάζου
3336 3123 3432 3177 τοῦ
3462 3123 3860 3194 ἁμαρτήματος
3885 3123 3951 3178 τὺ

2371 3218 2616 3290 μέγεθος.
2651 3220 2727 3272 Ού
2762 3219 2870 3289 γάρ
2903 3218 2970 3272 ἀν
2992 3218 3361 3291 σφοδροτάτην
3391 3217 3564 3282 οὕτως
3589 3219 3838 3289 ἐπήγαγε
3863 3236 3948 3276 u-

2371 3315 2582 3386 μωρίαν
2609 3317 2638 3368 ό
2677 3315 3058 3386 φιλάνθρωπός
3112 3332 3264 3380 ποτε,
3296 3315 3372 3387 μὴ
3410 3315 3510 3387 τῆς
3536 3316 3811 3387 ἁμαρτίας
3843 3316 3951 3388 τῆς

2367 3413 2756 3483 ἐπισπωμένης
2809 3411 2979 3483 αὐτὴν
3023 3411 3159 3464 πολὺ
3192 3410 3438 3482 μείζονος
3463 3411 3650 3483 οὔσης.
3696 3412 3761 3465 Εί
3789 3412 3850 3468 δέ
3885 3413 3949 3469 τδ

2368 3510 2678 3582 ἁμάρτημα
2700 3509 2863 3580 μέγα,
2893 3508 3114 3579 εὔδηλον
3140 3509 3225 3562 δτι
3249 3509 3345 3562 καὶ
3379 3509 3442 3563 10
3491 3508 3820 3580 κατόρθωμα
3849 3509 3948 3580 μέο

2367 3622 2572 3674 γιστον,
2599 3605 2661 3659 10
2687 3606 3017 3669 ἀπεναντίας
3071 3605 3301 3675 ἐστηκὺς
3327 3605 3523 3677 τούτῳ.
3557 3606 3657 3660 Διά
3673 3623 3755 3660 τοι
3787 3606 3950 3662 τοῦτο

2367 3703 2462 3756 καὶ
2491 3702 2772 3772 βιωτικαῖς
2805 3701 3019 3771 γυναιξὶ
3037 3701 3416 3770 διαλεγόμενος
3443 3703 3472 3754 ό
3504 3701 3734 3767 Παῦλος,
3759 3701 3821 3753 ού
3851 3701 3948 3772 μό-

2366 3817 2458 3852 νον
2487 3799 2581 3852 τοῦ
2625 3802 2984 3870 χρυσοφορεῖν
3011 3799 3181 3862 αὺτάς
3205 3799 3427 3866 ἀπάγει,
3456 3798 3572 3852 ἀλλ’
3599 3799 3719 3852 ούδέ
3755 3800 3946 3870 ίμάτια

2367 3896 2634 3966 πολυτελῆ
2671 3895 3010 3967 περικεῖσθαι
3032 3895 3277 3966 ἀφίησιν.
3299 3889 3420 3948 Οἵδε
3441 3896 3568 3966 γὰρ,
3599 3891 3706 3948 οῐδε
3733 3895 3944 3964 σαφῶς,

2365 3994 2447 4046 ὅτι
2480 3993 2714 4063 χαλεπὸν
2758 3992 2916 4046 τοῦτο
2960 3993 3138 4062 ψυχῆς
3167 3993 3404 4063 νόσημα,
3457 3994 3549 4046 καὶ
3593 3993 3945 4060 δυσκαταγώ-

2366 4106 2565 4154 νιστον,
2592 4090 2682 4142 καὶ
2709 4087 2933 4159 γνώμης
2957 4087 3358 4159 διεφθαρμένης
3386 4087 3583 4159 δεῖγμα
3603 4087 3754 4160 [542]
3783 4089 3942 4159 μέγι-

2367 4187 2491 4239 στόν
2525 4189 2662 4250 ἐστι,
2699 4187 2792 4241 καὶ
2829 4187 3031 4256 σφόδρα
3083 4187 3372 4255 φιλοσόφου
3402 4185 3652 4257 δεόμενον
3680 4185 3901 4257 γνώμης
3923 4205 3938 4218 ·

2366 4281 2457 4336 καὶ
2508 4282 2756 4353 δηλοῦσιν
2800 4285 2897 4354 οὐχ
2951 4285 3008 4336 αί
3057 4283 3305 4353 βιωτικαὶ
3342 4283 3598 4350 γυναῖκες
3627 4282 3802 4352 μόνον,
3846 4285 3944 4338 καὶ

2363 4377 2619 4447 ἀνδράσιν
2641 4380 2990 4450 ὁμιλήσασαι,
3010 4372 3087 4432 ὧν
3117 4379 3340 4448 οὐδεμία
3360 4377 3556 4448 ῥαδίως
3577 4379 3782 4448 ταύτης
3815 4381 3939 4449 ἠνέ-

2367 4497 2521 4550 σχετο
2543 4481 2638 4548 τῆς
2653 4480 3042 4548 παραινέσεως,
3069 4479 3204 4532 ἀλλά
3231 4479 3322 4532 καὶ
3341 4481 3396 4532 αἱ
3425 4479 3729 4548 φιλοσοφεῖν
3761 4481 3944 4536 δοκοῦ-

2367 4592 2477 4639 σαι,
2500 4578 2593 4628 καὶ
2614 4576 2693 4637 είς
2721 4576 2811 4627 τὸν
2824 4576 2923 4646 τῆς
2937 4575 3244 4646 παρθενίας
3273 4574 3444 4627 τελεῖν
3462 4575 3620 4645 χορὸν
3657 4576 3938 4646 λαχοῦσαι.

2365 4669 2562 4724 ῐιολλαὶ
2590 4670 2699 4741 γὰρ
2742 4670 2946 4723 τούτων
2995 4671 3130 4741 πρὸς
3169 4670 3459 4742 τυραννίδα
3495 4671 3708 4739 φύσεως
3740 4675 3940 4729 ἀποδυ-

2366 4766 2616 4834 σάμεναι,
2645 4765 2740 4819 καὶ
2762 4763 3020 4835 καθαρῶς
3047 4766 3138 4818 τὸν
3167 4767 3265 4835 τῆς
3291 4766 3586 4838 παρθενίας
3627 4767 3938 4826 διανύουσαι

2361 4862 2575 4933 δρόμον,
2629 4866 2722 4919 καὶ
2749 4862 3047 4931 ἀγγελικὴν
3085 4864 3142 4915 ἐν
3184 4863 3358 4934 τούτῳ
3411 4866 3743 4936 μιμούμεναι
3782 4867 3937 4922 πολι-

2360 4959 2530 5024 τείαν,
2560 4959 2651 5011 καὶ
2683 4959 2743 5012 ἐν
2772 4957 2950 5028 θνητῷ
2981 4957 3192 5028 σώματι
3229 4958 3294 5012 τά
3317 4959 3416 5031 τῆς
3441 4961 3790 5024 ἀναστάσεως
3818 4967 3939 5018 ἐπι-

2359 5055 2704 5127 δεικνύμεναι
2718 5055 2979 5126 προοίμια
2996 5056 3012 5123 (
3029 5054 3117 5109 Ἐν
3130 5054 3238 5126 γάρ
3255 5056 3332 5126 τῷ
3348 5055 3727 5128 αίῶνιὲκείνῳ,
3747 5061 3936 5130 φησιν,

2358 5155 2495 5207 οὔτε
2552 5152 2868 5222 γαμοῦσιν,
2909 5151 3048 5205 οὔτε
3095 5151 3617 5222 ἐκταμίσκονται),
3667 5156 3758 5207 καὶ
3799 5156 3935 5226 πρὸς

2355 5252 2455 5314 τὰς
2493 5249 2817 5319 ἀσωμάτους
2874 5249 3128 5320 δυνάμεις
3167 5249 3390 5319 θέμεναι
3429 5250 3528 5320 τὴν
3557 5251 3809 5322 ἅμιλλαν,
3841 5256 3936 5309 καὶ

2359 5347 2495 5417 πρὸς
2511 5347 2607 5415 τὴν
2623 5347 2929 5418 ἀφθαρσίαν
2953 5348 3011 5400 ὲν
3024 5346 3249 5417 φθαρτῷ
3275 5348 3489 5418 σώματι
3507 5349 3929 5418 φιλονεικοῦσαι,

2360 5445 2452 5496 καὶ
2504 5447 2532 5496 ὃ
2581 5445 2793 5507 πολλοῖς
2824 5443 2941 5498 οὐδὲ
2966 5443 3199 5498 ἀκοῦσαι
3222 5447 3475 5516 φορητὸν,
3509 5446 3597 5500 διὰ
3619 5447 3728 5500 τῶν
3754 5449 3933 5519 ἔργων

2358 5539 2738 5609 κατορθοῦσαι,
2795 5542 2888 5593 καὶ⁵
2921 5541 3170 5610 καθάπερ
3207 5541 3481 5596 λυττῶντα
3509 5543 3646 5597 κύνα
3689 5546 3783 5598 καὶ
3808 5562 3932 5598 συνο

2356 5635 2492 5705 εχῶς
2524 5637 2889 5706 ἐπιπηδῶντα,
2929 5637 3028 5707 τὴν
3048 5637 3344 5708 ἐπιθυμίαν
3370 5640 3807 5713 διακρουόμεναι,
3838 5645 3932 5696 καὶ

2359 5733 2689 5805 μαινομένην
2723 5733 2996 5787 θάλασσαν
3017 5736 3492 5807 καταστέλλουσαι,
3520 5741 3613 5794 καὶ
3631 5742 3689 5794 ἐν
3717 5741 3930 5812 ἀγρίοις

2423 5892 2445 5922 ⁸
2462 5891 2570 5942 Duo
2591 5890 2655 5936 ἐκ
2683 5888 2846 5937 τοῦτον
2880 5887 2974 5937 οὖν.
