4142 6532
247 477 340 545 δα
1255 537 1258 540 ,
1713 469 2070 530 ΕΡΙδΤΟιῶ

248 612 360 657 tem
381 638 400 666 ,
423 596 554 670 quid
581 595 810 663 vincas,
853 595 966 666 jam
996 607 1102 648 non
1145 590 1310 646 habes
1343 607 1356 644 :
1391 596 1540 644 tanto
1565 588 1708 642 enim
1739 585 1845 638 im-

249 703 378 765 petu
398 694 892 748 adversuscarnem
919 687 1030 759 jam
1061 684 1185 741 inde
1213 682 1283 738 ab
1309 681 1462 737 initio
1491 677 1762 748 irrupisti,
1790 686 1848 730 ut

246 785 419 857 lpsitn
459 783 785 856 cupiditates
809 780 1130 840 exstinxeris
1158 797 1172 833 :
1203 792 1308 833 non
1337 775 1479 832 enim
1509 787 1706 844 equum
1737 770 1847 825 fre-

247 879 426 944 nasti,
456 877 550 934 sed
581 877 742 950 plane
785 871 1181 936 constrinxisti,
1207 879 1370 940 atque
1412 866 1562 923 humi
1611 873 1848 935 prostra-

246 969 374 1026 vieti
395 1012 413 1036 ,
444 971 834 1038 immotumque
858 963 1155 1022 reddidisti.
1183 964 1261 1018 Ac
1281 970 1390 1016 tum
1419 956 1634 1030 quidem
1655 967 1846 1010 omnes

243 1062 596 1118 continentiae
634 1069 890 1116 numeros
912 1055 1189 1127 explevisti
1219 1070 1234 1108 :
1268 1066 1409 1107 nune
1433 1061 1611 1104 autem
1642 1046 1695 1102 id
1733 1045 1844 1116 jam

242 1160 582 1224 consequuta
610 1166 669 1207 es
688 1194 703 1218 ,
742 1161 795 1205 ut
826 1150 971 1205 omni
999 1145 1401 1220 perturbatione
1427 1155 1634 1198 careas.
1662 1138 1845 1209 Neque

243 1247 396 1301 enim
455 1244 723 1316 negotium
769 1241 866 1298 tibi
930 1239 1144 1296 facessit
1186 1237 1494 1294 deliciarum
1547 1231 1842 1303 cupiditas,

242 1355 258 1393 ι
285 1351 426 1408 eque
457 1348 516 1393 ut
537 1351 655 1394 eam
683 1351 933 1408 superes,
965 1334 1177 1389 laboras
1207 1347 1223 1386 :
1273 1345 1458 1387 verum
1489 1342 1551 1383 ea
1579 1325 1745 1380 semel
1777 1324 1844 1379 de

242 1427 432 1484 medio
456 1428 663 1484 sublata
683 1468 699 1493 ,
738 1430 994 1496 omnique
1039 1424 1138 1495 ipsi
1186 1422 1252 1477 ad
1279 1435 1494 1477 carnem
1525 1429 1666 1473 tuam
1696 1415 1842 1470 aditu

243 1519 543 1587 Inclusa,
570 1528 810 1574 ventrem
859 1526 1062 1571 tantum
1104 1515 1208 1570 cibi
1237 1529 1300 1569 ae
1329 1521 1484 1582 potus
1521 1524 1713 1579 capere
1739 1508 1841 1562 do-

238 1611 404 1666 cuisti
424 1652 441 1675 ,
469 1621 723 1681 quantum
767 1624 986 1664 necesse
1010 1617 1122 1672 est,
1153 1621 1218 1660 ne
1249 1605 1478 1658 intereas
1498 1643 1514 1668 ,
1543 1617 1606 1655 ac
1628 1614 1839 1670 mnam

239 1703 386 1757 luas.
427 1703 512 1758 0b
555 1717 778 1772 eamque
807 1715 1021 1755 causam
1052 1695 1474 1765 nonjejunium,
1521 1707 1626 1746 non
1665 1689 1839 1746 conti-

241 1795 486 1848 nentiam
518 1793 566 1847 id
595 1807 757 1858 voco,
802 1791 895 1846 sed
923 1789 1065 1843 aliud
1113 1786 1363 1858 quiddam
1410 1785 1512 1840 hoc
1538 1781 1836 1838 sublimius.

237 1889 422 1957 Atque
451 1888 552 1940 hoc
583 1887 633 1940 in
679 1885 846 1941 sacris
888 1896 1102 1955 quoque
1149 1880 1251 1935 tuis
1293 1878 1487 1949 vigiliis
1534 1875 1840 1948 perspicere

237 1977 411 2033 licet:
443 1991 567 2032 nam
597 1974 897 2032 dormiendi
944 1971 1207 2043 cupiditas
1260 1986 1362 2025 una
1401 1984 1524 2024 cum
1561 1967 1839 2038 superiore

238 2069 332 2123 illa
361 2069 623 2125 exstincta
668 2077 752 2123 est
780 2084 795 2123 :
825 2066 946 2121 cibo
989 2065 1186 2136 quippe
1212 2077 1432 2118 somnus
1473 2062 1654 2117 alitur.
1697 2060 1835 2129 Quin

237 2160 384 2215 hanc
410 2175 624 2231 quoque
651 2159 753 2214 alia
797 2158 1005 2213 ratione
1031 2157 1342 2228 oppressiin
1364 2198 1379 2220 ,
1407 2156 1535 2210 dum
1573 2155 1641 2208 ab
1685 2153 1838 2208 initio

238 2260 450 2306 natura:
479 2251 638 2306 etiam
679 2251 786 2304 vim
826 2249 1083 2313 intulisti,
1133 2249 1474 2318 integrasque
1526 2256 1711 2301 noctes
1750 2245 1834 2300 in-

233 2359 459 2400 suinnes
474 2343 690 2406 duxisti,
708 2359 769 2398 ac
787 2343 1016 2411 denique
1033 2342 1245 2397 assidua
1267 2340 1655 2397 consuetudine
1669 2341 1722 2394 in
1739 2355 1826 2393 na-

239 2445 417 2488 turam
447 2435 548 2490 hoc
573 2433 905 2490 eonvertisti.
929 2431 1153 2489 Utenim
1183 2433 1298 2486 aliis
1331 2431 1568 2485 dormire
1595 2432 1836 2486 naturale

232 2537 343 2590 est,
366 2527 554 2582 eodem
572 2527 733 2582 modo
747 2527 839 2581 tibi
861 2527 1099 2596 vigilare.
1121 2529 1292 2592 Atque
1315 2525 1429 2579 hate
1450 2524 1665 2596 quidem
1681 2525 1831 2578 miri-

230 2619 341 2673 ﬁca
359 2629 411 2673 et
427 2619 660 2689 stuporis
674 2618 830 2689 plena
848 2617 1205 2684 sunt,etiamsi
1219 2631 1320 2688 per
1333 2631 1390 2672 se
1406 2615 1829 2672 eonsiderentur.

225 2709 391 2778 Quod
409 2711 583 2781 siquis
600 2719 810 2782 tempus
830 2713 990 2766 etiam
1008 2709 1291 2780 expendat,
1313 2710 1650 2764 immaturam
1679 2724 1832 2763 nem-

231 2818 330 2871 pe,
351 2804 402 2856 in
418 2817 520 2872 qua
546 2800 660 2856 haec
679 2803 990 2873 prmstabas,
1009 2812 1242 2868 aetatem,
1261 2811 1314 2856 et
1342 2801 1717 2872 magistrorum
1735 2814 1832 2870 pe-

233 2893 474 2958 nuriam,
503 2903 558 2948 et
583 2909 768 2950 eorum
794 2894 884 2964 qui
913 2894 1235 2950 otl’endieulo
1260 2893 1350 2949 tibi
1384 2903 1559 2961 erant,
1578 2892 1831 2963 frequen-

229 2989 391 3053 tiam,
409 2996 463 3042 et
476 2987 616 3059 quod
635 2987 687 3042 in
704 3001 765 3042 ea
785 2989 983 3056 anima,
1001 3004 1120 3060 qua:
1135 3004 1199 3044 ex
1218 2989 1377 3058 impia
1393 2987 1555 3044 domo
1567 2987 1631 3041 ad
1646 2987 1834 3042 verita.

228 3086 346 3132 tem
365 3093 504 3133 nunc
531 3077 916 3151 transfugerat,
948 3089 1002 3134 et
1029 3079 1170 3151 quod
1209 3081 1260 3134 in
1287 3095 1516 3151 corpore
1545 3079 1788 3134 muliebri
1813 3120 1827 3142 ,

226 3182 398 3240 atque
426 3171 620 3242 alioqui
648 3181 863 3244 propter
883 3173 1143 3244 majorum
1187 3173 1530 3244 splendorem
1560 3188 1622 3228 ac
1649 3173 1827 3227 luxum

227 3262 387 3317 molli
415 3272 470 3320 et
510 3262 774 3330 delicato,
823 3275 1022 3336 quanta
1076 3267 1124 3321 ei
1155 3276 1345 3322 cuneta
1396 3265 1510 3320 haec
1560 3265 1829 3336 sigillatim

226 3355 598 3412 mnsideranti
652 3358 1031 3414 miraculorum
1076 3358 1242 3414 maria
1289 3374 1348 3414 se
1377 3358 1827 3427 aperientYQuo-

224 3449 374 3503 circa
406 3467 470 3502 ne
512 3449 738 3504 alierum
782 3450 997 3519 quidem
1030 3450 1355 3505 mentienem
1397 3450 1632 3504 facturus
1671 3463 1827 3513 sum,

229 3542 340 3595 hoc
358 3549 468 3604 est,
502 3539 845 3610 humilitatis,
877 3544 1145 3608 caritatis,
1187 3558 1250 3598 ae
1270 3551 1590 3597 exterarum
1630 3552 1830 3596 sancta:

226 3632 431 3687 anima:
457 3642 561 3688 tuae
600 3635 873 3691 virtutum.
906 3636 1176 3706 Siquidem
1208 3635 1334 3690 dum
1363 3637 1478 3690 haec
1501 3635 1754 3691 recordor
1775 3644 1831 3690 et

225 3739 634 3792 commemoro,
664 3737 948 3784 sexcentos
995 3729 1120 3783 mihi
1155 3745 1365 3783 rursum
1403 3729 1576 3782 fontes
1619 3727 1830 3783 animus

227 3819 489 3888 protulit,
523 3835 586 3874 ac
611 3836 696 3876 me
717 3821 905 3876 harum
922 3822 1106 3886 etiam,
1133 3832 1186 3876 ut
1217 3831 1272 3876 et
1299 3821 1492 3892 prioris
1510 3863 1524 3883 ,
1553 3819 1827 3890 sigillatim

225 3913 425 3968 saltem
445 3928 643 3983 genera
681 3914 790 3983 ipsa
817 3956 832 3978 ,
861 3915 944 3970 vel
972 3917 1146 3985 potius
1181 3924 1492 3984 argumenta
1514 3913 1826 3980 dumtaxat,

227 4006 436 4062 referre
477 4009 656 4078 cogit:
694 4024 813 4062 nam
848 4008 975 4063 illud
1011 4008 1272 4063 inﬁnitam
1303 4009 1599 4066 cratim-em
1651 4008 1830 4076 requi-

227 4110 398 4155 reret.
431 4099 627 4154 Vernm
657 4118 722 4156 ne
750 4101 818 4155 ab
842 4117 904 4159 ea
930 4145 946 4169 ,
977 4117 1138 4173 quam
1187 4102 1406 4174 exsequi
1434 4103 1674 4168 institui,
1708 4116 1794 4155 ma

227 4193 367 4246 tcria
387 4192 630 4246 excidam
657 4235 674 4260 ,
701 4195 754 4248 in
782 4194 1100 4249 immensum
1142 4194 1358 4263 pelagus
1387 4193 1711 4262 praecipitem
1744 4210 1828 4246 me

226 4284 429 4340 auferri
476 4285 614 4342 haud
658 4289 849 4358 patiar.
879 4287 1010 4342 Nam
1039 4288 1268 4357 alioqui,
1299 4288 1398 4342 nisi
1430 4288 1480 4341 id
1523 4302 1663 4342 nunc
1696 4285 1825 4341 mihi

231 4378 565 4448 propositum
611 4388 793 4446 esset,
841 4389 895 4434 ut
929 4380 1238 4435 mtestitiam
1268 4390 1410 4435 tuam
1459 4379 1716 4435 radicitus
1761 4395 1827 4434 ex

226 4472 413 4526 animo
453 4483 543 4526 tuo
579 4473 866 4529 evellerem
889 4515 903 4538 ,
941 4472 1132 4528 lubens
1159 4473 1210 4526 in
1245 4473 1343 4528 hac
1372 4473 1615 4528 oratione
1641 4487 1824 4527 versa-

227 4578 341 4625 rer,
382 4573 541 4632 atque
567 4565 885 4620 immensum
918 4566 1167 4634 pelagus,
1210 4566 1292 4621 vel
1341 4565 1600 4619 immensa
1650 4565 1826 4633 potius

228 4654 400 4708 maria
441 4656 745 4726 navigarem
779 4675 793 4710 :
835 4657 1157 4726 multiplices
1197 4657 1448 4712 nimirum
1495 4657 1826 4728 singularum

226 4746 486 4799 virtutum
520 4758 728 4801 tuarum
778 4749 895 4802 vias
931 4749 1150 4816 obiens,
1180 4765 1404 4818 quarum
1454 4750 1677 4820 singulae
1727 4767 1823 4804 no-

226 4856 356 4894 vum
380 4857 588 4896 rursum
623 4844 840 4916 pelagus
877 4855 1225 4914 procrearent
1248 4887 1263 4910 ,
1316 4846 1430 4902 sive
1473 4845 1542 4901 de
1573 4846 1827 4918 patientia

226 4932 364 4987 mihi
393 4949 573 4989 sermo
601 4946 745 4992 esset
766 4979 781 5002 ,
814 4937 931 4991 sive
967 4936 1036 4993 de
1078 4937 1378 4993 humilitate
1400 4979 1414 5003 ,
1447 4938 1562 4994 sive
1607 4939 1673 4994 de
1705 4955 1827 4994 om-

227 5025 312 5079 nis
358 5025 571 5094 generis
615 5025 957 5099 elecmosyna
976 5069 990 5090 ,
1018 5029 1084 5082 ad
1119 5030 1261 5100 ipsos
1292 5045 1460 5100 usque
1484 5032 1630 5086 orbis
1661 5043 1827 5088 terra-

225 5130 348 5168 rum
377 5113 510 5169 ﬁnes
536 5114 761 5181 dill‘usa,
794 5119 906 5172 sive
945 5118 1012 5173 de
1049 5122 1272 5176 caritate
1295 5163 1308 5183 ,
1342 5137 1462 5191 qua:
1514 5123 1824 5177 innumeras

226 5205 476 5260 fomaces
499 5205 693 5262 ardore
710 5219 948 5276 superat.
979 5211 1090 5264 sive
1122 5209 1188 5264 de
1214 5211 1418 5266 inﬁnita
1444 5221 1603 5282 atque
1625 5215 1823 5283 ingenti

225 5297 416 5366 lepore
443 5297 654 5367 perfusa
682 5309 990 5371 naturmqne
1033 5304 1249 5358 modum
1274 5305 1568 5361 excedente
1597 5307 1824 5376 pruden-

224 5390 322 5441 tia.
355 5389 584 5456 Quinam
614 5403 790 5446 autem
819 5391 941 5447 hinc
971 5393 1174 5450 fruetus
1199 5397 1300 5450 orti
1330 5399 1435 5452 sint
1454 5440 1468 5462 ,
1489 5400 1532 5453 si
1560 5401 1680 5469 quis
1703 5415 1827 5455 nar-

223 5499 349 5538 rare
370 5483 638 5550 instituat,
670 5487 885 5555 perinde
920 5490 1073 5544 faciet
1095 5531 1109 5555 ,
1141 5491 1259 5544 utsi
1291 5493 1411 5560 quis
1441 5495 1603 5548 maris
1633 5493 1826 5549 fluctus

221 5593 512 5633 natmenre
535 5579 894 5650 aggrediatur.

297 5670 354 5722 6.
389 5667 467 5724 De
494 5672 673 5726 vestitu
703 5672 791 5724 vili
828 5689 889 5725 ac
929 5674 1152 5743 neglecto
1199 5675 1542 5746 Olympiadis.
1572 5709 1647 5720 —-
1672 5680 1820 5746 Quo-

220 5761 367 5818 circa
396 5761 716 5818 vastissimis
762 5761 844 5819 his
888 5765 1123 5819 maribus
1151 5769 1463 5835 prmteritis,
1499 5771 1707 5826 leonem
1755 5774 1823 5827 ab

222 5868 407 5922 ungue
439 5853 814 5909 demonstrare
843 5857 1115 5912 conabor:
1150 5874 1314 5927 pauca
1363 5861 1612 5917 nimirum
1641 5862 1709 5918 de
1740 5880 1820 5919 ve~

219 5937 351 5994 Stitu
378 5947 467 5995 tuo
505 5948 670 6008 atque
699 5939 1043 5998 indumentis.
1073 5943 1264 6009 quibus
1303 5959 1499 6017 corpus
1530 5958 1678 6004 tuum
1721 5965 1815 6005 ne~

1955 586 2172 656 gleetim
2197 589 2452 646 amictum
2481 599 2565 648 est
2582 631 2598 654 ,
2622 590 2783 648 verba
2812 590 3030 647 faciens.
3050 593 3388 666 Quamquam
3414 597 3557 653 enim

1961 680 2077 733 haec
2120 679 2291 737 virtus
2335 682 2454 738 aliis
2482 682 2676 739 cedere
2706 683 2938 751 videtur,
2981 696 3159 740 tamen
3193 687 3240 742 si
3286 687 3409 758 quis
3437 701 3558 743 eam

1955 782 2204 830 secante
2235 777 2607 847 perpenderit,
2635 778 2922 833 admodum
2977 780 3247 849 ingentem
3279 795 3401 835 eam
3439 795 3563 838 esse

1954 869 2220 938 reperiet,
2263 877 2425 940 atque
2451 871 2755 940 ejusmodi,
2801 887 2921 942 qua:
2960 873 3205 942 sapiente
3244 871 3464 941 animo,
3498 888 3562 927 ac

1954 958 2187 1014 humana
2225 969 2548 1031 superante,
2579 970 2636 1017 et
2676 963 2744 1017 ad
2785 963 2958 1032 ipsum
2992 979 3160 1032 usque
3197 964 3386 1019 caelum
3422 961 3556 1019 voli-

1954 1058 2099 1104 tante
2117 1065 2254 1120 opus
2295 1050 2508 1107 habeat.
2551 1054 2631 1106 Ae
2674 1063 2957 1123 propterea
3000 1070 3107 1108 non
3137 1055 3190 1108 in
3217 1053 3370 1110 Novo
3399 1054 3554 1114 dum-

1953 1151 2132 1208 taxat,
2156 1143 2248 1199 sed
2271 1144 2431 1199 etiam
2461 1145 2515 1200 in
2548 1144 2730 1201 Veteri
2757 1145 3101 1201 Testamento
3119 1187 3134 1212 ,
3165 1161 3286 1202 cum
3309 1162 3406 1218 per
3434 1160 3557 1201 utn-

1951 1233 2102 1288 bram
2150 1249 2214 1290 ae
2265 1233 2486 1306 ﬁguram
2535 1236 2678 1292 Deus
2723 1235 2998 1292 hominum
3031 1252 3234 1309 genus,
3285 1247 3446 1310 atque
3491 1250 3555 1292 es

1949 1342 2069 1396 qua:
2098 1326 2163 1381 ad
2199 1327 2416 1383 vivendi
2446 1329 2709 1384 rationem
2751 1329 3123 1400 pertinebant,
3153 1330 3388 1385 crassius
3414 1345 3552 1400 quo-

1950 1417 2240 1475 dammodo
2270 1418 2668 1487 moderabatur,
2699 1421 2926 1476 necdum
2955 1420 3022 1476 de
3046 1421 3350 1477 czelestibus
3387 1422 3548 1476 rebus

1949 1508 2202 1573 verbum,
2236 1525 2337 1566 nec
2363 1509 2434 1566 de
2463 1509 2653 1566 futuris
2683 1512 2787 1567 ulla
2819 1512 3022 1569 mentio
3049 1521 3199 1579 erat,
3241 1528 3342 1568 nec
3371 1513 3548 1583 philo-

1947 1600 2152 1671 sophia:
2194 1601 2352 1672 hujus
2376 1618 2498 1673 quae
2527 1619 2669 1658 nune
2706 1605 2847 1674 viget
2875 1603 2980 1659 ulla
3007 1604 3091 1659 vel
3122 1604 3350 1659 obseura
3374 1605 3545 1675 signi-

1948 1694 2158 1762 ﬁcatio,
2193 1709 2376 1750 verum
2417 1695 2694 1766 pinguiora
2723 1696 2954 1766 quodam
2993 1705 3047 1752 et
3077 1697 3344 1752 crassiore
3381 1696 3547 1753 modo

1947 1784 2090 1855 leges
2114 1785 2354 1841 llebraais
2383 1786 2776 1852 scribebantur,
2808 1787 3153 1857 elegantioris
3179 1787 3402 1843 vestitus
3421 1796 3541 1842 stu-

1945 1875 2092 1930 dium
2118 1875 2591 1933 vehementissime
2621 1878 2978 1947 interdicens,
3004 1894 3100 1949 per
3120 1879 3435 1950 prophetam
3464 1882 3544 1935 sic

1945 1967 2060 2022 ait:
2095 1967 2223 2023 Hac
2250 1969 2374 2024 dicit
2418 1969 2670 2026 Dominus
2713 1971 2954 2026 adversus
2994 1971 3354 2026 dominatrices
3404 1973 3544 2042 ﬁlias

1946 2060 2076 2115 Sion
2110 2077 2131 2116 :
2171 2060 2279 2116 Pro
2305 2079 2363 2117 eo
2389 2063 2525 2134 quod
2545 2065 2750 2119 elevata:
2777 2072 2895 2142 sunt
2915 2063 3039 2134 ﬁlice
3063 2080 3235 2119 eorum
3256 2107 3271 2129 ,
3302 2074 3346 2118 et
3362 2066 3544 2119 ambit.

1945 2151 2171 2208 laverunt
2193 2165 2396 2210 extento
2422 2157 2556 2210 collo
2575 2197 2592 2223 ,
2623 2165 2670 2211 et
2696 2155 2900 2210 nutibus
2920 2157 3183 2211 oculorum
3203 2166 3250 2210 et
3269 2174 3544 2230 progressu

1942 2245 2130 2316 pedum
2157 2247 2344 2301 tunicas
2363 2246 2650 2313 trahebant,
2674 2257 2722 2301 et
2748 2246 2956 2317 pedibus
2984 2248 3089 2301 suis
3104 2247 3257 2302 simul
3277 2247 3545 2312 ludebant;

1941 2346 1988 2390 et
2018 2337 2301 2392 bunuliabit
2340 2338 2592 2394 Dominus
2631 2339 2991 2394 dominatrices
3011 2340 3149 2409 ﬁlias
3188 2339 3349 2405 Sion,
3379 2350 3424 2393 et
3454 2341 3544 2392 de-

1942 2427 2153 2482 nudabit
2181 2429 2409 2485 habitum
2450 2447 2660 2498 earum,
2706 2441 2752 2486 et
2777 2435 2973 2503 auferet
3011 2433 3229 2503 gloriam
3262 2432 3542 2486 vestimenti

1940 2535 2137 2574 earum.
2173 2519 2238 2574 Et
2265 2522 2361 2575 erit
2399 2521 2490 2577 tibi
2516 2539 2609 2592 pro
2638 2524 2779 2578 suavi
2806 2522 2962 2577 odore
2985 2523 3181 2594 pulvis,
3211 2533 3258 2577 et
3287 2539 3380 2594 pro
3409 2538 3542 2578 sana

1939 2614 2167 2682 funiculo
2188 2615 2404 2686 cingeris
2422 2657 2438 2682 ,
2465 2627 2512 2670 et
2534 2632 2627 2686 pro
2653 2628 2950 2671 ornamento
2975 2617 3157 2687 capitis
3179 2617 3253 2670 tui
3279 2615 3540 2671 calvitium

1939 2709 2141 2764 habebis
2189 2721 2395 2782 propter
2424 2728 2580 2783 opera
2604 2722 2692 2766 tua
2719 2729 2738 2768 :
2766 2722 2814 2767 et
2845 2729 2938 2782 pro
2977 2714 3149 2767 tunica
3177 2711 3390 2767 elacata:
3416 2728 3540 2781 pur-

1939 2819 2084 2873 purae
2108 2820 2258 2859 sacco
2277 2805 2494 2876 cingetis
2541 2804 2698 2877 (Isai.
2727 2806 2780 2861 5.
2806 2805 2998 2860 ili-i8.
3026 2803 3120 2877 24)
3151 2824 3164 2860 :
3194 2804 3310 2859 ltmc
3337 2803 3430 2858 tibi
3457 2818 3540 2858 or-

1940 2897 2176 2950 namenti
2223 2895 2344 2952 loco
2372 2907 2550 2953 erunt.
2585 2897 2742 2953 Vides
2771 2897 3097 2952 iracundiam
3121 2940 3137 2965 ,
3178 2913 3397 2954 omnem
3424 2912 3541 2953 ser-

1939 2988 2112 3042 monis
2141 2987 2245 3042 vim
2273 2989 2661 3059 superantem?
2702 2989 2853 3044 vides
2894 2989 3300 3044 acerbissimum
3329 2991 3534 3060 suppli-

1935 3079 2077 3135 cium
2122 3089 2176 3134 et
2213 3080 2549 3136 crueiatum?
2586 3081 2738 3136 vides
2773 3081 3093 3136 acerrimam
3141 3082 3540 3152 captivitatem?

1940 3171 2074 3226 Hine
2117 3172 2319 3242 peccati
2375 3173 2798 3244 magnitudinem
2846 3173 3103 3244 conjicias
3147 3174 3288 3229 licet.
3348 3173 3536 3245 Neque

1935 3264 2080 3318 enim
2103 3264 2363 3334 benignus
2397 3263 2536 3320 Deus
2565 3274 2671 3319 tam
2714 3281 2930 3336 gravem
2960 3276 3015 3320 et
3039 3265 3288 3320 acerbam
3321 3281 3534 3335 pinnam

1937 3373 2186 3429 umquam
2216 3357 2524 3424 inﬂixisset,
2552 3358 2655 3414 nisi
2682 3369 2990 3430 peccatum,
3033 3360 3174 3430 quod
3205 3376 3323 3416 eam
3349 3376 3533 3417 accer-

1936 3460 2119 3517 seret,
2166 3450 2321 3522 Ionge
2363 3454 2580 3521 gravius
2629 3462 2795 3508 esset.
2836 3453 2990 3520 Quod
3043 3455 3086 3508 si
3139 3470 3388 3526 magnum
3433 3454 3536 3511 hoc

1936 3541 2110 3597 scelus
2134 3551 2248 3610 est,
2297 3542 2548 3598 virtusea
2574 3560 2694 3614 quae
2735 3544 2835 3615 ipsi
2866 3545 3155 3615 opponitur
3195 3546 3334 3602 haud
3371 3547 3538 3603 dubie

1936 3633 2187 3687 maxima.
2233 3635 2310 3689 Ae
2336 3635 2557 3705 proinde
2587 3635 2784 3692 Paulus
2811 3653 3056 3708 quoque,
3082 3654 3205 3693 eunt
3232 3638 3299 3694 ad
3338 3640 3533 3696 mulie-

1936 3739 2022 3780 res
2047 3740 2172 3788 eas,
2199 3741 2320 3797 quae
2349 3727 2674 3783 mundanam
2705 3729 2868 3784 vitam
2898 3730 3197 3801 complexa:
3225 3741 3380 3800 sunt,
3413 3747 3537 3788 ora-

1938 3815 2136 3871 tionem
2166 3817 2419 3884 haberet,
2447 3833 2556 3873 non
2584 3820 2749 3876 modo
2774 3823 2844 3877 ab
2875 3837 3009 3877 auro
3035 3823 3295 3893 gestando
3324 3839 3418 3879 eas
3441 3825 3535 3879 ab-

1934 3906 2112 3974 ducit,
2158 3908 2250 3963 scd
2316 3924 2384 3964 ne
2433 3913 2765 3982 sumptuosis
2806 3913 3022 3984 quidem
3067 3915 3306 3970 veStibns
3351 3915 3531 3972 utendi

1935 4011 2252 4072 potestatem
2305 4006 2436 4076 ipsis
2477 4006 2605 4063 facit
2654 4008 2730 4081 (l.
2767 4004 2898 4067 Tim.
2928 4007 2983 4062 2.
3017 4008 3095 4080 9).
3144 4009 3311 4065 Norat
3349 4009 3530 4075 enim,

1933 4096 2212 4165 perspicue
2232 4139 2247 4162 ,
2278 4098 2493 4168 inquam
2511 4139 2526 4163 ,
2554 4109 2710 4155 norat
2731 4142 2745 4165 ,
2775 4115 2992 4171 gravem
3020 4100 3163 4158 hunc
3188 4116 3253 4157 ac
3282 4102 3532 4172 proﬂiga-

1936 4197 1988 4240 ιιι
2040 4188 2408 4256 perdifﬁcilem
2457 4191 2618 4244 animi
2662 4191 2906 4245 morbum
2957 4206 3109 4255 esse,
3155 4203 3534 4262 corruptaque

1935 4280 2129 4334 mentis
2149 4283 2546 4351 apertissimum
2578 4283 2839 4349 indicem,
2873 4285 3070 4354 quique
3099 4284 3328 4354 sapienti
3351 4285 3533 4339 animo

1932 4387 2070 4442 opus
2101 4372 2359 4429 haberet:
2394 4375 2445 4428 id
2471 4375 2613 4444 quod
2646 4375 2883 4430 indicant
2904 4393 3009 4430 non
3040 4391 3120 4430 ese
3148 4377 3426 4431 dmutaxat
3452 4378 3532 4431 fe-

1933 4465 2123 4533 minaz,
2164 4482 2283 4536 qua:
2310 4482 2594 4523 commune
2635 4467 2756 4522 vitm
2784 4483 2955 4539 genus
2996 4479 3314 4539 sequuntur,
3348 4469 3534 4523 matri-

1934 4557 2223 4625 monioque
2271 4573 2392 4612 cum
2440 4558 2567 4612 viris
2611 4560 2879 4628 copulatae
2933 4569 3087 4625 sunt,
3117 4575 3344 4630 quarum
3388 4561 3532 4614 nulla

1935 4647 2058 4702 huic
2100 4648 2328 4704 consilio
2374 4647 2530 4705 facile
2572 4651 2779 4721 paruit,
2827 4666 3013 4705 verum
3063 4652 3226 4706 etiam
3265 4667 3366 4718 ex,
3413 4667 3535 4722 qua:

1934 4743 2288 4814 philosophia:
2308 4745 2544 4813 speciem
2569 4760 2677 4814 pne
2705 4760 2763 4798 sc
2791 4743 2986 4810 ferunt,
3016 4757 3176 4814 atque
3203 4747 3254 4799 in
3271 4746 3531 4817 virginum

1933 4837 2158 4893 chorum
2179 4838 2461 4906 adscripta:
2489 4847 2632 4892 sunt.
2666 4838 2951 4894 Permulta:
2981 4841 3121 4894 enim
3145 4855 3207 4894 ex
3229 4840 3380 4910 ipsis,
3410 4856 3533 4895 eunt

1931 4927 1997 4981 ad
2026 4930 2131 4983 vim
2162 4937 2368 4984 natum
2408 4929 2739 4985 inferendam
2788 4947 2848 4986 se
2889 4933 3252 4996 accinxerint,
3303 4948 3535 5002 cumque

1933 5023 2247 5093 virginitatis
2268 5025 2591 5078 curriculum
2622 5025 2738 5079 sine
2769 5025 2872 5079 ulla
2900 5025 3018 5080 labe
3039 5026 3344 5090 conﬁciant,
3372 5038 3534 5096 atque

1931 5117 2224 5184 angelicam
2268 5117 2320 5170 in
2363 5117 2461 5171 hac
2491 5133 2551 5172 re
2579 5118 2701 5172 vita:
2733 5120 2993 5175 rationem
3040 5120 3334 5184 imitentur,
3382 5131 3437 5176 et
3480 5121 3534 5175 in

1935 5210 2145 5263 mortali
2169 5224 2398 5280 corpore
2427 5213 2837 5266 resurreetionis
2866 5213 3119 5281 prmludia
3141 5213 3426 5269 ostendant
3456 5214 3530 5283 (in

1933 5301 2186 5356 illocnim
2227 5303 2458 5366 smcnlo,
2506 5303 2678 5372 inquit
2705 5304 2981 5371 Christus,
3031 5303 3140 5358 Nec
3163 5307 3386 5370 nubent,
3440 5321 3531 5358 nec

1932 5395 2179 5449 nubentur
2208 5395 2357 5469 [Lua
2394 5396 2483 5452 20.
2511 5394 2601 5470 ’55]
2632 5399 2680 5468 ),
2721 5408 2881 5468 atque
2925 5414 3045 5452 cum
3095 5400 3379 5453 virtutibus
3428 5400 3531 5453 illis

1929 5505 2050 5559 qua:
2076 5506 2302 5560 corpore
2345 5503 2566 5558 vacant,
2594 5503 2868 5547 certamen
2901 5502 3207 5561 susceptum
3257 5492 3490 5547 habeant
3512 5535 3526 5555 ,

1929 5594 1980 5638 et
2016 5585 2064 5637 in
2096 5585 2302 5639 mortali
2341 5600 2568 5655 corpore
2596 5601 2716 5640 cum
2758 5586 2966 5639 naturis
3006 5586 3072 5639 ab
3116 5587 3261 5639 omni
3313 5585 3527 5638 inn-ritu

1930 5677 2119 5730 alia-nis
2144 5677 2498 5739 contendant,
2531 5677 2688 5744 idque
2725 5676 2864 5745 quod
2891 5677 3041 5728 Illllill
3071 5694 3134 5728 ne
3165 5675 3381 5728 illii'th‘
3407 5678 3494 5743 qui

1930 5769 2050 5821 deut
2077 5768 2215 5823 ferre
2244 5780 2466 5835 possunt
2492 5812 2504 5834 ,
2533 5771 2703 5838 rt-ipsa
2729 5778 2981 5838 prmstcnt
3003 5809 3017 5832 ,
3043 5777 3096 5820 ct
3120 5768 3391 5820 lubidinem
3421 5784 3526 5821 non

1929 5875 2084 5915 set-us
2117 5877 2178 5913 ac
2212 5861 2454 5917 rabidum
2497 5875 2722 5926 canem,
2768 5869 3129 5929 perpetuoque
3177 5859 3523 5912 insultantem

1936 5952 2244 6022 ltroltttlscnl
2268 5993 2279 6018 ,
2305 5964 2356 6007 et
2395 5950 2746 6008 inarefurens
2770 5950 3121 6021 comprimam
3142 5959 3235 6019 ,et
3268 5947 3504 6004 interim
