4142 6490
679 551 865 592 manas
892 536 1083 592 ﬂuctus
1108 535 1384 606 tranquille
1410 537 1688 604 navigant,
1713 543 1770 590 et
1789 532 2246 605 perturbatissimo

680 629 811 684 mari
834 643 901 684 ex
933 629 1093 684 animi
1143 627 1402 684 sententia
1429 627 1686 692 ferantur,
1716 636 1874 698 atque
1903 627 1956 682 in
1995 622 2248 680 naturalis

678 716 983 784 cupiditatis
1023 717 1240 774 fornace
1291 726 1494 774 stantes
1523 716 1661 772 haud
1707 725 1883 772 tamen
1922 715 2244 784 deﬁagrent,

667 821 858 865 velim
885 809 1052 864 instar
1076 809 1170 864 luti
1189 810 1454 865 carbones
1474 809 1602 864 istos
1623 807 1844 878 pedibus
1867 817 2130 878 premant,
2149 805 2249 860 hac

678 908 855 953 tamen
883 898 1163 968 cupiditate
1189 901 1416 968 turpiter
1441 897 1729 953 admodum
1771 911 1835 952 ac
1860 897 2052 951 misere
2077 903 2247 965 capte

674 998 836 1056 sunt,
886 1004 1113 1061 cumque
1148 1005 1209 1046 ea
1240 1006 1358 1060 qua:
1403 990 1603 1060 majora
1651 997 1804 1046 erant
1844 988 2242 1060 prcstitissent,

685 1078 810 1134 huic
836 1078 967 1135 vitio
993 1081 1403 1135 succubuerunt.

749 1170 802 1225 7.
847 1170 1047 1239 Quanta
1072 1188 1151 1226 res
1176 1173 1239 1226 sit
1270 1172 1552 1243 virginitas.
1587 1200 1658 1211 —
1683 1169 1851 1226 Tanta
1879 1170 2020 1225 enim
2050 1184 2136 1225 res
2163 1176 2247 1224 est

672 1261 972 1334 virginitas,
1003 1272 1252 1333 tantoque
1282 1263 1462 1319 labore
1490 1262 1721 1333 indiget,
1747 1272 1806 1317 ut
1832 1259 2091 1327 Christus,
2121 1275 2242 1316 cum

671 1353 869 1408 ecclo
893 1352 1271 1417 descendisset,
1301 1361 1357 1406 ut
1382 1353 1624 1408 homines
1650 1353 1866 1424 angelos
1893 1351 2149 1417 efliceret,
2179 1365 2244 1406 ac

673 1445 942 1502 calestem
973 1447 1092 1502 vitat
1120 1450 1378 1501 rationem
1413 1445 1498 1500 hic
1525 1455 1764 1510 sereret,
1794 1460 1862 1501 ne
1889 1453 1997 1499 tum
2027 1442 2240 1514 quidem

676 1533 727 1589 id
755 1535 1034 1607 imperare,
1055 1551 1116 1592 ac
1140 1536 1254 1606 lege
1279 1537 1380 1591 lata
1403 1535 1745 1606 praescribere
1767 1549 1926 1590 ausus
1945 1534 2034 1599 sit,
2056 1547 2240 1589 verum

674 1626 842 1682 emori
867 1627 1116 1698 quidem;
1146 1643 1250 1698 quo
1271 1626 1394 1697 quid
1419 1627 1629 1696 gravius
1653 1624 1937 1696 excogitari
1961 1625 2155 1695 queat?
2177 1637 2241 1678 ac

674 1727 927 1789 perpetua
967 1733 1125 1773 cruce
1165 1716 1342 1782 afﬁci,
1371 1716 1654 1787 hostesque
1686 1715 1955 1772 beneficiis
1993 1714 2238 1786 prosequi

668 1808 888 1876 jusserit
912 1849 928 1874 ,
953 1808 1299 1878 virginitatem
1325 1817 1498 1862 autem
1529 1806 1744 1862 minime
1773 1804 2083 1876 pmeperlt
2107 1845 2123 1871 ,
2151 1819 2240 1861 ve-

673 1915 790 1954 rum
819 1915 935 1954 eam
964 1901 1014 1954 in
1039 1900 1363 1956 audientium
1393 1899 1610 1955 arbitrio
1633 1914 1696 1954 ac
1720 1899 1988 1952 voluntate
2013 1897 2240 1968 relique-

671 1992 759 2051 rit.
784 1990 864 2046 his
888 1993 1062 2048 verbis
1083 2001 1232 2047 utens
1257 2011 1268 2045 :
1296 1993 1395 2058 Qui
1421 2001 1580 2060 potest
1605 2008 1803 2061 capcrc,
1831 1994 1996 2063 capiat
2020 1990 2233 2062 (Matth.

673 2083 759 2137 l9.
792 2082 858 2138 η
879 2083 922 2153 ).
950 2083 1153 2139 Etenim
1196 2099 1381 2155 magna
1413 2084 1571 2152 hujus
1597 2084 1672 2140 rei
1701 2086 1868 2140 moles
1892 2093 1975 2140 est
1999 2126 2016 2152 ,
2048 2099 2235 2155 magna

668 2173 1014 2228 certaminum
1054 2173 1240 2229 horum
1268 2174 1549 2230 difﬁcultas
1572 2217 1587 2240 ,
1619 2184 1673 2230 et
1713 2191 2003 2245 pugnarum
2034 2175 2195 2230 sudor
2217 2215 2233 2241 ,

668 2272 826 2331 atque
845 2263 930 2319 hic
945 2265 1148 2320 virtutis
1169 2265 1314 2320 locus
1330 2265 1611 2320 admodum
1635 2281 1867 2335 praeceps
1888 2281 1952 2320 ac
1971 2265 2233 2321 lubricus:

671 2353 721 2405 id
767 2354 907 2424 quod
945 2355 1104 2410 etiam
1145 2355 1454 2423 declarant,
1482 2357 1569 2426 qui
1600 2358 1649 2411 in
1688 2356 1864 2411 Veteri
1898 2357 2236 2413 Testamento

670 2445 849 2501 multis
887 2447 1165 2503 virtutibus
1207 2447 1518 2504 ﬂoruean
1567 2447 1836 2518 Siquidem
1881 2463 2101 2519 magnus
2148 2449 2235 2505 ille

668 2536 878 2603 loses,
926 2537 1299 2608 prophetarum
1340 2548 1533 2610 caput,
1575 2540 1814 2594 sincerus
1853 2539 1949 2596 Dei
1990 2541 2189 2596 amicus
2216 2581 2233 2609 ,

666 2629 860 2698 quique
899 2637 1093 2684 tantam
1135 2630 1273 2701 apud
1316 2646 1437 2686 eum
1484 2631 1726 2686 ﬁduciam
1777 2641 1832 2687 et
1869 2633 2234 2689 auctoritatem

668 2720 925 2783 obtinuit,
958 2733 1012 2775 nt
1041 2731 1286 2777 sexcenta
1315 2721 1585 2777 hominum
1620 2723 1780 2777 millia
1801 2763 1817 2788 ,
1848 2724 2110 2794 supplicio
2135 2725 2233 2779 ob-

667 2810 844 2876 noxia,
865 2811 1112 2866 divinitus
1136 2813 1383 2867 immissa:
1403 2812 1567 2883 plaga
1589 2814 1849 2882 eriperet;
1874 2814 1972 2879 vir,
1996 2815 2232 2885 inquam,

668 2911 842 2955 tantus
865 2917 928 2957 ac
953 2911 1057 2957 tam
1084 2903 1302 2973 insignis
1327 2905 1459 2958 mari
1489 2905 1699 2974 quidem
1731 2903 2035 2972 imperavit,
2063 2915 2118 2961 et
2142 2922 2232 2977 pe-

667 2990 815 3059 lagus
840 2993 1037 3056 secuit,
1068 3002 1121 3047 et
1144 3009 1301 3063 rupes
1328 2993 1510 3064 fregit,
1543 3005 1595 3049 et
1621 3009 1797 3051 aerem
1828 2996 2154 3066 immutavit,
2180 3009 2233 3054 et

666 3081 917 3138 Niliacam
948 3085 1138 3140 undam
1165 3086 1217 3141 in
1242 3100 1485 3142 cruorem
1507 3089 1797 3155 convertit,
1826 3098 1877 3143 et
1901 3105 2146 3146 ranarum
2171 3108 2233 3149 ac

669 3175 987 3230 locustarum
1014 3179 1302 3232 exercitum
1331 3177 1589 3234 Pharaoni
1615 3181 1889 3249 opposuit,
1919 3190 1974 3236 et
2002 3198 2086 3239 res
2114 3200 2231 3240 om-

667 3281 761 3320 nes
776 3268 1013 3323 conditas
1034 3268 1085 3322 in
1103 3285 1294 3324 novam
1313 3279 1551 3325 naturam
1570 3272 1868 3338 transtulit,
1889 3274 2095 3346 aliaque
2111 3277 2233 3330 inﬁ-

667 3356 775 3409 nita
807 3357 1054 3412 miracula
1081 3359 1274 3425 edidit,
1306 3369 1462 3430 atque
1492 3363 1652 3416 multa
1685 3361 1891 3418 virtutis
1917 3364 2231 3422 documenta

666 3445 888 3513 praebuit
914 3464 926 3499 :
949 3462 1071 3502 nam
1093 3459 1310 3518 utraque
1331 3466 1394 3504 ex
1415 3462 1563 3520 parte
1583 3453 1800 3519 claruit;
1824 3470 2005 3511 verum
2027 3457 2092 3511 ad
2119 3458 2232 3514 haec

663 3537 950 3592 certamina
994 3554 1060 3595 ne
1100 3541 1282 3596 oculos
1319 3542 1532 3612 quidem
1574 3544 1853 3600 obvertere
1897 3549 2101 3616 potuit,
2137 3550 2229 3605 sed

665 3628 1036 3696 matrimonio,
1072 3641 1126 3686 et
1165 3632 1345 3688 uxoris
1382 3634 1659 3705 complexu
1685 3677 1699 3699 ,
1731 3646 1889 3706 atque
1929 3637 2228 3708 hujusmodi

667 3718 911 3786 praesidio
956 3721 1173 3792 indiguit
1195 3764 1208 3784 ,
1241 3739 1338 3778 nec
1366 3724 1676 3794 virginitatis
1717 3729 1881 3795 mari,
1913 3731 2050 3800 quod
2084 3732 2225 3786 illius

665 3811 851 3866 fluctus
878 3813 1307 3882 pertimesceret,
1335 3831 1393 3872 se
1416 3819 1745 3874 committere
1773 3837 1931 3878 ausus
1958 3832 2058 3878 est.
2092 3824 2228 3891 Quin

664 3904 820 3958 etiam
852 3905 1144 3974 patriarcha
1176 3907 1279 3963 iste
1301 3949 1317 3973 ,
1345 3907 1433 3963 ﬁlii
1465 3909 1550 3965 sui
1577 3912 1847 3966 sacriﬁcus
1869 3955 1882 3979 ,
1911 3914 2230 3969 violentissi-

667 4010 808 4047 mum
838 4005 1034 4050 natura:
1057 3997 1300 4053 affectum
1329 4001 1637 4070 proculcare
1664 4003 1849 4070 potuit,
1881 4019 1941 4058 ac
1968 4004 2152 4067 ﬁlium,
2177 4015 2231 4061 et

664 4083 875 4152 quidem
903 4084 1062 4139 ﬁlium
1092 4087 1252 4152 Isaac,
1276 4087 1328 4142 in
1360 4090 1475 4157 ipso
1499 4092 1668 4146 aetatis
1694 4092 1844 4159 ﬂore,
1868 4093 1919 4147 in
1945 4093 2058 4163 ipso
2081 4095 2230 4163 juve-

665 4175 786 4228 nilis
831 4175 1000 4230 astatis
1042 4177 1220 4247 vigore
1242 4220 1258 4245 ,
1287 4180 1610 4250 unigenitum
1639 4223 1654 4247 ,
1683 4197 1864 4236 carum
1890 4224 1905 4248 ,
1935 4198 1998 4240 ac
2038 4195 2230 4255 prater

663 4280 810 4332 spem
839 4280 1049 4321 omnem
1071 4268 1167 4338 ipsi
1193 4283 1526 4337 concessum,
1548 4280 1602 4326 et
1621 4273 1799 4328 multis
1827 4275 2101 4330 virtutibus
2127 4277 2225 4331 flo-

666 4363 889 4420 rentem,
917 4365 1124 4427 quoque
1147 4359 1262 4415 solo
1291 4361 1573 4428 nitebatur,
1606 4364 1764 4418 etiam
1796 4365 1845 4419 in
1873 4375 2109 4422 extrema
2137 4383 2226 4423 se-

668 4455 880 4503 nectute
900 4459 1070 4504 morte
1089 4450 1300 4521 afﬁcere
1317 4453 1498 4519 voluit,
1518 4469 1743 4524 eumque
1765 4456 1814 4509 iu
1838 4466 2067 4512 montem
2095 4459 2226 4512 sub-

666 4537 884 4606 vehere,
906 4555 1026 4595 cum
1052 4539 1117 4595 ad
1149 4541 1253 4597 tale
1268 4541 1470 4599 facinus
1488 4545 1834 4600 subvecturus
1850 4558 2009 4614 esset,
2033 4549 2227 4618 potuit,

665 4639 823 4701 atque
836 4646 984 4687 aram
1005 4636 1289 4700 exstruxit,
1309 4644 1362 4691 et
1387 4636 1526 4707 ligna
1550 4640 1868 4707 composuit,
1887 4651 1939 4696 et
1959 4642 2225 4698 victimam

663 4720 941 4790 imposuit,
965 4729 1020 4778 et
1041 4739 1346 4780 mucronem
1371 4727 1612 4796 arripuit,
1642 4744 1869 4797 eumque
1900 4733 2044 4799 pueri
2066 4735 2224 4802 jugr.»

662 4811 714 4866 lo
741 4812 914 4882 adegit
941 4812 1092 4883 (Gen.
1110 4814 1204 4883 22)
1234 4832 1247 4868 :
1274 4831 1394 4871 nam
1419 4817 1592 4889 adegit
1614 4835 1674 4873 ac
1695 4823 1987 4876 cruentavit
2009 4824 2225 4880 adamas

660 4903 770 4969 ille,
800 4907 904 4959 imo
929 4906 1205 4962 adamante
1230 4909 1373 4964 omni
1402 4909 1600 4964 ﬁrmior
1626 4927 1641 4962 ε
1669 4913 1862 4966 etenim
1889 4913 1989 4969 hoc
2013 4917 2222 4984 quidem

660 4993 748 5049 ille
784 4995 835 5052 vi
875 5003 1074 5051 natura:
1113 4997 1300 5063 habet;
1347 4999 1431 5054 hic
1469 5009 1642 5055 autem
1684 5017 1778 5071 per
1805 5003 2221 5075 philosopliicam

658 5085 983 5142 voluntatem
1030 5089 1318 5146 naturalem
1367 5091 1510 5146 illam
1558 5092 1857 5148 ﬁrmitatem
1886 5106 1940 5150 et
1975 5097 2220 5153 duritiem

659 5176 894 5230 imitatus
931 5187 1050 5243 est,
1080 5187 1235 5248 atque
1275 5181 1561 5251 angelicam
1601 5184 2036 5253 tranquillitatem
2079 5189 2221 5244 omni

657 5268 1048 5335 perturbatione
1073 5285 1288 5325 vacuam
1315 5273 1574 5340 praestitit.
1606 5275 1674 5328 Et
1700 5285 1874 5331 tamen
1902 5277 1966 5340 is,
1992 5279 2080 5348 qui
2108 5289 2223 5335 tan-

664 5367 770 5412 tum
801 5371 1010 5428 tamque
1037 5361 1341 5429 prmclarum
1371 5374 1639 5421 certamen
1666 5366 1797 5423 inire
1826 5370 2031 5437 potuit,
2062 5381 2219 5442 atque

655 5464 718 5502 ex
748 5449 873 5517 ipsis
905 5461 1104 5504 natura:
1131 5450 1320 5506 ﬁnibus
1343 5457 1587 5522 excessit,
1612 5454 1924 5526 virginitatis
1949 5471 2218 5518 certamen

657 5539 924 5608 suscipere
950 5541 1164 5595 minimc
1191 5556 1346 5597 ausus
1368 5554 1449 5597 est
1472 5562 1484 5597 :
1507 5561 1686 5600 verum
1713 5547 1823 5616 ipse
1849 5565 2058 5621 quoque
2086 5551 2220 5609 hanc

660 5629 954 5696 palaestram
979 5632 1247 5700 extimuit,
1279 5635 1699 5710 matrimonitque
1727 5641 1970 5697 solatium
1998 5654 2080 5699 est
2109 5660 2222 5700 am-

663 5719 863 5785 plextts.

732 5810 784 5864 8.
827 5806 960 5868 Laus
985 5813 1137 5880 Jobi;
1165 5815 1468 5872 calamitates
1495 5819 1621 5887 ejus.
1646 5850 1712 5860 -—
1737 5822 1825 5878 Vis
1849 5823 2036 5882 Jobum
2061 5827 2217 5884 etiam

1380 421 1436 479 S.
1477 419 1753 478 JOANNIS
1778 413 2250 478 CHRYSlBTOII
2288 411 2602 470 AICﬂlEP.
2640 414 3171 474 (ὩΝΞὙΔΝΤΙΝΟΡ.

2360 529 2444 585 bis
2464 530 2786 602 adjungam?
2809 530 3010 600 justum
3040 531 3253 602 inquam
3277 527 3459 598 illum,
3485 525 3600 586 veri
3621 535 3896 584 amante.
3913 568 3936 592 .

2353 623 2522 692 pium,
2551 631 2712 694 atque
2739 622 2808 678 ab
2835 621 3076 693 improba
3101 622 3249 677 omni
3275 621 3486 678 actione
3505 635 3627 678 sese
3656 619 3932 675 abstinen-

2354 725 2458 772 tem
2491 715 2612 785 (Job
2639 717 2732 787 l)?
2757 717 2855 772 Hic
2893 716 3052 788 igitur
3075 715 3177 772 Job
3197 715 3393 772 diaboli
3420 729 3482 771 os
3507 713 3782 778 contudit;
3810 726 3936 782 per-

2351 820 2539 863 cussus
2563 808 2676 878 ipse
2695 849 2713 876 ,
2743 823 2850 863 non
2879 808 3180 878 percutiens
3201 848 3217 873 ,
3250 815 3413 863 totam
3447 807 3588 862 illius
3623 804 3934 874 pharetram

2349 897 2665 963 exinanivit;
2687 911 2913 970 cumque
2930 897 3160 954 assiduis
3179 897 3248 954 ab
3271 899 3387 969 ipso
3405 898 3610 968 sagittis
3632 905 3932 966 peteretur,

2349 989 2528 1042 omnia
2554 998 2730 1046 tamen
2760 993 3106 1046 tentatlonum
3133 1005 3328 1061 genera
3353 989 3620 1054 sustinuit,
3644 997 3700 1044 et
3729 1001 3928 1042 unum-

2349 1076 2595 1148 quodque
2623 1080 2906 1136 immanem
2934 1081 2987 1134 in
3013 1079 3248 1136 modum.
3288 1079 3422 1135 Nam
3449 1095 3569 1151 qua:
3597 1080 3650 1135 in
3684 1077 3785 1134 hac
3817 1077 3929 1134 vita

2349 1167 2604 1226 molestia
2644 1171 2874 1240 speciem
2917 1170 3150 1238 habent,
3192 1181 3247 1226 et
3275 1185 3460 1226 revera
3496 1171 3720 1226 molesta
3754 1176 3887 1226 sunt
3913 1210 3931 1236 ,

2348 1258 2464 1315 htec
2503 1262 2800 1331 praesertim
2839 1269 3001 1327 sunt,
3043 1270 3360 1332 paupertas,
3403 1260 3656 1325 morbus,
3693 1259 3928 1316 ﬁlioru-

2344 1350 2581 1416 amissio,
2604 1350 2832 1406 hostium
2854 1353 3101 1422 impetus,
3125 1353 3413 1408 amicorum
3436 1352 3670 1422 ingratus
3689 1352 3924 1418 animus,

2347 1441 2533 1508 fames,
2570 1444 2806 1514 perpetui
2831 1445 3069 1515 corporis
3091 1443 3323 1510 dolores,
3352 1445 3610 1511 convicia,
3637 1443 3926 1500 calumnia

2343 1542 2399 1588 et
2440 1531 2649 1588 sinistra
2686 1533 3007 1590 existimatio
3042 1550 3058 1588 :
3095 1549 3214 1604 qua:
3239 1535 3418 1588 omnia
3455 1534 3507 1590 in
3537 1549 3702 1588 unum
3728 1547 3926 1604 corpus

2343 1622 2506 1678 eﬁ‘usa
2529 1667 2546 1691 ,
2573 1633 2733 1695 atque
2759 1625 3012 1681 adversus
3052 1641 3211 1680 unam
3248 1625 3478 1680 animam
3519 1634 3720 1680 structa
3753 1633 3880 1679 sunt
3903 1665 3920 1688 ,

2340 1715 2588 1785 quodque
2611 1715 2772 1771 etiam
2796 1717 3008 1786 gravius
3035 1725 3136 1782 est,
3171 1717 3528 1786 inOpinautem
3554 1715 3744 1771 adorta
3775 1725 3919 1770 sunt.

2341 1806 2490 1875 Quod
2511 1816 2686 1862 autem
2711 1806 2829 1863 dico
2851 1808 2929 1864 sic
2955 1806 3356 1879 intelligendum
3381 1824 3396 1861 :
3423 1806 3525 1874 Qui
3553 1807 3804 1862 tenuibus
3828 1821 3923 1876 pa-

2341 1897 2581 1953 rentibus
2604 1906 2754 1954 ortus
2776 1907 2878 1962 est,
2902 1906 3060 1969 atque
3085 1898 3138 1953 in
3165 1899 3426 1968 ejusmodi
3455 1897 3614 1952 domo
3638 1897 3922 1964 educatus,

2343 1992 2664 2060 paupertatis
2708 1988 3001 2046 molestiam
3045 1987 3199 2044 facile
3244 1989 3456 2054 tulerit,
3509 1997 3691 2058 utpote
3737 2003 3837 2042 usu
3869 1995 3926 2042 et

2339 2081 2720 2138 consuetudine
2735 2081 3030 2146 exercitus;
3047 2087 3103 2134 at
3119 2080 3209 2150 qui
3233 2089 3306 2134 tot
3322 2079 3562 2150 pecuniis
3577 2077 3920 2146 circumfluit,

2341 2173 2604 2242 tantisque
2639 2170 2829 2242 opibus
2867 2170 3138 2237 abundat,
3169 2185 3231 2225 ac
3271 2180 3453 2240 postea
3495 2171 3547 2225 in
3588 2170 3921 2226 contrarium

2338 2271 2557 2332 mpente
2600 2262 2794 2317 labitur
2817 2303 2832 2328 ,
2862 2261 3162 2332 hujusmodi
3203 2261 3549 2316 mutationem
3591 2259 3733 2316 haud
3768 2261 3923 2319 facile

2339 2352 2517 2407 tulerit
2543 2368 2559 2407 :
2587 2367 2708 2406 nam
2739 2351 3014 2421 inexperto
3036 2392 3052 2418 ,
3080 2352 3169 2422 qui
3211 2361 3430 2422 repente
3459 2352 3511 2405 in
3538 2366 3658 2406 eam
3692 2351 3880 2407 incidit
3902 2391 3918 2417 ,

2338 2442 2579 2498 acerbior
2600 2441 2823 2497 videtur.
2853 2444 2932 2497 Ac
2956 2457 3166 2497 rursum
3191 2442 3309 2512 :qui
3335 2442 3578 2513 ignobilis
3598 2452 3704 2506 est,
3728 2443 3920 2499 obscu-

2338 2549 2530 2604 rosque
2555 2543 2800 2605 parentes
2826 2533 3032 2598 habuit,
3060 2544 3218 2606 atque
3246 2534 3297 2588 iu
3323 2546 3580 2605 perpetuo
3605 2544 3918 2606 contemptu

2339 2626 2501 2690 vivit,
2534 2625 2580 2680 is
2621 2625 2916 2681 maledictis
2960 2634 3016 2682 et
3057 2627 3394 2681 contumeliis
3437 2625 3575 2680 haud
3619 2625 3912 2682 admodum

2337 2718 2684 2774 conturbatur
2714 2736 2727 2771 :
2761 2717 2851 2788 qui
2878 2726 3086 2784 autem,
3118 2733 3238 2773 cum
3271 2727 3468 2772 tantam
3507 2717 3653 2788 prius
3690 2717 3915 2788 gloriam

2335 2808 2637 2873 obtineret,
2667 2817 2722 2864 et
2748 2808 2817 2863 ab
2842 2808 3090 2864 omnibus
3128 2808 3412 2878 stiparetur
3436 2850 3450 2875 ,
3478 2818 3637 2877 atque
3675 2809 3914 2865 omnium

2335 2914 2583 2955 sermone
2604 2899 2982 2966 celebraretur,
3006 2915 3299 2971 magnoque
3326 2915 3445 2955 cum
3467 2899 3756 2969 splendore
3781 2916 3915 2970 pra-

2335 2983 2616 3056 dicaretur,
2641 3000 2821 3061 postea
2850 2991 2902 3045 in
2933 2990 3202 3046 infamiam
3228 3001 3280 3047 et
3304 3001 3665 3066 contemptum
3696 2992 3910 3060 cecidit,

2335 3081 2456 3138 huic
2483 3082 2622 3139 idem
2650 3083 2789 3154 quod
2817 3084 2866 3138 ei
2886 3125 2903 3150 ,
2933 3083 3022 3154 qui
3049 3098 3116 3139 ex
3140 3083 3300 3138 divite
3327 3099 3525 3154 pauper
3547 3083 3769 3142 elfectus
3794 3094 3909 3152 est,

2333 3175 2537 3231 accidat
2561 3191 2778 3231 necesse
2797 3185 2898 3232 est.
2922 3175 3040 3231 Pari
3067 3176 3226 3232 modo
3244 3178 3333 3249 qui
3354 3177 3475 3232 ﬁliis
3495 3178 3732 3245 orbatur,
3751 3181 3910 3236 etiam

2334 3267 2379 3321 si
2409 3281 2593 3322 omnes
2634 3267 2876 3333 amittat,
2904 3266 3028 3322 dum
3057 3276 3232 3323 tamen
3263 3283 3368 3324 non
3408 3268 3594 3324 eodem
3627 3280 3906 3342 tempore,

2337 3357 2555 3424 luctum,
2583 3372 2740 3427 quem
2766 3373 2837 3412 ex
2866 3357 2932 3413 iis
2956 3358 3044 3429 qui
3074 3369 3298 3414 mortem
3324 3360 3571 3414 obierunt
3595 3361 3757 3432 capit,
3788 3363 3911 3418 reli-

2333 3463 2557 3519 quorum
2602 3449 2791 3504 solatio
2833 3449 2972 3504 levat
3004 3469 3018 3505 :
3045 3464 3108 3505 ac
3137 3451 3321 3506 sedato
3359 3468 3424 3508 eo
3451 3468 3682 3510 mmrorc
3704 3495 3720 3522 ,
3751 3471 3909 3526 quem

2336 3540 2568 3608 priorum
2589 3540 2840 3594 interitus
2866 3540 3058 3607 attulit,
3086 3542 3130 3595 si
3161 3541 3440 3612 interjecto
3463 3545 3640 3616 aliquo
3670 3555 3911 3616 tempore

2333 3632 2559 3688 alterum
2587 3647 2618 3688 e
2647 3632 2751 3687 vita
2776 3632 3052 3690 discedere
3075 3637 3368 3706 contingat,
3403 3638 3581 3693 mitior
3608 3641 3656 3694 ei
3681 3639 3796 3694 hazc
3821 3656 3912 3696 ca-

2336 3722 2542 3778 lamitas
2579 3723 2816 3779 redditur
2842 3742 2856 3778 :
2886 3739 3058 3795 neque
3085 3726 3226 3781 enim
3258 3729 3456 3782 recenti
3486 3729 3660 3784 adhuc
3700 3731 3909 3788 vulneri

2332 3814 2658 3881 supervenit,
2684 3830 2868 3870 verum
2897 3816 3100 3883 sedato,
3128 3831 3191 3872 ac
3215 3818 3283 3872 de
3309 3819 3486 3872 medio
3509 3819 3737 3886 sublato,
3767 3822 3908 3891 quod

2333 3903 2545 3973 quidem
2576 3921 2681 3960 non
2709 3921 2894 3976 parum
2921 3906 2988 3962 de
3023 3907 3208 3962 dolore
3236 3908 3484 3964 detrahit.
3520 3915 3586 3965 At
3611 3924 3793 3968 contra
3823 3913 3911 3971 hic

2335 3996 2637 4052 universum
2669 3998 2893 4053 ﬁliorum
2921 3998 3142 4055 chorum
3171 4016 3276 4056 uno
3306 4003 3559 4072 temporis
3589 4014 3786 4073 puncto
3810 4047 3825 4071 ,
3854 4015 3910 4063 et

2333 4087 2544 4154 quidem
2590 4089 2933 4144 acerbissimo
2979 4091 3166 4146 mortis
3200 4107 3397 4163 genere
3432 4093 3712 4164 abreptum
3754 4095 3908 4154 vidit.

2330 4176 2461 4232 Nam
2487 4188 2541 4233 et
2568 4179 2793 4234 violenta
2822 4189 2875 4236 et
2899 4180 3176 4236 immatura
3202 4183 3315 4238 haec
3340 4198 3482 4239 mors
3507 4195 3622 4240 erat
3645 4228 3660 4250 ,
3684 4201 3748 4242 ac
3775 4196 3908 4243 tem-

2333 4285 2430 4338 pus
2453 4271 2609 4325 etiam
2635 4281 2689 4326 et
2714 4273 2862 4328 locus
2883 4273 3020 4329 haud
3045 4290 3264 4344 parvum
3287 4275 3458 4332 dolori
3482 4279 3754 4334 cumulum
3778 4279 3909 4338 affe-

2332 4360 2482 4415 rebat
2510 4379 2524 4416 :
2553 4362 2812 4431 siquidem
2835 4373 2887 4418 et
2909 4366 3182 4433 epularum
3212 4375 3468 4436 tempore,
3497 4377 3553 4422 et
3579 4369 3630 4424 in
3657 4385 3720 4426 ea
3745 4370 3906 4428 domo

2328 4468 2447 4521 quae
2491 4453 2784 4523 hospitibus
2822 4465 3003 4526 aperta
3040 4465 3159 4512 erat
3181 4498 3196 4522 ,
3225 4466 3280 4514 et
3307 4457 3533 4530 denique
3559 4459 3752 4516 domus
3777 4461 3908 4533 ipsis

2328 4545 2627 4614 sepulcrum
2656 4545 2768 4599 fuit.
2798 4546 2927 4601 Nam
2957 4547 3081 4619 quid
3109 4563 3302 4603 novum
3332 4549 3479 4615 illud,
3509 4551 3758 4623 quodque
3787 4554 3908 4608 nul-

2330 4636 2394 4690 lis
2417 4635 2592 4690 verbis
2617 4637 2841 4705 exprimi
2870 4638 3063 4707 possit,
3088 4637 3241 4693 famis
3259 4655 3425 4710 genus
3448 4655 3864 4698 commemorem
3882 4644 3910 4698 ἲ

2329 4727 2681 4781 voluntarium
2725 4726 2894 4782 dicam
2938 4743 3004 4781 an
3047 4729 3328 4784 coactum?
3371 4745 3542 4800 neque
3577 4732 3763 4798 enim,
3799 4747 3911 4804 quo

2328 4833 2446 4873 eam
2469 4818 2724 4872 vocabulo
2748 4819 3028 4888 appellem,
3054 4821 3184 4885 scio,
3210 4835 3308 4876 nec
3330 4821 3469 4891 quod
3492 4830 3597 4876 tam
3619 4823 3906 4894 inopinata

2328 4911 2612 4965 calamitati
2644 4926 2835 4966 nomen
2861 4913 3125 4983 imponam
3160 4914 3386 4983 reperio.
3413 4913 3618 4986 Quippe
3641 4916 3712 4972 ab
3736 4931 3905 4987 appo-

2327 5003 2428 5056 sita
2457 5017 2638 5058 mensa
2667 5003 2982 5070 abstinebat,
3014 5020 3111 5060 nu:
3139 5005 3286 5061 cibos
3312 5021 3426 5070 eos,
3452 5023 3588 5078 quos
3615 5009 3868 5067 cernebat
3886 5051 3904 5078 ,

2326 5093 2636 5164 attingebat.
2664 5095 2950 5151 Vulnerum
2981 5096 3125 5151 enim
3148 5138 3165 5165 ,
3190 5099 3382 5166 quibus
3407 5099 3572 5172 ipsius
3596 5117 3794 5173 corpus
3823 5103 3903 5158 af-

2328 5185 2602 5242 ﬁciebatur
2625 5227 2639 5252 ,
2681 5185 2840 5243 fictor
2876 5187 3249 5257 appetitionem
3286 5204 3498 5246 omnem
3527 5193 3904 5262 opprimebat,

2326 5293 2669 5348 mensamque
2709 5275 2874 5334 etiam
2920 5281 3085 5349 ipsam
3135 5280 3376 5336 molestia
3421 5280 3794 5350 perfundebat.
3849 5283 3903 5340 Id

2325 5371 2465 5439 quod
2495 5373 2652 5426 etiam
2683 5372 2766 5427 his
2803 5373 2977 5428 verbis
3003 5373 3307 5429 declarabat
3335 5390 3348 5429 :
3384 5372 3637 5430 Fictor-sm
3661 5377 3806 5432 rideo
3833 5376 3904 5432 c5-

2327 5461 2413 5513 bos
2440 5477 2573 5514 meos
2598 5462 2615 5529 (
2639 5460 2755 5516 Job.
2785 5462 2835 5517 6.
2863 5463 2893 5517 7
2917 5463 2958 5532 ).
3005 5465 3080 5518 Ac
3106 5465 3186 5517 vis
3222 5463 3437 5534 quidem
3476 5463 3630 5520 famis
3656 5482 3781 5523 eum
3801 5509 3816 5535 ,
3844 5475 3903 5523 ut

2325 5552 2530 5608 oblatos
2557 5551 2702 5606 cibos
2727 5552 3047 5622 degustaret,
3071 5554 3312 5625 adigebat
3335 5573 3347 5608 :
3370 5570 3554 5611 verum
3578 5557 3901 5614 incredibilis

2327 5642 2539 5714 quidam
2579 5642 2736 5698 fmtor
2759 5685 2774 5712 ,
2812 5647 2901 5715 qui
2939 5661 3004 5700 ex
3045 5646 3210 5716 ipsius
3235 5647 3484 5704 carnibus
3512 5650 3896 5719 promanahat,

2327 5737 2431 5789 vim
2454 5735 2604 5790 lamis
2625 5737 2922 5804 superabat.
2952 5736 3095 5807 Ideo,
3122 5747 3180 5792 ut
3197 5738 3306 5808 jam
3333 5739 3462 5806 dixi,
3479 5756 3588 5810 quo
3608 5756 3727 5797 eam
3751 5749 3900 5812 pacto

2329 5827 2587 5899 appellem
2615 5845 2721 5888 non
2741 5831 2928 5889 habeo.
2958 5831 3357 5922 Voluntariam?
3375 5835 3444 5892 At
3465 5834 3739 5906 appositoa
3755 5833 3900 5895 οἰδα
