4192 6518
300 439 401 496 563

292 565 501 636 κύμασι
552 565 695 637 μετά
729 566 971 640 γαλήνης
1020 566 1302 632 πλέουσαι,
1335 564 1432 619 τοῦ
1477 562 1885 637 ταραττομένου

293 655 542 725 σφοδρῶς
607 654 703 708 τοῦ
735 654 1006 724 πελάγους
1052 653 1304 726 ἐξουρίας
1346 653 1668 725 φερόμεναι,
1698 650 1794 704 καὶ
1824 650 1888 704 ἐν

294 742 514 811 καμίνῳ
555 742 795 811 φυσικῆς
847 741 1142 812 ἐπιθυμίας
1167 741 1428 806 ἑστῶσαι,
1481 740 1575 795 καὶ
1615 739 1693 811 μὴ
1715 753 1887 793 κατα-

293 829 605 901 κτιόμεναι,
662 831 778 886 ἀλλ’
817 830 894 894 ὡς
952 830 1122 901 πηλὸν
1171 832 1301 896 τοὺς
1334 831 1614 901 ἄνθρακας
1662 828 1888 892 τούτους

297 921 731 987 καταπατοῦσαι,
765 920 871 974 ὑπὸ
921 921 1022 992 τῆς
1063 922 1360 994 ἐπιθυμίας
1404 919 1607 991 ταύτης
1641 919 1888 972 ἑάλωσαν

293 1007 539 1080 αἰσχρῶς
570 1007 712 1060 πάνυ
746 1008 842 1061 καὶ
864 1006 1133 1070 ἐλεεινῶς,
1165 1009 1259 1062 καὶ
1297 1008 1366 1061 τά
1405 1006 1626 1077 μείζονα
1649 1004 1892 1076 δυνηθεῖ-

297 1111 409 1158 σαι,
442 1093 550 1148 ὑπὸ
576 1095 766 1147 τούτου
806 1095 1322 1167 κατηγωνίσθησαν.

365 1181 432 1243 ζ’.
453 1179 721 1234 Τοσοῦτον
735 1180 844 1252 γάρ
860 1181 1009 1234 ἐστιν
1028 1183 1062 1252 ή
1089 1181 1357 1254 παρθενία
1373 1182 1628 1254 πρᾶγμα,
1647 1181 1740 1234 καὶ
1765 1196 1889 1233 τοσ-

293 1267 452 1321 ούτου
473 1267 644 1320 δεῖται
676 1266 771 1320 τοῦ
812 1268 994 1334 πόνου,
1045 1270 1126 1322 ὅτι
1165 1269 1441 1324 κατελθὼν
1478 1270 1509 1323 6
1549 1267 1784 1340 Χριστὸς
1828 1265 1888 1332 ἐξ

292 1353 552 1426 ούρανοῦ,
582 1354 669 1408 ἵνα
705 1355 832 1419 τοὺς
864 1353 1186 1428 ἀνθρώπους
1211 1357 1475 1426 ἀγγέλους
1521 1357 1746 1429 ποιήσῃ,
1792 1356 1888 1409 καὶ

290 1444 394 1512 τὴν
414 1443 528 1497 ἀνω
575 1441 851 1496 πολιτείαν
907 1441 1144 1498 ἐνταῦθα
1186 1443 1593 1517 καταφυτεὺσῃ,
1615 1444 1738 1498 οὑδὲ
1763 1444 1885 1497 τότε

291 1529 602 1601 ἐθάρρησεν
626 1529 878 1594 ἐπιτάξαι
907 1529 1087 1595 τοῦτο,
1111 1531 1230 1586 οὑδὲ
1259 1533 1338 1594 είς
1369 1531 1537 1600 νόμου
1571 1531 1704 1585 αὑτδ
1731 1530 1886 1596 τάξιν

289 1618 555 1685 ἀγαγεῖν·
591 1615 708 1669 ἀλλ’
748 1617 1112 1689 ἀποθνήσκειν
1144 1618 1244 1688 μὲν
1272 1619 1664 1690 ἐνομοθέτησεν
1706 1613 1808 1690 (οὗ
1833 1619 1886 1672 τί
1919 1657 1926 1666 ρ

291 1706 594 1777 βαρύτερον
615 1705 815 1772 γένοιτ’
838 1707 972 1772 άνς),
993 1707 1084 1760 καὶ
1107 1705 1472 1776 σταυροῦσθαι
1486 1705 1771 1777 διηνεκῶς,
1790 1705 1886 1759 καὶ

291 1793 525 1864 ἐχθροὺς
551 1793 881 1865 εὐεργετεῖν,
902 1793 1256 1864 παρθενεύειν
1271 1795 1327 1847 δὲ
1347 1796 1446 1847 οὑκ
1459 1793 1851 1865 ἐνομοθέτησεν
1868 1809 1882 1823 °

288 1880 408 1934 ἀλλ’
472 1881 684 1949 ἀφῆκεν
738 1882 795 1932 ἐν
846 1882 912 1950 τῇ
961 1881 1069 1934 τῶν
1097 1882 1404 1935 ἀκουόντων
1436 1882 1650 1934 κεῖσθαι
1693 1899 1886 1953 προαι-

292 1963 450 2034 ρέσει
477 1975 528 2025 ι,
558 1961 819 2026 είπὼν,“0
837 1963 1175 2033 δυνάμενος
1197 1966 1429 2034 χωρεῖν,
1459 1967 1733 2034 χωρείτω.
1773 1966 1884 2018 Καὶ

289 2051 403 2123 γάρ
459 2049 634 2120 μέγας
657 2052 684 2103 6
720 2051 883 2119 δγκος
903 2051 999 2104 τοῦ
1035 2053 1384 2124 πράγματος,
1427 2061 1522 2107 καὶ
1563 2054 1596 2123 ή
1626 2052 1884 2106 δυσκολία

287 2139 400 2192 τῶν
428 2137 835 2206 παλαισμάτων
890 2138 1116 2205 τούτων,
1151 2140 1246 2192 καὶ
1267 2142 1295 2192 6
1321 2139 1482 2210 ἱδρὼς
1501 2139 1610 2192 τῶν
1633 2139 1881 2207 ἀγώνων,

290 2226 387 2297 καὶ
416 2224 624 2296 σφόδρα
655 2224 1011 2296 ἀπόκρημνον
1034 2225 1193 2279 τοῦτο
1213 2227 1312 2297 τῆς
1337 2227 1540 2298 ἀρετῆς
1561 2227 1621 2281 16
1650 2227 1848 2299 χωρίον
1865 2244 1880 2258 ο

290 2313 388 2369 καὶ
413 2310 574 2365 τοῦτο
595 2310 814 2381 δηλοῦσι
862 2313 955 2368 καὶ
985 2313 1034 2364 οἱ
1055 2314 1114 2366 ἐν
1141 2316 1207 2384 τῇ
1241 2314 1452 2385 Παλαιᾷ
1485 2314 1656 2368 πολλά
1681 2332 1882 2386 κατορ-

291 2401 588 2462 θώσαντες.
641 2399 751 2452 Καὶ
805 2398 914 2470 γὰρ
947 2402 1191 2472 Μωὺσῆς
1245 2404 1450 2466 ἐκεῖνος
1477 2404 1506 2456 6
1534 2401 1729 2472 μέγας,
1775 2403 1884 2456 τῶν

290 2487 594 2562 προφητῶν
633 2486 694 2539 16
749 2487 1066 2557 κεφάλαιον,
1103 2490 1132 2542 6
1173 2489 1395 2559 γνήσιος
1445 2488 1520 2560 τῷ
1557 2489 1677 2560 θεῴ
1707 2489 1881 2558 φίλος,

289 2581 322 2634 6
355 2579 624 2649 τοσαύτης
664 2575 981 2641 ἀπολαύσας
1010 2578 1344 2650 παρρησίας,
1376 2577 1453 2640 ὡς
1481 2576 1770 2641 ἑξακοσίας
1797 2596 1883 2648 χι-

290 2668 481 2732 λιάδας
504 2669 841 2732 ὑπευθύνους
858 2667 1158 2738 γενομένας
1185 2666 1402 2720 κολάσει
1419 2666 1727 2739 ἐξαρπάσαι
1755 2667 1882 2737 θεη-

288 2757 455 2810 λάτου
501 2757 739 2828 πληγῆς,
776 2750 928 2818 οὗτος
975 2755 1228 2817 τοσοῦτος
1271 2754 1367 2808 καὶ
1401 2754 1718 2826 τηλικοῦτος
1744 2755 1883 2826 ἀνὴρ

288 2842 539 2916 θαλάττῃ
567 2844 666 2913 μὲν
721 2842 972 2908 ἐπέταξε,
1014 2841 1110 2896 καὶ⁸
1137 2840 1375 2910 πέλαγος
1409 2841 1613 2911 ἔσχισε,
1657 2842 1751 2894 κα)⁸
1781 2841 1881 2894 πέ-

284 2949 424 3002 τρας
476 2933 748 3003 διέρρηξε,
789 2933 882 2985 καὶ
934 2929 1074 3001 ἀέρα
1107 2929 1391 3001 μετέϐαλε.
1439 2931 1534 2984 καὶ
1554 2931 1614 2983 16
1644 2929 1882 3000 Νειλῷον

288 3018 438 3089 ὕδωρ
469 3021 550 3082 είς
570 3013 711 3089 αἷμα
736 3017 1033 3089 μετέτρεψε
1061 3018 1113 3080 δ,
1149 3017 1243 3069 καὶ
1274 3015 1560 3088 βατράχων
1595 3017 1690 3070 καὶ
1723 3017 1883 3086 ἀκρί-

287 3105 397 3160 δων
436 3106 801 3178 στρατόπεδον
851 3104 1157 3174 ἐπετείχισε
1208 3104 1286 3176 τῷ
1313 3104 1533 3175 Φαραὼ,
1571 3105 1667 3158 καὶ
1703 3106 1882 3157 πᾶσαν

284 3195 388 3265 τὴν
421 3193 598 3246 κτίσιν
644 3192 1116 3264 μετεστοιχείωσε,
1148 3192 1242 3244 καὶ
1270 3191 1439 3262 μυρία
1477 3193 1642 3262 ἔτερα
1682 3191 1885 3246 ἐπεδεί-

290 3281 420 3346 ξατο
473 3280 753 3352 θαύματα,
800 3279 895 3332 καὶ
920 3280 1121 3351 ἀρετῆς
1150 3279 1207 3332 δὲ
1236 3279 1407 3332 πολλά
1442 3279 1880 3351 κατορθώματα⁴

287 3369 384 3422 καὶ
423 3368 535 3439 γὰρ
561 3368 620 3432 ἐξ
643 3367 905 3440 ἐκατέρου
955 3368 1156 3437 μέρους
1210 3366 1454 3438 ἔλαμψεο
1493 3369 1630 3437 πρὸς
1661 3367 1714 3420 δὲ
1757 3369 1883 3431 τοὺς

284 3457 508 3526 ἀγῶνας
526 3456 749 3520 τούτους
773 3455 895 3508 οὑδὲ
923 3454 1241 3525 ἀντιϐλέψαι
1276 3454 1514 3527 ἴσχυσεν,
1546 3456 1660 3509 ἀλλ’
1689 3455 1882 3527 ἐδεήθη

287 3544 442 3618 [5ιὸ]
471 3545 651 3615 γάμου
678 3545 771 3597 καὶ
803 3543 1018 3614 ὁμιλίας
1058 3542 1336 3611 γυναικὸς,
1368 3545 1463 3597 καὶ
1496 3543 1598 3614 τῆς
1629 3543 1882 3597 ἐντεῦθεν

285 3631 614 3702 ἀσφαλείας,
651 3631 746 3685 καὶ
785 3631 884 3683 οὑκ
921 3629 1218 3700 ἐτόλμησεν
1249 3631 1328 3694 είς
1357 3630 1419 3682 τὸ
1452 3629 1553 3699 τῆς
1584 3629 1882 3700 παρθενίας

286 3720 527 3788 πέλαγος
551 3720 744 3772 ἐαυτὸν
763 3717 1034 3779 ἐκδοῦναι,
1051 3718 1119 3770 τά
1135 3718 1347 3770 ἐκεῖθεν
1368 3717 1434 3770 κύ
1445 3735 1590 3788 ματα
1605 3717 1878 3777 δεδοικώς.

285 3808 400 3862 Καὶ
449 3810 480 3861 6
532 3808 881 3878 πατριάρχης
913 3806 991 3870 δὲ,
1027 3807 1056 3858 6
1104 3804 1200 3857 τοῦ
1235 3805 1428 3867 παιδὸς
1461 3805 1660 3874 ίερεὺς,
1686 3805 1745 3857 τὸ
1783 3805 1882 3875 μὲν

282 3891 760 3963 τυραννικώτατον
821 3889 920 3957 τῆς
982 3887 1198 3956 φύσεως
1245 3888 1652 3942 καταπαλαῖσαι
1695 3889 1881 3959 ἴσχυσε

285 3979 481 4042 πάθος,
515 3980 610 4031 καὶ
663 3975 825 4029 παῖδα
873 3976 1082 4029 ἀνελεῖν
1127 3975 1389 4047 ἠδυνήθη,
1426 3977 1522 4029 καί⁵
1580 3977 1749 4030 παῖδα
1792 3978 1882 4030 τὸν

297 4069 487 4123 Ἰσαὰκ
539 4068 597 4120 ἐν
651 4066 799 4136 αὑτῷ
827 4067 925 4135 τῆς
963 4065 1179 4136 ήλικίας
1214 4065 1291 4135 τῷ
1320 4066 1491 4133 ἄνθει,
1521 4069 1581 4120 ὲν
1607 4067 1746 4139 αὑτῇ
1780 4067 1881 4138 τῆς

282 4161 537 4229 νεότητος
572 4160 640 4228 τῇ
695 4158 869 4228 ἀκμῇ,
906 4158 1190 4227 μονογενῆ,
1228 4158 1469 4228 γνήσιον,
1507 4159 1599 4211 καὶ
1632 4161 1763 4230 παρ’
1794 4159 1881 4211 ἐλο-

282 4251 413 4305 πίδα
441 4252 625 4303 πᾶσαν
671 4248 819 4318 αὑτῴ
867 4247 1172 4318 δεδομένον,
1217 4249 1307 4301 καί¹
1338 4250 1423 4304 ἐπ’
1455 4250 1603 4321 αὑτῷ
1639 4250 1879 4305 σαλεύων

283 4346 432 4416 μόνῳ
460 4355 510 4406 ο,
557 4343 652 4395 καὶ
708 4343 767 4394 ἐν
825 4341 1039 4412 ἐσχάτῳ
1066 4341 1234 4412 γήρᾳ,
1287 4341 1383 4394 καὶ
1416 4341 1584 4414 ἀρετῇ
1621 4342 1879 4412 κομῶντα

281 4437 477 4508 πολλῇ,
506 4435 599 4489 καὶ
628 4435 926 4503 ἀναγαγεῖν
961 4435 1126 4490 αὑτὸν
1151 4434 1244 4486 ἐπὶ
1266 4434 1326 4487 τὸ
1357 4434 1482 4505 δρος
1512 4436 1754 4505 ἴσχυσεν,
1787 4436 1881 4489 ἐπὶ

279 4528 511 4600 τοιαύτῃ
570 4526 783 4597 μέλλων
841 4525 1069 4593 ἀνάγειν
1098 4526 1330 4597 πράξει,
1368 4529 1460 4580 καὶ
1490 4528 1879 4599 θυσιαστήριον

278 4617 622 4690 ᾠκοδόμησε,
659 4617 755 4670 καὶ
785 4614 916 4679 ξύλα
964 4615 1249 4685 συνέθηκε,
1290 4616 1386 4668 καὶ
1420 4615 1482 4667 16
1513 4615 1708 4686 ἱερεῖον
1749 4613 1880 4667 ἐ.πέ-

280 4709 444 4780 θηκε,
486 4707 582 4760 καὶ
613 4707 892 4777 μάχαιραν
926 4707 1168 4777 ἥρπασε,
1206 4706 1297 4758 καὶ
1325 4705 1412 4758 διά
1437 4704 1530 4759 τοῦ
1554 4703 1752 4774 λαιμοῦ
1781 4704 1876 4759 τοῦ

280 4800 476 4862 παιδὸς
527 4798 588 4851 16
644 4798 797 4867 ξίφος
856 4797 1057 4869 ὥθησε.
1100 4797 1210 4850 Καὶ
1260 4795 1372 4867 γὰρ
1416 4797 1510 4849 καὶ
1545 4794 1877 4865 ίὺθησεμιαί⁷

278 4891 492 4964 ᾗμαξεν
521 4892 550 4944 6
581 4891 793 4961 ἀδάμας
843 4890 1075 4956 ἐκεῖνος,
1133 4888 1336 4960 μᾶλλον
1360 4889 1418 4942 δὲ
1439 4889 1532 4942 καὶ
1565 4889 1876 4959 ἀδάμαντος

279 4983 639 5055 στερρότερος
663 4999 676 5013 ο
703 4984 733 5035 6
759 4982 861 5053 μὲν
896 4982 1005 5053 γὰρ
1035 4982 1093 5034 ἐν
1115 4984 1184 5054 τῇ
1212 4981 1372 5051 φύσει
1399 4981 1559 5035 τοῦτο
1584 4980 1872 5052 κέκτηται,

276 5070 432 5139 οὗτος
460 5074 518 5128 δὲ
546 5074 634 5128 διὰ
659 5076 757 5144 τῆς
793 5074 937 5128 κατὰ
997 5073 1319 5146 προαίρεσιν
1361 5073 1682 5143 φιλοσοφίας
1712 5091 1874 5141 φυσι-

277 5167 379 5236 κὴν
410 5167 719 5237 ἐμιμήσατο
773 5167 1127 5237 στερρότητα,
1162 5168 1256 5220 καὶ
1302 5166 1548 5235 ἀγγέλων
1600 5167 1873 5220 ἀπάθειαν

275 5257 365 5312 διὰ
388 5258 500 5311 τῶν
559 5259 736 5330 ἔργων
794 5258 1127 5324 ἐπεδείξατο.
1185 5259 1322 5311 Ἀλλ’
1353 5259 1502 5328 ὅμως
1545 5261 1574 5312 6
1619 5259 1872 5314 τοσοῦτον

279 5349 372 5402 καὶ
423 5349 741 5418 τηλικοῦτον
781 5349 1004 5419 ἰσχύσας
1056 5348 1306 5402 διανύσαι
1347 5346 1529 5413 ἆθλον,
1571 5351 1667 5403 καὶ
1699 5350 1871 5420 αὐτῆς

275 5438 508 5504 ἐξελθὼν
527 5441 626 5510 τῆς
661 5439 898 5508 φύσεως,
930 5441 1067 5508 πρὸς
1102 5442 1228 5504 τοὺς
1262 5441 1481 5508 ἀγῶνας
1531 5442 1632 5512 τῆς
1663 5442 1870 5513 παρθε-

274 5530 395 5592 νίας
432 5530 805 5584 ἀποδύσασθαι
834 5530 935 5585 οὑκ
956 5531 1276 5602 ἐτόλμησεν,
1301 5533 1416 5586 ἀλλ’
1441 5534 1613 5587 ἔδεισε
1646 5535 1740 5587 καὶ
1768 5535 1867 5588 αύ-

334 5715 359 5784 _‘
510 5718 785 5784 ἀκουόντων
806 5720 1096 5784 προαιρέσει,
1125 5723 1305 5770 omisso
1327 5723 1734 5784 xaiaﬂmquidam
1749 5740 1862 5775 mss.

334 5777 361 5848 ξ
387 5778 709 5848 ξςιοιοὶιρεὶυφ
723 5777 1000 5848 μετέστησε,
1019 5782 1125 5830 Mox
1137 5785 1206 5848 τῷ
1219 5785 1398 5848 Φαραώ
1418 5777 1629 5834 deeSfin
1654 5787 1862 5837 duobus.

334 5844 356 5870 τ
381 5839 495 5889 Duo
518 5839 637 5912 τρέε.
664 5839 735 5890 ἐπ’
770 5843 900 5907 αὐτῷ
922 5839 1244 5909 σαλευομένῳ.
1276 5839 1429 5897 Paulo
1458 5855 1570 5910 post
1597 5854 1701 5898 tres
1751 5853 1864 5911 μέλ-

271 5902 364 5953 In»
385 5902 597 5966 ἀγαγειν.

1755 437 2144 497 Εριετοιιε.
2185 517 2191 524 ο

1990 560 2166 624 τὸςτά
2187 559 2487 630 σκάμματα
2509 558 2706 622 ταῦτα,
2729 555 2824 611 καὶ
2839 556 2939 627 τήν
2966 551 3076 610 ἀπὸ
3091 552 3184 608 τοῦ
3208 551 3389 624 γάμου
3417 568 3600 626 παρα·

1992 648 2198 718 μυθίαν
2221 648 2598 702 ἐπεσπάσατο.

2058 747 2133 811 η’.
2154 739 2345 793 Βούλει
2373 739 2598 812 προσθῶ
2627 738 2721 792 καὶ
2743 737 2838 791 τὸν
2867 733 2990 788 Ἰὼϐ
3010 735 3123 798 τοῖς
3140 732 3478 806 εἰρημένοις,
3498 731 3598 789 τδν

1989 826 2220 890 δίκαιον,
2273 828 2367 881 τὸν
2407 825 2686 897 ἀληθινὸν,
2722 823 2816 876 16v
2847 821 3098 890 θεοσεόῆ.
3127 821 3220 874 16v
3249 821 3600 892 ἀπεχόμενα

1990 915 2098 968 ἀπὸ
2126 916 2330 978 παντὸς
2365 914 2605 986 πονηροῦ
2639 910 3011 983 πράγματος;
3051 900 3220 970 Οὗτος
3249 909 3278 962 ό
3310 905 3432 961 Ἰὼϐ
3465 923 3592 961 συνο

1991 1001 2155 1072 έκοψε
2191 1003 2286 1057 τοῦ
2340 1002 2592 1056 διαϐόλου
2637 1000 2736 1070 τήν
2791 997 2936 1067 ὄψιν,
2991 995 3291 1065 παιόμενος
3325 996 3384 1048 οὺ
3416 995 3595 1048 παίων

1991 1090 2260 1143 ἐκένωσεν
2285 1089 2452 1143 αὑτοῦ
2483 1090 2585 1160 τὴν
2619 1085 2919 1158 βελοθήκην
2951 1086 3193 1144 ἃπασαν,
3235 1083 3330 1136 καὶ
3360 1099 3594 1136 κατατο-

1992 1176 2280 1248 ξευόμενος
2311 1178 2439 1249 παρ’
2468 1175 2637 1231 αὑτοῦ
2692 1172 2956 1243 συνεχῶς,
3000 1172 3148 1226 ἀπαν
3179 1171 3438 1242 ὑπέμεινε
3478 1187 3595 1226 πει·

1991 1263 2216 1336 ρασμῶν
2245 1259 2404 1328 εἶδος,
2445 1264 2539 1318 καί⁵
2572 1262 2804 1317 ἕκαστον
2836 1259 2957 1332 μεθ’
2990 1258 3298 1330 ὑπερϐολῆς
3347 1259 3591 1329 ἀπάσης.

1989 1353 2069 1406 Τά
2121 1351 2231 1424 γάρ
2281 1351 2542 1406 δοκοῦντα
2581 1346 2720 1405 εἶναι
2775 1347 2916 1402 κατά
2949 1346 3040 1400 τὸν
3090 1345 3205 1416 βίον
3241 1344 3466 1416 λυπηρά
3496 1345 3596 1400 καὶ

1958 1441 2137 1506 δντα,
2168 1439 2339 1495 ταῦτα
2376 1440 2613 1512 μάλιστα
2643 1439 2865 1492 πάντων
2902 1436 3040 1500 ἐστὶ,
3080 1433 3266 1502 πενία,
3291 1434 3387 1488 καὶ
3414 1434 3590 1498 νόσος,

1988 1529 2084 1581 καὶ
2139 1528 2346 1582 παίδων
2385 1526 2651 1597 ἀποδολὴ,
2692 1526 2786 1580 καὶ
2832 1521 3042 1595 ἐχθρῶν
3075 1522 3466 1585 ἐπανάστασις,
3496 1521 3594 1576 καὶ

1989 1614 2159 1684 φίλων
2204 1614 2568 1686 ἀγνωμοσύνη
2599 1613 2649 1676 ἀ,
2683 1614 2780 1667 καὶ
2825 1611 3003 1682 λιμὸς,
3037 1611 3132 1664 καὶ
3169 1609 3372 1682 σαρκὸς
3406 1608 3593 1664 ὀδύναι

1986 1703 2276 1771 διηνεκεῖς,
2313 1703 2410 1757 καὶ
2449 1702 2711 1773 λοιδορίαι
2743 1701 2839 1754 καὶ
2866 1698 3247 1768 συκοφαντίαι,
3277 1698 3374 1751 καὶ
3404 1698 3466 1751 16
3490 1696 3593 1768 τὴν

1988 1790 2230 1862 πονηρὰν
2263 1790 2568 1862 κτήσασθαι
2595 1787 2870 1860 ὑπόληψιν
2889 1805 2904 1819 ο
2930 1788 3026 1840 καὶ
3055 1786 3231 1840 ταῦτα
3271 1786 3489 1840 ἅπαντα
3510 1785 3594 1851 εις

1988 1879 2045 1930 ἓν
2091 1877 2322 1950 ἐξεχύθη
2351 1877 2532 1949 σῶμα,
2567 1877 2662 1941 καὶ.
2695 1878 2826 1947 μιᾶς
2861 1873 3281 1944 κατεσκευάσθη
3317 1885 3341 1914 ο
3374 1872 3590 1944 ψυχῆςο

1985 1963 2081 2017 καὶ
2113 1963 2174 2017 16
2201 1964 2265 2035 δή
2297 1963 2697 2035 χαλεπώτερον,
2722 1964 2804 2016 ὅτι
2835 1962 2928 2016 καὶ
2961 1961 3283 2033 ἀμελετήτῳ
3313 1961 3432 2014 δντι
3466 1960 3593 2014 ἐπέ-

1987 2049 2130 2106 θετο.
2158 2053 2223 2104 '0
2237 2051 2297 2104 δέ
2327 2051 2469 2119 λέγω
2507 2050 2747 2105 τοιοῦτόν
2782 2051 2930 2104 ἐστιν
2955 2067 2970 2084 ο
3017 2048 3077 2102 '0
3117 2050 3181 2102 ἐκ
3216 2051 3467 2132 πενήτων
3503 2066 3594 2102 τε·

1987 2138 2156 2209 χθεὶς,
2177 2139 2270 2192 καὶ
2291 2141 2349 2192 ἐν
2361 2140 2511 2211 οἰκίᾳ
2525 2141 2750 2211 τοιαύτῃ
2770 2139 3023 2209 τραφεὶς,
3048 2138 3144 2192 άτε
3166 2139 3592 2210 γυμνασάμενος

1987 2228 2081 2281 καὶ
2118 2227 2442 2300 μελετήσας,
2478 2227 2677 2300 ῥᾳδίως
2708 2227 2776 2281 ἀν
2810 2227 3031 2294 ἐνέγκαι
3063 2227 3160 2297 τῆς
3189 2227 3381 2289 πενίας
3405 2226 3466 2280 16
3497 2225 3594 2296 βά-

1990 2332 2081 2385 ρος
2107 2332 2123 2348 ο
2153 2318 2182 2369 6
2205 2315 2264 2369 δὲ
2287 2316 2567 2378 τοσούτοις
2597 2314 3032 2387 περιρῤεόμενος
3058 2318 3162 2387 χρή
3174 2331 3310 2384 μασι
3343 2313 3436 2367 καὶ
3467 2329 3593 2369 τοσ-

1985 2401 2130 2472 ούτῳ
2175 2401 2394 2473 πλούτῳ
2450 2402 2660 2474 κομῶν,
2700 2399 2822 2456 εἶτα
2853 2401 3054 2474 ἀθρόον
3113 2404 3194 2465 εἰς
3242 2400 3305 2453 16
3347 2400 3593 2457 ἐναντίον

1990 2489 2332 2559 μεταπεσὼν,
2355 2490 2456 2544 οὑκ
2471 2489 2539 2543 ἀν
2559 2489 2798 2554 εὐκόλως
2829 2489 3125 2559 ὑπομείναι
3142 2488 3240 2558 τὴν
3262 2487 3588 2560 μεταϐολήνο

1987 2577 2211 2648 καὶγὰρ
2235 2577 2574 2648 ἀγυμνάστῳ
2590 2578 2706 2632 δντι
2723 2577 3091 2648 χαλεπωτέρα
3121 2577 3372 2645 φαίνεται
3393 2575 3592 2648 ἀθρόον

1987 2664 2397 2734 προσπεσοῦσα.
2448 2664 2619 2718 Πάλιν
2640 2667 2668 2718 6
2697 2664 2916 2734 ἀσημος
2956 2663 3052 2716 καὶ
3081 2661 3140 2728 ἐξ
3171 2663 3405 2732 ἀσήμων
3433 2663 3592 2730 γενό-

1989 2768 2169 2822 μενος,
2212 2752 2307 2806 καὶ
2343 2753 2402 2805 ἐν
2429 2752 2506 2822 τῷ
2533 2750 2799 2822 διηνεκῶς
2833 2749 3300 2820 καταφρονεῖσθαι
3324 2746 3453 2814 ζῶν,
3488 2749 3592 2803 οὐκ

1986 2839 2052 2894 ἂν
2085 2840 2292 2911 σφόδρα
2315 2840 2725 2911 λοιδορούμενος
2741 2841 2836 2894 καὶ
2861 2839 3223 2911 ὑϐριζόμενος
3251 2839 3550 2911 ταραχθείη
3571 2855 3588 2871 ο

1984 2929 2012 2980 ὁ
2037 2926 2094 2980 δὲ
2128 2928 2398 2998 τοσαύτης
2455 2927 2773 2991 ἀπολαύσας
2827 2927 3012 2997 δόξης,
3058 2929 3153 2980 καὶ
3178 2927 3333 3001 παρὰ
3371 2927 3594 2983 πάντων

1983 3014 2472 3087 δορυφορούμενος,
2531 3015 2627 3068 καὶ
2656 3017 2712 3067 ἐν
2748 3015 2859 3077 τοῖς
2904 3013 3164 3067 ἀπάντων
3201 3014 3465 3085 στόμασιν
3487 3013 3589 3079 ὢν,

1986 3106 2079 3156 καὶ
2130 3101 2409 3173 πανταχοῦ
2455 3102 2595 3172 μετά
2648 3102 2847 3172 πολλῆς
2876 3102 3394 3173 ἀνακηρυττόμενος
3436 3119 3594 3172 περι-

1987 3191 2234 3261 φανείας,
2263 3193 2343 3255 είς
2393 3191 2621 3260 ἀτιμίαν
2653 3190 2749 3242 καὶ
2795 3189 3075 3242 εὐτέλειαν
3115 3189 3483 3261 κατενεχθεὶς,
3527 3185 3592 3245 τὸ

1986 3279 2118 3332 αὑτὸ
2139 3280 2205 3332 ἂν
2233 3279 2396 3332 πάθοι
2422 3279 2502 3349 τῷ
2526 3279 2635 3332 ἀπὸ
2664 3278 2926 3333 πλουσίου
2949 3277 3146 3348 ἀθρόον
3174 3278 3456 3349 γενομένῳ
3488 3279 3590 3333 πέ-

1984 3385 2125 3437 νητι.
2177 3369 2286 3423 Καὶ
2332 3370 2360 3422 6
2419 3369 2616 3438 παῖδας
2644 3365 2936 3421 ἀποῦαλὼν
2969 3367 3154 3429 πάλιν,
3199 3368 3305 3420 κᾶν
3339 3368 3590 3431 ἅπαντας

1985 3457 2255 3531 ἀποϐάλῃ,
2282 3458 2357 3528 μὴ
2397 3459 2454 3510 ἐν
2481 3457 2565 3510 ἐνὶ
2595 3458 2654 3511 δέ
2688 3455 2890 3528 καιρῷ,
2917 3456 3045 3520 τοὺς
3087 3457 3445 3527 λειπομένους
3473 3456 3592 3528 ἔχει

1988 3542 2139 3616 [544]
2171 3544 2278 3597 τῶν
2300 3543 2646 3597 ἀπελθόντων
2676 3543 3056 3615 παραμυθίαν,
3098 3545 3316 3615 καὶτῆς
3337 3546 3431 3598 ἐπὶ
3461 3562 3591 3615 προ-

1985 3633 2160 3703 τέρων
2194 3630 2454 3702 τελευτῆς
2486 3632 2584 3684 τοῦ
2636 3631 2846 3694 πάθους
2886 3630 3175 3702 λήξαντος,
3210 3630 3327 3703 ἀνή
3356 3631 3449 3685 τοῦ
3475 3632 3589 3686 δευ-

1983 3721 2145 3792 τέρου
2167 3722 2539 3794 προσγένηται
2560 3721 2699 3793 μετά
2721 3721 2936 3792 χρόνον,
2966 3721 3125 3774 τοῦτο
3145 3721 3297 3792 αύτῷ
3326 3723 3591 3794 προσηνέ-

1987 3825 2178 3878 στερον
2223 3808 2431 3878 γίνεται
2477 3809 2540 3861 16
2567 3809 2767 3872 πάθοςο
2801 3809 2862 3861 οὑ
2898 3809 3006 3880 γάρ
3039 3808 3220 3880 νεαρῷ
3259 3809 3374 3864 δντι
3405 3809 3588 3864 ἔπεισι

1983 3898 2060 3968 τῷ
2093 3898 2260 3959 ἕλκει,
2287 3897 2422 3952 ἀλλὰ
2446 3896 2764 3970 κοιμηθέντι
2804 3897 2902 3968 ήδη
2929 3898 3024 3950 καὶ
3049 3897 3430 3967 ἀφανισθέντι,
3447 3900 3588 3972 ὅπερ

1983 3987 2082 4039 ούκ
2119 3985 2297 4055 ὀλίγον
2333 3985 2704 4056 ὑποτέμνεται
2729 3985 2829 4057 τῆς
2854 3985 3068 4056 ὀδύνης.
3102 3978 3271 4049 Οὗτος
3292 3986 3587 4059 ὀλόκληρον

1983 4074 2133 4144 αὑτῷ
2190 4074 2282 4128 τὸν
2337 4074 2496 4145 χορὸν
2529 4069 2669 4128 εἶδεν
2700 4076 2759 4129 ἐν
2792 4075 2894 4146 μιᾷ
2923 4075 3345 4144 ἀναρπασθέντα
3391 4077 3585 4149 καιροῦ

1986 4164 2150 4232 ῥοπῇ.
2194 4163 2289 4216 καὶ
2313 4163 2500 4233 τρόπῳ
2531 4162 2852 4234 πικροτάτῳ
2886 4162 3166 4233 τελευτῆς.
3199 4163 3311 4217 Καὶ
3347 4163 3457 4235 γὰρ
3491 4166 3586 4218 καὶ

1985 4249 2158 4319 βίαιος
2186 4251 2280 4303 καὶ
2304 4251 2483 4320 ἄωρος
2510 4251 2538 4303 6
2582 4248 2817 4313 θάνατος
2849 4245 2939 4321 ῆν,
2972 4250 3066 4304 καὶ
3097 4251 3126 4302 6
3176 4251 3366 4322 καιρὸς
3402 4252 3459 4305 δὲ
3489 4252 3588 4307 καὶ

1980 4339 2009 4390 6
2036 4338 2202 4402 τόπος
2232 4338 2292 4392 οὑ
2325 4337 2530 4408 μικράν
2557 4337 2734 4390 ἐποίει
2760 4336 2840 4408 τῷ
2875 4338 3064 4393 πένθει
3096 4338 3451 4412 προσθήκην·
3489 4341 3587 4394 καὶ

1980 4426 2090 4498 γὰρ
2117 4428 2174 4479 ἐν
2207 4425 2327 4496 ῶρᾳ
2381 4425 2712 4495 συμποσίου,
2747 4427 2844 4478 καὶ
2890 4427 2951 4480 ἐν
2988 4427 3136 4498 οίκίᾳ
3163 4430 3228 4498 τῇ
3261 4430 3374 4491 τοῖς
3407 4427 3585 4493 ξένοις

1981 4513 2327 4585 ἀνεῳγμένη,
2351 4514 2447 4566 καὶ
2472 4513 2646 4582 τάφος
2671 4513 2857 4578 αὑτοῖς
2893 4514 2923 4566 6
2949 4511 3101 4578 οἶκος
3141 4514 3380 4584 ἐγένετο.
3416 4517 3483 4571 Τί
3516 4517 3584 4571 ἀν

1978 4620 2061 4666 τις
2094 4603 2238 4656 εῐποι
2271 4602 2363 4655 τὸν
2395 4601 2554 4673 λιμὸν
2599 4603 2808 4657 ἐκεῖνον
2855 4602 2948 4657 τὸν
2996 4604 3332 4677 καινότερον,
3366 4607 3462 4659 καί⁵
3492 4606 3585 4679 ἐρ-

1981 4690 2316 4762 μηνευθῆναι
2345 4688 2420 4761 μή
2435 4689 2756 4761 δυνάμενον,
2773 4691 2864 4744 τὸν
2886 4691 3157 4759 ἑκούσιον,
3171 4695 3262 4747 τὸν
3287 4693 3544 4752 ἀκούσιον
3564 4714 3581 4762 ;

1977 4783 2037 4833 οὑ
2073 4780 2182 4852 γὰρ
2208 4774 2326 4832 οἶδα
2382 4777 2503 4842 πῶς
2539 4779 2700 4832 αὑτὸν
2740 4780 2981 4846 καλέσω,
3028 4782 3150 4835 οὐδὲ
3191 4783 3304 4854 γὰρ
3337 4783 3584 4854 εὑρίσκω

1977 4870 2037 4922 16
2063 4869 2236 4939 ὄνομα
2260 4867 2528 4922 ἐπιθεῖναι
2557 4867 2637 4938 τῷ
2666 4869 2961 4940 παραδόξῳ
2981 4870 3080 4940 τῆς
3115 4874 3405 4942 συμφορᾶς
3423 4873 3579 4928 εῖδει.

1979 4958 2087 5009 Καὶ
2119 4957 2228 5027 γάρ
2259 4957 2672 5028 παρακειμένης
2717 4956 2978 5027 ἀπείχετο
3009 4958 3109 5029 τῆς
3139 4960 3440 5031 τραπέζης,
3483 4961 3582 5015 καὶ

1974 5044 2269 5116 ὁρωμένων
2311 5045 2410 5113 οὐχ
2451 5045 2655 5114 ἥπτετο
2685 5045 2793 5097 τῶν
2832 5045 3042 5098 σιτίων.
3084 5046 3206 5099 Τῶν
3235 5047 3344 5118 γὰρ
3368 5049 3497 5119 περὶ
3517 5049 3582 5103 16

1977 5135 2136 5205 σῶμα
2167 5133 2498 5204 τραυμάτων
2531 5134 2564 5203 ή
2590 5133 2828 5187 δυσωδία
2870 5135 3315 5205 προσαπαντῶσα
3346 5138 3576 5192 κατέλυε

1973 5223 2071 5294 τήν
2090 5223 2250 5276 ἐπιθυ
2259 5223 2408 5293 μίαν,
2423 5222 2518 5276 καὶ
2541 5221 2710 5292 αὑτὴν
2733 5223 3044 5293 ἐνεπίμπλα
3059 5224 3157 5295 τήν
3174 5225 3454 5297 τράπεζαν
3472 5227 3576 5298 τῆς

1973 5312 2186 5381 ἀηδίας.
2204 5312 2310 5367 Καὶ
2337 5310 2495 5365 τοῦτο
2510 5311 2686 5381 δηλῶν
2716 5311 2922 5380 ἔλεγεν·
2948 5311 3202 5383 Βρῶμον
3228 5316 3337 5384 γὰρ
3357 5315 3474 5384 ὁρῶ
3504 5317 3576 5371 τὰ

1971 5401 2112 5454 σῖτά
2132 5419 2273 5471 μου.
2314 5401 2422 5454 Καὶ
2450 5402 2483 5470 ή
2515 5400 2614 5471 μὲν
2637 5399 2853 5473 ἀνάγκη
2887 5400 2984 5455 τοῦ
3010 5403 3171 5473 λιμοῦ
3204 5403 3316 5457 τῶν
3349 5421 3573 5475 προκει-

1974 5489 2152 5558 μένων
2181 5487 2451 5543 ἀπτεσθαι
2494 5487 2743 5551 ἐϐιάζετο
2764 5506 2776 5518 ·
2809 5491 2843 5559 ή
2885 5489 2943 5544 δὲ
2971 5490 3070 5562 τῆς
3107 5491 3372 5556 δυσωδίας
3397 5493 3572 5565 ὑπερο

1970 5576 2102 5647 ϐολὴ
2129 5577 2225 5646 τῆς
2269 5579 2334 5629 ἐκ
2366 5577 2474 5630 τῶν
2503 5577 2724 5648 σαρκῶν
2755 5579 3054 5648 γινομένης
3088 5579 3246 5632 ἐνίκα
3275 5579 3369 5633 τοῦ
3406 5578 3573 5651 λιμοῦ

1968 5666 2067 5736 τὴν
2097 5665 2236 5734 βίαν.
2258 5664 2357 5718 Διά
2381 5665 2445 5738 δὴ
2474 5665 2632 5718 τοῦτο
2653 5662 2828 5733 εἷπον,
2853 5667 2967 5720 Οὑκ
2995 5666 3105 5738 έχω
3132 5668 3250 5732 πῶς
3277 5667 3443 5722 αὑτὸν
3463 5685 3570 5724 κα-

2028 5859 2052 5898 ἀ
2086 5859 2219 5908 Unus
2240 5860 2386 5921 φίλων
2404 5860 2756 5921 ἀγνωμοσύναι.

2026 5926 2048 5954 ⁸
2076 5923 2186 5972 Duo
2209 5923 2568 5981 κατεσκευάσθη
2615 5922 2742 5973 Εόίὶ.
2769 5923 3145 5981 κατεσκεδάσθη.
