4192 6490
658 539 817 593 λέτω.
852 537 1155 603 Ἐκούσιονς
1202 538 1338 592 Ἀλλ’
1396 537 1646 593 ἐϐούλετο
1687 536 1984 607 γεύσασθαι
2029 545 2055 575 ι
2108 531 2217 584 τῶν

662 626 1050 697 προκειμένων.
1089 625 1245 679 ’Δλλά
1273 626 1523 680 ἀκούσιον
1540 645 1554 693 ;
1573 626 1732 680 Ἀλλά
1759 626 1938 696 παρῆν
1958 624 2024 677 τά
2055 621 2217 685 σιτία,

662 714 754 766 καὶ
789 711 958 776 οὐδεὶς
983 714 1012 766 ὁ
1040 711 1263 766 κωλύων
1301 707 1392 784 ῆν.
1431 713 1555 776 Πῶς
1604 713 1671 768 ἀν
1717 712 2086 782 διηγησαίμην
2120 708 2218 772 τὰς

657 799 866 865 ὀδύνας,
927 799 1024 863 τὰς
1081 801 1262 870 πηγὰς
1287 801 1395 854 τῶν
1427 800 1742 871 σκωλήκων,
1783 801 1871 852 τὸν
1919 796 2093 868 ίχῶρα
2127 795 2219 850 τὸν

659 889 1046 961 καταρρέοντα,
1072 889 1138 942 τά
1152 889 1326 960 ὀνείδη
1357 889 1466 942 τῶν
1481 889 1668 958 φίλων,
1693 889 1791 959 τὴν
1818 886 2218 958 καταφρόνησιν

655 977 764 1030 τῶν
793 978 1050 1043 οίκετῶν;
1081 981 1167 1032 Οὐ
1185 980 1293 1047 τὰρ
1320 978 1639 1047 ἐφείσω-τό
1663 994 1802 1047 μου,
1839 977 2024 1047 φησὶν,
2057 979 2113 1030 οι
2135 978 2218 1030 al»

658 1067 820 1120 κέται
860 1084 980 1134 μου
1042 1067 1160 1123 ἀπὸ
1216 1067 1536 1135 προσώπου
1566 1066 2003 1136 ἐμπτυσμάιων
2019 1081 2035 1097 ο
2091 1065 2219 1128 τοὺς

657 1157 1099 1225 ἐπεμϐαίνοντας,
1126 1160 1252 1223 τοὺς
1289 1158 1713 1228 ἐφαλλομένουςς
1765 1158 1885 1224 Οὓς
1935 1157 2045 1228 γὰρ
2101 1159 2214 1226 οὐχ

652 1250 998 1319 ἡγησάμην,
1042 1252 1224 1320 φησιν,
1269 1250 1480 1316 ἀξίους
1509 1246 1661 1305 εἶναι
1687 1250 1885 1305 κυνῶν
1913 1251 2030 1305 τῶν
2059 1248 2216 1319 ἐμῶν

656 1337 928 1407 νυμάδω
947 1378 963 1402 ,
1027 1335 1190 1394 οὗτοι
1257 1338 1374 1392 νῦν
1427 1339 1874 1394 έπιπεπτώκασί
1932 1357 2031 1407 μοι
2055 1379 2070 1402 ,
2117 1339 2213 1392 καί

654 1427 1009 1485 νουθετοῦσι
1059 1446 1137 1498 με
1195 1429 1522 1498 ἐλάχιστοι.
1571 1431 1646 1485 Ού
1699 1430 1846 1483 δοκεῖ
1902 1445 1982 1482 σοι
2044 1428 2216 1483 ταῦτα

657 1521 833 1574 πὶντα
877 1521 1091 1592 χαλεπὰ
1140 1516 1313 1586 dum;
1352 1522 1448 1576 καὶ
1491 1522 1599 1592 γάρ
1633 1523 1748 1574 ἐστι
1802 1518 2030 1590 χαλεπά.
2063 1519 2218 1576 Εἴπω

655 1613 715 1666 τὸ
737 1614 1026 1682 κεφάλαιον
1051 1613 1158 1668 τῶν
1179 1614 1382 1678 κακῶν,
1406 1614 1498 1667 τὸν
1524 1613 1799 1683 κολοφῶνα
1817 1614 1916 1683 τῆς
1933 1615 2216 1684 συμφορᾶς

657 1705 746 1757 τὸν
763 1707 996 1775 μάλιστα
1023 1707 1258 1778 ἀγχοντα
1294 1707 1487 1771 αὑτόν;
1526 1708 1582 1761 '0
1604 1706 1806 1777 χειμὼν
1835 1705 1945 1760 τῶν
1972 1705 2216 1778 θορύϐων

655 1796 766 1850 τῶν
797 1798 854 1850 ἐν
897 1796 974 1868 τῷ
1026 1797 1267 1870 λογισμῷ
1298 1798 1596 1869 γινομένων
1633 1797 1782 1868 αύτῷ
1823 1797 2056 1868 μάλιστα
2084 1795 2154 1870 ἦν
2185 1801 2214 1853 ὀ

652 1887 970 1955 ἀποπνίγων
1024 1889 1206 1956 αὐτὸν,
1247 1891 1340 1944 καὶ
1380 1891 1628 1962 ἀφόρητα
1661 1891 1710 1954 δ,
1754 1891 1937 1944 καὶτὸ
1975 1892 2213 1955 συνειδὸς

652 1978 818 2034 αὑτοῦ
839 1981 900 2033 τὸ
921 1979 1158 2051 καθαρὴν
1189 1981 1343 2035 τοῦτο
1367 1982 1600 2053 μάλιστα
1621 1982 1793 2035 ἐποίει
1819 1981 1918 2054 τὴν
1937 1981 2084 2036 ῐνδον
2116 1981 2213 2046 ζά-

651 2067 770 2141 λην,
799 2072 891 2126 καὶ
924 2071 1144 2126 ἐσκάτου
1193 2073 1284 2126 τὸν
1325 2073 1602 2144 λογισμὸν,
1631 2075 1724 2127 καὶ
1751 2073 1840 2127 τὸν
1875 2072 2213 2144 κυϐερνήτην

651 2160 964 2228 δτάραττεν.
1000 2163 1063 2217 Οί
1099 2163 1196 2233 μὲν
1223 2163 1330 2235 γὰρ
1358 2164 1566 2227 ἑαυτοῖς
1615 2164 1913 2228 συνειδότες
1968 2165 2215 2235 ἁμαρτή-

657 2265 802 2326 ματα
827 2250 1015 2314 πολλὰ,
1073 2251 1176 2305 κᾶν
1206 2251 1419 2306 πάθωσί
1451 2270 1504 2307 τι
1547 2253 1738 2314 δεινὸν,
1769 2253 1948 2324 έχουσι
1981 2255 2086 2308 κάν
2119 2254 2212 2308 τδν

654 2343 809 2412 λόγον
834 2343 1014 2414 εὑρεῖν
1037 2343 1142 2397 τῶν
1171 2343 1488 2414 γινομένων,
1517 2345 1615 2408 τάς
1652 2345 1927 2417 ἁμαρτίας
1953 2346 2053 2408 τὰς
2088 2347 2213 2398 ἐαυο

651 2434 760 2489 τῶν
815 2433 1151 2503 λογιζόμενοι
1203 2446 1252 2500 ο,
1297 2436 1392 2488 καὶ
1421 2435 1637 2497 λύοντες
1670 2434 1768 2506 τὴν
1800 2436 1893 2488 ἐπὶ
1920 2437 1986 2506 τῇ
2010 2435 2214 2506 ἀπορίᾳ

649 2523 803 2597 Ιῦιό]
837 2528 1096 2598 ταραχήν.
1146 2527 1313 2580 Πάλιν
1337 2529 1385 2580 οί
1429 2527 1593 2596 μηδὲν
1639 2527 1850 2591 έαυτοῖς
1891 2527 2211 2592 συνειδότες,

647 2616 786 2670 ἀλλά
819 2615 1202 2688 κατορθώμασι
1227 2618 1524 2687 κομῶντες.
1554 2619 1620 2672 ἀν
1646 2617 1924 2671 πάθωσίτι
1951 2618 2210 2683 τοιοῦτον,

648 2707 740 2765 τὸν
767 2710 896 2778 περὶ
921 2708 1024 2777 τῆς
1044 2710 1390 2772 ἀναστάσεως
1411 2709 1607 2772 ειδότες
1624 2710 1800 2778 λόγον,
1825 2711 1918 2764 καὶ
1940 2708 2037 2774 τὰς
2054 2711 2213 2779 ἀμοι-

649 2799 750 2864 ϐὰς
775 2799 1079 2863 ἐννοοῦντες
1109 2799 1340 2863 ἐκείνας,
1367 2801 1690 2864 οῖδασιν,δτι
1719 2797 1870 2855 ἇθλοι
1897 2801 1964 2856 τὰ
1982 2801 2211 2872 συμϐαί-

652 2905 806 2943 νοντα
838 2891 932 2944 καὶ
964 2889 1171 2962 μυρίων
1202 2893 1477 2959 στεφάνων
1502 2891 1805 2957 ὑποθέσεις.
1835 2887 2001 2956 υῖιτος
2027 2892 2084 2946 δέ
2115 2893 2210 2946 καὶ

645 2981 852 3045 δίκαιος
886 2980 985 3044 ῶν,
1016 2981 1110 3034 καὶ
1133 2982 1260 3052 περὶ
1285 2984 1631 3045 ἀναστάσεως
1651 2984 2004 3052 ἐπιστάμενος
2037 2982 2206 3046 οὐδὲν,

644 3070 818 3142 ταύτῃ
859 3069 1093 3140 μάλιστα
1150 3068 1553 3133 ἐκλυδωνίζετο,
1595 3069 1694 3122 οὑκ
1722 3069 1877 3131 εἰδὼς
1903 3067 2000 3139 τὴν
2031 3067 2209 3121 αἰτίαν

643 3156 720 3219 ὢν
751 3163 973 3233 ιπασχε,
1009 3161 1105 3215 καὶ
1133 3161 1240 3216 τῶν
1275 3161 1573 3231 σκωλήκων
1600 3161 1692 3214 καὶ
1721 3160 1830 3214 τῶν
1856 3159 2077 3222 ὀδυνῶν,
2105 3157 2210 3212 ὑπὸ

643 3254 745 3326 τῆς
778 3253 1009 3324 ἀπορίας
1057 3251 1262 3322 ταύτης
1318 3253 1518 3321 μᾶλλον
1564 3252 1938 3322 κεντούμενος.
1975 3250 2087 3303 Καὶ
2124 3250 2210 3304 ῖνα

650 3345 847 3419 μάθῃς,
882 3345 962 3397 δτι
993 3342 1148 3397 ταῦθ’
1190 3342 1362 3407 οὕτως
1393 3343 1529 3414 εχει,
1556 3345 1643 3396 ὅτε
1674 3341 2009 3413 κατηξίωσεν
2030 3341 2060 3393 δ
2086 3340 2205 3409 φιλ-

644 3438 927 3508 άνθρωπος
955 3434 1086 3500 Θεὸς
1121 3438 1292 3488 είπεῖν
1312 3435 1458 3505 αύτῷ
1487 3435 1594 3489 τῶν
1623 3434 1844 3503 ἀγώνων
1875 3435 2078 3488 τούτων
2109 3436 2206 3505 τὴν

646 3529 843 3591 αίτίαν,
869 3531 949 3583 ὅτι
974 3530 1087 3582 Ἰνα
1104 3527 1309 3590 δίκαιος
1339 3527 1614 3597 ἀναφανῇς
1640 3525 1812 3580 ταῦτα
1834 3525 2204 3597 συνεχωρήθη,

646 3619 818 3680 οὓτως
843 3619 1192 3678 ἀνέπνευσεν,
1221 3615 1296 3678 ώς
1330 3615 1463 3686 μηδὲ
1494 3614 1775 3678 πεπονθώς
1800 3633 1853 3668 τι
1892 3615 2000 3668 τῶν
2031 3615 2206 3684 λυπηο

647 3709 757 3781 ρῶν
788 3709 1033 3772 ἐκείνων,
1065 3707 1159 3762 καὶ
1192 3709 1348 3762 τοῦτο
1384 3708 1442 3774 ἐξ
1475 3701 1550 3763 ὧν
1595 3706 1892 3776 ἐφθέγξατο
1921 3707 2202 3776 ἐδήλωσεν.

658 3799 796 3854 Ἀλλ’
825 3800 972 3870 ὅμως
1003 3799 1097 3852 καὶ
1152 3800 1282 3870 πρὶν
1323 3799 1356 3869 ἦ
1404 3799 1593 3868 μαθεῖν
1623 3797 1719 3868 τὴν
1743 3798 1942 3862 αἰτίαν,
1969 3797 2208 3850 ὠδυνᾶτο

647 3890 766 3958 μιν,
791 3890 953 3959 ῖφερε
981 3889 1038 3942 δέ
1073 3889 1352 3957 γενναίως,
1386 3889 1480 3942 καὶ
1514 3888 1650 3960 μετά
1681 3888 1742 3941 τὸ
1773 3889 1950 3941 πάντα
1995 3887 2207 3940 ἀποϐαο

642 3981 774 4045 λεῖν,
799 3981 895 4052 τὴν
923 3980 1226 4051 θαυμασίαν
1243 3981 1455 4051 ἐκείνην
1471 3980 1648 4050 ἀφῆκε
1668 3980 1851 4050 φωνήν
1870 3994 1884 4008 ⁸
1929 3979 1982 4030 Ὀ
1995 3980 2208 4046 Κύριος

642 4073 885 4137 ἔδωκεν,
904 4076 936 4127 ό
968 4074 1176 4140 Κύριος
1208 4073 1506 4142 ἀφείλετο·
1543 4074 1622 4139 ὡς
1653 4071 1733 4138 τῷ
1759 4072 1955 4138 Κυρίῳ
1972 4066 2206 4136 ἔδοξεν,

642 4166 829 4232 οὕτως
846 4167 943 4220 καί
969 4166 1202 4235 ἐγένετο
1227 4184 1240 4198 ·
1262 4168 1357 4236 εἴη
1401 4168 1466 4221 τὸ
1499 4165 1685 4236 ὄνομα
1712 4165 1931 4234 Κυρίου
1960 4166 2210 4236 εὐλογη-

639 4257 824 4328 μένον
849 4259 936 4322 είς
963 4257 1103 4323 τοὺς
1122 4256 1359 4324 αἰῶνας.

717 4349 780 4402 θ’.
815 4348 972 4402 ’Δλλά
992 4349 1100 4421 γὰρ
1129 4349 1278 4402 ἐοικα
1296 4350 1400 4403 ὑπὸ
1413 4349 1506 4402 τοῦ
1523 4349 1722 4419 ἔρωτος
1735 4347 1830 4402 τοῦ
1861 4347 2048 4419 ἀνδρὸς
2072 4365 2206 4403 κατ-

641 4441 919 4510 ἐχόμενος,
940 4440 1270 4512 πορρωτέρω
1297 4439 1396 4510 τῆς
1425 4437 1731 4502 ὑποθέσεως
1745 4437 2071 4509 ἐληλακέναι
2107 4437 2207 4508 τῆς

646 4534 1039 4604 προκειμένηςο
1073 4535 1152 4587 διδ
1183 4534 1338 4600 ολίγα
1383 4533 1635 4604 προσθεὶς
1676 4533 1885 4604 ἅψομαι
1931 4534 2038 4586 τῶν
2073 4549 2208 4604 προ-

645 4625 912 4696 κειμένων
969 4625 1148 4678 πάλιν.
1194 4620 1358 4688 Οὗτος
1396 4624 1573 4678 τοίνυν
1603 4625 1632 4678 ό
1661 4624 1910 4688 τοσοῦτος
1935 4625 2030 4678 καὶ
2058 4625 2211 4696 τηλι-

646 4713 835 4776 κοῦτος
862 4711 1021 4783 ἀνὴρ,
1054 4714 1082 4765 ὁ
1106 4711 1371 4776 τοσαύτας
1394 4714 1634 4781 ἀνάγκας
1663 4713 1874 4783 φύσεως
1898 4717 2211 4788 καταπατή-

644 4822 764 4867 σας,
794 4805 894 4858 ούκ
926 4805 1220 4875 ἐτόλμησεν
1247 4805 1366 4858 οὑδὲ
1395 4805 1555 4868 αὐτὸς
1587 4808 1666 4869 είς
1698 4807 1788 4860 τὸν
1818 4807 2004 4875 ἀγῶνα
2023 4807 2209 4862 τοῦτον

645 4897 906 4962 καθεῖναι,
960 4896 1096 4950 ἀλλά
1150 4897 1242 4950 καὶ
1275 4898 1528 4966 γυναικὸς
1568 4899 1860 4965 ἀπέλαυσε,
1893 4902 1988 4954 καὶ
2029 4901 2210 4972 πατὴρ

643 4987 859 5055 ἐγένετο
914 4988 1115 5043 παίδων
1167 4990 1456 5044 τοσούτων.
1493 4981 1736 5064 Τοσαύτη
1786 4994 1882 5065 τῆς
1912 4994 2208 5066 παρθενίας

646 5083 679 5150 ὴ
705 5079 978 5146 δυσκολία,
1003 5079 1176 5144 οὕτως
1205 5081 1399 5151 ὑψηλοὶ
1429 5084 1520 5135 καὶ
1539 5084 1760 5152 μεγάλοι
1790 5085 1962 5154 αὐτῆς
1990 5088 2038 5138 οί
2069 5088 2210 5155 ἀγῶ-

647 5189 756 5236 νες,
809 5171 901 5225 καὶ
956 5171 1182 5242 χαλεποὶ
1225 5175 1274 5226 οἱ
1321 5173 1566 5244 ἱδρῶτες,
1607 5176 1700 5227 καὶ
1731 5175 1930 5246 πολλῆς
1968 5179 2208 5247 δεόμενοι

649 5260 746 5331 τῆς
773 5262 1034 5326 εὐτονίας.
1079 5264 1214 5318 Ἀλλ’
1241 5266 1386 5335 ὅμως
1410 5266 1598 5319 πολλαὶ
1615 5267 1721 5319 τῶν
1757 5267 1889 5338 πρὸς
1909 5268 1999 5320 τὸν
2026 5270 2209 5337 ἀγῶνα

645 5354 834 5408 τοῦτον
877 5355 1319 5426 ἀποδυσαμένων,
1366 5360 1538 5410 ἐκεῖνο
1569 5359 1629 5411 ού
1682 5361 2118 5428 κατηγωνίσαντο
2149 5362 2210 5415 τὸ

650 5446 839 5512 πάθος,
872 5446 934 5499 τὸ
959 5446 1051 5500 τοῦ
1076 5447 1460 5519 καλλωπισμοῦ
1502 5451 1601 5521 τῆς
1635 5452 1926 5523 περιϐολῆς
1951 5454 2058 5507 τῶν
2086 5457 2100 5507 ί
2110 5474 2210 5525 μα-

707 5627 732 5656 ⁶
761 5627 908 5675 Iidem
930 5625 1292 5687 ἀπογεύσασθαι.

707 5688 734 5727 Ι»
760 5689 908 5751 ΙὶιΙίνῐη
931 5692 956 5736 ὀ
979 5689 1120 5751 αὑτὸν
1138 5689 1406 5751 ἀποπνὶγων
1447 5689 1693 5751 ἀφορήτους
1740 5689 1845 5739 Duo
1864 5689 1944 5739 alii
1969 5693 1993 5739 ὁ
2014 5692 2210 5739 ἀποπνί-

643 5767 738 5811 γων
756 5750 894 5796 αὐτὸν
920 5750 999 5796 καὶ
1021 5749 1262 5809 ἀφόρητος.

705 5813 730 5844 τ
754 5813 858 5862 Duo
878 5812 1250 5872 ἀναλογιζόμενοι

1326 428 1383 483 S.
1422 425 1702 484 JOANNIS
1736 413 2216 479 CIIBYSOSTOII
2257 409 2576 468 ARCHIEP.
2611 411 3162 476 CONSTAN'I'INOP.

3778 425 3886 481 ωδ

2316 525 2464 600 τίων,
2486 527 2600 580 ἀλλ’
2642 529 2884 586 ἑάλωσαν
2913 534 3007 585 καὶ
3044 531 3414 602 ἐχειρώθησαν
3443 533 3535 587 καὶ
3561 534 3669 587 τῶν
3697 535 3885 604 βιωτιο

2316 615 2426 667 κῶν
2459 617 2729 684 γυναικῶν
2775 619 2994 688 μᾶλλον.
3027 619 3112 690 Μὴ
3148 621 3257 688 γάρ
3304 638 3392 691 μοι
3426 621 3583 676 τοῦτο
3617 621 3766 693 λέγε,
3799 626 3884 682 δτι

2313 702 2534 772 χρυσίον
2559 704 2622 755 ού
2649 704 2973 774 περίκειται,
3001 707 3120 761 ούδδ
3165 707 3362 779 σηρικά
3395 711 3487 764 καὶ
3528 712 3886 782 χρυσόπαστα

2314 789 2734 862 περιϐέϐληνται
2761 793 2968 863 ἱμάτια,
2998 795 3118 848 οὑδὲ
3141 795 3497 868 περιδέρραια
3525 798 3886 871 λιθοκόλλητα

2312 875 2513 946 έχουσι.
2539 877 2613 930 Τὸ
2645 877 2752 949 γάρ
2785 879 3165 952 χαλεπώτερον
3207 881 3438 950 μάλιέτα
3472 884 3690 940 πάντων
3721 888 3883 942 τοῦτό

2311 965 2448 1028 ἐστι,
2479 963 2572 1017 καὶ
2618 964 2648 1017 δ
2678 965 2796 1035 μεθ’
2830 966 3134 1040 ὑπερϐολῆς
3179 968 3449 1024 δείκνυσιν
3479 973 3660 1026 αὐτῶν
3700 975 3762 1029 τὸ
3792 978 3882 1030 νό-

2313 1067 2482 1123 σημα,
2541 1054 2634 1107 καὶ
2678 1053 2775 1108 τού
2826 1055 3030 1121 πάθους
3075 1059 3176 1130 την
3204 1060 3510 1132 τυραννίδα,
3539 1063 3619 1116 ὅτι
3657 1064 3884 1134 ῖσχυσαν

2311 1145 2406 1198 καὶ
2425 1145 2837 1217 ἐφιλονείκησαν
2866 1149 2961 1204 καὶ
2978 1149 3263 1206 ἐϐιάσαντο
3287 1153 3357 1207 δι’
3390 1155 3621 1210 εὐτελῶν
3652 1157 3882 1230 ἱματίων

2311 1236 2534 1297 ἐκείνων
2601 1238 3020 1310 ὑπερακοντίσαι
3072 1242 3164 1297 τὸν
3220 1244 3601 1318 καλλωπισμὸν
3652 1249 3760 1304 τῶν
3811 1250 3884 1306 τά

2314 1331 2490 1398 χρυσᾶ
2513 1334 2912 1403 περικειμένων
2949 1336 3042 1390 καὶ
3081 1336 3154 1391 τά
3195 1338 3385 1410 ίμάτια
3413 1341 3482 1394 τά
3513 1343 3736 1414 σηρικὰ,
3784 1345 3884 1400 καὶ

2312 1420 2601 1491 έπέραστοι
2639 1423 2837 1493 μᾶλλον
2863 1427 3112 1481 ἐντεῦθεν
3137 1428 3165 1468 ἀ
3197 1429 3376 1483 αὑτῶν
3407 1433 3661 1502 φανῆναι,
3682 1435 3758 1499 ὡς
3781 1436 3883 1506 μιν

2311 1513 2471 1567 αὑταὶ
2517 1510 2848 1585 νομίζουσιν,
2888 1519 3177 1591 ἀδιάφορον
3222 1521 3497 1591 μετιοῦσαι
3524 1527 3778 1597 πρᾶγμα,
3802 1526 3879 1593 ὥς

2309 1601 2367 1655 δέ
2399 1606 2432 1674 ἡ
2486 1603 2582 1657 τοῦ
2613 1607 2932 1677 πράγματος
2985 1610 3139 1678 φύσις
3186 1612 3472 1675 δείκνυσιν,
3511 1615 3752 1687 ὀλέθριον
3783 1618 3880 1674 καὶ

2312 1693 2573 1766 βλαϐερὸν
2615 1699 2708 1751 καὶ
2744 1697 2880 1768 βαθὺ
2935 1700 2992 1753 τὸ
3041 1701 3312 1774 βάραθρον
3343 1705 3483 1776 ἕχον.
3531 1708 3624 1762 Διὸ
3665 1709 3878 1782 μυρίοις

2311 1786 2572 1856 στόμασιν
2625 1787 3020 1859 ἀνακηρύττειν
3071 1808 3127 1844 σε
3174 1795 3279 1865 χρὴ
3318 1794 3519 1866 ταύτης
3555 1797 3740 1851 ινεκεν
3776 1797 3879 1872 τῆς

2311 1877 2638 1944 ὑποθέσεως,
2668 1880 2751 1934 ὅτι
2805 1883 3095 1952 παρθένοις
3121 1886 3308 1953 γέγονε
3351 1886 3878 1957 δυσκαταγώνιστον.

2308 1970 2465 2024 τοῦτο
2486 1974 2552 2042 τῇ
2607 1974 2666 2025 ἐν
2713 1976 2909 2045 χηρείᾳ
3131 1977 3273 2032 οὕτω
3309 1979 3488 2050 ῥᾴδιον
3519 1982 3610 2034 καὶ
3636 1980 3877 2044 εὖκολον,

2307 2061 2383 2125 ώς
2416 2062 2552 2134 αὑτὴ
2575 2063 2684 2116 τῶν
2698 2066 3038 2136 πραγμάτων
3063 2067 3261 2133 ἔδειξεν
3281 2072 3311 2141 ἡ
3341 2071 3581 2141 ἀλήθεια.
3609 2072 3744 2126 υὺδὶ
3765 2072 3879 2146 γάρ

2307 2150 2406 2221 τὴν
2431 2152 2709 2206 εὐτέλειαν
2767 2154 3031 2224 θαυμάζω
3087 2159 3184 2229 τῆς
3218 2160 3511 2232 περιϐολῆς
3569 2163 3728 2232 μόνον
3774 2164 3879 2236 τὴν

2307 2243 2513 2310 ἄφατον
2532 2255 2579 2308 ο,
2605 2244 2698 2298 καὶ
2719 2247 2913 2310 αὐτοὺς
2935 2250 3060 2312 τοὺς
3083 2253 3503 2321 προσαιτοῦντας
3525 2256 3880 2326 ὑπερακοντι-

2309 2330 2527 2395 ζουσαν,
2556 2332 2854 2406 [5461ἀλλά
2879 2339 2972 2392 καὶ
3001 2339 3062 2392 τὸ
3096 2341 3502 2413 ἀσχημάτιστον
3533 2345 3788 2416 μάλιστα,
3814 2346 3878 2402 τδ

2308 2421 2722 2494 ἀνεπιτήδευτον
2745 2426 2854 2481 τῶν
2883 2428 3324 2501 περιϐλημάτων,
3357 2435 3465 2488 τῶν
3492 2437 3872 2508 ὑποδημάτων,

2307 2513 2405 2581 τῆς
2428 2512 2708 2582 βαδίσεως,
2743 2517 2887 2590 άπερ
2933 2520 3146 2575 ᾶπαντα
3175 2524 3440 2596 χρώματά
3475 2528 3621 2581 ἐστιν
3651 2531 3871 2601 ἀρετῆς,

2307 2603 2405 2674 τὴν
2451 2607 2876 2681 ἐναποκειμένην
2903 2615 2967 2683 τῇ
3006 2613 3150 2686 ψυχῇ
3180 2617 3492 2686 φιλοσοφίαν
3522 2619 3720 2685 ἔξωθεν
3741 2623 3875 2677 ἀνα-

2307 2693 2715 2784 ζωγραφούχτα.
2767 2703 3110 2784 Στολέᾳμρς
3145 2707 3250 2780 γὰρ
3275 2710 3514 2784 ἀκδρὸς,
3558 2713 3741 2784 φησὶν,
3771 2715 3871 2768 καί

2309 2765 2515 2833 τέλος
2547 2768 2824 2835 ὀδόντων,
2875 2765 2971 2826 uia
2992 2765 3000 2771 '
3022 2765 3194 2845 βῆμα
3220 2765 3420 2844 ’ποδὸὶ
3462 2765 3875 2852 ὰὶριίγξελὲῖὶᾶ

2305 2856 2438 2924 περί
2467 2860 2673 2916 αὐτοῦ.
2696 2863 2757 2916 El
2784 2865 2891 2934 γὰρ
2919 2867 2992 2938 μὴ
3021 2867 3140 2937 μεθ’
3167 2869 3472 2942 ὑπερϐολῆς
3495 2875 3622 2936 τοὺς
3651 2874 3874 2942 γεώδεις

2303 2949 2402 3019 τῆς
2434 2949 2693 3022 βιωτικῆς
2739 2957 3038 3022 φαντασίας
3092 2958 3382 3032 λογισμοὺς
3431 2966 3604 3035 χαμαὶ
3643 2967 3874 3037 ἔρριψας

2304 3042 2398 3094 καὶ
2431 3045 2834 3116 κατεπάτησας,
2859 3048 2958 3102 οὑκ
3003 3049 3070 3104 ἀν
3103 3050 3277 3116 οὕτως
3307 3053 3326 3093 τ
3369 3056 3449 3120 είς
3481 3057 3733 3112 τοσοῦτον
3782 3063 3872 3127 ἐξ-

2305 3133 2580 3204 επήδησας
2601 3137 2899 3210 ὑπεροψίας
2919 3140 3118 3205 αὐτῶν,
3143 3145 3244 3199 οὐκ
3257 3144 3323 3200 ἀν
3342 3146 3485 3202 οὕτω
3508 3149 3649 3202 κατά
3675 3151 3874 3221 κράτος

2305 3223 2403 3296 τὴν
2432 3226 2817 3302 χαλεπωτάτην
2839 3232 3116 3305 ἁμαρτίαν
3158 3237 3361 3310 ταύτην
3399 3240 3655 3312 ἐνίκησάς
3692 3260 3751 3296 τε
3780 3245 3876 3298 καὶ

2305 3316 2608 3387 ἀπήλασας.
2654 3321 2810 3377 Ἀλλά
2846 3324 3030 3396 μηδεὶς
3075 3327 3382 3402 ὑπερϐολὴν
3419 3333 3878 3401 καταγινωσκέτω

2303 3405 2397 3458 τοῦ
2423 3407 2604 3476 λόγου,
2625 3413 2670 3464 εί
2697 3412 3086 3487 χαλεπωτάτην
3110 3417 3314 3491 ταύτην
3330 3421 3602 3493 ἁμαρτίαν
3614 3423 3872 3480 ἐκάλεσα.

2304 3498 2366 3552 El
2401 3501 2507 3572 γὰρ
2542 3503 2633 3555 ἐπὶ
2664 3506 2772 3558 τῶν
2827 3505 3096 3576 βιωτικῶν
3134 3511 3227 3564 καὶ
3270 3512 3537 3585 Ἐϐραίων
3576 3515 3876 3584 γυναικῶν,

2305 3594 2398 3647 καὶ
2425 3596 2483 3648 ἐν
2508 3597 2699 3669 ἐκείνῳ
2729 3598 2807 3670 τῷ
2847 3602 3024 3673 καιρῷ
3051 3607 3318 3678 τοσαύτην
3341 3606 3503 3679 ἔφερε
3526 3610 3626 3680 τὴν
3655 3610 3878 3666 κόλασιν

2301 3686 2363 3738 τὸ
2397 3687 2794 3762 πλημμέλημα,
2831 3694 2925 3746 ἐπὶ
2947 3695 3057 3750 τῶν
3099 3697 3428 3766 ὀφειλουσῶν
3468 3701 3532 3755 τὸ
3573 3703 3876 3776 πολίτευμα

2303 3776 2448 3848 ἐχειν
2464 3780 2522 3832 ἐν
2547 3781 2812 3852 οὐρανοῖς,
2847 3785 2941 3838 καὶ
2979 3787 3267 3856 ἀγγελικὸν
3305 3792 3586 3862 μιμεῖσθαι
3620 3793 3754 3864 βίον,
3781 3798 3873 3851 καὶ

2304 3869 2362 3963 ἐν
2389 3871 2571 3942 χάριτι
2623 3875 3074 3948 πολιτευομένων,
3097 3880 3219 3936 τίνα
3255 3882 3320 3937 ἂν
3348 3886 3502 3957 σχοίη
3547 3888 3876 3963 συγγνώμην

2304 3961 2366 4014 τὸ
2389 3963 2521 4016 αὐτὸ
2555 3965 2714 4018 τοῦτο
2766 3968 3112 4039 τολμώμενον
3140 3972 3280 4043 μετά
3306 3974 3548 4041 πλείονος
3576 3980 3674 4050 τῆς
3707 3961 3875 4054 ὑπερ·

2305 4054 2498 4126 ϐολῆς;
2533 4056 2702 4111 Ὀταν
2752 4058 2866 4131 γὰρ
2909 4060 3024 4135 ἴδῃς
3060 4063 3327 4135 παρθένον
3353 4067 3782 4143 κατακλωμένην
3815 4074 3874 4127 ἐν

2303 4149 2416 4212 τοῖς
2443 4149 2696 4219 ἱματίοις,
2746 4151 3019 4222 σύρουσαν
3057 4158 3182 4222 τοὺς
3209 4159 3464 4230 χιτῶνας,
3497 4164 3633 4234 ὅπερ
3659 4167 3873 4236 προφή-

2304 4256 2402 4309 της
2447 4241 2752 4310 ἐνεκάλεσε,
2803 4245 3274 4320 διαθρυπτομένην
3315 4254 3374 4306 ἐν
3402 4257 3466 4325 τῇ
3519 4254 3746 4325 βαδίσει,
3779 4259 3876 4313 καὶ

2302 4329 2393 4384 διὰ
2416 4334 2622 4404 φωνῆς,
2649 4336 2744 4389 καὶ⁵
2769 4337 2860 4391 διά
2877 4338 3160 4409 ὀμμάτων,
3181 4343 3278 4396 καὶ
3301 4344 3390 4398 διὰ
3415 4346 3607 4418 στολῆς
3631 4349 3693 4404 τὸ
3719 4350 3877 4423 δηλη-

2302 4423 2490 4494 τήριον
2542 4426 2878 4496 κεραννῦσαν
2905 4431 3162 4503 ποτήριον
3197 4436 3310 4498 τοῖς
3341 4435 3654 4500 ἀκολάστως
3685 4443 3873 4512 δρῶσι,

2306 4514 2401 4567 καὶ
2433 4515 2501 4569 τά
2525 4515 2773 4591 βάραθρα
2801 4521 3077 4576 ἐπιπλεῖον
3103 4523 3558 4583 ἀνασκάπτουσαν
3586 4534 3699 4596 τοῖς
3736 4549 3878 4605 παρ-

2308 4607 2468 4675 ιοῦσι,
2507 4611 2604 4664 καὶ
2651 4613 2884 4681 παγίδας
2923 4615 3162 4672 τιθεῖσαν
3207 4620 3476 4688 ἐντεῦθεν,
3516 4624 3634 4688 πῶς
3669 4625 3878 4696 ταύτην

2306 4698 2492 4754 λοιπὸν
2531 4706 2817 4774 προσερεῖς
2871 4705 3159 4778 παρθένον,
3188 4708 3303 4762 ἀλλ’
3331 4711 3392 4764 οὐ
3431 4712 3568 4781 μετά
3590 4714 3698 4768 τῶν
3739 4732 3876 4787 11:09-

2307 4795 2610 4864 νευομένων
2655 4795 2824 4868 αὐτὴν
2895 4799 3224 4871 ἀριθμήσεις
3281 4805 3583 4870 γυναικῶν;
3640 4807 3715 4860 οὐ
3767 4808 3876 4879 γάρ

2305 4884 2558 4941 τοσοῦτον
2607 4889 2810 4942 ἐκεῖναι
2843 4889 3054 4961 δέλεαρ,
3086 4892 3210 4945 ὅσον
3240 4886 3401 4948 αὗται
3451 4896 3711 4964 γίνονται,
3743 4917 3878 4953 παν-

2306 4978 2529 5049 ταχόθεν
2578 4981 3013 5036 ἀηπεταννῦσαι
3067 4985 3167 5055 τῆς
3211 4985 3406 5058 ἡδονῆς
3444 4989 3514 5042 τὰ
3557 4993 3751 5062 πτερά.
3778 4992 3878 5047 Διά

2306 5070 2480 5126 ταῦτά
2514 5089 2572 5124 σε
2639 5073 3032 5145 μακαρίζομεν,
3067 5075 3156 5130 διά
3183 5078 3357 5134 ταῦτά
3399 5097 3457 5134 σε
3503 5081 3877 5156 θαυμάζομεν,

2307 5168 2388 5219 ὅτι
2449 5168 2664 5221 πάντων
2703 5167 3072 5238 ἀπαλλαγεῖσα
3126 5171 3329 5226 τούτων
3360 5175 3452 5228 καὶ
3488 5177 3544 5228 ἐν
3578 5176 3750 5247 τούτῳ
3779 5176 3878 5247 τὴν

2309 5260 2573 5328 νέκρωσιν
2637 5269 2664 5305 8
2692 5253 2948 5328 ἐπεδείξω
2992 5264 3069 5333 τῷ
3119 5265 3304 5334 μέρει,
3357 5269 3453 5336 ούχ
3511 5269 3878 5340 ὠραϊζομένη,

2309 5350 2443 5402 ἀλλά
2476 5353 2871 5424 νεανιευομένη,
2924 5355 2984 5408 ού
3030 5355 3512 5430 καλλωπιζομένη,
3563 5361 3678 5414 ἀλλ’
3721 5363 3875 5416 ὁπλι-

2311 5441 2532 5511 ζομένη.

2375 5618 2400 5658 ἀ
2437 5621 2669 5669 Ἐντεῦθεν
2693 5622 2836 5670 deest
2855 5625 2902 5671 in
2925 5622 3115 5672 duobus
3131 5637 3243 5674 mss.

2377 5688 2398 5751 ς
2428 5684 2530 5751 Ι.)υο
2553 5697 2666 5751 ms;
2699 5685 2793 5751 τὴν
2812 5685 3043 5751 εὐτέλειάν
3061 5704 3149 5736 σου
3169 5687 3388 5748 θαυμάζω
3411 5688 3494 5746 τήν
3514 5689 3706 5751 ἄφατον.

2376 5745 2392 5783 ί
2423 5746 2588 5799 Οὕτως
2615 5745 2759 5792 deest
2783 5747 2830 5792 in
2850 5747 3057 5798 duobus.
3258 5745 3265 5748 ’
3459 5745 3463 5746 ⁷
3555 5745 3563 5751 ⁷
3660 5757 3664 5765 ’

2381 5809 2404 5846 Ι
2426 5805 2579 5856 Iidem
2603 5807 2686 5863 τήν
2707 5807 2851 5865 νίκην.
