4142 6494
276 531 559 601 degustare
591 530 863 602 cupiebat.
897 529 1192 585 Coactum?
1221 529 1288 582 At
1316 524 1419 582 cibi
1453 528 1649 597 prmsto
1679 531 1834 579 erant
1858 566 1872 589 ,

274 637 375 678 nec
401 621 688 694 quisquam
719 632 836 678 erat
864 621 954 692 qui
992 636 1114 677 eum
1160 620 1242 676 his
1267 619 1347 674 uti
1389 617 1715 690 prohiberet.
1756 617 1874 672 Jam

271 711 546 783 quomodo
574 712 745 782 ipsius
770 711 986 767 dolores
1005 724 1444 776 commemorem,
1469 709 1730 764 vermium
1757 723 1876 761 sca-

275 801 556 874 turigines,
574 802 896 859 deﬂuentem
923 803 1148 867 saniem,
1168 802 1362 873 probra
1387 801 1582 871 quibus
1602 815 1723 854 eum
1743 799 1873 852 anti-

273 893 323 950 ci
358 893 733 960 incessebant,
759 893 1077 949 famulorum
1108 891 1511 962 contemptum?
1543 889 1722 959 Neque
1740 890 1874 942 enim

271 986 457 1058 [anuli
501 987 602 1042 mei
623 1029 640 1054 ,
670 985 876 1057 inquit,
906 987 1031 1040 mihi
1059 994 1384 1056 pepercerunt
1405 1026 1418 1048 ,
1447 983 1569 1054 quin
1598 982 1650 1034 in
1691 979 1873 1049 [aciem

268 1093 438 1131 meam
463 1088 765 1148 mpucrcnt
813 1075 932 1146 (Job
959 1076 1046 1132 30.
1080 1075 1168 1145 10)
1189 1095 1201 1128 :
1226 1089 1322 1131 eos
1344 1073 1434 1144 qui
1465 1075 1630 1143 ipsius
1649 1071 1870 1127 calami-

271 1168 368 1221 tati
403 1168 749 1234 insultabant,
773 1183 999 1237 eamque
1024 1165 1401 1238 exagitabant?
1426 1163 1566 1231 Quos
1593 1163 1759 1226 enim,
1791 1162 1872 1216 in-

265 1259 392 1329 quit
412 1299 427 1323 ,
459 1275 562 1313 non
590 1259 838 1330 dignabor
865 1274 1051 1328 ponere
1075 1273 1193 1311 cum
1227 1255 1434 1310 canibus
1459 1255 1625 1326 gregis
1650 1253 1750 1307 mei
1768 1293 1785 1320 ,
1816 1251 1872 1306 Iti

264 1366 409 1406 nunc
428 1352 672 1420 impetum
701 1351 754 1404 in
774 1367 854 1405 me
878 1355 1119 1422 fecerunt,
1148 1357 1196 1403 et
1229 1349 1394 1418 inﬁmi
1429 1348 1657 1402 homines
1683 1363 1760 1402 me
1778 1363 1870 1402 ca-

258 1444 459 1515 stigant
471 1444 549 1514 (a)
567 1443 686 1516 (Job
721 1443 790 1499 50
815 1445 910 1514 Α).
930 1445 1121 1498 Annon
1138 1443 1252 1497 hac
1261 1441 1440 1498 omnia
1453 1441 1546 1496 tibi
1557 1441 1736 1513 gravia
1748 1455 1869 1498 esse

265 1534 572 1590 videntur?
594 1536 772 1606 gravia
803 1536 944 1590 enhu
976 1534 1160 1606 procul
1181 1533 1344 1589 dubio
1371 1543 1516 1589 sunt.
1540 1533 1794 1589 Dicamne
1815 1532 1868 1589 id

259 1625 414 1696 quod
445 1626 708 1682 malorum
747 1637 908 1698 caput
931 1637 1054 1694 est,
1087 1623 1354 1697 totiusque
1377 1625 1697 1682 calamitatis
1723 1627 1870 1684 velut

259 1717 564 1788 colophon,
586 1717 834 1790 quodque
854 1733 979 1773 eum
1003 1718 1336 1788 potissimum
1358 1717 1740 1774 excruciabat?
1761 1717 1868 1774 Tu-

260 1809 537 1863 multuum
559 1823 764 1872 eorum,
784 1809 872 1880 qui
896 1810 950 1864 in
973 1809 1140 1881 ipsius
1157 1809 1338 1864 animo
1358 1808 1709 1878 exslstebant,
1733 1817 1868 1865 tem-

260 1910 474 1968 pestas,
493 1897 544 1952 id
567 1899 860 1968 prmsertim
880 1903 1017 1964 erat,
1040 1899 1182 1972 quod
1204 1913 1330 1955 eum
1351 1899 1688 1955 intolerando
1705 1899 1866 1956 modo

256 1990 614 2063 prmfocabat,
641 1995 862 2066 ejusque
883 1993 1207 2049 conscientia
1233 2005 1364 2066 pura
1397 1993 1704 2050 intestinam
1732 2002 1868 2050 tem-

259 2095 530 2155 pestatem
558 2085 826 2143 excitabat
845 2127 860 2152 ,
895 2087 1191 2158 rationique
1221 2086 1470 2144 tenebras
1507 2085 1820 2143 od‘undebat
1841 2127 1859 2156 ,

255 2177 332 2232 ac
382 2177 792 2248 gubernatorem
843 2179 1204 2249 perturbabat.
1260 2177 1393 2234 Nam
1437 2178 1527 2250 qui
1575 2177 1864 2233 multorum

257 2268 532 2325 scelerum
553 2271 653 2326 sibi
680 2271 880 2326 conscii
902 2280 1049 2337 sunt,
1072 2270 1280 2326 etiamsi
1306 2269 1484 2327 acerbi
1508 2267 1707 2342 aliquid
1734 2269 1865 2341 ipsis

255 2361 473 2419 accidat
496 2403 512 2429 ,
551 2362 603 2418 id
645 2364 833 2420 saltem
871 2363 1110 2430 habent,
1143 2374 1200 2420 ut
1235 2379 1423 2420 eorum
1467 2379 1587 2436 qua:
1614 2363 1865 2420 accidunt

254 2468 458 2509 musas
485 2455 794 2523 inveniant,
827 2467 1041 2526 peccata
1079 2471 1173 2512 sua
1203 2470 1386 2513 secum
1421 2464 1771 2527 reputantes,
1797 2469 1864 2514 ac

256 2543 720 2614 perturbationem
758 2563 899 2614 eam,
925 2563 1047 2620 qua:
1081 2564 1150 2604 ex
1173 2547 1506 2604 dubitatione
1531 2547 1724 2617 oritur,
1752 2547 1862 2605 dis-

253 2641 550 2695 cutientes.
580 2643 651 2696 At
687 2641 777 2712 qui
823 2641 1018 2698 nullius
1053 2641 1293 2698 criminis
1319 2641 1423 2698 sibi
1463 2639 1666 2698 conscii
1693 2650 1856 2709 sunt,

253 2747 452 2787 verum
478 2733 690 2788 eximiis
726 2735 979 2789 virtutum
1008 2737 1341 2791 ornamentis
1377 2735 1586 2807 prtediti
1611 2777 1628 2803 ,
1655 2736 1701 2790 si
1731 2735 1860 2807 quid

250 2827 526 2897 ejusmodi
565 2828 834 2898 patiantur
854 2871 869 2894 ,
900 2828 1190 2884 dummodo
1221 2830 1630 2885 resurrectionis
1661 2829 1854 2899 dogma

253 2917 460 2983 norint,
487 2933 552 2973 ac
581 2917 754 2975 futura
784 2920 868 2975 illa
897 2922 1111 2990 praemia
1144 2918 1516 2988 considerent,
1545 2920 1670 2976 illud
1701 2921 1858 2978 intel-

253 3008 431 3080 ligunt
454 3052 470 3077 ,
495 3025 558 3065 ea
585 3027 704 3083 quae
741 3012 990 3068 accidunt
1016 3014 1306 3068 certamina
1331 3055 1346 3078 ,
1375 3028 1439 3068 ac
1481 3023 1856 3070 sexcentarum

249 3114 578 3156 coronarum
607 3104 882 3158 materiam
910 3119 1051 3160 esse.
1092 3107 1161 3160 At
1192 3105 1279 3161 hic
1307 3121 1428 3160 cum
1464 3115 1518 3161 et
1550 3106 1747 3177 probus
1775 3107 1858 3162 vir

250 3201 404 3248 esset
425 3233 442 3261 ,
473 3201 530 3249 et
555 3192 624 3250 de
651 3196 1042 3251 resurrectione
1068 3195 1198 3251 nihil
1226 3197 1559 3268 exploratum
1592 3197 1814 3255 haberet
1835 3241 1853 3269 ,

251 3284 388 3342 hinc
426 3288 766 3358 potissimum
801 3290 1101 3358 jactabatur
1122 3333 1138 3356 ,
1165 3291 1307 3361 quod
1343 3291 1602 3346 malorum
1633 3306 1853 3349 suorum

248 3392 472 3435 causam
500 3381 797 3451 ignoraret,
826 3383 1106 3454 acriusque
1134 3397 1256 3439 eum
1285 3383 1399 3440 htec
1426 3385 1707 3453 dubitatio,
1731 3387 1851 3442 ani-

252 3472 439 3543 mique
477 3475 718 3529 anxietas
741 3517 757 3542 ,
788 3491 946 3546 quam
987 3492 1197 3532 vermes
1224 3492 1288 3532 ac
1315 3479 1556 3549 corporis
1593 3478 1810 3536 dolores
1832 3521 1849 3546 ,

247 3567 608 3621 stimularent.
632 3569 802 3640 Atque
826 3579 1015 3624 utrem
1039 3571 1108 3625 ita
1131 3586 1190 3625 se
1213 3573 1411 3628 habere
1433 3572 1720 3645 intelligas,
1737 3590 1848 3646 quo

251 3665 498 3728 tempore
548 3660 687 3714 Deus
733 3678 828 3731 pro
871 3678 966 3717 sua
1011 3663 1335 3733 benignitate
1370 3667 1468 3736 ipsi
1498 3669 1848 3726 certaminum

250 3751 447 3805 borum
477 3767 692 3808 causam
718 3755 927 3826 aperire
949 3755 1197 3827 dignatus
1223 3767 1323 3821 est,
1353 3773 1546 3830 nempe
1571 3775 1631 3816 se
1657 3756 1756 3816 hac
1781 3762 1850 3819 de

250 3857 418 3897 causa
449 3842 566 3899 haec
588 3847 917 3915 permisisse,
946 3856 1005 3901 ut
1031 3849 1307 3918 perspicua
1333 3862 1476 3906 esset
1506 3852 1670 3922 ipsius
1691 3855 1849 3924 justi-

251 3935 348 3996 tia.
384 3944 494 3989 tum
520 3937 748 4006 denique
767 3979 782 4003 ,
813 3949 1078 4008 tamquam
1112 3939 1242 3996 nihil
1268 3957 1451 3997 earum
1481 3945 1846 4003 molestiarum

248 4040 564 4096 perpessus,
589 4029 872 4100 respiravit
901 4048 915 4085 :
936 4030 1096 4102 idque
1118 4047 1184 4088 ex
1205 4033 1290 4101 iis,
1313 4050 1430 4106 qua:
1454 4043 1578 4092 tunc
1600 4031 1847 4108 loquutus

246 4126 351 4184 est,
385 4111 590 4189 liquido
617 4131 846 4178 constat.
879 4123 1142 4180 Caeterum
1172 4127 1321 4197 prius
1345 4129 1503 4183 etiam
1534 4147 1693 4202 quam
1719 4147 1846 4186 cau-

244 4221 366 4263 sam
395 4209 778 4280 intellexisset,
807 4213 994 4272 dolore
1022 4217 1236 4288 quidem
1266 4219 1633 4278 afficiebatur:
1657 4239 1842 4280 verum

246 4299 372 4355 forti
398 4304 578 4358 animo
598 4320 720 4360 eum
748 4307 969 4374 ferebat,
991 4317 1152 4380 atque
1175 4309 1386 4368 amissis
1410 4314 1660 4371 omnibus
1681 4313 1842 4372 rebus

246 4393 618 4451 admirabilem
651 4397 794 4453 illam
831 4414 1018 4456 vocem
1046 4401 1322 4459 emittebat
1345 4447 1360 4469 ,
1389 4401 1638 4463 Dominus
1663 4408 1839 4474 dedit,

245 4483 500 4540 Dominus
527 4490 764 4556 abstulit,
785 4491 924 4546 sicut
952 4491 1171 4548 Domino
1196 4495 1406 4566 placuit,
1434 4499 1507 4551 ita
1534 4499 1723 4569 factum
1745 4513 1840 4568 est;

243 4577 309 4630 sit
341 4595 522 4633 nomen
553 4581 755 4637 Domini
784 4585 1095 4641 benedictum
1122 4585 1174 4642 in
1201 4593 1388 4645 sarcula
1415 4591 1523 4665 (Id.
1566 4597 1612 4648 i.
1645 4595 1762 4667 21).

317 4671 373 4727 9.
419 4671 612 4729 Verum
645 4677 866 4746 hujusce
891 4681 988 4734 viri
1022 4697 1205 4738 amore
1249 4695 1555 4757 correptus.
1586 4689 1654 4744 ab
1683 4689 1838 4745 insti-

242 4773 357 4819 tnta
390 4769 634 4825 oratione
661 4771 871 4842 longius
896 4776 1184 4831 recessisse
1212 4777 1396 4832 videor
1424 4797 1437 4832 :
1467 4796 1652 4850 quare,
1687 4793 1841 4852 post-

237 4871 404 4924 quam
434 4873 599 4928 pauca
629 4861 941 4932 adjunxero,
967 4881 1178 4921 rursum
1204 4867 1270 4922 ad
1298 4885 1380 4936 ea,
1404 4887 1524 4941 qua:
1551 4873 1680 4928 mihi
1708 4890 1836 4945 pro-

239 4948 417 5016 posita
439 4961 584 5016 sunt,
608 4968 694 5008 me
713 4954 960 5011 referam.
992 4957 1089 5012 llic
1119 4959 1278 5029 igitur
1308 4956 1449 5014 tanta
1478 4971 1695 5035 tamque
1725 4967 1834 5020 exi-

236 5040 348 5093 mia
380 5039 576 5097 virtute
599 5043 698 5112 vir,
729 5045 818 5116 qui
845 5056 923 5102 tot
951 5057 1155 5106 natura:
1185 5055 1534 5109 necessitates
1566 5057 1831 5125 protrivit,

232 5147 308 5186 ne
358 5132 476 5200 ipse
507 5135 719 5203 quidem
761 5137 816 5192 in
850 5138 954 5197 hoc
994 5151 1264 5198 certamen
1309 5145 1635 5202 descendere
1673 5163 1835 5206 ausus

227 5235 345 5294 est,
375 5241 558 5283 verum
589 5241 644 5285 et
670 5247 891 5290 uxorem
915 5234 1196 5302 adhibuit,
1225 5247 1281 5292 et
1309 5239 1575 5310 ingentem
1604 5243 1832 5300 tiliorum

228 5332 528 5375 numerum
559 5326 1053 5392 procreavit.'l‘anta
1075 5330 1398 5400 virginitatis
1417 5341 1499 5387 est
1519 5333 1830 5404 difﬁcultas,

228 5421 347 5464 tam
392 5411 495 5465 al:a
533 5423 588 5468 et
631 5413 884 5472 sublimia
934 5419 1102 5490 ipsius
1143 5423 1456 5490 certamina,
1487 5435 1594 5479 tam
1639 5441 1832 5497 graves

227 5502 497 5569 ιιιάυΐεε,
529 5521 884 5579 magnamque
908 5514 1076 5570 animi
1128 5511 1431 5569 ﬁrmitatem
1473 5519 1827 5586 requirentes.

227 5597 304 5652 Et
355 5605 530 5653 tamen
568 5602 748 5656 multa:
798 5617 866 5657 ex
914 5601 1011 5668 iis,
1037 5620 1156 5675 qum
1200 5605 1266 5660 ad
1308 5606 1410 5663 hoc
1451 5623 1724 5667 certamen
1771 5627 1830 5670 se

222 5754 373 5868 daal}
407 5757 490 5807 Hic
510 5756 647 5809 locus
657 5767 717 5832 .et
739 5760 1052 5838 praecedens,
1071 5764 1209 5828 quasi
1223 5765 1284 5838 ad
1304 5766 1474 5844 Jobum
1497 5769 1827 5868 pertinerent,

375 5857 390 5868 .
415 5819 561 5868 paulo
604 5820 752 5868 aliter
775 5822 1017 5868 habentur
1042 5839 1089 5868 in
1118 5827 1294 5868 bililns-
1337 5831 1426 5868 sui
1464 5839 1496 5868 cf
1516 5841 1827 5868 IM'crllnlnnc

1729 411 2106 470 EPISTOLIE.

3483 409 3602 473 566

1990 522 2365 589 accinxeruut,
2392 520 2529 576 h‘anc
2569 526 2796 575 ornatus
2819 525 2876 574 et
2901 517 3183 588 elegantiae
3208 514 3600 586 immodi‘cique

1988 615 2210 668 vestitus
2255 607 2605 683 cupiditatem
2647 608 2872 666 minime
2909 603 3269 679 superarunt,
3300 612 3490 662 verum
3525 621 3593 663 ea

1985 716 2154 776 captae
2173 715 2230 761 et
2247 705 2489 762 subacta!
2513 712 2638 760 sunt
2665 703 2856 774 magis,
2878 716 3036 773 quam
3062 697 3323 757 mulieres
3337 699 3442 754 illa:
3469 711 3593 771 quae

1985 797 2185 851 mundo
2227 811 2286 852 se
2314 795 2654 852 addixerunt.
2680 793 2865 864 Neque
2893 797 3037 849 enim
3063 791 3167 847 hoc
3191 790 3324 847 mibi
3344 794 3562 848 eamme

1984 903 2156 954 mora,
2207 901 2302 942 eas
2351 901 2541 942 aurum
2585 887 2809 942 minime
2848 894 3101 956 gestare,
3146 890 3247 940 n’ec
3291 886 3484 942 sericis
3537 895 3589 940 et

1981 993 2116 1033 auro
2145 977 2416 1034 distinctis
2439 978 2683 1034 vestibus
2709 977 2922 1032 indutas
2943 991 3088 1043 esse,
3121 989 3295 1047 neque
3317 982 3587 1048 gemmata

1981 1070 2199 1125 monilia
2220 1079 2453 1141 gestare.
2475 1068 2609 1124 Nam
2635 1067 2780 1140 quod
2809 1067 3026 1139 gravius
3045 1076 3151 1134 est,
3169 1068 3419 1140 quodque
3439 1067 3587 1138 ipsa-

1979 1179 2100 1220 rum
2144 1163 2391 1220 morbum
2417 1171 2580 1234 atque
2607 1161 2768 1233 hujus
2801 1158 3023 1217 aiiectus
3070 1159 3408 1232 tyrannidem
3431 1177 3589 1232 aper.

1978 1259 2186 1315 tissime
2214 1259 2425 1331 prodit,
2458 1257 2589 1315 illud
2625 1267 2731 1325 est,
2759 1256 2902 1330 quod
2943 1257 3092 1312 omni
3126 1256 3500 1313 animi'studio
3529 1268 3583 1312 et

1976 1360 2173 1407 conatu
2216 1351 2270 1406 in
2317 1350 2422 1407 hoc
2469 1350 2851 1416 incubuerunt,
2884 1359 2942 1404 ut
2965 1363 3063 1419 per
3094 1347 3226 1404 vilcs
3251 1356 3308 1405 et
3341 1348 3584 1420 abiectas

1977 1443 2097 1499 illas
2143 1450 2324 1500 vestes
2349 1485 2366 1512 ,
2406 1457 2592 1499 earum
2632 1457 2754 1514 qua:
2800 1456 2937 1497 auro
2979 1440 3245 1498 redimita:
3296 1441 3585 1498 ‘ac’sericis

1975 1535 2217 1591 vestibus
2238 1537 2452 1590 amicta:
2473 1544 2621 1600 sunt,
2653 1533 2974 1604 elegantiam
3003 1541 3059 1589 et
3083 1538 3334 1588 ornatum
3364 1548 3587 1604 supera-

1975 1638 2114 1695 rent,
2144 1637 2307 1700 atque
2328 1626 2456 1684 hinc
2482 1626 2826 1683 amabiliores
2853 1625 2960 1682 illis
2989 1625 3303 1682 viderentur
3331 1645 3344 1681 :
3376 1627 3430 1683 in
3476 1625 3581 1683 hoc

1973 1719 2198 1785 scilicet,
2227 1727 2288 1774 ut
2313 1716 2532 1790 quidem
2561 1717 2695 1790 ipsa:
2726 1724 2941 1789 putant,
2973 1715 3299 1774 indiﬂ'erenti
3327 1717 3580 1774 minime-

1973 1825 2078 1880 que
2102 1808 2568 1881 reprehendenda
2614 1810 2696 1866 rei
2731 1808 3032 1877 studentes,
3055 1817 3116 1865 ut
3154 1815 3337 1866 autem
3375 1809 3453 1866 rei
3485 1825 3578 1866 na-

1974 1911 2092 1958 tura
2140 1901 2518 1972 demonstrat,
2567 1902 2891 1974 perniciosa:
2935 1916 3001 1958 ac
3057 1903 3326 1974 pestiferae
3347 1944 3365 1971 ,
3419 1911 3582 1975 atque

1970 1994 2131 2050 altam
2156 1987 2464 2066 voraginem
2494 1993 2732 2050 habenti.
2767 1992 3030 2062 Quocirca
3058 1993 3167 2050 hoc
3191 1995 3411 2050 nomine
3451 2008 3579 2051 sex-

1970 2085 2144 2142 centis
2184 2085 2381 2159 linguis
2406 2083 2594 2143 laudes
2625 2095 2747 2143 tuas
2788 2084 3070 2157 pradicari
3112 2095 3364 2158 oportet,
3393 2086 3536 2158 quod
3558 2127 3577 2154 ,

1969 2194 2091 2254 quas
2116 2194 2207 2236 res
2235 2195 2268 2236 a
2295 2179 2592 2252 virginibus
2615 2195 2761 2253 egre
2779 2181 3029 2252 superari
3056 2181 3274 2252 potest,
3301 2177 3419 2236 haec
3449 2179 3577 2248 tibi,

1969 2288 2090 2344 qua:
2112 2273 2168 2328 in
2194 2271 2455 2330 viduitate
2475 2270 2650 2345 degit,
2691 2271 2764 2328 ita
2799 2271 2974 2329 facilis
2998 2287 3064 2328 ac
3092 2280 3341 2344 prompta
3361 2279 3450 2328 est
3469 2313 3487 2340 ,
3519 2281 3580 2327 ut

1968 2366 2085 2437 ipsa
2115 2380 2297 2423 rerum
2328 2367 2528 2423 veritas
2557 2365 2776 2438 planum
2806 2363 2953 2422 fecit.
2974 2363 3161 2435 Neque
3180 2364 3324 2420 enim
3346 2363 3578 2420 incredi-

1967 2455 2131 2513 bilem
2185 2457 2508 2529 quamdam,
2561 2467 2725 2530 atque
2773 2456 2921 2528 ipsos
2972 2456 3137 2512 etiam
3207 2455 3577 2512 mendicantes

1965 2557 2350 2621 superantem,
2397 2548 2626 2605 vestium
2670 2547 2933 2604 vilitatem
2983 2547 3266 2603 dumtaxat
3313 2545 3576 2615 admiror,

1966 2656 2152 2697 verum
2175 2640 2304 2696 illud
2335 2640 2497 2697 etiam
2515 2681 2532 2710 ,
2573 2639 2716 2711 quod
2745 2637 2800 2694 in
2829 2637 3048 2704 vestitu,
3070 2644 3124 2694 et
3150 2635 3531 2694 calceamentis
3553 2677 3572 2703 .

1963 2741 2130 2803 atque
2169 2733 2385 2788 incessu
2422 2741 2536 2800 tuo,
2566 2730 2701 2787 nihil
2729 2739 2816 2788 est
2841 2730 3078 2786 fucatum
3101 2770 3118 2798 ,
3150 2728 3284 2785 nihil
3313 2729 3382 2784 de
3413 2729 3566 2783 indu-

1962 2827 2096 2880 stria
2140 2834 2513 2896 comparatum
2555 2835 2639 2880 est
2686 2831 2742 2880 et
2797 2823 3156 2890 elaboratum,
3188 2837 3309 2895 qua:
3353 2821 3570 2893 quidem

1961 2916 2143 2971 omnia
2173 2903 2386 2972 virtutis
2413 2917 2626 2972 colores
2650 2923 2810 2983 sunt,
2833 2915 3030 2988 quibus
3065 2913 3326 2985 sapientia
3352 2929 3414 2968 ea
3449 2930 3572 2985 quze

1962 3010 2018 3064 in
2048 3008 2232 3065 animo
2257 3007 2536 3065 recondita
2559 3018 2642 3065 est
2661 3048 2678 3076 ,
2708 3017 2936 3066 exterae
2971 3007 3299 3079 depingitur.
3342 3007 3573 3062 Amictus

1959 3101 2104 3156 enim
2134 3101 2386 3173 corporis,
2419 3100 2594 3174 inquit
2634 3099 2934 3172 Scriptura,
2957 3110 3004 3155 et
3046 3100 3180 3154 risus
3228 3101 3492 3162 dentium,
3522 3110 3572 3153 et

1959 3194 2218 3266 ingressus
2263 3193 2486 3249 hominis
2525 3191 2860 3249 enuntiabant
2903 3192 2969 3248 de
3013 3188 3418 3263 itto(l'3ccli.19.
3445 3189 3566 3257 27).

1957 3285 2093 3342 Nam
2116 3285 2217 3342 nisi
2248 3296 2491 3343 terrenas
2517 3300 2836 3358 pomparum
2858 3283 3018 3356 hujus
3046 3284 3171 3339 vitae
3199 3284 3561 3354 cegitationes

1959 3376 2334 3434 incredibilem
2359 3377 2648 3447 quemdam
2674 3379 2727 3433 in
2757 3377 2974 3434 modum
3000 3363 3149 3431 humi
3176 3375 3568 3446 prostravisses

1957 3484 2022 3526 ac
2049 3471 2440 3542 proculcasses,
2471 3485 2579 3527 non
2605 3470 2658 3526 in
2693 3478 2900 3526 tantum
2930 3470 3168 3541 ipsarum
3197 3475 3564 3540 contemptum

1955 3563 2272 3635 erupisses,
2317 3577 2418 3619 nec
2467 3577 2632 3635 grave
2692 3561 2796 3618 hoc
2850 3569 3130 3634 peccatum
3199 3569 3306 3616 tam
3357 3560 3566 3617 fortiter

1954 3669 2292 3727 superasses.
2320 3653 2400 3710 Ne
2429 3669 2560 3711 vero
2586 3668 2675 3710 me
2719 3654 3005 3725 quisquam
3045 3652 3212 3708 nimia
3263 3667 3561 3723 exaggera-

1955 3749 2103 3804 tione
2128 3750 2203 3804 uti
2230 3749 2523 3816 existimet,
2553 3745 2697 3819 quod
2726 3746 3104 3818 gravissimum
3147 3745 3251 3801 hoc
3279 3757 3561 3816 peccatum

1954 3841 2296 3912 appellarim.
2329 3839 2464 3896 Nam
2490 3854 2614 3896 cum
2642 3839 2931 3895 mundanis
2972 3837 3325 3893 liebrzeorum
3363 3837 3559 3892 mulie-

1953 3933 2124 4000 ribus,
2144 3943 2304 4001 atque
2326 3931 2413 3986 illa
2445 3939 2762 4002 tempestate
2788 3930 2965 3985 scelus
2993 3928 3095 3986 hoc
3118 3937 3317 3982 tantam
3343 3943 3559 3998 pugnam

1951 4023 2316 4088 accersiverit,
2343 4023 2409 4078 iis
2435 4037 2556 4093 quae
2576 4018 3044 4077 conversationem
3077 4019 3128 4074 in
3156 4019 3302 4074 cadis
3325 4017 3558 4085 habere,

1950 4123 2113 4184 atque
2141 4117 2457 4186 angelorum
2497 4115 2660 4168 vitam
2709 4112 2908 4167 imitari
2954 4111 3174 4177 debent,
3205 4121 3261 4166 et
3291 4114 3345 4165 in
3385 4112 3556 4182 gratia

1949 4205 2113 4260 vitam
2140 4215 2327 4277 agunt,
2350 4220 2511 4276 quam
2534 4204 2748 4262 veniam
2772 4203 2913 4260 idem
2938 4203 3077 4258 istud
3102 4203 3556 4274 ‘obtineroqueat,

1951 4302 2120 4355 multo
2166 4300 2384 4370 gravius
2425 4299 2841 4372 perpetratum?
2867 4297 3001 4352 Nam
3041 4312 3163 4352 cum
3200 4298 3461 4368 virginem
3501 4313 3554 4352 Ill

1947 4391 2140 4446 vestitu
2170 4391 2386 4446 mollem
2417 4393 2650 4446 tunicam
2681 4391 3004 4453 trahentem,
3037 4388 3087 4444 id
3121 4389 3263 4460 quod
3293 4387 3554 4460 propheta

1945 4485 2158 4540 crimini
2204 4483 2373 4552 dedit,
2420 4484 2619 4540 lascive
2661 4483 3057 4547 ambulantem,
3083 4493 3247 4553 atque
3301 4491 3554 4549 vocc,et

1945 4578 2137 4644 oculis,
2170 4587 2228 4634 et
2248 4576 2447 4633 amictu
2468 4617 2483 4644 ,
2514 4587 2840 4632 venenatum
2889 4575 3140 4647 poculum
3170 4575 3237 4630 iis
3261 4575 3352 4646 qui
3379 4573 3553 4645 ipsam

1946 4670 2219 4743 impudico
2240 4671 2397 4726 oculo
2419 4669 2694 4725 intuentur
2719 4670 3056 4732 miscentem,
3081 4682 3145 4723 ac
3172 4667 3459 4738 voragines
3489 4669 3554 4722 iis

1944 4765 2033 4835 qui
2059 4773 2338 4819 transeunt
2361 4776 2531 4832 magis
2557 4775 2621 4816 ac
2649 4761 2820 4832 magis
2845 4759 3211 4826 eliudientem,
3238 4770 3400 4830 atque
3427 4758 3552 4814 hinc

1943 4857 2167 4928 laqueos
2198 4854 2509 4911 tendentem
2544 4853 2762 4918 videris,
2795 4851 3068 4924 quomodo
3097 4847 3203 4922 lam
3228 4851 3549 4921 eam'virgi—

1944 4964 2066 5005 nem
2094 4947 2356 5019 appelles,
2388 4960 2452 5002 ac
2491 4959 2599 5001 non
2631 4945 2810 5016 potius
2858 4945 2910 4998 in
2961 4953 3277 5002 scortorum
3310 4953 3547 4999 numero

1941 5039 2354 5114 reponas‘Usai.
2405 5039 2625 5110 5J6)?
2677 5037 2862 5109 Neque
2914 5038 3058 5093 enim
3103 5047 3282 5094 scorta
3334 5045 3542 5092 tantum

1942 5134 2253 5190 illecebram
2284 5131 2566 5204 objiciunt,
2601 5141 2857 5202 quantam
2900 5131 3039 5196 istae,
3073 5130 3363 5200 voluptatis
3409 5145 3544 5200 peu-

1939 5242 2038 5284 nas
2063 5228 2211 5282 omni
2241 5237 2307 5284 ex
2335 5235 2488 5298 parte
2516 5225 2871 5298 explicantes.
2906 5223 2982 5278 Ac
3014 5232 3296 5294 propterea
3333 5233 3386 5278 te
3413 5223 3542 5279 bea-

1941 5332 2050 5377 tam
2080 5319 2436 5392 prmdicamus
2481 5333 2546 5374 ac
2587 5317 2738 5373 miris
2785 5317 3036 5372 laudibus
3083 5316 3544 5386 oll'erinnus,qnod

1939 5413 2026 5468 his
2053 5413 2303 5469 omnibus
2332 5410 2582 5480 liberata,
2612 5411 2666 5466 in
2698 5411 2798 5466 hac
2822 5425 3037 5481 quoque
3069 5419 3220 5480 parte
3248 5408 3542 5464 mortiﬁca-

1940 5506 2102 5560 tionis
2126 5505 2402 5575 specimen
2431 5505 2448 5537 ¹
2480 5494 2716 5569 edidisti,
2739 5517 2847 5557 non
2877 5513 2932 5557 ut
2960 5512 3210 5556 ornatum
3238 5510 3292 5554 et
3322 5499 3543 5569 elegan-

1939 5599 2068 5654 tiam
2113 5606 2438 5664 ostentares,
2467 5595 2562 5653 sed
2618 5605 2677 5652 ut
2722 5595 2933 5651 fortiter
2974 5604 3028 5651 te
3065 5608 3308 5665 gereres;
3343 5607 3449 5647 non
3483 5601 3538 5647 ut

1938 5691 2193 5748 mundum
2245 5690 2562 5748 muliebrem
2592 5691 2686 5748 tibi
2711 5705 3019 5764 qutereres,
3055 5689 3149 5746 sed
3183 5697 3241 5746 ut
3273 5687 3441 5743 armis
3485 5697 3536 5744 te

1937 5784 2194 5842 'nunires.

2003 5900 2018 5932 ⁸
2055 5902 2157 5948 Duo
2179 5902 2308 5959 ηδε..
2334 5893 2600 5950 υὲσιοι·ἱωπ’.
