4142 6494
651 436 757 496 567

722 550 813 621 10.
855 548 1053 607 Verum
1073 550 1320 621 quoniam
1343 550 1412 604 ab
1431 535 1606 621 ungue
1630 549 1843 605 leonem
1871 563 2012 604 nunc
2040 557 2234 604 osten-

654 641 869 708 dimus,
911 643 1072 715 idque
1111 643 1340 714 quadam
1392 643 1670 700 dumtaxat
1717 658 1784 701 ex
1839 654 2029 717 parte;
2060 658 2234 715 neque

654 731 799 789 enim
837 740 1004 789 totam
1047 734 1185 789 hanc
1233 744 1375 789 tuam
1423 735 1674 790 virtutem
1712 736 2233 806 percurrimuippe.

656 829 714 876 ut
741 823 988 891 superius
1028 836 1060 877 a
1085 837 1173 878 me
1195 822 1397 878 dictum
1423 833 1525 891 est,
1553 824 1609 878 in
1636 823 1894 880 immensa
1919 834 2234 880 ceterarum

655 921 868 968 tuarum
898 915 1153 970 virtutum
1186 916 1352 971 maria
1379 915 1569 986 pedem
1599 915 1797 974 inferre
1829 927 2049 984 metuo;
2075 926 2237 986 atque

658 1003 824 1058 etiam
864 1003 967 1060 hoe
1009 1005 1131 1061 loco
1182 1006 1312 1061 mihi
1351 1005 1680 1077 propositum
1733 1023 1839 1062 non
1881 1015 1994 1073 est,
2038 1014 2238 1062 sancte

660 1093 854 1149 anime
908 1103 1012 1150 tua:
1088 1095 1274 1152 laudes
1343 1096 1535 1152 eﬂerre
1554 1137 1570 1163 ,
1611 1087 1794 1152 verum
1858 1096 2238 1152 consolationis

661 1185 1008 1255 pharmacum
1025 1187 1288 1244 coniicere
1312 1206 1330 1245 :
1358 1203 1476 1259 age,
1499 1204 1561 1246 ea
1589 1203 1820 1256 rursum,
1847 1205 1968 1260 qua:
1992 1189 2237 1261 superius

662 1276 804 1334 dicta
855 1285 980 1334 sunt
1005 1318 1021 1344 ,
1049 1293 1336 1334 resumam.
1375 1279 1513 1349 Quid
1563 1289 1742 1336 autem
1788 1280 1918 1336 illud
1963 1291 2066 1346 est,
2099 1278 2241 1350 quod

663 1366 811 1437 prius
829 1366 1096 1424 diximus?
1119 1368 1378 1424 Nimirum
1426 1378 1513 1436 ut,
1538 1369 1667 1441 quid
1715 1370 1801 1426 hic
1844 1372 2120 1441 peccarit,
2151 1379 2244 1424 aut

663 1457 792 1528 quid
818 1459 910 1516 ille
937 1459 1154 1515 sceleris
1170 1459 1464 1529 admiserit,
1490 1476 1612 1517 cum
1653 1462 1835 1516 animo
1881 1472 1972 1516 tuo
1996 1469 2242 1530 reputare

661 1548 915 1618 desinas,
940 1563 1002 1604 ac
1048 1550 1313 1620 patientiae
1359 1562 1461 1606 tua:
1480 1593 1495 1617 ,
1527 1553 1818 1608 tolerantia
1837 1591 1852 1614 .
1877 1551 2199 1622 ieiuniorum
2225 1591 2239 1616 ,

665 1641 1058 1711 precationum,
1081 1656 1352 1697 sacrarum
1373 1642 1692 1712 vigiliarum,
1719 1643 2078 1708 continenti-2,
2101 1643 2244 1699 elec-

668 1745 906 1802 mosynze
931 1771 948 1797 ,
981 1732 1376 1803 hospitalitatis,
1399 1735 1776 1806 variarumque
1821 1745 1875 1791 et
1910 1736 2153 1805 gravium
2181 1749 2245 1790 ac

669 1820 1025 1894 frequentium
1052 1825 1402 1880 tentationum
1432 1825 1722 1882 certamina
1746 1835 2002 1896 perpetuo
2021 1826 2240 1897 cogites.

667 1912 958 1970 Considera
1010 1916 1275 1985 quomodo
1301 1932 1332 1971 a
1370 1918 1539 1988 prima
1581 1926 1739 1972 aetate
1786 1917 1853 1972 ad
1898 1917 2038 1972 hunc
2079 1931 2247 1987 usque

667 2004 809 2060 diem
839 2004 1112 2060 Christum
1142 2004 1286 2062 fame
1301 2006 1630 2063 laborantem
1645 2008 1808 2072 alere,
1827 2008 2026 2062 sitienti
2059 2018 2244 2078 potum

668 2096 924 2166 prabere,
948 2097 1144 2152 nudum
1200 2098 1416 2166 vestire,
1450 2100 1713 2171 hospitem
1768 2108 1909 2155 tecto
1963 2100 2244 2169 excipere,

671 2184 861 2240 morbo
903 2185 1148 2242 affectum
1190 2189 1381 2256 visere,
1408 2190 1466 2244 in
1508 2189 1719 2244 vincula
1765 2189 2065 2260 conjectum
2097 2190 2248 2248 adire

672 2290 780 2331 non
827 2274 1096 2333 destitisti.
1137 2279 1382 2335 Caritatis
1425 2288 1529 2335 tute
1576 2281 1792 2353 pelagus
1839 2282 2204 2338 animadverte
2227 2323 2243 2348 ,

668 2366 814 2438 quod
835 2384 1000 2440 usque
1023 2384 1090 2426 eo
1111 2372 1387 2441 aperuisti,
1420 2383 1478 2427 ut
1503 2372 1571 2428 ad
1600 2374 1810 2429 ultimas
1862 2389 2029 2445 usque
2072 2384 2246 2430 terra-

671 2472 788 2512 rum
815 2472 938 2514 oras
963 2474 1155 2530 magno
1179 2476 1300 2516 cum
1326 2463 1525 2532 impetu
1556 2464 1872 2532 pervenerit.
1901 2465 2081 2536 Neque
2104 2467 2248 2522 enim

675 2556 765 2602 tua
790 2547 1065 2606 dumtaxat
1087 2551 1279 2607 domus
1306 2554 1522 2609 cuilibet
1557 2554 1834 2611 accedenti
1870 2559 2084 2627 patebat
2112 2575 2126 2611 :
2158 2574 2250 2614 ve-

671 2652 790 2694 rum
829 2639 990 2695 etiam
1017 2642 1212 2711 passim
1239 2650 1349 2698 tota
1382 2653 1522 2700 terra
1547 2655 1767 2716 totoque
1800 2648 1931 2702 mari
1973 2648 2250 2718 permultis

671 2727 772 2784 liae
810 2739 896 2784 tua
926 2730 1242 2788 liberalitate
1271 2747 1366 2804 per
1403 2734 1820 2806 hospitalitatem
1862 2737 1964 2793 frui
2005 2741 2245 2811 contigit.

672 2820 798 2878 liae
847 2825 1027 2880 omnia
1069 2825 1121 2880 in
1153 2841 1315 2880 unum
1345 2841 1577 2898 cogens,
1608 2843 1929 2887 coronarum
1975 2831 2162 2888 harum
2194 2843 2250 2890 et

672 2916 1010 2984 praemiorum
1057 2932 1153 2989 spe
1201 2921 1436 2976 animum
1489 2909 1750 2990 exhilara,
1773 2925 2072 2997 gaudioque
2121 2942 2246 2997 per-

669 3004 852 3062 funde.
873 3006 1025 3075 Quod
1053 3010 1097 3064 si
1124 3007 1417 3080 flagitiosus
1441 3012 1571 3069 istos
1596 3022 1651 3069 et
1677 3017 2044 3087 sanguinarios
2072 3017 2248 3072 homi-

672 3111 792 3164 nes,
820 3099 1016 3169 quique
1044 3099 1132 3154 bis
1159 3101 1328 3157 multo
1353 3103 1600 3173 graviora
1624 3115 2002 3176 perpetrarunt
2019 3149 2034 3173 ,
2065 3123 2250 3180 poenas

671 3187 862 3244 dantes
911 3190 1218 3260 perspicere
1255 3193 1429 3264 cupis,
1461 3194 1512 3249 id
1538 3209 1749 3266 quoque
1778 3206 1835 3252 tu
1864 3198 2088 3255 videbis.
2118 3199 2250 3256 Nam

671 3287 726 3333 et
750 3277 982 3337 Lazarus
1009 3281 1228 3338 divitem
1258 3284 1677 3356 conﬂagrantem
1707 3287 1838 3345 vidit
1867 3289 2016 3362 (Luc.
2042 3291 2248 3363 16.23).

671 3373 1000 3445 Quamquam
1022 3379 1165 3433 enim
1190 3378 1260 3434 ob
1281 3379 1402 3434 vita:
1426 3379 1716 3438 discrimen
1738 3382 1885 3439 locus
1912 3385 2041 3454 ipsis
2058 3385 2250 3441 distin-

673 3475 791 3521 ctus
835 3477 984 3534 erat,
1011 3483 1208 3541 eosque
1245 3471 1409 3528 chaos
1452 3455 1767 3542 dirimeba't,
1807 3488 1968 3547 atque
2021 3480 2156 3534 alter
2197 3479 2250 3535 in

674 3556 902 3612 Abrahae
925 3560 1043 3615 sinu
1066 3602 1080 3624 ,
1103 3562 1241 3617 alter
1267 3563 1318 3616 in
1365 3565 1710 3622 intolerandis
1737 3567 2040 3624 fornacibus
2071 3571 2250 3627 sedem

674 3647 921 3715 habebat;
940 3657 995 3706 at
1014 3653 1181 3707 nihilo
1209 3655 1385 3710 secius
1415 3665 1591 3712 tamen
1614 3667 1670 3713 et
1689 3673 1810 3714 eum
1835 3659 1964 3714 vidit
1998 3659 2249 3730 Lazarus,

672 3748 728 3794 et
757 3753 938 3795 vocem
966 3741 1185 3810 audivit,
1204 3752 1258 3800 et
1287 3747 1582 3816 respondit.
1612 3749 1737 3804 [hec
1765 3750 1862 3805 tibi
1902 3766 2110 3822 quoque
2141 3765 2251 3809 tum

676 3845 773 3885 usu
803 3831 1037 3887 venient.
1065 3832 1198 3889 Nam
1239 3835 1286 3890 si
1326 3838 1415 3906 qui
1459 3853 1621 3892 unum
1668 3839 1944 3897 dumtaxat
1981 3843 2252 3900 hominem

673 3923 1025 3992 contempsit,
1051 3932 1197 3980 tanto
1226 3927 1462 3982 cruciatu
1492 3927 1738 3999 afficitur,
1771 3946 1834 3986 ac
1859 3948 2069 3988 rursum
2092 3935 2140 3988 ei
2162 3935 2251 4005 qui

677 4027 838 4067 unum
886 4017 1253 4095 tantummodo
1301 4019 1712 4091 scandalizavit,
1753 4024 1971 4093 expedit
2013 4034 2071 4080 ut
2115 4027 2253 4080 mola

674 4104 904 4159 asinaria
932 4106 1288 4178 suspendatur
1312 4111 1366 4164 in
1395 4111 1536 4167 collo
1562 4113 1698 4183 eius,
1731 4122 1788 4170 et
1811 4116 2153 4188 demergatur
2200 4119 2253 4174 in

676 4195 1232 4272 litare(lfatth.18.6);
1256 4202 1346 4272 qui
1370 4211 1530 4258 tanta:
1559 4204 1704 4260 orbis
1726 4213 1988 4262 terrarum
2020 4210 2153 4278 parti
2175 4209 2254 4265 of-

675 4285 968 4343 fensionem
997 4290 1322 4358 attulerunt,
1350 4301 1408 4350 et
1451 4303 1532 4350 tot
1551 4295 1823 4353 Ecclesiae
1841 4309 2165 4367 everterunt,
2199 4313 2253 4358 et

676 4377 987 4435 tumultibus
1029 4395 1094 4436 ac
1137 4385 1532 4452 perturbatione
1574 4390 1754 4444 omnia
1803 4390 2178 4460 impleverunt,
2199 4402 2254 4448 et

678 4469 957 4539 praedones
982 4487 1045 4528 ac
1073 4473 1327 4532 barbaros
1357 4478 1688 4535 immanitate
1708 4495 1770 4536 ac
1796 4483 1996 4538 smvitia
2027 4500 2249 4556 supera-

676 4570 821 4626 runt,
849 4570 1011 4633 atque
1038 4579 1070 4619 a
1107 4565 1342 4634 diabolo,
1369 4585 1526 4639 quem
1575 4571 1702 4626 belli
1730 4571 1918 4628 ducem
1951 4575 2251 4644 habebant,

678 4661 734 4708 et
756 4651 1087 4710 daemonibus
1106 4697 1122 4722 ,
1150 4672 1374 4726 quorum
1402 4675 1504 4730 ope
1521 4672 1683 4732 atque
1721 4665 1919 4720 auxilio
1946 4667 2251 4738 utebantur,

677 4751 826 4799 tanto
854 4743 1034 4802 furore
1060 4745 1238 4805 ail‘ecti
1260 4760 1402 4818 sunt,
1437 4761 1492 4807 ut
1521 4755 1848 4811 tremendam
1893 4756 2030 4814 hanc
2049 4768 2103 4816 et
2132 4774 2256 4815 san-

676 4835 882 4891 ctitatis
910 4837 1120 4906 plenam
1172 4855 1236 4895 ac
1280 4840 1539 4898 donatore
1581 4845 1794 4917 dignam
1837 4848 2130 4906 doctrinam
2158 4852 2254 4908 Ju-

673 4924 807 4981 dzeis
829 4940 893 4980 ac
934 4928 1218 4998 gentilibus
1257 4930 1532 4988 ridendam
1573 4937 1937 5006 pmpinarint;
1965 4941 2054 5010 qui
2091 4942 2246 4997 innu-

677 5031 851 5073 meras
892 5019 1098 5076 animas
1141 5021 1549 5094 demerserunt,
1601 5037 1760 5098 atque
1809 5031 2089 5089 innumera
2141 5043 2258 5091 toto

676 5110 808 5165 orbe
834 5112 1103 5183 naufragia
1129 5112 1454 5184 effecerunt,
1481 5119 1570 5188 qui
1599 5127 1802 5176 tantum
1830 5123 2133 5180 incendium
2161 5143 2258 5183 ex-

677 5202 933 5266 citarunt,
957 5216 1022 5258 ac
1074 5203 1271 5260 Christi
1325 5221 1520 5278 corpus
1569 5209 1875 5282 sciderunt,
1908 5223 1964 5271 et
2017 5219 2253 5275 membra

680 5293 806 5347 hinc
832 5301 887 5348 et
907 5292 1031 5350 inde
1054 5294 1364 5365 abiecerunt
1388 5317 1400 5351 :
1439 5298 1539 5356 Vos
1564 5303 1707 5357 enim
1729 5345 1744 5368 ,
1773 5306 1979 5376 inquit,
2001 5310 2116 5364 estis
2144 5327 2255 5366 cor-

687 5401 785 5454 pus
806 5384 1016 5454 Christi,
1045 5397 1092 5441 et
1120 5390 1338 5443 membra
1362 5407 1424 5446 ea;
1446 5405 1587 5461 parte
1616 5393 1690 5466 (l.
1719 5394 1838 5450 Cor.
1873 5397 1958 5453 i2.
1989 5399 2117 5471 27);
2150 5403 2255 5459 imo

680 5490 809 5530 vero
829 5476 955 5545 quid
985 5491 1167 5532 eorum
1215 5479 1472 5549 furorem,
1493 5485 1582 5554 qui
1621 5489 1767 5544 nullo
1794 5505 2045 5548 sermone
2070 5493 2255 5563 expli-

679 5567 789 5621 cari
837 5575 1048 5636 potest,
1078 5571 1376 5640 exprimere
1421 5578 1999 5652 contendo?quantam
2041 5600 2254 5656 pmnam

680 5657 963 5728 pestiferos
1006 5661 1150 5718 istos
1183 5675 1246 5719 ac
1290 5667 1659 5737 sanguinarios
1700 5671 1946 5732 homines
1983 5677 2255 5736 subituros

679 5757 807 5804 tunc
828 5765 946 5806 esse
967 5753 1240 5809 existimas
1255 5756 1278 5810 l
1293 5756 1422 5813 Nam
1448 5760 1494 5816 si
1519 5761 1608 5831 qui
1629 5761 1900 5820 Christum
1930 5769 2254 5827 esurientem

681 5856 788 5900 non
834 5843 1112 5917 aluerunt,
1144 5847 1471 5923 sempiterno
1523 5851 1633 5926 igni
1675 5871 1797 5916 cum
1838 5857 2051 5921 diabolo
2096 5861 2247 5922 addi-

1397 435 1453 495 S.
1494 428 1775 494 JOANNIS
1807 430 2290 494 CHRYSOSTOII
2330 426 2645 487 ARCHIEP.
2684 420 3220 484 CONS‘I'ANTINOP.

2341 550 2540 599 cuntur
2573 557 2587 594 :
2619 540 2712 611 qui
2754 535 3138 593 monachorum
3161 541 3216 586 et
3243 527 3503 600 virginum
3549 534 3739 593 greges
3768 519 3822 572 in
3848 516 3928 570 fa-

2340 649 2481 691 mem
2525 632 2908 703 coniecerunt,
2933 637 2991 683 et
3017 623 3239 680 vestitos
3275 618 3577 680 nudarunt,
3605 622 3661 703 et
3701 621 3928 680 peregre

2339 733 2559 796 agentes
2583 701 2693 779 non
2731 717 2889 776 modo
2916 730 3026 772 non
3062 713 3415 782 collegerunt,
3443 703 3538 761 sed
3566 701 3728 796 etiam
3755 713 3926 767 expu-

2341 791 2539 879 lerunt,
2561 822 2619 870 et
2641 811 2834 870 morbo
2848 807 3152 865 laborantes
3173 817 3278 858 non
3305 798 3466 855 modo
3487 810 3592 851 non
3615 791 3924 886 visitaruttt,

2341 904 2437 962 sed
2479 903 2643 960 etiam
2668 900 3040 958 vehementius
3065 893 3404 956 afﬂixerunt,
3432 898 3488 944 et
3530 902 3637 942 non
3666 881 3830 938 modo
3859 881 3928 934 ad

2341 1012 2438 1054 eos
2465 997 2557 1068 qui
2604 996 2658 1050 in
2687 993 2914 1049 vinculis
2935 998 3091 1048 erant
3116 1000 3237 1045 sese
3278 999 3386 1040 non
3417 979 3763 1036 contulerunt
3782 1013 3798 1039 ,
3832 972 3930 1027 sed

2343 1090 2502 1146 etiam
2534 1097 2593 1143 ut
2615 1087 2652 1143 ii
2680 1085 2770 1156 qui
2793 1083 2945 1139 liberi
2968 1097 3030 1137 ac
3055 1079 3214 1135 soluti
3235 1082 3393 1133 erant
3416 1075 3470 1128 in
3491 1081 3763 1127 carcerem
3792 1079 3931 1156 conf

2339 1179 2635 1250 jicerentur
2653 1216 2670 1245 ,
2697 1155 2919 1247 operam
2945 1170 3245 1235 dederunt,
3285 1174 3513 1237 quantas
3535 1173 3720 1232 pmnas
3745 1155 3932 1213 luitnri

2344 1275 2472 1339 sint,
2502 1272 2706 1343 cogites
2747 1269 2891 1324 licet.
2919 1266 3054 1322 Tum
3083 1264 3240 1335 igitur
3265 1274 3360 1317 eos
3390 1255 3621 1314 flammis
3659 1250 3932 1309 excrucia-

2347 1377 2430 1421 tos
2474 1375 2530 1420 et
2573 1362 2966 1433 conﬂagrantes
2985 1399 3001 1424 ,
3025 1358 3229 1412 vinctos
3250 1397 3266 1422 ,
3293 1352 3539 1410 dentibus
3591 1346 3885 1404 stridentes
3915 1383 3931 1406 ,

2341 1452 2543 1509 frustra
2571 1457 2955 1517 lamentantes,
2979 1449 3150 1505 inutili
3181 1449 3326 1502 luctu
3349 1461 3410 1502 se
3432 1441 3780 1499 conficientes
3801 1479 3815 1502 ,
3846 1445 3930 1489 at-

2348 1563 2453 1619 que
2480 1546 2668 1602 divitis
2715 1544 2859 1600 illius
2901 1543 2957 1599 in
2997 1540 3214 1597 modum
3238 1578 3254 1603 ,
3295 1538 3565 1593 incassum
3605 1531 3934 1602 praenitentes

2347 1638 2574 1695 videbis.
2598 1639 2677 1693 Ac
2703 1649 2916 1692 rursum
2941 1641 2995 1690 te
3021 1631 3102 1688 illi
3126 1631 3180 1686 in
3205 1628 3376 1684 beatis
3397 1625 3503 1682 illis
3521 1623 3740 1681 sedibus
3769 1634 3924 1675 coro-

2348 1747 2469 1787 nam
2521 1738 2842 1802 gestantem,
2889 1741 3011 1782 cum
3062 1720 3269 1794 angelis
3321 1717 3730 1789 tripudiantem,
3771 1722 3936 1780 atque

2345 1839 2468 1882 cum
2519 1822 2736 1880 Christo
2789 1826 3101 1889 regnantem
3149 1813 3427 1878 videbunt,
3471 1823 3537 1865 ac
3582 1807 3935 1862 vehementer

2348 1913 2722 1972 exclamabunt
2757 1919 2815 1967 et
2857 1907 3208 1979 ingemiscent
3230 1945 3247 1970 ,
3284 1898 3731 1958 contumeliarum
3757 1935 3773 1959 ,
3799 1907 3938 1964 quas

2350 2005 2445 2060 tibi
2471 2005 2800 2069 inusserunt,
2829 1999 3174 2072 pmniteutes,
3205 2009 3269 2050 ac
3293 1991 3562 2064 supplices
3596 1985 3808 2042 libellos
3839 1982 3936 2039 tibi

2348 2093 2658 2159 oﬂ‘ereutes,
2701 2087 3234 2158 misericordiamque
3273 2090 3330 2139 et
3364 2079 3749 2137 humanitatem
3788 2085 3938 2130 tuam

2329 2186 2620 2272 )ncassum
2639 2184 3011 2272 implorantes.
3077 2271 3084 2272 γ
3146 2269 3155 2272 _
3299 2266 3310 2272 -
3388 2264 3399 2272 ‘
3527 2262 3540 2272 .
3653 2259 3665 2272 .
3735 2258 3746 2269 υ

2421 2279 2514 2336 tt.
2551 2255 2853 2334 Consolatur
2883 2269 3236 2344 Olympiadem
3259 2266 3320 2322 ob
3348 2262 3622 2320 absentiam
3646 2258 3808 2330 ipsius
3839 2255 3939 2312 do-

2350 2373 2552 2426 lentem.
2580 2397 2652 2410 —
2680 2366 2806 2423 Haec
2831 2363 2987 2436 igitur
3015 2361 3195 2417 omnia
3231 2368 3408 2415 tecum
3433 2352 3743 2418 considera,
3768 2361 3942 2418 eaque

2350 2463 2546 2517 animae
2594 2469 2698 2516 tua
2739 2468 2996 2530 perpetuo
3029 2455 3216 2512 accine
3242 2471 3256 2506 :
3285 2453 3467 2522 sicque
3494 2447 3636 2504 hunc
3659 2444 3940 2516 pulverem

2351 2556 2622 2611 discutere
2663 2551 2886 2624 poteris.
2916 2548 3178 2618 Quoniam
3227 2553 3430 2610 autem,
3454 2550 3512 2597 ut
3551 2535 3769 2610 quidem
3819 2547 3940 2588 mea

2351 2645 2538 2714 Opinio
2582 2642 2705 2709 fert,
2756 2639 2896 2697 aliud
2941 2637 3157 2710 quidem
3201 2642 3318 2700 est,
3347 2630 3492 2703 quod
3538 2637 3592 2685 te
3635 2624 3942 2698 pratsertim

2352 2736 2499 2807 angit
2523 2744 2580 2790 et
2602 2733 2897 2797 excruciat,
2927 2744 3025 2800 age
3051 2727 3176 2782 huic
3219 2737 3434 2796 quoque
3481 2716 3794 2791 cogitationi
3843 2729 3942 2785 per

2351 2841 2437 2892 ea,
2455 2841 2574 2897 quae.
2595 2825 2735 2880 dicta
2760 2831 2886 2879 sunt
2915 2830 2971 2876 et
2996 2834 3116 2890 qua:
3140 2832 3283 2873 nunc
3308 2813 3502 2871 dicturi
3540 2824 3746 2876 sumus,
3773 2807 3941 2878 phar-

2353 2933 2564 2976 macum
2598 2929 2867 2987 paremus.
2900 2911 3112 2968 Etenim
3142 2924 3249 2965 non
3276 2905 3348 2963 ob
3388 2905 3502 2960 hac
3548 2911 3756 2957 tantum
3805 2897 3941 2954 mihi

2353 3010 2408 3066 in
2436 3009 2623 3065 dolore
2645 3005 2846 3063 versari
2872 3004 3073 3060 videris
3091 3043 3108 3069 ,
3142 3000 3237 3056 sed
3270 2998 3458 3064 etiam,
3481 2992 3627 3066 quod
3655 3006 3686 3047 a
3729 3005 3818 3047 me
3847 2989 3940 3044 vili

2355 3102 2681 3160 homunculo
2705 3101 2944 3171 seiuncta
2969 3097 3044 3153 sis
3071 3113 3084 3150 :
3114 3093 3352 3163 illudque
3377 3090 3581 3160 lugere,
3608 3094 3770 3155 atque
3795 3081 3943 3154 apud

2353 3210 2539 3252 omnes
2567 3195 2786 3250 dicere:
2809 3191 3067 3261 Linguam
3095 3187 3240 3243 illam
3272 3199 3378 3240 non
3407 3181 3653 3238 audimus
3707 3190 3809 3232 nec
3833 3189 3899 3229 ea
3920 3213 3940 3240 ,

2353 3305 2455 3361 qua
2528 3288 2828 3344 solebamus
2849 3327 2865 3352 ,
2916 3282 3158 3339 doctrina
3223 3278 3482 3342 fruimur,
3545 3285 3731 3328 verum
3797 3267 3946 3324 fame

2353 3395 2696 3438 coercemur:
2726 3377 2976 3450 quodque
3005 3375 3146 3431 Deus
3187 3370 3429 3428 Hebrmis
3462 3365 3732 3439 quondam
3762 3362 3936 3419 mina-

2356 3472 2532 3538 batur,
2567 3469 2619 3526 id
2661 3483 2804 3524 nunc
2847 3467 3099 3538 patimur,
3125 3477 3317 3533 nempe
3357 3474 3464 3516 non
3516 3457 3670 3529 panis
3715 3453 3941 3518 famem,

2358 3579 2458 3620 nec
2483 3578 2634 3634 aqua:
2654 3562 2819 3629 sitim,
2839 3559 2934 3615 sed
2957 3554 3419 3614 divinaedoctrinze
3445 3551 3638 3607 famem
3684 3548 3862 3620 (Amos
3878 3547 3940 3601 8.

2356 3653 2474 3728 ll).
2513 3652 2651 3722 Quid
2707 3652 2866 3722 igitur
2910 3649 2978 3705 ad
3025 3647 3142 3704 haec
3185 3644 3462 3703 dicemus?
3496 3641 3758 3698 Nimirum
3810 3638 3943 3694 illud

2355 3747 2608 3811 maxime,
2627 3743 2770 3815 quod
2798 3742 2892 3799 tibi
2918 3743 3078 3797 etiam
3099 3738 3251 3796 nobis
3271 3735 3582 3793 absentibus
3603 3734 3654 3789 in
3678 3732 3941 3788 librorum

2356 3848 2660 3895 nostrorum
2685 3835 2914 3892 lectione
2939 3833 3139 3891 versari
3159 3831 3301 3889 licet.
3323 3829 3430 3886 Nos
3445 3842 3677 3900 quoque,
3700 3826 3747 3880 si
3773 3823 3939 3880 tabel-

2357 3933 2522 3988 larios
2548 3932 2948 3998 nanciscamur,
2975 3943 3193 4000 operam
3233 3926 3509 3992 dabimus,
3535 3932 3594 3979 ut
3619 3921 3839 3978 crebras
3875 3933 3946 3977 ac

2358 4022 2590 4094 prolixae
2616 4021 2870 4093 epistolas
2894 4035 2924 4075 a
2945 4019 3098 4075 nobis
3117 4017 3366 4090 accipias.
3389 4015 3542 4086 Quod
3567 4015 3613 4071 si
3637 4012 3946 4068 doctrinam

2357 4124 2595 4172 nostram
2621 4116 2740 4170 viva
2771 4113 2932 4170 etiam
2955 4127 3087 4169 voce
3114 4111 3302 4168 audire
3345 4111 3533 4182 cupis,
3562 4107 3793 4163 fortasse
3839 4104 3946 4160 hoc

2355 4221 2568 4278 quoque
2603 4205 2911 4277 continget,
2938 4219 3002 4260 ac
3041 4217 3140 4260 nos
3182 4218 3370 4259 rursus
3410 4201 3754 4274 permittente
3805 4197 3943 4264 Deo,

2357 4302 2538 4356 visura
2562 4314 2622 4356 es
2650 4318 2664 4355 :
2693 4301 2800 4356 imo
2823 4313 2932 4356 non
2958 4298 3208 4367 fortasse,
3235 4297 3331 4354 sed
3354 4306 3502 4354 certo
3521 4313 3536 4351 :
3557 4310 3688 4352 cave
3702 4292 3942 4352 dubites.

2357 4391 2490 4448 Illud
2541 4392 2685 4449 enim
2727 4391 2822 4448 tibi
2865 4391 2919 4447 in
2961 4393 3277 4448 memoriam
3326 4389 3563 4462 redigam
3587 4429 3604 4455 ,
3641 4388 3784 4460 quod
3830 4402 3944 4442 non

2357 4493 2558 4540 temere
2579 4486 2694 4539 haec
2712 4481 2960 4550 dixerim,
2982 4497 3083 4540 nec
3101 4492 3154 4538 te
3173 4481 3363 4538 fallens
3385 4497 3448 4537 ac
3465 4477 3940 4537 circumscribas:

2356 4589 2542 4629 verum
2579 4588 2700 4645 qua
2731 4587 2874 4629 nunc
2914 4587 3012 4643 per
3053 4573 3238 4630 literas
3279 4572 3513 4643 accipis,
3544 4586 3607 4627 ea
3635 4583 3848 4642 quoque
3872 4569 3947 4625 de

2357 4666 2474 4721 viva
2499 4681 2632 4723 voce
2655 4674 2942 4736 exceptura
2987 4679 3066 4722 es.
3091 4664 3244 4736 Quod
3283 4666 3330 4721 si
3369 4665 3466 4722 tibi
3515 4678 3668 4719 mora
3715 4662 3942 4718 molesta

2356 4768 2458 4823 est,
2488 4757 2616 4814 illud
2643 4758 2840 4830 mgita,
2868 4772 2988 4815 eam
3016 4758 3110 4815 tibi
3141 4759 3362 4814 minime
3391 4756 3776 4814 infructuosam
3801 4754 3940 4820 fore,

2357 4863 2541 4903 verum
2564 4849 2833 4919 ingentem
2857 4849 3159 4906 mercedem
3184 4849 3464 4905 allaturam
3489 4863 3631 4915 esse,
3654 4849 3700 4902 si
3732 4847 3944 4917 patien-

2359 4940 2490 4994 tiam
2519 4939 2797 5009 adhibeas,
2824 4954 2924 4996 nec
2949 4939 3198 4996 acerbum
3229 4939 3396 4994 ullum
3417 4938 3638 4994 verbum
3668 4935 3943 5007 proferas,

2358 5033 2484 5103 quin
2514 5031 2689 5102 potius
2736 5029 2844 5086 hoc
2877 5045 3089 5102 quoque
3129 5031 3346 5087 nomine
3375 5030 3470 5086 Dei
3490 5028 3712 5100 gloriam
3741 5026 3946 5099 pradi-

2357 5140 2467 5192 ces,
2492 5133 2550 5178 ut
2577 5123 2737 5184 etiam
2777 5132 3033 5194 perpetuo
3073 5121 3247 5178 facis:
3284 5139 3454 5194 neque
3504 5122 3647 5177 enim
3688 5123 3944 5194 exiguum

2358 5232 2425 5274 ac
2458 5217 2576 5273 leve
2632 5214 2734 5270 hoc
2785 5224 3056 5270 certamen
3114 5223 3224 5276 est.
3259 5229 3442 5269 verum
3477 5215 3682 5281 ingens,
3715 5227 3781 5268 ac
3816 5226 3944 5282 per-

2359 5323 2516 5378 quam
2546 5316 2822 5361 strenuum
2851 5309 3087 5360 animum
3134 5314 3475 5376 mentemque
3517 5303 3945 5374 philosophicam

2361 5399 2678 5470 requirens,
2729 5412 2921 5468 nempe
2971 5396 3130 5452 amici
3186 5396 3485 5468 digressum
3543 5405 3598 5450 et
3645 5393 3946 5451 absentiam

2360 5489 2523 5546 ferre.
2553 5489 2808 5559 Quisnam
2839 5489 2980 5545 istud
3004 5489 3121 5546 ait?
3148 5488 3205 5546 Si
3233 5488 3353 5560 quis
3378 5502 3560 5543 amare
3597 5489 3810 5542 sincere
3850 5500 3946 5542 no-

2358 5583 2442 5640 vit
2463 5581 2507 5648 ⁸,
2531 5582 2575 5637 si
2612 5582 2732 5653 quis
2773 5581 2881 5637 vim
2923 5580 3160 5636 caritatis
3207 5579 3536 5651 exploratam
3586 5575 3945 5649 habet,un

2364 5666 2487 5728 dico
2507 5671 2771 5747 intelligit.
2798 5677 2878 5732 Ae
2923 5689 2992 5731 ne
3019 5673 3122 5731 huc
3147 5683 3306 5746 atque
3345 5674 3472 5730 illuc
3514 5673 3942 5739 obambulemus,

2423 5787 2441 5818 '
2471 5785 2604 5845 Hoc,
2627 5783 2820 5851 signis
2857 5797 3026 5851 ornare
3064 5785 3246 5851 sincere
3275 5783 3427 5851 novit,
3470 5786 3512 5835 ει
3533 5803 3617 5851 ⁵ξτιις
3657 5785 3757 5851 eis:
3784 5788 3934 5848 φιλεῖν

2363 5851 2582 5916 γνησίως,
2606 5853 2656 5903 in
2681 5845 2826 5902 Eilito
2843 5848 3066 5911 desram,
3089 5848 3177 5900 sed
3198 5849 3249 5901 iu
3272 5846 3386 5901 llas.
3413 5845 3642 5900 omnibus
3663 5845 3930 5900 habentur.
