4192 6492
219 437 320 494 567

282 560 336 609 ι’.
366 552 510 606 Ἀλλ’
526 552 716 625 ἐπειδὴ
733 551 842 607 ἀπὸ
865 553 959 606 τοῦ
975 552 1167 624 δνυχος
1181 550 1272 606 τδν
1298 551 1488 606 λέοντα
1513 551 1651 616 τέως
1666 551 1799 606 ἐδεί-

209 641 406 712 ξαμεν,
435 640 532 694 καὶ
559 639 722 694 τοῦτο
743 642 802 694 ἐν
831 639 1028 711 μέρει(
1047 639 1170 693 οὐδὲ
1190 638 1300 709 γὰρ
1319 638 1482 692 τοῦτο
1495 638 1616 691 δλον
1631 637 1798 710 ἐπῆλ-

209 729 300 783 θόν
331 745 429 782 σου
459 727 830 799 κατόρθωμαο
861 726 1118 797 καθάπερ
1145 725 1254 798 γάρ
1289 725 1461 797 ἔφθην
1493 726 1684 790 είπὼν,
1718 728 1800 790 είς

205 815 275 870 τὰ
300 817 508 890 ἀπειρα
524 815 635 869 τῶν
660 816 836 870 ἀλλων
858 832 956 868 σου
984 813 1432 886 κατορθωμάτων
1451 813 1667 868 δέδοικα
1683 816 1801 867 εἱσ-

206 905 385 958 ελθεῖν
441 903 692 974 πελάγηο
739 902 920 966 ἀλλως
966 901 1092 956 οὐδὲ
1125 900 1404 972 ἐγκώμιον
1449 900 1804 973 προεθέμεθα

206 991 304 1046 νῦν
345 995 527 1046 εἰπεῖν
555 993 654 1062 τῆς
685 991 852 1059 ἁγίας
892 1007 988 1044 σου
1015 989 1219 1062 ψυχῆς,
1267 989 1406 1044 ἀλλά
1445 989 1804 1061 παραμυθίας

203 1080 620 1135 κατασκευάσαι
635 1079 975 1151 φάρμακον),
1000 1079 1134 1150 φέρε
1163 1078 1327 1133 πάλιν
1349 1077 1709 1148 ἀναλάϐωμεν
1732 1079 1802 1133 τά

205 1167 529 1239 ίμπροσθεν
582 1165 874 1238 είρημένα.
921 1165 1076 1219 Τίδέ
1105 1164 1418 1236 ἔμπροσθεν
1457 1167 1799 1236 είρήκαμεν;

217 1253 633 1323 ’Δπαλλαγεῖσα
661 1253 757 1306 τοῦ
785 1252 1101 1322 λογίζεσθαι
1123 1251 1178 1305 τί
1213 1253 1243 1306 6
1268 1251 1417 1305 δεῖνα
1439 1251 1679 1322 ἥμαρτε,
1706 1252 1801 1306 καὶ

202 1344 257 1398 τί
293 1345 325 1397 6
363 1344 516 1398 δεῖνα
552 1342 1004 1413 ἐπλημμέλησεν,
1055 1340 1229 1395 ἐννόει
1281 1357 1377 1393 σου
1419 1341 1548 1403 τοὺς
1601 1339 1801 1404 ἄθλους

201 1430 474 1502 διηνεκῶς
493 1431 596 1502 τῆς
613 1429 936 1501 καρτερίας,
958 1429 1060 1499 τῆς
1079 1427 1382 1498 ὑπομονῆς,
1405 1428 1506 1498 τῆς
1522 1428 1798 1498 νηστείας,

201 1518 312 1572 τῶν
344 1517 546 1588 εὐχῶν,
577 1516 688 1569 τῶν
721 1515 1064 1586 παννυχίδων
1095 1513 1205 1568 τῶν
1236 1513 1420 1585 ιερῶν,
1461 1515 1562 1586 τῆς
1592 1517 1801 1587 ἐγκρα-

201 1606 376 1669 τείας,
409 1604 515 1676 τῆς
540 1601 937 1676 ὲλεημοσύνης,
970 1601 1074 1672 τῆς
1113 1599 1441 1670 φιλοξενίας,
1475 1601 1588 1655 τῶν
1618 1601 1801 1655 ποικί-

201 1694 306 1748 λων
331 1692 432 1747 καὶ⁵
460 1691 715 1762 χαλεπῶν
739 1690 833 1744 καὶ
855 1689 1077 1744 πυκνῶν
1100 1684 1424 1759 πειρασμῶν
1442 1700 1489 1740 ι.
1518 1688 1798 1758 ’Δναλόγι-

204 1800 294 1836 σαι
312 1781 434 1846 πῶς
455 1782 519 1834 ἐκ
540 1779 766 1853 πρώτης
779 1778 1001 1849 ήλικίας
1026 1779 1134 1842 ἕως
1155 1778 1255 1848 τῆς
1275 1776 1560 1849 παρούσης
1583 1777 1799 1851 ἡμέρας

201 1870 302 1925 ούκ
331 1869 564 1923 ἐπαύσω
595 1869 874 1940 τρέφουσα
907 1865 1178 1920 πεινῶντα
1198 1866 1291 1920 τὸν
1313 1866 1572 1938 Χριστὸν,
1593 1866 1798 1936 διψῶν-

201 1977 268 2013 τα
302 1959 630 2023 ποτίζουσα,
662 1955 874 2028 γυμνὸν
917 1954 1202 2021 ἐνδύουσα,
1261 1954 1414 2020 ξένον
1465 1954 1795 2025 συνάγουσα,

201 2045 598 2119 ἀρρωστοῦντα
613 2043 917 2098 ὲπισκοποῦ
925 2059 1015 2111 σα,
1029 2043 1168 2114 πρὸς
1181 2043 1469 2114 δεδεμένον
1485 2041 1725 2098 ἀπιοῦσα
1743 2045 1794 2101 δ.

213 2133 502 2203 Ἐννόησόν
542 2148 637 2185 σου
685 2132 785 2202 τῆς
816 2131 1043 2202 ἀγάπης
1085 2129 1148 2184 τὸ
1183 2129 1447 2199 πέλαγος,
1483 2131 1512 2184 6
1536 2131 1797 2187 τοσοῦτον

201 2221 473 2294 ἡνέῳξας,
507 2240 584 2286 ως
619 2220 756 2294 πρὸς
788 2219 928 2276 αύτά
971 2219 1076 2292 τῆς
1108 2220 1437 2292 οίκουμένης
1469 2219 1540 2274 τά
1584 2219 1799 2293 πέρατα

206 2310 345 2380 μετά
374 2309 580 2379 πολλῆς
619 2307 912 2379 ἀφικέσθαι
942 2308 1040 2378 τῆς
1080 2307 1282 2379 ῥύμης.
1312 2307 1389 2362 Ού
1425 2307 1536 2380 γὰρ
1569 2309 1605 2379 ή
1645 2309 1798 2364 οίκία

203 2397 357 2470 [547]
401 2415 498 2451 σου
546 2396 710 2451 παντὶ
758 2396 970 2450 ἐλθόντι
1031 2395 1279 2467 ἠνέῳκτο
1319 2396 1502 2468 μόνον,
1525 2395 1661 2451 ἀλλά
1701 2399 1797 2454 καὶ

203 2483 486 2555 πανταχοῦ
519 2484 624 2554 γῆς
653 2485 749 2538 καὶ
776 2483 1052 2554 θαλάττης
1078 2482 1266 2537 πολλοὶ⁵
1297 2482 1506 2557 ταύτης
1546 2484 1796 2557 ἀπήλαυ-

204 2589 304 2626 σαν
345 2571 449 2641 τῆς
497 2570 813 2642 φιλοτιμίας
865 2570 956 2625 διά
1009 2571 1112 2641 τῆς
1147 2569 1476 2640 φιλοξενίας.
1517 2571 1706 2627 Ταῦτα
1731 2573 1797 2645 δή

204 2656 386 2709 πάντα
426 2655 760 2722 συνάγουσα,
802 2653 985 2724 τρύφα
1016 2656 1110 2708 καὶ
1159 2653 1456 2726 εὐφραίνου
1496 2657 1564 2727 τῇ
1618 2656 1796 2711 ἐλπίδι

201 2744 311 2796 τῶν
343 2741 630 2811 στεφάνων
658 2741 865 2795 τούτων
893 2741 1126 2796 καὶτῶν
1161 2741 1452 2814 βραϐείων.
1489 2744 1554 2796 Et
1597 2742 1654 2797 δέ
1697 2744 1796 2798 καὶ

200 2832 328 2894 τοὺς
353 2829 712 2901 παρανόμους
737 2828 983 2896 τούτους,
1024 2829 1121 2884 καὶ
1150 2830 1505 2902 αίμοϐόρους,
1536 2832 1631 2885 καὶ
1666 2830 1797 2886 πολ-

201 2919 280 2989 λῷ
303 2917 516 2972 τούτων
555 2915 918 2988 χαλεπώτερα
951 2918 1368 2988 ἐργασαμένους
1396 2917 1685 2988 ἐπιθυμεῖς
1717 2919 1798 2974 δί-

201 3023 306 3077 κην
336 3005 585 3068 διδόντας
618 3003 765 3068 ίδεῖν,
795 3003 917 3074 ὄψει
949 3006 1046 3058 καὶ
1090 3003 1250 3058 τοῦτο
1277 3005 1419 3059 τότε.
1468 3005 1621 3060 Ἐπεὶ
1655 3007 1746 3061 καὶ
1769 3009 1798 3062 6

200 3093 460 3164 Λάζαρος
498 3091 593 3146 τὸν
636 3090 892 3146 πλούσιον
944 3084 1086 3146 είδεν
1141 3088 1698 3162 ἀποτηγανιζόμενον.
1729 3094 1792 3148 Et

201 3181 312 3254 γὰρ
349 3181 448 3235 καὶ
477 3182 506 3234 6
533 3177 698 3242 τόπος
748 3178 936 3242 αὐτοῖς
989 3177 1245 3251 διώριστο
1287 3177 1378 3232 διά
1412 3179 1512 3248 τὴν
1549 3179 1646 3233 τοῦ
1679 3178 1796 3251 βίου

201 3272 496 3345 διαφορὰν,
522 3271 618 3325 καὶ
645 3271 707 3325 τδ
738 3271 872 3341 χάος
896 3271 1098 3332 αὐτοὺς
1119 3271 1379 3342 διεῖργεν,
1416 3273 1510 3326 καὶ
1529 3274 1558 3326 6
1597 3273 1697 3344 μὲν
1729 3269 1799 3346 ἦν

203 3368 261 3421 ἐν
308 3367 422 3428 τοῖς
457 3364 679 3429 κόλποις
725 3361 820 3417 τοῦ
872 3362 1145 3435 Ἀϐραὰμ,
1174 3366 1202 3417 6
1234 3363 1291 3417 δέ
1322 3365 1378 3416 ἐν
1405 3367 1524 3428 ταῖς
1544 3366 1800 3437 καμίνοις

201 3460 322 3518 ταῖς
349 3456 653 3527 ἀφορήτοις
668 3471 682 3485 ο
701 3454 818 3509 ἀλλ’
847 3456 996 3526 ὅμως
1020 3455 1115 3510 καὶ
1131 3449 1269 3509 εἶδεν
1288 3456 1454 3510 αὑτὸν
1471 3458 1500 3510 6
1522 3457 1797 3529 Λάζαρος,

203 3551 297 3604 καὶ
320 3549 509 3619 φωνῆς
527 3550 749 3620 ήκουσε,
773 3548 867 3601 καὶ
891 3547 1246 3620 ἀπεκρίνατο.
1264 3549 1451 3604 Ταῦτα
1470 3549 1566 3604 καλ⁸
1587 3551 1682 3604 ἐπὶ
1704 3550 1799 3604 σοῦ

202 3641 357 3694 ἐσται
392 3640 536 3695 τότε.
565 3641 627 3693 El
655 3639 766 3711 γάρ
793 3641 822 3693 6
844 3637 944 3693 ινα
965 3639 1207 3712 παριδὼν
1226 3640 1513 3712 ἄνθρωπον
1544 3643 1801 3709 τοιαύτας

201 3729 388 3783 δίδωσι
434 3729 728 3800 τιμωρίας,
763 3727 860 3782 καὶ
899 3727 978 3800 τῷ
1027 3728 1444 3784 σκανδαλίσαντι
1505 3730 1670 3785 πάλιν
1702 3731 1800 3786 ἕνα

202 3820 481 3884 λυσιτελὲς
513 3819 688 3890 μύλην
722 3818 1171 3892 ἐκκρεμασθῆναι
1199 3821 1342 3875 κατά
1380 3821 1475 3876 τοῦ
1498 3822 1797 3896 τραχήλου,

203 3913 297 3966 καὶ
323 3914 409 3976 είς
442 3909 544 3982 τὴν
573 3911 851 3964 θάλασσαν
884 3911 1423 3982 καταποντισθῆναν
1452 3914 1502 3967 οί
1529 3915 1800 3986 τοσαύτην

201 4001 536 4074 οἰκουμένην
586 4001 1060 4068 σκανδαλίσαντες,
1113 4003 1209 4057 καὶ
1263 4003 1534 4070 τοσαύτας
1569 4007 1802 4080 ἀνατρέ-

201 4094 406 4163 ψαντες
444 4091 798 4163 Ἐκκλησίας,
823 4093 917 4146 καὶ
951 4092 1130 4146 πάντα
1154 4092 1400 4164 θορύϐων
1421 4094 1516 4148 καὶ
1555 4099 1800 4169 ταραχῆς

203 4186 611 4258 ἐμπλήσαντες,
639 4186 736 4239 καὶ
772 4184 985 4258 λῃστῶν
1016 4184 1112 4240 καὶ
1153 4185 1445 4258 βαρϐάρων
1475 4191 1800 4262 νικήσαντες

202 4279 468 4350 ὠμότητα
505 4279 603 4331 καὶ
641 4278 1062 4350 ἀπανθρωπίαν,
1103 4281 1196 4334 καὶ
1239 4281 1384 4335 οὕτω
1411 4283 1554 4336 κατά
1599 4267 1800 4354 κράτος

204 4369 674 4441 ἐκϐακχευθέντες
701 4369 806 4422 ὑπὸ
826 4369 919 4423 τοῦ
943 4371 1381 4441 στρατηγοῦντος
1401 4374 1587 4439 αὐτοῖς
1615 4375 1800 4430 διαϐό-

202 4463 296 4516 λου
332 4462 432 4516 καὶ
461 4460 574 4515 τῶν
617 4459 1025 4533 συνεργούντων
1071 4462 1258 4526 αὐτοῖς
1290 4463 1583 4536 δαιμόνων,
1616 4469 1692 4531 ώς
1737 4469 1801 4522 τὸ

202 4555 434 4625 φρικτὸν
465 4551 628 4606 τοῦτο
653 4552 848 4623 δόγμα,
889 4553 983 4606 καὶ
1013 4553 1326 4627 ἁγιωσύνης
1356 4557 1548 4627 γέμον,
1582 4560 1674 4613 καὶ
1707 4558 1801 4614 τοῦ

199 4644 500 4707 δεδωκότος
559 4642 728 4708 ἀξιον,
769 4644 1180 4713 καταγέλαστον
1228 4647 1322 4699 καὶ
1383 4647 1659 4713 Ἰουδαίοις
1705 4651 1802 4705 καὶ

202 4739 438 4810 Ἕλλησι
471 4735 699 4806 ποιῆσαι
719 4752 731 4764 ⁸
750 4738 800 4790 οί
833 4737 1034 4808 μυρίας
1063 4737 1467 4804 καταδύσαντες
1492 4739 1801 4812 ψυχὰς,καὶ

203 4830 377 4901 μυρία
410 4827 649 4896 ναυάγια
686 4826 966 4898 πανταχοῦ
1001 4831 1102 4900 τῆς
1128 4829 1456 4906 οίκουμένης
1486 4833 1800 4905 ἐργασάμε-

196 4938 304 4984 νοι,
339 4921 391 4973 οί
428 4917 700 4988 τοσαύτην
728 4919 1032 4988 ἀνάψαντες
1055 4920 1258 4990 πυρὰν,
1295 4922 1389 4974 καὶ
1422 4921 1483 4974 τὸ
1516 4923 1674 4994 σῶμα
1702 4925 1796 4978 τοῦ

198 5009 445 5083 Χριστοῦ
464 5009 771 5080 σχίσαντες,
808 5011 902 5063 καὶ
927 5011 995 5064 τά
1037 5012 1171 5082 μέλη
1190 5013 1356 5067 αὐτοῦ
1390 5016 1654 5086 πολλαχοῦ
1681 5020 1797 5072 δια-

201 5101 566 5173 σπείραντες·
613 5099 812 5168 ’Υμεῖς
861 5101 992 5171 γὰρ,
1053 5102 1241 5171 φησὶν,
1271 5104 1414 5157 ἐστὲ
1445 5104 1618 5174 σῶμα
1658 5110 1796 5176 Χρι-

198 5191 378 5256 στοῦ,
408 5191 510 5243 καὶ
543 5189 699 5259 μέλη
734 5191 802 5244 ἐκ
827 5191 1072 5260 μέρους-ν
1112 5194 1312 5263 μᾶλλον
1335 5195 1392 5248 δὲ
1425 5197 1475 5249 τί
1506 5197 1798 5265 φιλονεικῶ

199 5283 560 5352 παοαστῆσαι
587 5281 684 5352 τὴν
708 5283 908 5352 μανίαν
942 5285 1142 5346 αὐτῶν,
1174 5288 1578 5360 ἑρμηνευθῆναι
1612 5294 1688 5364 μή
1714 5295 1799 5347 δυ-

198 5378 449 5446 ναμένην
472 5375 646 5443 λόγῳς
679 5374 850 5444 πόσην
872 5376 1050 5428 τοίνυν
1073 5376 1172 5428 οἴει
1201 5378 1600 5449 ὑποστήσεσθαι
1625 5400 1798 5455 τιμω·

200 5472 328 5540 ρίαν
374 5470 499 5522 τότε
548 5469 674 5531 τοὺς
727 5468 1010 5539 λυμεῶνας
1049 5469 1272 5534 τούτους
1303 5472 1397 5524 καὶ
1436 5473 1798 5548 αἱμοδόρουςς

201 5560 268 5612 Ei
296 5558 406 5630 γὰρ
428 5560 478 5610 οί
503 5558 581 5629 μὴ
614 5557 916 5628 θρέψαντες
948 5559 1221 5614 πεινῶντα
1252 5562 1344 5614 τὸν
1371 5565 1627 5634 Χριστὸν,
1661 5572 1800 5637 μετά

197 5649 296 5704 τοῦ
327 5649 576 5702 διαϐόλου
625 5649 1075 5713 καταδικάζονται
1108 5651 1185 5723 τῷ
1219 5654 1352 5724 πυρὶ
1395 5655 1473 5726 τῷ
1511 5657 1760 5728 ἀσϐέστῳ
1781 5677 1794 5691 ο

266 5851 291 5922 ς
316 5849 473 5922 ﬁdem
489 5851 720 5922 ,χαλεπῶν
740 5851 950 5922 συνεχῶν
969 5851 1261 5922 πειραςιξῶν,

264 5908 293 5950 δ
313 5913 393 5964 Sic
413 5908 619 5965 Cois—lin.
644 5919 798 5962 recte.
824 5908 951 5966 Edit.
977 5908 1337 5975 προσδεδεμένοι)
1359 5914 1671 5964 συναπιοῦσα.

1662 432 2047 494 εριδτοιηε.

3388 439 3494 496 διε

1907 557 1956 607 οί
1991 555 2088 609 καὶ
2120 555 2265 627 λιμῷ
2301 554 2635 626 παραδόντες
2687 556 2942 629 μοναχῶν
2968 557 3065 611 καί
3090 556 3374 628 παρθένων
3406 577 3500 632 χο-

1907 656 2055 726 ροὺς,
2087 658 2184 711 καὶ⁹
2212 657 2597 729 ἐνδεδυμένους
2635 657 3048 728 γυμνώσαντες,
3077 657 3175 712 καὶ
3208 659 3395 726 ξένους
3421 662 3502 716 δν-

1907 771 2006 818 τας
2039 756 2100 809 ού
2131 755 2292 826 μόνον
2320 759 2396 827 μὴ
2423 759 2848 826 συναγαγόντες,
2879 758 3017 814 6116
3054 761 3151 813 καὶ
3180 759 3498 826 ἐλάσαντες.

1904 855 2000 908 καὶ
2014 856 2437 928 ἀρρωστοῦντας
2467 857 2529 912 ού
2567 858 2730 930 μόνον
2757 859 2860 913 οὐκ
2886 860 3336 932 ἐπισκεψάμενοι,
3362 861 3504 918 ἀλλά

1903 959 1999 1012 καὶ
2016 958 2296 1013 ἐπιπλεῖον
2330 959 2746 1030 συντρίψαντες,
2776 962 2874 1016 καὶ
2900 961 2963 1016 οὐ
2997 963 3158 1034 μόνον
3182 963 3502 1036 δεδεμένους

1902 1058 2005 1112 ούκ
2049 1059 2268 1125 ίδόντες,
2301 1058 2439 1113 ἀλλά
2481 1064 2576 1115 καὶ
2613 1060 2945 1133 λελυμένους
3003 1065 3085 1129 είς
3121 1063 3502 1134 δεσμωτήριον

1904 1162 2431 1231 παρασκευάσαντες
2483 1167 2847 1239 ἐμϐαλέσθαι,
2897 1165 3151 1236 ἐννόησον
3193 1164 3328 1236 ὅσην
3367 1165 3501 1217 ύπο-

1903 1265 2195 1336 στήσονται
2227 1267 2520 1340 τιμωρίαν.
2548 1268 2683 1321 Τότε
2703 1267 2884 1322 τοίνυν
2905 1267 3024 1338 δψει
3065 1265 3265 1330 αὐτοὺς
3292 1266 3499 1336 ἀποτη-

1902 1365 2328 1436 γανιζομένους,
2398 1368 2895 1439 κατακαιομένους,
2964 1367 3306 1438 δεδεμένους,
3373 1368 3499 1430 τοὺς

1901 1466 2122 1531 ὀδόντας
2155 1467 2478 1539 βρύχοντας,
2515 1467 2972 1540 ὀλοφυρομένους,
3003 1467 3241 1538 ἀνόνητα
3266 1467 3496 1522 λοιπδνο

1902 1566 2260 1639 θρηνοῦντας,
2290 1568 2387 1623 καὶ
2415 1567 2671 1640 ἀνωφελῆ
2700 1567 3101 1636 μετανοοῦντας
3135 1569 3232 1624 καὶ
3262 1569 3502 1642 ἀκερδῆ,

1899 1667 2157 1740 καθάπερ
2187 1671 2218 1723 6
2244 1667 2500 1732 πλούσιος
2546 1669 2778 1732 ἐκεῖνος.
2817 1667 3081 1738 Ὀψονταί
3124 1683 3185 1722 σε
3224 1668 3318 1722 καὶ
3349 1661 3502 1724 οὖτοι

1900 1768 2066 1825 πάλιν
2101 1770 2160 1822 ἐν
2191 1771 2258 1841 τῇ
2291 1769 2541 1841 μακαρίᾳ
2563 1769 2715 1840 λήξει
2745 1768 2931 1840 ἐκείνῃ
2951 1767 3498 1842 στεφανηφοροῦσαν,

1903 1871 2044 1943 μετά
2064 1872 2174 1927 τῶν
2192 1871 2444 1940 ἀγγέλων
2480 1871 2835 1942 χορεύουσαν,
2857 1868 2938 1942 τῷ
2966 1869 3190 1944 Χριστῷ
3223 1871 3496 1943 συμϐασι-

1898 1968 2187 2034 λεύουσαν,
2223 1969 2320 2024 καὶ
2360 1969 2649 2041 βοήσονται
2688 1968 2859 2022 πολλὰ
2883 1971 2980 2023 καὶ
3008 1969 3366 2042 θρηνήσουσι,
3399 1989 3500 2042 με-

1897 2073 2336 2143 ταγινώσκοντας
2381 2074 2467 2143 ἐφ’
2490 2065 2573 2135 οἷς
2616 2073 2698 2135 είς
2727 2072 2788 2126 σὲ
2823 2071 3164 2144 παρῴνησαν
3181 2071 3232 2137 ἀ,
3261 2075 3358 2127 καὶ
3380 2075 3496 2128 ικεο

1895 2173 2098 2246 τηρίαν
2137 2190 2221 2227 σοι
2269 2174 2677 2244 προστιθέντες,
2707 2174 2804 2228 καὶ⁸
2853 2174 3002 2229 ἐλέου
3031 2175 3374 2247 μεμνημένοι
3402 2177 3498 2234 καὶ

1899 2273 2340 2347 φιλανθρωπίας,
2375 2275 2475 2329 καὶ
2507 2275 2662 2330 οὐδὲν
2691 2276 2848 2330 ἔσται
2888 2275 3054 2331 πλέον
3087 2277 3295 2343 αὐτοῖς.

1973 2375 2127 2452 [548]
2150 2376 2240 2432 ια’.
2256 2375 2444 2432 Ταῦτα
2460 2372 2556 2431 οὖν
2585 2377 2804 2432 ἃπαντα
2823 2377 3150 2449 λογιζομένη
3173 2377 3339 2450 ἐπᾳδε
3375 2395 3503 2432 συν·-

1897 2480 2042 2553 εχῶς
2071 2497 2166 2535 σου
2191 2483 2260 2553 τῇ
2285 2481 2454 2552 ψυχῇ,
2488 2480 2583 2534 καὶ
2611 2480 2711 2553 τὴν
2735 2481 2922 2534 κονίαν
2952 2480 3046 2552 (al.
3080 2480 3254 2550 κόνιν)
3289 2479 3502 2553 ταύτην

1897 2582 2254 2638 διασκεδάσαι
2303 2583 2531 2656 δυνήσῃ.
2577 2583 2795 2656 Ἐπειδὴ
2843 2582 2902 2636 δέ
2953 2585 3050 2638 καὶ
3078 2582 3268 2656 ἕτερόν
3291 2584 3407 2638 ἐστι
3434 2584 3502 2642 τὸ

1902 2684 2142 2758 μάλιστά
2162 2702 2222 2739 σε
2244 2684 2467 2749 ὀδυνῶν,
2493 2685 2570 2749 ώς
2598 2684 2776 2755 ἔγωγε
2798 2681 2976 2756 οἶμαι,
3018 2687 3155 2758 φέρε
3198 2685 3294 2740 καὶ
3320 2685 3501 2758 τούτῳ

1897 2786 1977 2859 τῷ
2000 2785 2247 2858 λογισμῷ
2277 2786 2783 2857 κατασκευάσωμεν
2806 2787 2868 2841 τδ
2896 2786 3190 2859 φάρμακον
3219 2787 3357 2860 μετά
3387 2787 3498 2843 τῶν

1899 2887 2208 2959 εἰρημένων
2223 2887 2319 2940 καὶ
2333 2887 2480 2942 ἀνῦν
2495 2886 2623 2959 ἐροῦ
2633 2904 2754 2958 μεν.
2775 2888 2888 2941 Καὶ
2907 2889 3016 2960 γάρ
3043 2882 3197 2960 οἶμαί
3219 2907 3280 2942 σε
3311 2890 3503 2959 ἀλγεῖν

1898 2989 1960 3043 οὐ
1987 2987 2079 3042 διά
2109 2986 2286 3042 ταῦτα
2311 2987 2493 3058 μόνον,
2537 2987 2676 3042 ἀλλά
2701 2988 2798 3042 καὶ
2829 2988 2919 3042 διά
2956 2988 3018 3042 τὸ
3035 2991 3374 3061 κεχωρίσθαι
3398 2991 3503 3061 τῆς

1899 3089 2177 3154 ούδενείας
2209 3089 2310 3160 τῆς
2340 3088 2640 3160 ἡμετέρας,
2675 3091 2771 3144 καὶ
2798 3089 2961 3144 τοῦτο
2979 3091 3246 3162 διηνεκῶς
3279 3093 3502 3164 θρηνεῖν

1903 3211 1986 3257 σε,
2039 3193 2134 3247 καὶ
2180 3193 2318 3264 πρὸς
2357 3191 2608 3254 ἅπαντας
2648 3191 2866 3261 λέγειν·
2910 3194 3027 3247 Οὐκ
3081 3193 3356 3266 ἀκούομεν
3398 3195 3505 3264 τῆς

1899 3293 2152 3366 γλώττης
2199 3294 2440 3366 ἐκείνης,
2474 3293 2598 3348 οὐδὲ
2624 3294 2977 3365 ἀπολαύομεν
3000 3295 3100 3367 τῆς
3132 3297 3400 3369 συνήθους
3426 3299 3503 3352 διο

1900 3397 2219 3463 δασκαλίας,
2249 3395 2376 3450 ἱλλά
2393 3398 2452 3449 ἐν
2481 3395 2627 3466 λιμῷ
2660 3397 3202 3468 κατακεκλείσμεθαο
3239 3401 3333 3454 καὶ
3363 3402 3508 3472 ὅπερ

1899 3497 2200 3570 ἠπείλησεν
2256 3498 2286 3549 6
2342 3496 2477 3559 Θεὸς
2526 3498 2640 3561 τοῖς
2673 3497 2951 3570 Ἑϐραίοις
2999 3499 3146 3563 τότε,
3197 3499 3358 3554 τοῦτο
3407 3501 3504 3554 νῦν

1902 3600 2273 3673 ὑπομένομεν,
2295 3601 2358 3653 οὐ
2388 3599 2547 3670 λιμὸν
2585 3601 2917 3671 ἄρτου,ούδέ
2940 3601 3100 3671 δίψαν
3119 3600 3331 3668 ὕδατος,
3364 3603 3504 3658 ἀλλά

1899 3702 2062 3774 λιμὸν
2095 3701 2247 3765 θείας
2278 3699 2650 3764 διδασκαλίας,
2685 3701 2750 3754 Τί
2781 3699 2876 3756 οὖν
2924 3704 3090 3773 ήμεῖς
3141 3703 3279 3775 πρὸς
3327 3703 3504 3766 ταῦτα

1901 3801 2169 3875 ἐροῦμεν;
2207 3802 2332 3856 Ὀτι
2369 3800 2606 3872 μάλιστα
2648 3801 2748 3872 μὲν
2799 3801 2981 3868 ἔξεστί
3013 3820 3095 3856 σοι
3126 3804 3222 3857 καὶ
3251 3805 3505 3861 ἀπόντων

1900 3907 1935 3977 ή
1946 3903 2064 3977 μῶν
2091 3904 2301 3975 ὁμιλεῖν
2324 3904 2438 3966 τοῖς
2465 3901 2695 3972 βιϐλίοις
2718 3904 2832 3966 τοῖς
2859 3903 3172 3975 ήμετέροις.
3208 3906 3320 3960 Καὶ
3340 3909 3505 3978 ήμεῖς

1900 4009 1959 4063 δέ
1983 4007 2218 4079 σπουδὴν
2252 4005 2618 4078 ποιησόμεθα,
2649 4006 2717 4061 ἀν
2739 4007 3197 4079 ἐπιτυγχάνωμεν
3235 4025 3503 4081 γραμμα.

1901 4109 2182 4180 τηφόρων,
2209 4109 2455 4179 συνεχεῖς
2499 4125 2584 4161 σοι
2622 4108 2718 4162 καὶ
2739 4107 2953 4172 πυκνὰς
2985 4109 3083 4162 καὶ
3106 4109 3324 4182 μακρὰς
3356 4111 3505 4182 πέμ-

1903 4226 2029 4262 πειν
2057 4207 2369 4272 ἐπιστολάς.
2394 4207 2457 4260 El
2486 4207 2544 4261 δὲ
2577 4210 2673 4262 καὶ
2699 4209 2852 4280 παρά
2882 4207 3066 4280 ζώσης
3097 4210 3286 4279 φωνῆς
3320 4208 3500 4281 βούλει

1901 4308 1971 4364 τά
2013 4309 2146 4381 παρ’
2183 4309 2341 4380 ήμῶν
2394 4309 2635 4372 ἀκούειν,
2688 4311 2819 4374 ίσως
2865 4311 2959 4364 καὶ
3007 4309 3167 4364 τοῦτο
3195 4311 3370 4378 ἔσται,
3409 4315 3505 4369 καὶ

1901 4407 2054 4477 ἡμᾶς
2092 4403 2220 4474 ὕψει
2246 4405 2433 4470 πάλιν,
2468 4405 2561 4460 τοῦ
2589 4405 2726 4459 θεοῦ
2751 4405 3182 4477 ἐπιτρέποντος·
3213 4407 3419 4478 μᾶλλον
3445 4409 3503 4466 δι

1901 4503 2004 4556 οὐκ
2041 4501 2194 4566 ἴσως,
2219 4501 2359 4555 6116
2394 4502 2490 4556 καὶ⁸
2521 4502 2690 4574 μηδὲν
2719 4501 3052 4572 ἀμφίϐαλλε.
3085 4504 3503 4578 Ἀναμνήσομεν

1902 4600 2012 4672 γάρ
2043 4615 2103 4652 σε
2135 4597 2218 4652 δτι
2239 4599 2343 4652 ούκ
2367 4599 2488 4668 εικῆ
2520 4597 2694 4652 ταῦτα
2736 4599 3066 4670 είρήκαμεν,
3088 4599 3208 4652 οὐδὲ
3243 4602 3502 4658 ἀπατῶνο

1901 4697 1994 4760 τές
2014 4713 2096 4761 σε,
2138 4695 2235 4750 καὶ
2274 4694 2798 4767 παραλογιζόμενοι,
2833 4694 2971 4749 ἀλλά
3005 4697 3101 4750 καὶ
3135 4697 3288 4770 παρά
3310 4699 3499 4772 ζώσης

1900 4794 2116 4864 ἀκούσῃ
2145 4795 2331 4864 φωνῆς
2367 4793 2404 4848 6
2440 4793 2529 4847 διά
2569 4793 2678 4846 τῶν
2708 4792 3059 4865 γραμμάτων
3097 4794 3214 4851 νῦν.
3252 4797 3315 4850 Εί
3357 4797 3414 4852 δέ
3465 4800 3500 4870 ή

1905 4890 2168 4961 μέλλησις
2218 4905 2278 4942 σε
2311 4886 2488 4953 λυπεῖ,
2519 4889 2774 4961 ἐννόησον
2805 4890 2888 4943 ὃτι
2912 4886 3034 4942 ούδέ
3081 4891 3222 4962 αῦτη
3264 4893 3501 4966 ἀκερδής

1903 5003 1986 5039 σοι
2007 4985 2238 5054 γίνεται,
2269 4985 2409 5040 ἀλλά
2450 4985 2618 5038 πολὺν
2648 4984 2785 5038 οίσει
2825 5002 2906 5040 σοι
2945 4986 3037 5040 τὸν
3082 4987 3274 5058 μισθὸν
3309 5006 3504 5060 καρτε⁸

1905 5079 2096 5153 ρούση,
2125 5081 2221 5134 καὶ
2253 5080 2421 5152 μηδὲν
2460 5080 2770 5153 ἐκφερούσῃ
2807 5081 3008 5152 πικρὸν
3035 5082 3211 5153 ρῆμα,
3234 5083 3372 5136 6116
3403 5085 3498 5137 καὶ

1901 5177 2042 5248 ὑπὲρ
2073 5175 2280 5230 τούτων
2327 5176 2422 5230 τὸν
2478 5175 2610 5229 Θεὸν
2655 5175 2985 5248 δοξαζούσῃ,
3017 5176 3045 5230 δ
3079 5176 3266 5249 δήκαὶ
3315 5179 3500 5233 διατε-

1900 5273 2068 5328 λοῦσα
2105 5276 2309 5337 ποιεῖς’
2357 5273 2478 5326 ούδέ
2501 5273 2610 5343 γὰρ
2641 5274 2836 5344 μικρὸς
2858 5267 3014 5338 οὗτος
3033 5269 3216 5340 ἆθλος,
3238 5276 3372 5330 ἀλλά
3406 5280 3499 5334 καὶ

1903 5370 2108 5440 σφόδρα
2131 5369 2388 5440 νεανικῆς
2413 5368 2662 5439 δεόμενος
2706 5369 2907 5439 ψυχῆς,
2940 5371 3355 5440 καὶ-φιλοσόφου
3381 5374 3500 5428 δια-

1900 5469 2069 5530 νοίας,
2102 5466 2244 5520 ὥστε
2276 5466 2651 5535 ἀγαπωμένης
2690 5465 2867 5549 ψυχῆς
2903 5466 3147 5534 ἐνεγκεῖν
3195 5471 3494 5542 χωρισμόν.

1902 5564 1998 5626 Τίς
2029 5561 2201 5616 ταῦτά
2223 5577 2423 5632 φησινς
2454 5561 2522 5614 Et
2558 5578 2642 5624 τις
2674 5559 2781 5614 οἶδε
2810 5561 2986 5630 φιλεῖν
3013 5563 3283 5634 γνησίως,
3334 5567 3390 5620 εί
3410 5585 3498 5633 τις

1901 5659 2192 5713 ἐπίσταται
2225 5657 2458 5727 δύναμιν
2491 5657 2733 5728 ἀγάπης,
2785 5653 2922 5710 οἶδεν
2955 5657 2984 5710 6
3025 5657 3189 5728 λέγω.
3239 5661 3378 5716 Ἀλλ’
3409 5663 3497 5719 ινα

1964 5862 1986 5921 ς
2014 5859 2138 5908 Tres
2160 5872 2273 5907 mss.
2299 5861 2503 5916 ἀνόνητα
2521 5859 2706 5908 λοιπόν.
2732 5859 2863 5912 Εάίιί
2889 5861 3115 5921 ἀνόνητον

1963 5920 1989 5958 ά
2013 5921 2122 5971 Duo
2145 5935 2260 5971 mss.
2285 5923 2349 5978 εἰς
2373 5922 2429 5971 σὶ
2452 5921 2776 5984 διεπράξαντο.
