4142 6544
234 453 334 508 ηιῖο

233 585 327 623 eus
353 569 438 638 qui
470 567 683 623 sincera
715 567 937 623 caritate
969 566 1172 639 prazditi
1203 568 1310 622 sint
1331 607 1345 633 ,
1379 575 1677 638 quaerentes
1704 568 1820 634 (et.

235 660 376 711 enim
409 673 529 711 rara
563 659 680 712 lucc
710 658 877 712 virtus
903 657 1030 726 est),
1054 659 1121 712 ad
1144 657 1355 712 beatum
1387 657 1606 712 Paulum
1637 671 1821 711 curra-

236 764 393 802 mus:
431 757 592 818 atque
625 750 751 815 ille,
780 759 1033 818 quantum
1076 748 1176 802 hoc
1208 758 1477 803 certamen
1518 750 1619 813 sit,
1651 763 1823 818 quau—

239 851 460 908 tumque
506 842 744 895 animum
787 841 1059 909 requirat,
1093 841 1244 895 nobis
1269 840 1637 911 exponet.Hic
1681 841 1824 894 enim

239 933 460 996 Paulus,
483 930 573 999 qui
599 946 816 986 carnem
860 941 1107 996 exuerat,
1141 939 1195 985 et
1221 947 1412 1001 corpus
1438 931 1732 999 abjeccrat,
1762 945 1824 983 ac

238 1024 385 1078 nuda
417 1022 806 1095 propemodum
836 1022 1011 1076 anima
1058 1032 1316 1077 terrarum
1345 1023 1528 1077 orbem
1577 1036 1826 1091 peragra-

239 1115 336 1168 bat
356 1153 373 1180 ,
405 1124 460 1168 et
487 1113 754 1168 turbidum
785 1128 999 1169 omnem
1025 1123 1223 1166 motum
1255 1129 1323 1166 ex
1352 1113 1528 1165 animo
1559 1112 1789 1180 eiecerat
1808 1151 1822 1175 ,

231 1217 405 1276 atque
427 1205 685 1260 virtutum
719 1206 1147 1274 incorporearum
1178 1206 1608 1273 tranquillitatem
1657 1204 1828 1257 imita-

236 1297 428 1363 batur,
459 1306 763 1366 terramque
804 1311 907 1350 n0n
950 1311 1105 1362 secus
1133 1311 1196 1351 ac
1236 1298 1422 1351 caelum
1453 1295 1746 1360 incolebat,
1775 1305 1828 1349 ct

234 1405 367 1443 cum
400 1389 687 1444 Cherubin)
718 1403 926 1443 sursum
956 1389 1150 1451 stabat,
1170 1389 1515 1458 mysticchue
1543 1387 1682 1440 illius
1714 1402 1829 1439 mu-

240 1481 378 1534 sica:
434 1493 534 1532 una
585 1495 706 1532 cum
754 1479 880 1548 ipsis
929 1479 1194 1548 particeps
1251 1488 1400 1543 erat,
1456 1477 1558 1531 alia
1615 1476 1829 1546 quidem

234 1571 426 1626 omnia
456 1569 676 1639 perinde
704 1579 862 1640 atque
901 1570 952 1623 in
997 1571 1172 1624 alieno
1222 1583 1446 1638 corpore
1487 1569 1830 1638 perpetiens,

237 1664 438 1719 leviter
462 1663 697 1727 ferebat,
739 1677 1006 1716 carcerem
1053 1661 1323 1726 nimirum,
1353 1660 1584 1724 vincula,
1611 1659 1829 1725 exsilia,

237 1759 434 1826 ﬂagra.
458 1758 647 1818 minas,
685 1765 930 1818 mortem,
966 1753 1358 1821 lapidationem,
1380 1752 1826 1816 submersionem,

235 1865 309 1903 ac
341 1848 572 1918 denique
599 1847 821 1916 quodvis
848 1847 1092 1916 supplicii
1127 1861 1312 1915 genus.
1348 1849 1414 1900 At
1463 1845 1601 1900 idem
1631 1845 1697 1900 ab
1726 1860 1832 1898 uno

239 1942 467 1996 homine
512 1957 542 1995 a
588 1957 647 1995 se
699 1941 897 1995 dilecto
941 1950 1207 2004 semotus,
1239 1949 1382 1993 tanta
1431 1938 1831 2007 perturbatione

239 2035 474 2091 aﬂ'ectus
503 2046 606 2100 est,
637 2045 693 2087 ut
717 2035 891 2088 statim
923 2034 1081 2088 etiam
1112 2048 1174 2087 ex
1197 2048 1260 2086 ea
1288 2034 1419 2087 urbe
1439 2033 1742 2094 excederet,
1775 2033 1829 2085 in

234 2143 352 2198 qua
380 2128 630 2192 amicum,
662 2141 817 2195 quem
844 2141 901 2180 se
927 2126 1160 2179 visurum
1192 2125 1459 2194 sperabat,
1495 2125 1711 2176 minime
1744 2123 1828 2175 in-

237 2229 491 2274 venerat.
530 2219 696 2287 llujus
740 2219 816 2272 rei
851 2219 947 2286 ipsi
977 2217 1143 2270 Troas
1168 2216 1378 2270 conscia
1409 2225 1522 2278 est,
1555 2229 1672 2280 quae
1712 2213 1829 2265 ideo

238 2313 318 2366 ab
347 2329 412 2367 eo
441 2313 625 2366 relicta
655 2321 756 2376 est,
783 2310 922 2378 quod
971 2319 1080 2362 tum
1111 2325 1232 2361 eum
1276 2309 1374 2376 ipsi
1405 2308 1687 2360 ostendere
1731 2305 1829 2358 mi-

240 2407 395 2458 nimc
424 2403 705 2472 potuisset.
739 2402 865 2454 Cum
895 2401 1034 2452 enim
1063 2399 1303 2451 venissem
1337 2396 1606 2460 Troadem,
1637 2395 1826 2465 inquit,

241 2505 456 2566 prapter
508 2494 816 2563 evangelium
867 2491 1076 2556 Christi,
1109 2500 1154 2542 et
1203 2490 1385 2542 ostium
1435 2488 1557 2540 mihi
1603 2499 1832 2557 apertum

239 2595 376 2639 esset
404 2587 454 2637 in
477 2583 696 2638 Domino
719 2623 734 2647 ,
765 2600 863 2635 non
914 2583 1064 2634 habiti
1110 2582 1323 2650 requiem
1369 2580 1568 2649 spiritui
1615 2596 1742 2642 meo,
1774 2595 1831 2632 co

240 2676 384 2746 quod
410 2691 510 2728 non
540 2674 807 2727 invenerim
840 2672 1004 2725 Titum
1047 2672 1249 2740 fratrem
1279 2687 1474 2732 meum;
1503 2671 1589 2722 sed
1634 2671 1825 2722 valedi-

241 2784 364 2820 cens
393 2769 463 2819 eis
485 2808 499 2830 ,
532 2769 786 2835 profectus
813 2781 922 2816 sum
966 2764 1014 2815 in
1049 2762 1397 2817 Macedoniam
1426 2761 1499 2831 (Ξ.
1519 2762 1636 2814 Cor.
1656 2762 1708 2814 2.
1741 2760 1825 2814 1‘2.

245 2861 364 2926 13).
390 2859 526 2926 Quid
548 2860 649 2922 ais,
683 2857 886 2911 Paule?
930 2855 1093 2924 Ligno
1138 2855 1412 2923 alligatus,
1445 2864 1600 2920 atque
1629 2854 1679 2906 in
1712 2853 1829 2905 vini-

241 2952 368 3006 cuia
416 2951 708 3020 conjectus.
741 2964 803 3002 ac
833 2949 1096 3018 virgurutlt
1143 2956 1295 3001 notas
1346 2956 1493 3014 tergo
1546 2930 1831 3014 impressas

244 3045 488 3108 habens,
511 3052 564 3097 et
606 3057 796 3096 cruore
820 3040 1066 3094 difllucns
1093 3081 1106 3104 ,
1144 3040 1311 3092 Sacris
1365 3039 1609 3092 initiabas
1639 3045 1696 3090 et
1738 3036 1830 3089 ba-

245 3135 524 3207 ptizabas,
581 3144 636 3189 ct
704 3134 1019 3189 sacrificium
1092 3132 1388 3197 olfercbas,
1451 3146 1549 3185 nec
1615 3130 1830 3184 unicum

243 3230 412 3283 etiam
447 3228 751 3292 hominem,
780 3227 868 3296 qui
896 3228 1122 3280 salutem
1152 3234 1468 3294 accepturus
1492 3234 1667 3289 esset,
1703 3239 1831 3277 con-

247 3322 528 3376 temnebas
559 3338 572 3372 :
597 3320 855 3374 Troadem
883 3327 1059 3372 autem
1091 3317 1378 3386 prolectus,
1406 3331 1466 3370 ac
1489 3325 1830 3385 repurgatum

244 3429 438 3468 arvum
496 3423 893 3480 sementemque
935 3409 1180 3478 excipere
1224 3417 1485 3478 paratum,
1517 3416 1570 3460 et
1616 3407 1830 3475 plenam

247 3521 459 3570 aream,
490 3513 784 3571 cunctaque
839 3502 930 3555 tibi
989 3515 1152 3569 prona
1178 3510 1232 3554 et
1284 3499 1455 3552 facilia
1507 3499 1829 3566 praebentem

251 3598 620 3667 conspiciens,
648 3605 848 3649 tantum
879 3593 945 3648 de
975 3592 1218 3647 manibus
1264 3592 1464 3645 lucrum
1511 3591 1715 3659 ejecistt
1737 3629 1750 3653 ,
1777 3599 1833 3644 ut

248 3690 498 3760 quamvis
527 3690 687 3741 etiam
717 3687 786 3741 ob
826 3701 943 3741 eam
993 3699 1206 3739 causam
1243 3685 1368 3738 illuc
1413 3696 1464 3737 te
1514 3683 1831 3737 contulisses

250 3781 406 3853 (Cum
434 3781 576 3835 enim
607 3779 844 3832 venissem
874 3777 1140 3840 Troadem,
1172 3776 1376 3845 inquit,
1408 3774 1475 3826 ad
1501 3775 1828 3843 evangelium,

247 3876 356 3928 hoc
387 3883 470 3928 est
499 3870 787 3940 evangelici
815 3869 1008 3940 negotii
1039 3867 1242 3935 causa),
1271 3881 1368 3921 nec
1412 3867 1688 3936 quisquam
1735 3864 1828 3918 tibi

246 3966 539 4020 obsisteret
564 3963 654 4034 (Et
680 3962 879 4022 ostium.
907 3961 1110 4029 inquit,
1134 3959 1255 4011 mihi
1289 3968 1516 4027 apertum
1544 3955 1710 4026 esset),
1738 3971 1831 4023 pe-

247 4056 376 4110 dem
410 4065 585 4109 tamen
615 4053 793 4107 statim
824 4050 1093 4106 referres?
1120 4049 1192 4102 lla
1224 4063 1372 4110 sane.
1404 4048 1569 4116 inquit
1599 4065 1611 4101 :
1641 4061 1830 4116 magna

248 4149 396 4204 enim
427 4161 515 4202 me
541 4146 787 4202 mteroris
817 4144 1055 4215 tyrannis
1080 4143 1305 4206 invasit,
1338 4141 1548 4210 Titiquc
1593 4139 1831 4194 absentia

249 4255 434 4297 meum
457 4239 692 4292 animum
719 4237 1063 4290 vehementer
1088 4232 1442 4297 conturbavit,
1462 4242 1619 4299 atque
1647 4231 1717 4284 ita
1745 4244 1832 4284 me

249 4333 413 4403 fregit
438 4346 501 4385 ac
529 4330 826 4399 superavit,
858 4338 915 4381 ut
943 4341 971 4379 a
995 4341 1079 4380 mc
1099 4367 1114 4391 ,
1148 4325 1247 4380 hoc
1274 4333 1329 4378 ut
1357 4325 1582 4378 facerem
1608 4365 1621 4385 ,
1652 4334 1830 4376 extor-

249 4429 408 4483 serit.
436 4425 568 4480 Nam
599 4424 738 4494 quod
767 4423 840 4476 illi
865 4430 1081 4492 prepter
1105 4434 1390 4475 maerorem
1433 4421 1530 4473 hoc
1557 4417 1828 4482 acciderit,

251 4521 388 4577 nihil
418 4519 573 4574 nobis
615 4515 934 4586 c’onjecturis
971 4529 1104 4583 opus
1147 4522 1246 4575 est,
1276 4528 1456 4568 verum
1505 4513 1572 4565 ab
1608 4512 1833 4580 ipsomet

251 4616 361 4669 hoc
409 4611 676 4681 conjicere
727 4620 884 4678 atque
912 4606 1255 4674 ‘intelligere
1296 4605 1570 4659 debemus.
1624 4604 1831 4657 Etenim

250 4705 529 4758 discessus
556 4701 636 4754 sui
677 4712 890 4754 causam
935 4695 1018 4750 his
1059 4695 1234 4750 verbis
1281 4695 1565 4763 exposuit:
1597 4692 1834 4746 Nonha-

251 4797 341 4852 bui
368 4796 587 4864 requiem
611 4791 810 4862 spiritui
830 4807 938 4844 meo
957 4831 971 4856 ,
990 4806 1046 4843 eo
1062 4787 1194 4858 quod
1219 4804 1318 4841 non
1343 4786 1610 4840 invenerim
1644 4784 1832 4849 Titum;

249 4889 343 4943 sed
371 4886 651 4939 valedicens
679 4883 748 4936 eis
767 4921 782 4947 ,
810 4897 1038 4950 egressus
1064 4896 1192 4934 sum.

327 4977 419 5033 12.
472 4977 698 5031 Videsne
713 4982 965 5044 quantum
983 4981 1249 5028 certamen
1268 4972 1514 5037 sit,amici
1533 4971 1827 5041 digressum

250 5083 416 5140 aquo
465 5082 525 5121 ac
563 5065 773 5136 placido
817 5063 994 5118 animo
1043 5062 1206 5128 ferre,
1263 5077 1524 5131 quamque
1560 5063 1733 5132 gravis
1782 5071 1835 5115 et

248 5159 452 5217 acerba
482 5159 595 5212 haec
625 5172 711 5212 res
739 5155 808 5211 sit
826 5197 840 5218 .
866 5170 1132 5225 quamque
1166 5155 1442 5210 sublimem
1473 5169 1535 5208 ac
1559 5164 1832 5208 strenuum

247 5253 498 5309 animum
526 5247 832 5304 desideret?
859 5247 970 5301 lloc
1003 5260 1161 5315 porro
1207 5255 1472 5300 certamen
1519 5253 1572 5298 tu
1624 5259 1834 5314 quoque

251 5354 406 5400 nunc
431 5342 564 5396 obis.
607 5343 673 5393 At
717 5353 822 5408 quo
844 5338 1013 5405 majus
1040 5339 1139 5390 hoc
1161 5345 1429 5390 certamen
1455 5344 1553 5399 est,
1580 5351 1645 5390 eo
1674 5335 1832 5389 etiam

248 5448 459 5492 corona
515 5431 849 5503 pmstanlior
900 5429 1028 5493 erit,
1087 5429 1403 5498 praimiaque
1454 5428 1830 5498 splendidiora.

249 5527 441 5598 Quare
465 5526 564 5582 hoc
588 5525 680 5579 tibi
703 5523 959 5578 tarditatis
983 5523 1050 5578 sit
1070 5523 1342 5587 solatium;
1367 5523 1596 5592 illudque
1618 5532 1833 5593 prater-

252 5638 349 5684 τε,
390 5616 535 5690 quod
590 5612 972 5670 mercedehiuc
1030 5623 1274 5667 manante
1330 5613 1598 5681 refertam,
1634 5629 1832 5670 corona

250 5732 272 5769 ι
286 5708 582 5769 edimitam,
609 5705 1052 5776 amplissimisque
1078 5705 1318 5761 laudibus
1345 5705 1585 5762 all‘ectam
1605 5717 1654 5762 te
1670 5707 1830 5762 visuri

249 5802 444 5860 simus.
485 5797 670 5867 Neque
721 5797 862 5851 enim
908 5796 940 5849 ii
989 5796 1078 5864 qui
1109 5807 1305 5860 amant,
1334 5811 1399 5851 eo
1444 5797 1559 5851 solo
1595 5799 1829 5854 contenti

322 5915 348 5948 ι’
378 5922 428 5963 tn
451 5913 608 5964 tribus
623 5919 724 5960 uss.
748 5909 925 5960 desunt
950 5895 1116 5970 verba,
1142 5911 1376 5974 σαώσετε
1397 5918 1555 5973 atque.

566 5995 835 6060 Ps'rnot.
870 5995 987 6056 tiu.
1033 5998 1154 6057 Lll.

1688 448 2056 506 El‘lSTOL.‘E.

3397 482 3499 536 5'70

1926 579 2068 634 sunt,
2098 573 2237 640 quod
2264 575 2558 632 animorum
2584 579 2803 636 vinculis
2823 584 2956 638 inter
2976 599 3032 641 se
3049 592 3499 657 constringantur.

1929 674 2099 729 neque
2151 663 2251 717 hoc
2277 664 2341 717 ad
2373 671 2788 726 consolationem
2818 675 2916 727 sibi
2963 680 3089 729 satis
3126 694 3244 732 esse
3284 685 3501 745 ducunt,

1929 766 2106 806 verum
2134 756 2292 808 etiam
2319 760 2560 826 corporis
2605 766 2937 830 prmsentiam
2984 771 3256 838 requirunt
3285 789 3296 823 :
3327 789 3427 842 qua
3458 777 3505 830 si

1927 855 2158 908 careant,
2209 847 2344 901 haud
2400 852 2586 921 exigua
2639 855 2924 926 voluptatis
2978 875 3100 929 pars
3152 865 3353 920 succisa
3401 879 3504 922 est.

1929 934 2100 1001 Atque
2135 935 2234 990 hoc
2264 953 2492 1005 rursum,
2521 943 2566 996 si
2595 944 2661 997 ad
2690 949 2924 1002 caritatis
2950 951 3220 1007 alumnum
3254 970 3351 1010 nos
3377 972 3507 1011 con-

1931 1025 2222 1092 tulerimus,
2272 1031 2342 1082 ita
2381 1047 2440 1086 se
2466 1032 2660 1090 habere
2686 1042 3098 1108 comperiemus.
3140 1045 3194 1098 In
3244 1062 3304 1100 ea
3363 1049 3506 1102 enim

1932 1115 2182 1185 Epistula,
2225 1136 2382 1188 quam
2427 1124 2491 1178 ad
2531 1126 2845 1184 Macedonas
2893 1134 3172 1197 scribebat,
3204 1136 3285 1190 his
3331 1139 3510 1193 verbis

1931 1209 2173 1263 utebatur
2208 1229 2218 1262 :
2255 1210 2363 1266 Nos
2390 1225 2575 1279 autent,
2599 1221 2800 1286 fratres,
2826 1223 2983 1275 orbati
3009 1241 3040 1274 α
3067 1227 3200 1280 vobis
3224 1229 3289 1281 ad
3315 1239 3509 1297 tempus

1931 1299 2086 1364 horta,
2141 1314 2362 1369 aspectu,
2414 1322 2512 1358 non
2551 1311 2736 1375 corde,
2784 1311 3119 1368 abundantius
3169 1318 3509 1384 festinavimus

1931 1391 2110 1457 {aciem
2138 1405 2350 1446 vestram
2389 1397 2556 1451 videre
2581 1415 2597 1451 :
2627 1415 2716 1468 ego
2771 1403 2972 1469 quidem
3033 1405 3224 1461 Paulus
3271 1412 3420 1463 semel
3462 1422 3510 1463 et

1930 1480 2108 1533 iterum
2143 1498 2160 1535 :
2189 1484 2277 1537 sed
2305 1485 2560 1553 impedivit
2606 1505 2695 1543 nos
2727 1502 2950 1546 satanas.
3004 1493 3223 1565 Propter
3247 1501 3381 1568 quod
3409 1517 3511 1553 non

1930 1575 2226 1629 sustinentes
2267 1578 2505 1646 amplius,
2561 1581 2748 1649 placuit
2789 1585 2928 1638 nobis
2972 1602 3227 1642 remanere
3269 1591 3508 1655 Athenis,

1930 1665 2050 1717 solis
2077 1681 2094 1717 :
2120 1676 2164 1718 et
2194 1667 2415 1720 misimus
2447 1667 2762 1725 Timotheum
2796 1675 2870 1742 (1.
2898 1674 3070 1729 Thess.
3092 1678 3144 1731 2.
3171 1680 3255 1733 17.
3279 1681 3362 1735 18.
3386 1691 3431 1734 et
3459 1700 3510 1736 ε.

1933 1754 1984 1806 ’5.
2019 1771 2062 1805 υ.
2097 1757 2145 1808 1.
2169 1757 2246 1824 2).
2282 1757 2326 1811 Ο
2353 1770 2546 1827 quanta
2571 1763 2621 1813 in
2648 1764 2868 1833 singulis
2889 1766 3207 1822 dictionibus
3234 1771 3310 1824 vis
3339 1772 3506 1826 inest!

1933 1847 2126 1900 etenim
2159 1850 2422 1904 conditam
2458 1853 2506 1906 in
2556 1854 2719 1921 ipsius
2755 1858 2930 1910 animo
2959 1860 3195 1914 caritatis
3247 1861 3510 1920 ﬂammam

1933 1955 2120 2008 magna
2175 1957 2293 1995 cum
2336 1946 2713 2015 perspicuitate
2761 1949 3176 2005 demonstrabat.
3220 1952 3336 2007 Non
3370 1957 3511 2009 enim

1931 2033 2081 2095 dixit,
2112 2035 2346 2102 Sejuncti
2387 2052 2417 2088 a
2449 2039 2615 2102 vobis,
2647 2051 2736 2092 aut
2769 2041 3055 2105 abstracti,
3100 2054 3190 2096 aut
3232 2044 3510 2110 distantes,

1930 2134 2020 2178 aut
2045 2125 2328 2190 absentes;
2358 2143 2539 2182 verum
2562 2171 2575 2193 ,
2614 2130 2791 2183 Urbati
2816 2147 2846 2182 a
2872 2131 3025 2185 vobis.
3073 2133 3389 2190 Vocabulum
3433 2137 3513 2191 in-

1934 2216 2207 2282 vestigavit
2232 2217 2374 2284 quod
2398 2219 2718 2273 declarando
2743 2223 2903 2274 animi
2927 2225 3005 2276 sui
3030 2223 3197 2278 dolori
3222 2241 3316 2294 par
3347 2239 3507 2282 esset.

1932 2307 2061 2360 Nam
2097 2323 2214 2361 cum
2245 2309 2358 2376 ipse
2382 2312 2612 2379 parentis
2649 2313 2765 2366 loco
2792 2317 2994 2370 eunetis
3021 2329 3183 2382 esset,
3217 2328 3390 2375 tamen
3417 2337 3514 2389 pu-

1934 2400 2180 2469 pillorum
2208 2417 2492 2469 puerorum
2511 2443 2524 2468 ,
2556 2406 2642 2473 qui
2667 2405 2942 2461 immatura
2969 2418 3124 2464 aetate
3148 2421 3350 2479 patrem
3380 2415 3514 2467 mni.

1932 2493 2119 2556 seriut,
2149 2493 2323 2551 verbis
2354 2493 2516 2546 utitur
2545 2512 2556 2550 :
2587 2511 2692 2566 quo
2717 2497 2957 2552 videlicet
2981 2500 3298 2569 singularem
3323 2518 3511 2572 quam-

1932 2581 2052 2635 dam
2083 2583 2241 2636 animi
2271 2584 2574 2638 intestinam
2608 2587 2869 2640 ostendat.
2912 2588 3091 2657 Neque
3115 2592 3254 2645 enim
3285 2607 3512 2660 pnema-

1935 2683 2046 2727 tura
2077 2675 2306 2729 orbitate
2351 2677 2636 2746 quidquam
2686 2681 2928 2733 acerbius
2981 2683 3269 2750 excogitari
3319 2693 3508 2753 potest,

1932 2781 2051 2820 cum
2075 2782 2171 2820 nec
2192 2778 2320 2822 aetas
2347 2769 2410 2821 ad
2443 2769 2738 2824 reubullam
2765 2771 3006 2825 idoneam
3033 2774 3157 2840 ipsis
3182 2788 3335 2842 opem
3351 2776 3511 2830 affer-

1934 2875 1989 2912 re
2023 2869 2211 2928 potest,
2244 2876 2343 2915 nec
2371 2862 2459 2931 qui
2491 2879 2675 2916 eorum
2706 2879 2884 2916 curam
2909 2881 2976 2918 ac
3003 2865 3366 2921 defensionem
3398 2871 3509 2922 sin-

1933 2965 2057 3002 cero
2096 2951 2273 3004 animo
2309 2951 2632 3020 suscipiant,
2669 2964 2859 3020 praesto
2887 2966 3028 3021 sunt,
3059 2965 3114 3010 et
3143 2959 3292 3012 multi
3335 2960 3512 3014 subito

1932 3043 2220 3109 exsistunt,
2253 3059 2283 3097 a
2313 3043 2504 3112 quibus
2527 3045 2731 3099 insidia:
2763 3046 2891 3115 ipsis
2933 3058 3310 3118 comparantur
3340 3068 3353 3104 :
3388 3068 3511 3106 nam

1934 3142 2042 3187 tum
2069 3134 2213 3188 velut
2238 3136 2360 3206 agni
2391 3137 2524 3205 lupis
2544 3136 2594 3190 in
2615 3137 2843 3192 medium
2866 3151 3248 3208 proponuntur,
3270 3157 3301 3196 a
3321 3142 3512 3211 quibus

1930 3228 2072 3281 omni
2095 3243 2158 3282 ex
2191 3237 2340 3296 parte
2367 3227 2641 3282 caeduntur
2668 3238 2722 3283 et
2760 3229 3077 3285 lacerantur.
3118 3231 3284 3286 Nemo
3311 3242 3394 3288 est
3417 3236 3510 3303 qui

1931 3319 2246 3372 calamitatis
2271 3319 2426 3388 hujus
2457 3319 2870 3388 magnitudinem
2901 3322 3006 3376 ulla
3050 3323 3294 3378 oratione
3320 3339 3511 3380 conse-

1931 3412 2016 3480 qui
2038 3412 2221 3481 possit.
2263 3410 2519 3477 Quocirca
2545 3411 2759 3477 Paulus,
2784 3426 2904 3468 cum
2951 3415 3000 3467 in
3031 3429 3216 3470 omnes
3247 3426 3421 3486 partes
3449 3432 3512 3474 se

1934 3512 2216 3566 versasset,
2269 3511 2427 3571 atque
2469 3503 2729 3570 ejusmodi
2767 3520 2978 3569 vocem,
3010 3519 3113 3574 qua
3169 3506 3509 3576 solitudinem

1932 3594 2282 3663 acerbamque
2333 3596 2686 3650 calamitatem
2731 3596 2986 3651 indicaret
3010 3636 3025 3661 ,
3059 3596 3419 3664 quaesivisset,
3453 3607 3512 3650 ut

1932 3703 2036 3756 quo
2063 3687 2240 3740 animo
2267 3697 2426 3751 esset,
2457 3702 2576 3741 cum
2603 3689 2670 3740 ab
2698 3687 2760 3740 iis
2788 3702 2923 3756 quos
2952 3688 3161 3742 amabat
3186 3687 3512 3742 distrahere-

1934 3788 2039 3845 tur,
2067 3779 2276 3846 planum
2307 3778 2523 3841 faceret,
2557 3777 2655 3833 hac
2683 3778 2911 3833 dictione
2939 3792 3064 3832 usus
3093 3786 3174 3832 est
3203 3795 3216 3830 :
3245 3787 3299 3832 et
3317 3778 3510 3832 deinde

1934 3886 2026 3938 per
2073 3885 2134 3923 ea
2187 3885 2306 3937 quae
2362 3881 2654 3938 sequuntur
2704 3868 2841 3924 hanc
2885 3883 3095 3923 rursum
3149 3870 3504 3939 exaggeravit.

1936 3959 2111 4015 Orbati
2138 3961 2278 4016 enim
2300 4002 2314 4026 ,
2341 3961 2542 4030 inquit,
2570 3976 2676 4014 non
2706 3960 2770 4014 ad
2798 3961 3103 4015 diuturnum
3134 3961 3344 4031 aliquod
3373 3971 3509 4016 tetn~

1935 4053 2078 4120 poris
2108 4053 2357 4120 Spatium,
2380 4052 2473 4106 sed
2499 4051 2578 4103 Ad
2605 4062 2800 4120 tempus
2827 4051 2964 4104 horw
2987 4053 3061 4119 (l.
3099 4051 3266 4106 Thess.
3299 4052 3354 4105 2.
3387 4052 3504 4123 l7):

1933 4159 1994 4198 ac
2017 4160 2120 4198 non
2147 4143 2345 4208 animo,
2375 4143 2468 4197 sed
2498 4142 2653 4196 Facie
2677 4144 2788 4196 sola
2807 4143 3053 4212 disjuncti
3069 4185 3086 4209 ,
3111 4158 3177 4198 ne
3203 4145 3279 4198 sic
3295 4143 3507 4212 quidem

1935 4244 2108 4290 tamen
2137 4235 2376 4289 dolorem
2423 4249 2544 4289 eum
2571 4275 2586 4300 ,
2621 4249 2777 4304 quem
2825 4235 2944 4287 hinc
2981 4234 3336 4305 concipimus,
3368 4233 3509 4288 ferre

1934 4341 2247 4395 possumus;
2291 4326 2533 4394 quamvis
2562 4340 2624 4379 ea
2666 4323 2819 4378 nobis
2841 4325 2970 4377 satis
2993 4323 3168 4393 ampla
3216 4323 3509 4379 consolatio

1932 4419 2021 4483 sit,
2050 4417 2187 4487 quod
2216 4416 2377 4470 animi
2404 4419 2566 4470 nostri
2593 4417 2730 4469 inter
2753 4430 2812 4469 se
2840 4415 3068 4470 devincti
3095 4415 3201 4470 siut
3224 4455 3247 4481 ,.
3265 4416 3510 4485 quodque

1933 4525 2027 4564 vos
2056 4510 2109 4563 in
2147 4509 2309 4563 corde
2354 4518 2534 4562 nostro
2571 4507 2814 4562 conditos
2843 4507 3151 4572 habeamus,
3174 4522 3236 4560 ac
3280 4506 3508 4577 denique

1935 4602 2084 4665 illud,
2109 4602 2251 4671 quod
2306 4600 2420 4654 heri
2444 4609 2497 4654 et
2539 4599 2919 4655 nudiustertius
2947 4613 3042 4654 vos
3061 4599 3347 4654 viderimus
3376 4620 3388 4655 :
3423 4610 3507 4653 ta-

1935 4712 2055 4750 men
2081 4695 2212 4749 nihil
2238 4709 2423 4747 eorum
2465 4707 2694 4747 maerore
2724 4705 2820 4746 nos
2849 4691 3057 4745 liberat.
3089 4691 3224 4758 Quid
3254 4705 3380 4760 ergo
3403 4695 3505 4758 vis,

1935 4788 2021 4842 die
2068 4785 2284 4857 quaeso?
2314 4784 2438 4853 quid
2465 4783 2689 4852 expetis,
2713 4783 2820 4838 imo
2847 4792 2951 4836 tam
2979 4783 3320 4838 vehementer
3343 4799 3505 4854 expe-

1934 4883 2035 4935 tis?
2068 4882 2235 4948 lpsam
2263 4894 2445 4933 eorum
2478 4878 2665 4932 faciem
2687 4891 2927 4932 cernere.
2968 4875 3314 4930 Abundantius
3340 4878 3504 4939 enim,

1936 4974 2122 5042 inquit,
2154 4971 2494 5042 festinavimus
2519 4971 2700 5039 faciem
2727 4978 2940 5022 vestram
2958 4968 3123 5020 videre
3146 4967 3222 5038 (1.
3246 4966 3422 5022 Thess.
3451 4973 3504 5022 2.

1935 5067 2047 5134 17).
2079 5063 2212 5130 Quid
2239 5065 2317 5117 ais
2336 5103 2350 5126 ,
2381 5078 2414 5115 ο
2436 5077 2623 5130 magne
2655 5069 2812 5127 atque
2840 5058 3050 5114 excelse
3083 5057 3199 5112 vir?
3226 5057 3324 5125 Qui
3350 5073 3504 5111 mun-

1935 5163 2058 5214 dum
2103 5160 2154 5212 in
2187 5168 2238 5212 te
2288 5156 2596 5210 crucifixum
2646 5153 2830 5218 babes,
2877 5152 2989 5221 ipse
3037 5151 3266 5205 vicissim
3310 5151 3508 5205 mundo

1934 5251 2237 5315 cruciﬁxus,
2255 5248 2343 5319 qui
2364 5248 2431 5302 ab
2457 5246 2703 5300 omnibus
2735 5244 3035 5300 carnalibus
3063 5242 3220 5298 rebus
3249 5252 3300 5297 te
3327 5257 3504 5296 remu-

1934 5345 2077 5409 visti,
2105 5344 2194 5412 qui
2235 5355 2368 5410 pene
2406 5339 2644 5408 corporis
2691 5351 2883 5406 expers
2937 5335 3176 5399 ell'ectus,
3217 5335 3412 5390 siccine
3456 5346 3507 5388 te

1934 5439 2199 5504 captivmn
2243 5433 2439 5487 caritas
2484 5431 2673 5496 tenuit,
2705 5437 2762 5484 ut
2792 5428 2842 5482 in
2893 5428 3110 5493 luteam,
3145 5440 3207 5480 ac
3238 5433 3505 5479 terrenam

1933 5541 2092 5600 atque
2120 5530 2171 5582 in
2209 5540 2423 5582 sensum
2453 5524 2728 5578 cadentem
2769 5536 2980 5578 carnem
3035 5518 3342 5590 provolutus
3390 5517 3505 5570 sisi

1934 5624 2177 5681 Maxime.
2209 5619 2416 5689 inquit:
2445 5631 2543 5671 nec
2583 5617 2633 5670 id
2663 5615 2841 5671 dicere
2881 5628 2964 5668 me
2988 5610 3167 5682 pudet,
3198 5610 3302 5662 imo
3341 5609 3503 5661 etiam

1935 5734 2000 5775 eo
2051 5714 2263 5771 nomine
2309 5712 2550 5784 glorior:
2582 5724 2702 5765 nam
2751 5722 2870 5762 cum
2914 5706 3207 5766 caritatem,
3242 5702 3500 5755 bonorum

1934 5807 2167 5864 omnium
2196 5814 2452 5872 matrem,
2481 5803 2530 5857 in
2555 5816 2638 5855 me
2659 5806 2946 5854 scatentem
2995 5795 3236 5858 habeam,
3269 5793 3380 5845 hmo
3416 5804 3502 5845 re-

1937 5900 2106 5968 quiro.
2181 5896 2358 5966 Neque
2427 5893 2737 5964 simpliciter
2806 5900 3112 5958 corpoream
3166 5881 3500 5948 praesentiam

3087 5978 3160 6039 12
