4172 6516
698 442 795 498 δτι

696 557 916 626 expetit,
945 570 1127 611 verum
1155 570 1338 611 eorum
1362 558 1550 612 faciem
1578 558 1765 613 intueri
1785 559 1965 627 geStit.
1994 558 2266 612 Abundan-

696 648 793 701 tius
818 647 977 712 enim,
1004 647 1175 717 inqttit
1200 688 1214 712 ,
1248 648 1589 719 [minuimus
1619 650 1799 719 faciem
1826 659 2038 703 uestram
2078 649 2261 703 uidere.

694 736 1048 805 Conspectum
1090 736 1248 807 igitur
1291 739 1517 805 expetis,
1559 738 1692 793 heus
1732 748 1809 804 tn,
1836 739 2111 809 vultusque
2147 754 2267 808 spe-

694 827 869 883 ctandi
915 828 1198 898 cupiditate
1246 828 1474 899 flagres?
1521 829 1588 884 Et
1638 831 1853 901 quidem
1904 832 2264 915 vehementer,

696 920 867 988 inquit
895 935 910 972 :
942 920 1081 990 quod
1111 921 1218 976 illic
1241 936 1492 977 sensuum
1518 923 1863 977 instrumenta
1886 920 2107 978 collecta
2135 924 2267 979 sint.

694 1008 875 1063 Nudus
904 1010 1043 1064 enim
1070 1011 1279 1065 animus
1302 1025 1399 1080 per
1424 1025 1485 1067 se
1509 1026 1631 1067 cum
1656 1012 1824 1065 altero
1843 1012 2022 1067 animo
2046 1012 2269 1082 conjun-

690 1110 829 1165 ctus,
863 1114 960 1155 nec
988 1100 1185 1167 dicere,
1216 1116 1315 1157 nec
1339 1101 1523 1157 audire
1558 1101 1838 1171 quidquam
1868 1104 2064 1173 poterit
2103 1121 2115 1156 :
2143 1113 2197 1158 at
2223 1104 2267 1160 si

693 1191 820 1244 mihi
847 1206 1103 1260 corporea
1126 1193 1404 1262 przesentia
1429 1190 1529 1246 frui
1551 1193 1841 1262 contingat,
1860 1204 1914 1247 et
1932 1193 2131 1263 aliquid
2155 1195 2268 1262 ipse

691 1282 887 1346 dicam,
918 1289 972 1334 et
999 1281 1066 1335 ah
1087 1282 1149 1335 iis
1178 1296 1311 1349 quos
1326 1296 1447 1336 amo
1461 1282 1691 1337 vicissim
1717 1283 1947 1336 audiam.
1982 1283 2265 1353 Propterea

692 1371 879 1426 faciem
912 1381 1139 1427 vestram
1177 1373 1366 1429 intueri
1396 1389 1553 1441 aveo,
1587 1375 1639 1429 in
1676 1390 1780 1444 qua
1822 1375 1995 1445 lingua
2023 1385 2124 1439 est,
2148 1390 2267 1445 qua!

692 1477 875 1517 vocem
904 1464 1116 1527 emittit,
1136 1463 1405 1533 animique
1429 1478 1584 1519 sensa
1610 1464 1870 1530 enuntiat,
1901 1473 1955 1519 et
1974 1465 2120 1543 auris
2147 1480 2265 1533 qua:

695 1553 851 1607 verba
897 1555 1123 1623 excipit,
1148 1563 1202 1608 et
1225 1555 1363 1609 oculi
1387 1555 1476 1625 qui
1502 1556 1661 1609 animi
1694 1565 1867 1609 motus
1903 1556 2121 1625 pingant
2152 1565 2267 1610 :et-

690 1646 832 1697 enim
860 1645 1115 1699 adamatte
1140 1646 1331 1699 animae
1358 1650 1629 1701 consortio
1673 1646 1863 1700 melius
1892 1661 1987 1716 per
2031 1646 2120 1699 illa
2163 1645 2264 1699 frui

694 1736 835 1790 licet.

767 1829 855 1884 13.
895 1830 1067 1897 Atque
1094 1837 1151 1881 ut
1180 1828 1440 1900 intelligas
1467 1838 1718 1897 quantum
1745 1827 1904 1896 hujus
1946 1836 2265 1894 conspectus

694 1920 983 1988 cupiditate
1030 1919 1261 1985 ardeat,
1316 1931 1656 1989 posteaquam
1696 1920 1865 1984 dixit,
1916 1918 2265 1971 Abundantius

692 2010 1068 2077 festinantius,
1123 2013 1220 2066 hac
1267 2011 1499 2067 dictione
1549 2011 1766 2065 minime
1811 2020 2087 2065 contentus
2127 2008 2260 2075 fuit,

694 2116 875 2154 verum
903 2102 1191 2171 subjungit,
1215 2100 1281 2155 In
1307 2102 1464 2155 multo
1492 2102 1755 2156 desiderio.
1795 2104 1872 2156 Ac
1905 2118 2026 2157 mox
2056 2102 2264 2155 casteria

692 2206 812 2247 scre
855 2193 1146 2248 admiscere
1170 2209 1275 2247 non
1312 2196 1609 2257 sustinens,
1640 2211 1823 2249 verum
1872 2193 2158 2248 ostendens
2204 2208 2263 2246 se

692 2284 812 2338 aliis
852 2286 1025 2339 acrius
1068 2300 1267 2347 amare,
1300 2294 1579 2354 postquam
1626 2285 1711 2338 his
1760 2284 1933 2339 verbis
1979 2298 2107 2338 usus
2156 2293 2259 2348 est,

694 2375 1040 2428 Auunduntius
1070 2376 1409 2445 {adnavimus
1448 2391 1509 2428 ac
1536 2376 1811 2441 cupieinnts
1834 2375 2002 2428 uenire
2038 2374 2105 2426 ad
2154 2388 2260 2439 vos,

694 2482 723 2519 ll
752 2468 968 2536 reliquis
1001 2469 1233 2537 seipsqu
1261 2468 1591 2537 segregavit,
1620 2467 1899 2536 solumque
1928 2481 1987 2520 se
2025 2475 2264 2520 statuens

694 2558 848 2624 dixit,
873 2557 984 2629 Ego
1011 2561 1207 2627 quidem
1231 2558 1427 2613 Paulus
1448 2560 1600 2613 semel
1618 2569 1664 2613 et
1685 2559 1861 2611 iterum
1885 2575 1902 2611 :
1928 2558 2049 2612 hinc
2074 2556 2231 2611 videli
2247 2589 2261 2599 -

692 2660 778 2705 cet
805 2652 1093 2706 ostendens
1117 2667 1175 2706 se
1200 2653 1616 2716 vehementiore,
1645 2668 1800 2721 quant
1824 2650 1954 2706 alios
1977 2692 1991 2715 ,
2016 2648 2189 2703 studio
2211 2649 2261 2702 in

693 2741 745 2795 id
770 2742 1089 2796 incubuisse.
1121 2741 1334 2808 Postea,
1360 2742 1608 2812 quoniam
1636 2741 1686 2796 id
1708 2742 1927 2795 minime
1950 2750 2264 2808 asseqnutus

691 2842 790 2895 est,
818 2832 983 2887 literis
1004 2849 1107 2888 non
1137 2843 1448 2900 contentus,
1486 2835 1687 2888 socium
1709 2849 1864 2888 suum
1882 2833 2261 2901 Timotheum',

692 2923 781 2991 qui
807 2922 1076 2977 literarum
1114 2924 1281 2978 instar
1316 2924 1413 2994 ipsi
1436 2926 1644 2979 futurus
1671 2934 1845 2991 esset,
1875 2925 1939 2978 ad
1966 2934 2261 2979 extremum

692 3012 851 3065 mittit
872 3028 887 3075 ;
918 3023 1131 3082 propter
1150 3014 1288 3084 quod
1312 3014 1525 3084 adjecit,
1555 3014 1679 3069 Ideo
1699 3032 1798 3069 non
1816 3016 1951 3069 ultra
1970 3016 2265 3070 sustinentes

692 3100 770 3172 (l.
797 3101 967 3157 Thess.
1002 3103 1054 3158 ὅ.
1086 3103 1154 3172 l).
1184 3104 1228 3158 0
1248 3105 1492 3159 dictionis
1513 3106 1837 3161 nobilitatem
1863 3121 1926 3161 ac
1953 3108 2077 3169 vim,
2101 3107 2262 3176 ipsius

689 3195 983 3256 caritatem,
1009 3209 1126 3264 quae
1154 3195 1298 3249 nullo
1317 3195 1467 3251 freno
1495 3198 1725 3252 coerceri
1746 3211 1809 3252 ac
1830 3197 2040 3251 tolerari
2064 3208 2259 3266 posset,

690 3288 1233 3342 commonstrantem!
1267 3287 1332 3341 Et
1385 3288 1522 3342 sicut
1568 3302 1686 3342 cum
1743 3288 1861 3358 quis
1895 3288 2029 3358 ignis
2076 3288 2264 3343 ardore

691 3374 990 3443 deﬂagrans
1010 3417 1024 3440 ,
1052 3385 1209 3446 atque
1237 3376 1464 3432 incendii
1492 3377 1737 3450 solatium
1772 3378 1982 3449 aliquod
2025 3378 2265 3434 invenire

691 3466 930 3530 studens,
974 3467 1173 3521 nullum
1216 3484 1319 3522 non
1361 3469 1587 3539 lapidem
1627 3478 1847 3524 movet:
1880 3469 2066 3525 eodem
2105 3470 2265 3525 modo

695 3558 780 3612 Itic
803 3573 1033 3629 quoque.
1065 3574 1183 3613 cum
1214 3559 1602 3624 incenderetur,
1624 3559 2022 3631 przefocaretur,
2051 3559 2262 3615 inflam-

693 3658 943 3714 maretur,
970 3658 1123 3717 prout
1148 3649 1337 3703 licebat
1363 3659 1417 3706 et
1454 3650 1569 3705 fieri
1599 3660 1822 3719 poterat,
1848 3650 2262 3706 consolationem

689 3737 1023 3807 excogitavit.
1070 3736 1189 3792 Non
1213 3738 1353 3794 enim
1371 3741 1484 3810 jam
1524 3740 1817 3795 sustinentes
1839 3780 1857 3806 ,
1888 3740 2091 3809 inquit,
2118 3740 2263 3793 misi-

674 3842 803 3879 mus
828 3825 1141 3880 Timotheum
1159 3868 1175 3894 ,
1203 3830 1446 3899 euangelii
1470 3830 1751 3884 ministrum
1773 3871 1789 3896 ,
1829 3830 2016 3885 socium
2038 3839 2084 3884 et
2108 3830 2231 3900 adju
2246 3859 2263 3870 -

691 3926 847 3970 torem
872 3927 1095 3970 nostrum
1114 3956 1129 3981 ,
1160 3932 1221 3973 ac
1248 3919 1543 3974 membrum
1568 3919 1621 3973 in
1646 3918 1828 3990 primis
1854 3920 2209 3974 necessarium
2234 3934 2263 3973 a

689 4016 877 4063 nostro
913 4019 1055 4063 cestu
1083 4010 1399 4077 avellentes,
1428 4025 1491 4065 ac
1514 4026 1797 4066 mmrorem
1842 4026 2071 4067 maerore
2112 4026 2263 4067 com-

690 4107 973 4155 mutantes.
1014 4098 1141 4152 Nam
1192 4101 1332 4170 quod
1375 4116 1441 4157 ne
1491 4102 1654 4171 ipsius
1701 4102 1912 4172 quidem
1965 4103 2261 4158 absentiam

691 4190 842 4245 facile
881 4191 1078 4257 ferret,
1112 4206 1293 4244 verum
1339 4192 1573 4261 ipsorum
1602 4208 1760 4247 causa
1797 4195 1931 4247 hanc
1968 4195 2261 4249 molestiam

689 4284 999 4353 susciperet,
1028 4285 1132 4340 hoc
1165 4298 1373 4354 quoque
1413 4285 1584 4355 ipsum
1627 4286 1709 4340 his
1753 4287 1926 4341 verbis
1966 4287 2211 4341 indicavit
2244 4304 2257 4340 :

691 4369 894 4426 Placuit
918 4374 1055 4427 nobis
1083 4388 1284 4429 manere
1308 4374 1445 4427 solis.
1470 4377 1514 4429 Ο
1535 4376 1767 4429 animum
1794 4376 1845 4430 in
1871 4377 2034 4445 ipsam
2072 4378 2263 4431 carita-

688 4471 795 4516 tem
824 4474 1079 4519 mutatum
1104 4467 1117 4519 l
1146 4465 1432 4537 Postquam
1461 4468 1602 4521 enim
1631 4467 1699 4521 ab
1728 4483 1831 4522 uno
1868 4468 2028 4523 fratre
2055 4470 2258 4539 disjun-

689 4565 804 4609 ctus
823 4567 923 4625 est,
954 4558 1124 4613 solum
1146 4573 1203 4614 se
1223 4575 1341 4615 esse
1366 4566 1456 4625 ait,
1482 4560 1639 4629 idque
1659 4574 1778 4615 cum
1810 4570 1887 4615 tot
1914 4561 2047 4615 alios
2081 4577 2258 4617 secum

689 4644 928 4700 haberet.

762 4737 1028 4794 Patientia:
1057 4758 1260 4796 merces.
1286 4772 1354 4783 -—
1372 4743 1493 4798 Haec
1522 4746 1685 4813 igitur
1712 4744 1820 4811 ipsa
1855 4758 2064 4813 quoque
2090 4755 2259 4801 tetrum

688 4842 947 4901 perpetuo
976 4834 1257 4899 meditare,
1284 4848 1337 4890 ct
1358 4852 1466 4906 quo
1490 4852 1551 4893 ea
1581 4852 1668 4893 res
1688 4837 1982 4893 cruciatum
2025 4839 2115 4893 tibi
2145 4854 2259 4893 ma-

679 4925 853 4993 jorem
902 4925 1078 4993 atl'ert,
1129 4942 1194 4983 eo
1238 4930 1396 4983 etiam
1425 4946 1540 4985 eam
1568 4972 1583 4996 ,
1613 4931 1658 4985 si
1699 4942 1854 5001 grato
1884 4932 2062 4985 animo
2095 4932 2258 4997 feras,

686 5018 943 5085 majorem
970 5019 1196 5075 fructum
1222 5022 1499 5078 allaturam
1525 5039 1645 5079 esse
1669 5025 1935 5079 existima.
1970 5023 2081 5079 Non
2118 5026 2259 5081 enim

686 5125 958 5179 corporeze
979 5112 1253 5169 dumtaxat
1278 5117 1443 5186 plaga:
1473 5117 1649 5181 illatae,
1683 5118 1776 5174 sed
1798 5120 1957 5173 etiam
1984 5120 2147 5174 animi
2164 5119 2261 5173 do-

688 5201 771 5253 lor
795 5202 941 5255 omni
969 5216 1216 5259 sermone
1246 5207 1583 5261 sublimiores
1604 5224 1832 5265 coronas
1852 5210 2002 5265 affert
2020 5254 2034 5277 ,
2059 5220 2115 5266 et
2143 5211 2259 5278 qui-

686 5290 808 5344 dem
836 5292 998 5345 animi
1024 5292 1179 5348 dolor
1204 5297 1369 5365 magis
1411 5311 1567 5367 quam
1594 5300 1854 5366 corporis,
1883 5316 2001 5355 cum
2033 5304 2119 5370 qui
2174 5298 2257 5356 fe-

689 5380 917 5446 riuntur,
948 5398 1071 5439 cum
1117 5388 1403 5455 gratiarum
1430 5388 1641 5442 actione
1672 5388 1865 5443 ferunt.
1896 5390 2254 5457 Quemadmo-

688 5473 814 5525 dum
844 5474 1001 5542 igitur
1026 5475 1069 5530 si
1090 5490 1311 5547 corpore
1336 5479 1565 5533 lacerata
1592 5480 2005 5551 verberibusque
2020 5485 2252 5550 concisa,

690 5561 812 5617 forti
837 5579 899 5618 ac
919 5580 1176 5635 generoso
1194 5570 1370 5624 animo
1396 5570 1448 5624 id
1479 5570 1664 5637 ferres,
1695 5572 1891 5642 Deique
1912 5575 2130 5643 gloriam
2157 5576 2257 5631 hoc

687 5657 904 5713 nomine
933 5658 1269 5728 pnedicares,
1302 5664 1566 5733 ingentem
1600 5663 1722 5718 hinc
1744 5667 2042 5721 mercedem
2071 5684 2258 5724 conse-

750 5785 766 5817 ¹
801 5784 1016 5850 Coislin.,
1034 5799 1181 5855 raptu
1202 5794 1433 5843 sociorum
1448 5806 1643 5847 suorum
1672 5797 1969 5849 Timet/istm.
1994 5799 2112 5849 utra
2130 5802 2257 5852 idem

696 5850 783 5900 has
807 5862 965 5916 voces,
983 5859 1039 5910 ad
1070 5850 1351 5917 citremum,
1375 5858 1567 5907 omittit.

1402 442 1457 496 S.
1500 440 2276 498 IOANNIS‘CIIHYSOSTOMI
2317 440 2632 497 ARCHIEP.
2675 441 3204 501 CONS'I'AN'I'INOP.

3837 443 3941 499 ειἹὲ

2371 558 2616 625 quereris
2649 575 2660 611 :
2689 558 2880 615 eodem
2921 560 3081 616 modo
3101 602 3118 627 ,
3146 575 3267 617 cum
3295 559 3410 616 hmc
3447 562 3657 617 animus
3687 571 3807 616 tuus
3851 577 3945 632 pa—

2374 646 2551 713 tiatur,
2577 661 2765 718 magna
2792 648 2915 703 hinc
2941 649 3156 719 prtemla
3180 659 3449 720 exspecta.
3475 651 3769 719 Exspectes
3791 652 3948 705 vetim

2371 736 2530 791 etiam
2582 736 2699 793 fore
2746 739 3007 806 omnino,
3063 748 3124 795 ut
3163 753 3376 794 rursum
3414 754 3511 794 nos
3540 740 3744 806 videas,
3790 750 3951 809 atque

2373 825 2475 883 hoc
2510 828 2699 884 dolore
2751 830 3016 893 libereris.
3064 831 3405 902 amplumque
3446 840 3503 886 et
3524 830 3746 885 uberem
3792 830 3952 899 hujus

2371 917 2571 973 doloris
2587 928 2870 988 quantum,
2893 930 2948 975 et
2969 921 3190 989 posthac
3208 929 3264 975 et
3285 935 3447 987 nunc,
3476 921 3758 990 percipias.
3776 920 3952 987 Atque

2375 1010 2488 1063 hate
2515 1010 2607 1064 tibi
2658 1009 2724 1065 ad
2774 1012 3025 1067 maeroris
3054 1012 3295 1068 levamen
3326 1011 3636 1067 sufﬁciunt:
3669 1013 3779 1067 imo
3815 1026 3949 1068 vero

2373 1114 2477 1154 non
2509 1100 2600 1154 tibi
2649 1100 2962 1168 dumtaxat,
2995 1116 3183 1158 verum
3209 1101 3369 1157 etiam
3398 1102 3568 1157 cuivis
3588 1142 3603 1166 ,
3653 1101 3954 1173 quamlibet

2372 1191 2570 1261 alioqui
2600 1192 2813 1247 vecordi
2844 1207 2907 1247 ac
2940 1208 3097 1249 saxea
3120 1202 3304 1249 mente
3335 1193 3581 1263 przedito.
3606 1194 3779 1249 Atuhi
3804 1201 3952 1248 tanta

2373 1282 2647 1353 prudentia
2674 1292 2755 1338 est
2779 1324 2795 1350 ,
2830 1293 3091 1354 tantmque
3130 1285 3341 1356 pietatis
3377 1284 3594 1351 divitias,
3627 1293 3955 1356 tamqucsu-

2375 1373 2549 1428 blimis
2570 1374 2926 1445 philosophia,
2950 1386 3108 1447 atque
3136 1376 3347 1431 animus
3386 1391 3565 1431 rerum
3587 1376 3808 1447 hujusce
3826 1378 3952 1431 vita:

2372 1479 2617 1533 pompam
2664 1466 3016 1534 proculcans,
3072 1466 3179 1520 illic
3229 1482 3442 1537 quoque
3494 1467 3703 1522 facilior
3726 1468 3949 1523 curandi

2372 1555 2542 1608 morbi
2577 1556 2714 1609 ratio
2748 1567 2850 1609 est.
2878 1556 3136 1623 Quocirca
3173 1557 3225 1609 in
3265 1556 3367 1611 hoc
3391 1571 3605 1627 quoque
3636 1567 3781 1613 tuam
3823 1571 3952 1626 erga

2372 1659 2467 1699 nos
2492 1645 2766 1699 caritatem
2796 1645 3038 1710 ostende,
3065 1646 3207 1716 quod
3234 1662 3497 1715 tnagnam,
3523 1648 3685 1702 etiam
3708 1649 3951 1703 scriben-

2369 1742 2467 1798 tes,
2502 1734 2637 1804 apud
2664 1745 2717 1790 te
2740 1738 3110 1791 auctoritatem
3140 1736 3506 1802 obtineamus,
3552 1754 3652 1794 nec
3680 1741 3947 1794 minorem

2368 1842 2525 1896 quant
2569 1830 2612 1881 si
2665 1838 2959 1898 pra‘sentcs
3011 1843 3271 1884 essemus.
3302 1829 3436 1884 lllttd
3461 1840 3639 1885 autem
3673 1831 3953 1900 perspicue

2369 1918 2783 1980 demonstrabis,
2806 1919 2850 1972 si
2876 1919 3056 1973 literas
3087 1929 3296 1973 nostras
3318 1920 3516 1988 aliquid
3539 1919 3837 1989 profecisse
3865 1920 3953 1973 in-

2370 2009 2688 2079 telligamus,
2722 2024 2822 2064 nec
2846 2009 3043 2077 aliquid
3074 2019 3306 2075 tantum,
3347 2010 3443 2065 sed
3490 2021 3747 2081 quantum
3794 2012 3953 2080 cupi-

2368 2114 2510 2154 mus.
2538 2098 2791 2169 Cupimus
2842 2115 3002 2169 porro
3029 2109 3080 2155 te
3110 2102 3163 2154 in
3188 2101 3375 2156 eadem
3404 2101 3564 2155 animi
3614 2101 3798 2155 laztitia
3825 2117 3951 2155 ver-

2369 2190 2495 2253 sari,
2543 2190 2721 2260 inqua
2754 2200 2838 2253 te.
2885 2205 3004 2245 cum
3058 2191 3176 2246 istic
3228 2205 3505 2257 essemus,
3572 2192 3949 2246 cernebamus.

2367 2282 2520 2348 Quod
2543 2283 2586 2336 si
2618 2283 2758 2337 istud
2786 2282 3139 2353 intelligamus
3158 2326 3173 2349 ,
3199 2282 3335 2337 haud
3368 2298 3579 2352 parvam
3612 2298 3713 2337 nos
3737 2298 3954 2353 quoque

2368 2373 2675 2427 solitudinis
2701 2373 2877 2443 hujus,
2907 2374 2957 2427 in
2985 2389 3087 2443 qua
3121 2390 3263 2428 nunc
3290 2388 3495 2439 sumus,
3527 2374 3952 2430 consolationem

2367 2466 2659 2532 capiemus.
2686 2464 2867 2534 Itaque
2894 2466 2938 2519 si
2971 2465 3066 2519 tibi
3096 2479 3193 2518 nos
3211 2465 3262 2518 in
3290 2465 3478 2534 majori
3505 2465 3669 2520 animi
3687 2465 3952 2536 tranquil-

2369 2557 2515 2609 litate
2543 2556 2871 2611 cunstituere
2893 2556 3040 2610 cordi
3069 2564 3181 2619 est;
3211 2556 3325 2610 scio
3347 2566 3522 2611 autem
3556 2568 3607 2611 te
3636 2557 3689 2610 id
3724 2558 3862 2612 velle
3898 2567 3955 2612 et

2368 2663 2687 2717 magnopere
2740 2663 2972 2703 curare:
3010 2648 3138 2702 illud
3178 2651 3259 2702 fac
3295 2649 3531 2701 sciamus
3557 2689 3571 2711 ,
3630 2658 3683 2702 te
3732 2664 3950 2703 omnem

2369 2740 2613 2792 mmroris
2650 2738 2931 2792 colluviem
2977 2738 3073 2791 abs
3104 2746 3156 2792 te
3199 2726 3529 2791 submovisse
3553 2781 3569 2802 ,
3605 2748 3835 2808 tuasque
3865 2755 3953 2793 res

2371 2830 2655 2898 tranquillo
2681 2831 2732 2883 in
2764 2839 2901 2883 statu
2928 2843 3048 2882 esse
3078 2847 3089 2882 :
3120 2843 3180 2881 ac
3212 2827 3362 2882 nobis
3407 2829 3542 2881 hanc
3580 2837 3782 2883 nostra:
3826 2844 3951 2897 erga

2370 2929 2423 2975 te
2469 2918 2844 2975 benevolentia?
2889 2919 3191 2973 mercedem
3241 2918 3494 2988 repende.
3549 2918 3662 2973 Non
3715 2920 3864 2973 enim
3901 2931 3953 2972 te

2372 3013 2517 3081 fugit,
2550 3025 2652 3063 non
2690 3011 2899 3078 inquam
2945 3008 3183 3079 profecto
3229 3019 3279 3064 te
3330 3010 3481 3079 fugit,
3511 3017 3880 3079 quantopere,
3905 3009 3954 3063 si

2372 3102 2471 3157 hoc
2499 3102 2827 3170 praestiteris,
2860 3101 2927 3157 de
2954 3117 3127 3171 eoque
3177 3116 3277 3156 nos
3323 3115 3418 3171 per
3461 3101 3643 3155 literas
3689 3101 3952 3156 certiores

2371 3191 2580 3256 feceris,
2612 3192 2844 3245 animum
2868 3200 3105 3245 nostrum
3132 3201 3433 3245 recreatura
3466 3192 3560 3246 sis.

2758 3325 2838 3379 Ad
2866 3326 3090 3378 canitiem
3120 3325 3265 3394 epist.
3308 3321 3401 3376 ΙΙΙ
3452 3324 3549 3393 (α).

2441 3464 2491 3517 l.
2516 3462 2625 3518 Nec
2662 3478 2883 3533 corpora
2909 3478 2993 3529 ea,
3023 3477 3144 3533 qute
3172 3477 3292 3518 cum
3318 3462 3463 3532 gravi
3489 3461 3638 3517 febre
3664 3463 3951 3519 colluctata

2370 3563 2510 3619 sunt,
2559 3564 2887 3609 contractum
2912 3571 2975 3609 ex
3017 3553 3170 3610 febre
3198 3554 3600 3615 detrimentum.
3631 3570 3733 3610 nec
3786 3559 3950 3611 maris

2367 3660 2517 3714 aqua:
2544 3685 2559 3708 ,
2590 3647 2782 3715 quibus
2802 3661 2923 3700 cum
2949 3647 3105 3701 s'evis
3134 3646 3307 3699 ventis
3331 3654 3604 3700 certamen
3635 3645 3754 3710 fuit,
3784 3662 3905 3702 eam
3930 3689 3947 3714 ,

2367 3753 2524 3806 quam
2568 3736 2759 3791 lluctus
2810 3737 3131 3800 attulerunt,
3166 3746 3533 3805 tempestatem
3588 3735 3771 3791 subito
3790 3737 3953 3807 depo-

2370 3837 2521 3889 nunt,
2550 3841 2733 3881 verum
2753 3827 2950 3881 sensim
2979 3841 3041 3880 ac
3068 3825 3344 3895 paulatim.
3376 3824 3508 3880 Nam
3536 3835 3590 3880 et
3629 3826 3950 3895 corporibus

2370 3919 2607 3988 longiore
2655 3918 2907 3987 temporis
2951 3919 3123 3986 spatio
3148 3918 3214 3971 ad
3262 3918 3364 3971 hoc
3411 3932 3545 3987 opus
3568 3926 3689 3984 est,
3724 3928 3783 3972 ut
3830 3929 3951 3987 post

2366 4008 2612 4078 depulsus
2643 4008 2813 4063 lebres
2833 4010 2897 4063 ad
2924 4010 3182 4077 integram
3209 4008 3489 4063 sanitatem
3524 4007 3766 4073 redeant,
3795 4024 3949 4064 eam-

2367 4116 2470 4171 que
2499 4116 2655 4171 quam
2678 4101 2808 4171 ipsis
2829 4102 3044 4155 morbus
3074 4101 3329 4169 reliquam
3353 4100 3495 4164 fecit,
3525 4099 3949 4157 imbecillitatem

2366 4192 2792 4260 abstergant:et
2832 4204 3001 4260 aquae,
3062 4191 3263 4244 sedatis
3312 4191 3472 4246 etiam
3520 4192 3713 4258 ventis,
3743 4190 3950 4247 diutius

2366 4282 2538 4337 adhuc
2562 4284 2828 4351 agitantur
2867 4292 2920 4337 et
2951 4283 3258 4348 incitantur,
3289 4298 3588 4352 magnoque
3618 4284 3822 4352 impetu
3868 4286 3949 4340 fe-

2366 4385 2553 4429 runtur
2573 4392 2634 4429 ac
2659 4377 2992 4444 reciprocam
3014 4416 3029 4439 ,
3060 4384 3220 4445 atque
3242 4374 3513 4445 aliquanto
3532 4386 3781 4445 tempore
3811 4377 3949 4432 indi-

2365 4477 2520 4537 gent,
2566 4476 2623 4520 ut
2667 4466 2734 4520 ad
2768 4467 3025 4535 integram
3057 4466 3490 4535 tranquillitatem
3538 4466 3783 4521 redeant.
3837 4467 3950 4525 lloe

2368 4572 2525 4625 porro
2558 4556 2803 4626 praeludis
2826 4572 3019 4627 genere
3063 4572 3166 4612 nou
3201 4566 3401 4613 temere
3430 4558 3495 4612 ad
3525 4568 3576 4612 te
3601 4573 3730 4613 usus
3777 4574 3897 4614 sum
3930 4579 3943 4614 ε

2365 4668 2548 4707 verum
2580 4660 2637 4706 ut
2674 4653 2955 4722 intelligas.
2984 4668 3082 4709 nos
3128 4656 3445 4710 necessitate
3471 4656 3732 4711 adductos
3771 4673 3895 4713 esse
3926 4699 3942 4723 ,

2367 4756 2421 4799 ut
2450 4746 2585 4800 hanc
2611 4746 2887 4815 epistolam
2918 4747 2981 4800 ad
3009 4757 3059 4801 te
3088 4746 3437 4801 mitteremus.
3469 4748 3598 4802 Nam
3643 4752 3744 4804 etsi
3794 4766 3936 4807 mte-

2369 4838 2507 4892 roris
2566 4838 2910 4909 tyrannidem
2974 4838 3337 4908 superioribus
3384 4838 3555 4893 literis
3592 4842 3946 4906 sustulimus.

2366 4929 2631 4999 ipsiusque
2658 4944 2835 4983 arcem
2891 4929 3212 4983 evertimus:
3241 4938 3415 4983 tamen
3468 4931 3693 4985 orationi
3743 4942 3948 4988 nostrai

2366 5020 2561 5089 ingenti
2591 5019 2765 5073 adhuc
2784 5018 3093 5074 assiduitate
3109 5034 3241 5089 opus
3252 5030 3354 5083 est,
3375 5030 3431 5072 ut
3456 5020 3613 5074 altam
3639 5021 3733 5075 tibi
3758 5036 3945 5090 pacem

2370 5112 2635 5176 conciliet,
2665 5125 2726 5164 ac
2750 5110 2923 5164 deleta
2953 5110 3406 5178 perturbationum
3429 5112 3693 5177 omnium,
3721 5127 3843 5183 qua:
3870 5126 3943 5167 ex

2366 5204 2458 5257 illo
2502 5218 2700 5273 angore
2748 5202 3047 5267 ﬂuxerunt,
3080 5202 3370 5267 memoria,
3424 5201 3707 5257 candidam
3758 5204 3848 5259 tibi
3883 5219 3949 5258 ac

2364 5295 2565 5346 ce‘rtam
2598 5292 3029 5361 tranquillitatem
3057 5291 3320 5356 ostendat,
3348 5303 3506 5362 atque
3536 5294 3588 5348 in
3620 5308 3810 5365 magna
3823 5296 3948 5349 ani-

2364 5384 2436 5437 mi
2458 5384 2731 5437 alacritate
2757 5393 2808 5437 te
2837 5383 3081 5437 cullocet.
3116 5382 3171 5437 id
3199 5384 3341 5438 enim
3376 5399 3514 5439 nunc
3534 5400 3656 5456 ago,
3677 5394 3836 5457 atque
3887 5386 3945 5441 iu

2361 5488 2428 5531 eo
2455 5473 2693 5537 elabora,
2729 5482 2915 5527 utnon
2961 5472 3121 5528 modo
3159 5474 3367 5528 tristitia
3406 5484 3454 5529 te
3484 5474 3729 5542 liberem,
3750 5490 3946 5531 verum

2362 5569 2522 5622 etiam
2552 5566 2749 5634 ingenti
2788 5579 2851 5619 ac
2880 5575 3129 5635 perpetua
3157 5568 3425 5636 voluptate
3454 5554 3791 5636 perfundant.
3824 5567 3942 5625 Hoc

2362 5661 2504 5714 enim
2539 5655 2649 5710 ﬁeri
2702 5665 2872 5725 potest
2894 5697 2909 5721 ,
2942 5659 2984 5710 si
3013 5658 3226 5727 quidem
3259 5658 3414 5714 velis.
3444 5658 3558 5714 Non
3577 5661 3722 5715 enim
3752 5660 3804 5713 in
3834 5675 3939 5715 na-

2363 5761 2495 5807 tura:
2523 5748 2745 5821 legibus,
2767 5763 2899 5817 quas
2925 5749 3182 5803 revellere
3202 5758 3360 5820 atque
3382 5750 3674 5807 immutare
3687 5763 3798 5806 non
3813 5763 3936 5821 pos-

2428 5864 2502 5927 (a)
2534 5866 2714 5928 Scripta
2734 5867 2929 5921 Cucuso,
2947 5871 3072 5909 anno
3091 5860 3198 5911 ιοι.

3670 6500 3718 6506 ὴ*-
3786 6500 4159 6516 ἡ-ῄἸ-νΙ
