4216 6496
260 444 359 500 571

257 579 446 649 γέρως
495 579 625 650 γάρ,
675 580 873 650 φησὶν,
917 581 1392 653 ἐσπουδάσαμεν
1425 582 1492 636 τὸ
1530 583 1859 651 πρόσωπον

257 664 431 735 ὑμῶν
464 665 634 722 ἰδεῖν.
668 668 882 737 Ὄψεως
924 666 1018 723 οὖν
1049 671 1201 741 ἐρᾷς,
1239 670 1360 724 em
1412 687 1524 741 μοι,
1550 672 1644 724 καὶ
1684 688 1859 742 προσ-

257 750 414 807 ὠπου
441 753 674 824 θεωρίας
711 755 1037 828 ἐπιθυμεῖς;
1093 757 1204 812 Καὶ
1245 758 1473 830 σφόδρα,
1507 758 1694 829 φησὶν,
1731 757 1860 811 ἔνθα

257 838 369 893 τῶν
416 841 789 913 αἰσθητηρίων
845 846 878 915 ἡ
926 846 1244 915 συναγωγή.
1296 843 1459 916 Ψυχὴ
1508 845 1618 918 γὰρ
1673 845 1857 918 γυμνὴ

258 926 384 981 καθ’
437 929 640 1000 ἑαυτὴν
678 930 842 1002 ἑτέρᾳ
883 930 1028 1003 ψυχῇ
1074 934 1473 1004 συγγενομένη,
1510 932 1637 987 οὐτε
1685 934 1856 988 εἰπεῖν

255 1029 332 1080 τι,
361 1014 487 1069 οὐτε
527 1016 760 1072 ἀκοῦσαι
796 1016 1118 1088 δυνήσεται·
1150 1021 1471 1091 σωματικῆς
1507 1020 1564 1074 δὲ
1604 1021 1671 1075 ἂν
1716 1022 1854 1075 ἀπο-

255 1101 446 1157 λαύσω
475 1105 804 1174 παρουσίας,
835 1105 931 1158 καὶ
971 1106 1081 1176 ἐρῶ
1123 1123 1198 1170 τι,
1245 1109 1333 1162 καὶ
1361 1106 1669 1179 ἀκούσομαι
1704 1106 1855 1180 παρὰ

253 1186 368 1245 τῶν
410 1193 812 1263 ἀγαπωμένων.
850 1195 951 1247 Διά
989 1194 1148 1248 τοῦτο
1177 1195 1429 1264 ἐπιθυμῶ
1455 1196 1526 1249 τὸ
1562 1197 1855 1267 πρόσωπον

255 1278 415 1350 ὑμῶν
444 1278 607 1347 ίδεῖν,
663 1279 792 1334 ἔνθα
823 1282 917 1336 καὶ
961 1280 1182 1350 γλῶττά
1217 1282 1334 1336 ἐστι
1385 1284 1570 1355 φωνὴν
1602 1284 1850 1354 ἀφιεῖσα,

253 1367 352 1421 καὶ
389 1367 462 1421 τά
509 1367 656 1421 ἔνδον
704 1370 838 1439 ήμϊν
879 1368 1034 1442 [551]
1076 1369 1533 1438 ἀπαγγέλλουσα.
1580 1371 1676 1424 καὶ
1715 1370 1853 1441 ἀκοὴ

255 1455 484 1526 ῥήματα
525 1455 831 1528 δεχομένη,
882 1459 978 1510 καὶ
1031 1457 1302 1527 ὀφθαλμοὶ
1343 1459 1622 1529 κινήματα
1672 1459 1853 1529 ψυχῆς

250 1541 798 1615 ὰαζωγραφοῦντες·
847 1545 942 1598 καὶ
987 1545 1097 1616 γὰρ
1139 1545 1240 1615 τῆς
1281 1545 1628 1617 ποθουμένης
1669 1547 1851 1618 ψυχῆς

249 1631 344 1686 διὰ
383 1633 592 1687 τούτων
631 1633 1024 1706 ἀκριϐέστερον
1053 1635 1153 1706 τῆς
1205 1636 1495 1692 συνουσίας
1529 1635 1676 1689 ἐστιν
1714 1638 1850 1690 ἀπο-

249 1718 476 1774 λαῦσαα

325 1806 420 1876 ιγ’.
442 1809 553 1862 Kal
575 1809 659 1862 ἵνα
690 1808 866 1879 μάθῃς
899 1809 1016 1872 πῶς
1051 1810 1333 1862 ὲκκαίεται
1366 1812 1448 1874 είς
1479 1811 1578 1882 τὴν
1612 1810 1847 1883 θεωρίαν

246 1895 490 1966 ταύτην,
531 1897 722 1962 εἰπὼν,
751 1897 1200 1966 Περισσοτέρως
1215 1898 1712 1970 ἐσπουδάσαμεν,
1745 1901 1846 1955 οὐκ

246 1983 495 2056 ἠρκέσθη
530 1985 597 2055 τῇ
629 1982 772 2048 λέξει
795 1983 990 2054 ταύτῃ,
1023 1984 1139 2037 ἀλλ’
1167 1987 1469 2057 ἐπήγαγεν,
1507 1989 1610 2041 Ἐν
1638 1987 1844 2057 πολλῇ

244 2072 536 2139 ἐπιθυμίᾳ
562 2082 612 2122 ι.
650 2065 784 2124 Εἶτα
816 2071 916 2124 οὐκ
951 2071 1280 2142 ἀνεχόμενος
1322 2075 1516 2127 ἑαυτὸν
1551 2074 1692 2146 μετά
1735 2074 1844 2128 τῶν

246 2157 429 2212 ἄλλων
465 2157 832 2227 ἐγκαταμίξαι
855 2197 869 2221 ,
906 2157 1044 2212 ἀλλά
1072 2159 1322 2223 δεικνὺς,
1366 2162 1448 2215 ὅτι
1486 2161 1844 2234 σφοδρότερον

242 2243 356 2296 τῶν
377 2243 557 2297 ἀλλων
587 2244 749 2313 φιλεῖ,
786 2246 978 2308 εἰπὼν,
1006 2245 1088 2299 ὄτι
1133 2247 1585 2318 Περισσοτέρως
1619 2249 1844 2304 ἐσπου-

242 2329 556 2400 δάσαμεν,
607 2331 708 2384 καὶ
754 2332 1144 2402 ἠθελήσαμεν
1195 2334 1399 2389 ἐλθεῖν
1459 2335 1612 2404 πρὸς
1645 2337 1837 2406 ὑμᾶς,

240 2419 560 2490 ἀπέρρηξεν
604 2421 798 2472 ἑαυτὸν
844 2419 954 2472 τῶν
990 2419 1195 2474 λοιπῶν
1220 2461 1234 2487 ,
1267 2423 1363 2475 καὶ
1407 2423 1570 2493 μόνον
1610 2425 1838 2496 στήσας,

238 2507 523 2578 ἐπήγαγεν
547 2524 562 2537 ·
607 2505 748 2576 Ἐγὼ
784 2508 901 2577 μὲν
945 2508 1190 2576 Παῦλος
1224 2510 1324 2563 καὶ
1362 2510 1526 2576 ἅπαξ
1567 2513 1665 2567 καὶ
1722 2513 1837 2580 δὶς,

236 2594 458 2658 δεικνὺς
480 2594 563 2646 ὅτι
594 2594 756 2647 πλέον
782 2595 891 2649 τῶν
914 2596 1091 2650 ἀλλων
1115 2597 1467 2664 ἐσπούδαζεν.
1493 2596 1625 2654 Εἶτα
1648 2601 1838 2675 ἐπειδὴ

237 2680 341 2732 οὐκ
370 2680 605 2750 ἐπέτυχε
639 2680 828 2735 τούτου
849 2722 864 2744 ,
895 2683 997 2736 οὐκ
1029 2687 1282 2757 ἀρκεῖ;αι
1321 2689 1436 2749 τοῖς
1481 2689 1834 2758 γράμμασιν,

237 2765 377 2820 ἀλλά
403 2771 615 2837 πέμπει
637 2767 696 2820 τὸ
718 2769 1035 2838 κεφάλαιον,
1064 2771 1154 2824 τὸν
1208 2773 1306 2826 σὺν
1327 2773 1475 2844 αὐτῴ
1496 2775 1523 2814 δ
1548 2776 1833 2846 Τιμόθεον,

235 2855 331 2908 τὸν
360 2857 486 2910 ἀντὶ
516 2858 865 2928 γραμμάτων
899 2859 1160 2929 ἐσόμενον
1193 2861 1346 2933 αὐτῷ
1367 2878 1380 2891 °
1408 2862 1488 2916 διὸ
1519 2867 1612 2918 καὶ
1638 2866 1835 2935 ὲπάγει

237 2942 414 3011 λέγων
434 2961 448 2974 ·
489 2944 587 2997 Διὸ
615 2945 832 3014 μηκέτι
859 2947 1203 3015 στέγοντες.
1221 2949 1284 3002 Ὢ
1321 2951 1486 3004 πάλιν
1512 2951 1709 3017 λέξεως
1741 2945 1843 3008 εὐοί

236 3031 458 3098 γένειαι
507 3032 553 3084 ὣ
590 3034 802 3103 ρήσεως
860 3034 1119 3105 δύναμις,
1180 3035 1278 3107 τὴν
1318 3039 1625 3093 ἀκάθεκτον
1666 3041 1833 3096 αὐτοῦ

236 3119 332 3171 καί
374 3120 757 3190 ἀκαρτέρητον
797 3122 1020 3192 ἀγάπην
1074 3124 1327 3196 δηλοῦσαί
1384 3129 1494 3182 Kal
1537 3129 1612 3193 ὡς
1651 3130 1717 3184 ἄν
1749 3137 1836 3195 τις

234 3207 700 3278 ἐμπυριζόμενος,
748 3213 840 3263 καὶ
879 3212 1059 3282 ζητῶν
1087 3225 1109 3252 ο
1141 3215 1234 3268 τοῦ
1269 3217 1619 3289 ἐμπυρισμοῦ
1652 3236 1831 3291 παρα-

237 3295 441 3362 μυθίαν
485 3297 606 3349 τινὰ
664 3298 880 3368 εὑρεῖν,
921 3303 1320 3356 πάντα.κινεῖ⁶
1370 3305 1512 3358 οὕτω
1559 3307 1626 3378 δὴ
1677 3303 1832 3370 οὗτος

233 3385 631 3456 ἀναπτόμενος,
666 3387 988 3458 ἀγχόμενος,
1030 3392 1340 3462 καιόμενος,
1380 3396 1524 3450 κατὰ
1556 3398 1616 3451 τὸ
1654 3398 1830 3468 ὲγχω·

234 3471 364 3542 ροῦν
413 3473 512 3543 τὴν
562 3473 796 3546 δυνατὴν
849 3478 1114 3550 ἐπενόησε
1169 3484 1550 3554 παραμυθίαν.
1600 3485 1828 3554 Μηκέτι

231 3561 340 3632 γὰρ
377 3561 723 3630 στέγοντες,
772 3568 959 3634 φησὶν,
1009 3567 1366 3638 ἐπέμψαμεν
1402 3573 1680 3641 Τιμόθεον
1723 3577 1831 3630 τὸν

230 3653 521 3709 διάκονον
563 3659 670 3713 τοῦ
705 3661 1107 3730 Εὐαγγελίου,
1156 3665 1254 3717 καὶ
1299 3669 1602 3736 συνεργὸν
1635 3669 1824 3739 ἡμῶν,

227 3748 288 3801 τὸ
315 3751 753 3817 ἀναγκαιότατον
778 3753 939 3823 μέλος
958 3755 1360 3822 διασπάσαντες
1390 3762 1547 3831 ήμῶν
1573 3763 1673 3833 τῆς
1703 3782 1827 3819 συν-

227 3839 442 3904 ουσίας,
475 3842 569 3894 καὶ
596 3841 776 3914 λύπην
809 3845 1172 3917 ἀλλαξάμενοι
1205 3849 1404 3922 λύπης.
1426 3853 1548 3907 Ὅτι
1573 3856 1681 3927 γὰρ
1707 3857 1825 3910 οὐδὲ

229 3932 441 3984 ἐκείνου
482 3933 752 3988 ἀπουσίαν
785 3937 1022 4002 εὐκόλως
1052 3939 1267 4012 ἔφερεν,
1301 3942 1436 3996 ἀλλά
1478 3944 1568 3999 διὰ
1602 3948 1826 4013 τούτους

227 4022 404 4076 εἵλετο
430 4023 494 4076 τὸ
525 4025 830 4098 βαρύτατον
865 4029 1044 4094 τοῦτο,
1077 4034 1172 4087 κα)⁸
1203 4034 1363 4089 τοῦτο
1393 4038 1523 4091 αὐτὸ
1554 4039 1823 4110 ἐδήλωσεν

227 4114 421 4170 ιίπὼν·
448 4117 892 4189 Ηύδοκήσαμεν
912 4126 1388 4195 καταλειφθῆναι
1415 4131 1614 4198 μόνοι.
1635 4134 1698 4184 Ὢ
1721 4133 1823 4203 ψυ-

227 4208 324 4279 χῆς
361 4210 502 4279 μετὰ
534 4211 820 4283 ἀκριὸείας
851 4216 984 4287 πρὸς
1009 4219 1182 4290 αὐτὴν
1214 4222 1541 4296 ποιωθείσης
1565 4226 1662 4297 τὴν
1683 4228 1822 4296 ἀγά-

229 4301 369 4369 πηνί
412 4301 632 4373 Ἐπειδὴ
659 4303 768 4376 γάρ
803 4305 1033 4377 ἀδελφοῦ
1074 4313 1346 4385 ἐχωρίσθη
1382 4316 1534 4381 ἐνὸς,
1573 4321 1822 4391 μεμονῶ-

227 4390 351 4446 σθαί
374 4411 532 4463 φησι,
565 4397 852 4453 καὶταῦτα
871 4402 1160 4469 τοσούτους
1183 4405 1322 4476 ἔχων
1357 4409 1475 4479 μεθ’
1505 4390 1722 4470 ἑαυτοῦ.

293 4486 486 4541 Ταῦτα
524 4489 588 4558 δὴ
629 4490 868 4560 συνεχῶς
897 4493 1093 4562 μελέτα
1129 4496 1223 4550 καὶ
1259 4499 1418 4572 αὐτὴ,
1449 4505 1543 4555 καὶ
1579 4506 1690 4576 ὅσῳ
1737 4526 1818 4563 σοι

222 4579 281 4632 τὸ
319 4582 555 4649 πρᾶγμα
583 4582 860 4654 ὀδυνηρὸν,
897 4585 1138 4657 τοσούτῳ
1190 4592 1628 4668 κερδαλεώτερον
1675 4596 1818 4655 εἶναι

224 4669 412 4740 νόμιζε
447 4672 782 4741 εὐχαρίστως
805 4676 1065 4748 φερούσῃ.
1099 4679 1173 4730 Οὐ
1200 4681 1309 4751 γὰρ
1338 4682 1400 4755 δὴ
1430 4686 1591 4754 μόνον
1627 4707 1819 4761 σωμα-

222 4761 371 4814 τικα)⁸
425 4760 632 4830 πληγαὶ
683 4763 1048 4834 ἐπαγόμεναι,
1090 4769 1225 4823 ἀλλά
1275 4774 1367 4825 καὶ
1414 4774 1592 4846 ψυχῆς
1655 4760 1814 4854 ὀδύνη

223 4852 468 4921 άφάτους
529 4854 683 4925 φέρει
733 4858 860 4919 τοὺς
900 4860 1199 4926 στεφάνους
1224 4905 1238 4928 ,
1289 4865 1382 4919 καὶ
1424 4869 1605 4940 ψυχῆς
1647 4852 1814 4946 ὀδύνη

226 4941 428 5008 μᾶλλον
467 4942 501 5012 ἢ
541 4941 828 5013 σώματος,
884 4949 1012 5000 ὅταν
1057 4951 1106 5002 οί
1152 4953 1517 5027 πληττόμενοι
1571 4941 1814 5034 φέρωσιν

220 5033 580 5105 εὐχαρίστως.
620 5036 829 5109 Ὥσπερ
863 5035 956 5093 οὖν
993 5043 1042 5093 εἰ
1087 5044 1524 5122 καταξαινομένη
1553 5053 1614 5106 τὸ
1647 5033 1809 5128 σῶμα

223 5127 314 5179 καὶ
345 5129 778 5198 μαστιγουμένη,
809 5133 1072 5198 γενναίως
1105 5135 1317 5208 ἔφερες,
1365 5143 1454 5195 τὸν
1483 5145 1615 5199 Θεὸν
1665 5127 1807 5222 ὑπὲρ

220 5216 428 5270 τούτων
454 5217 771 5285 δοξάζουσα,
796 5223 998 5293 πολλὴν
1019 5225 1086 5278 ἀν
1112 5229 1383 5294 ἀπέλαϐες
1410 5233 1508 5305 τὴν
1532 5216 1807 5313 ἀμοιϐήν-⁸

221 5309 362 5362 οὕτω
390 5309 570 5382 ψυχῆς
613 5313 786 5367 ταῦτα
833 5317 1149 5390 πασχούσης
1179 5322 1274 5375 νῦν
1316 5327 1515 5393 πολλάς
1561 5334 1805 5406 ἀνάμενε

218 5400 316 5463 τὰς
352 5403 670 5467 ἀντιδόσεις.
721 5407 1003 5477 Προσδόκα
1051 5413 1107 5464 δὲ
1150 5418 1243 5468 καὶ
1296 5421 1355 5471 τὸ
1391 5423 1610 5489 πάντως
1659 5400 1807 5498 ήμᾶς

288 5563 1110 5655 11?,.G'."?£2.N33‘.Issam???
1131 5581 1294 5655 __Ee.’5£“
1338 5581 1523 5655 legitur.
1563 5586 1611 5655 έγ
1653 5592 1803 5655 πολλῇ

219 5622 455 5702 932W:
479 5634 628 5702 alque
670 5630 736 5677 ίια
760 5631 885 5702 km
911 5632 1103 5702 nimus.
1131 5622 1804 5702 militiaeuzrgi55333331

218 5683 371 5777 Ϋερ
393 5683 731 5739 Ρει-ιιοήἱειιυδ
759 5683 888 5740 ιοέιε
914 5683 1386 5752 Ρτοηιοήείὴῆᾦᾷ
1409 5683 1556 5756 fdi?

274 5785 525 5886 ξ’ξξξειξη.
551 5814 608 5862 τὸ
629 5815 886 5886 κεφάλαιον
905 5821 1000 5886 τῷν
1024 5821 1110 5868 σὺν
1134 5825 1283 5886 αὐτῷ,
1315 5839 1413 5875 non
1438 5831 1586 5881 male.

276 5871 301 5904 τ
332 5873 431 5923 Alii
454 5871 819 5939 ἐμπνριζὸμενος
840 5882 903 5935 ὡς
923 5883 978 5928 ἄν
1000 5899 1067 5938 τις
1093 5871 1651 5951 καιόμέὗοξξὶαἷξῆξῶν.

1726 442 2115 505 EPISTOLE.

3466 455 3574 514 572

1969 567 2195 638 ὄψεσθαι
2223 569 2404 635 πάλιν,
2443 571 2535 624 καὶ
2566 575 2663 644 τῆς
2693 572 2889 644 ὀδύνης
2917 572 3409 646 ἀπαλλαγήσεσθαι
3442 576 3547 631 ταύ

1966 685 2096 740 της,
2140 671 2235 724 καὶ
2281 670 2378 742 τὴν
2433 673 2497 725 ἐκ
2551 673 2649 744 τῆς
2686 673 2883 745 ὀδύνης
2941 676 3247 746 γενομένην
3297 675 3574 750 ἐμπορίαν

1967 770 2168 843 πολλὴν
2189 771 2590 843 ἀπολήψεσθαι,
2621 775 2718 828 καὶ
2742 775 2887 841 τότε,
2917 776 3009 829 καὶ
3035 774 3150 830 νῦν.
3190 777 3377 848 Ἀρκεί
3397 778 3578 833 ταύτά

1965 890 2048 926 σοι
2083 873 2220 944 πρὸς
2267 875 2627 946 παραμυθίαν
2654 915 2669 937 ,
2709 878 2912 948 μᾶλλον
2959 879 3016 932 δὲ
3069 879 3191 950 οὐχὶ
3241 878 3326 933 col
3378 882 3565 952 μόνον,

1961 972 2096 1026 ἀλλά
2127 974 2222 1026 καὶ
2271 975 2326 1028 εἴ
2376 992 2460 1039 τις
2515 977 2746 1047 ἀνόητος
2775 978 2887 1049 εἴη,
2949 981 3044 1032 καὶ
3094 979 3429 1045 αὐτολίθινος
3469 981 3570 1052 τὴν

1958 1071 2157 1144 ψυχήν.
2187 1074 2364 1128 Ὅπου
2404 1075 2463 1128 δὲ
2498 1076 2716 1141 σύνεσις
2758 1078 2911 1151 [552]
2961 1080 3226 1151 τοσαύτη,
3274 1082 3370 1134 καὶ
3402 1081 3567 1135 εὐλα-

1960 1172 2111 1236 ϐείας
2153 1173 2402 1240 πλοῦτοςκ
2428 1179 2522 1232 καὶ
2571 1178 2894 1249 φιλοσοφίας
2939 1180 3105 1251 ὕψος,
3141 1183 3236 1236 καὶ
3277 1182 3421 1254 ψυχή
3455 1183 3570 1239 τῶν

1959 1269 2233 1340 βιωτικῶν
2263 1273 2363 1344 τὴν
2407 1279 2716 1345 φαντασίαν
2752 1284 3238 1353 καταπατήσασα,
3284 1282 3487 1336 πλείων
3531 1285 3569 1354 ἠ

1957 1374 2178 1430 εὐκολία
2229 1378 2332 1448 τῆς
2362 1377 2684 1451 θεραπείας.
2733 1384 2920 1448 Δεῖξον
2966 1384 3030 1456 δὴ
3091 1385 3194 1440 κάν
3247 1386 3426 1457 τούτῳ
3463 1387 3569 1459 τὴν

1955 1475 2177 1547 ἀγάπην
2206 1479 2306 1550 τὴν
2341 1482 2472 1552 περὶ
2517 1483 2685 1554 ήμᾶς,
2719 1485 2801 1539 ὅτι
2839 1487 2934 1540 καὶ
2969 1486 3215 1558 μεγάλην
3251 1490 3566 1558 γράφοντες

1954 1575 2151 1648 ἔχομεν
2189 1580 2344 1653 παρά
2372 1583 2454 1636 σοὶ
2489 1584 2744 1656 δύναμιν,
2788 1589 2882 1642 καὶ
2911 1589 3207 1662 τοσαύτην,
3251 1591 3386 1662 ὅσην
3421 1609 3564 1666 παρ-

1951 1679 2124 1744 όντες.
2155 1681 2360 1747 Δείξεις
2389 1684 2448 1736 δὲ
2473 1686 2686 1756 σαφῶς,
2717 1688 2783 1742 ἂν
2811 1689 3099 1762 μάθωμεν,
3131 1693 3213 1745 δτι
3246 1710 3330 1745 σοι
3361 1693 3558 1762 γέγονέ

1951 1797 2003 1833 τι
2032 1781 2194 1837 πλέον
2213 1784 2322 1839 ἀπὸ
2353 1785 2461 1840 τῶν
2484 1792 2836 1862 γραμμάτων
2865 1793 2974 1846 τῶν
2999 1794 3288 1866 ἡμετέρων
3311 1813 3325 1825 ο
3355 1797 3559 1866 μᾶλλον

1948 1868 2008 1922 δὲ
2033 1872 2155 1942 οὐχ)⁵
2198 1874 2362 1926 πλέον
2414 1877 2595 1946 μόνον,
2652 1879 2788 1933 ἀλλά
2843 1882 2937 1934 καὶ
2969 1883 3250 1950 τοσοῦτον,
3284 1885 3408 1939 ὅσον
3436 1886 3558 1937 ἐπι-

1950 1968 2253 2045 θυμοῦμεν.
2299 1976 2714 2050 Ἐπιθυμοῦμεν
2747 1980 2804 2033 δὲ
2837 1983 2896 2034 ἐν
2943 1986 3011 2053 τῇ
3065 1985 3205 2055 αὐτῇ
3241 1986 3558 2058 εὐφροσύνη

1948 2074 2088 2130 εἷναί
2115 2094 2174 2130 σε
2201 2078 2319 2142 νῦν,
2343 2081 2400 2132 ὲν
2489 2081 2584 2134 καὶ
2606 2082 2797 2136 αὐτόθι
2822 2085 3194 2157 διατρίϐοντες
3223 2087 3555 2160 ἐϐλέπομεν.

1947 2177 2068 2231 Κᾶν
2094 2178 2253 2232 τοῦτο
2287 2181 2572 2250 μάθωμεν,
2618 2185 2679 2237 οὐ
2717 2185 2926 2256 μικράν
2960 2189 3056 2242 καὶ
3097 2189 3252 2243 αὐτοὶ
3285 2190 3388 2261 τῆς
3420 2192 3554 2263 ἐρη-

1949 2279 2098 2349 μίας,
2113 2281 2172 2332 ἐν
2252 2278 2348 2337 νῦν
2375 2284 2565 2355 ἐσμεν,
2597 2286 3018 2358 καρπωσόμεθα
3047 2291 3149 2363 τὴν
3173 2291 3545 2364 παράκλησιν.

1947 2379 2113 2434 ’Ὥστε
2164 2383 2213 2435 εί
2274 2381 2453 2452 βούλει
2504 2386 2600 2439 καὶ
2633 2387 2782 2458 ἡμᾶς
2821 2391 2878 2442 ἐν
2931 2389 3169 2464 εὐθυμία
3205 2395 3550 2466 καταστῆσαι

1944 2479 2152 2535 πλείονι
2182 2478 2328 2552 (οἶδα
2353 2483 2409 2537 δὲ
2443 2485 2526 2539 ὅτι
2552 2486 2753 2558 βούλει,
2787 2489 2883 2543 xal
2911 2491 3115 2563 σφόδρα
3144 2494 3544 2566 ἐσπούδακας),

1942 2579 2186 2662 δήλωσον
2213 2586 2296 2639 ὅτι
2328 2586 2506 2641 πάντα
2531 2589 2632 2660 τῆς
2663 2591 2904 2662 ἀθυμίας
2928 2593 3221 2665 ἀπήλασας
3252 2596 3346 2650 τὸν
3377 2614 3548 2670 φορυ-

1940 2683 2052 2749 τὸν,
2083 2686 2176 2738 καὶ
2214 2687 2272 2739 ἐν
2306 2688 2516 2762 γαλήνῃ
2552 2691 2620 2745 τὰ
2662 2691 2752 2760 σά,
2787 2695 2882 2746 καὶ
2910 2693 2998 2758 δὸς
3027 2695 3160 2767 ἡμῖν
3193 2697 3404 2770 ταύτην
3443 2699 3545 2770 τῆς

1941 2785 2070 2855 περὶ
2129 2784 2189 2838 σὲ
2229 2788 2445 2853 εὐνοίας
2486 2791 2580 2845 καὶ
2613 2793 2839 2865 ἀγάπης
2886 2795 3148 2868 ἀμοιϐήν.
3189 2793 3362 2853 Οἶσθα
3407 2800 3540 2873 γὰρ,

1935 2881 2094 2938 οἶσθα
2142 2888 2360 2958 σαφῶς,
2420 2891 2570 2956 ὃπως
2604 2895 2754 2964 ἡμᾶς
2800 2897 3085 2974 ἀνακτήσῃ
3139 2903 3542 2975 κατορθώσασα

1934 2985 2114 3052 τοῦτο,
2153 2990 2245 3042 καὶ
2274 2990 2410 3060 μετὰ
2439 2992 2700 3062 ἀληθείας
2746 2996 3039 3066 δηλώσασα
3066 3002 3155 3055 διὰ
3189 3005 3543 3075 γραμμάτων

1935 3084 2088 3154 ἡμῖν.

2247 3197 2406 3264 Πρὸς
2437 3199 2554 3267 τὴν
2580 3200 2778 3271 αὐτὴν
2807 3185 3103 3275 ἐπιστολὴ
3135 3215 3217 3278 γ’.

2003 3312 2072 3361 α’.
2090 3309 2200 3362 Kal
2213 3309 2284 3365 τὰ
2299 3311 2527 3382 σώματα
2544 3315 2612 3368 τά
2630 3315 2878 3388 σφοδροῖς
2896 3319 3237 3376 παλαίσαντά
3254 3341 3328 3376 πυ
3337 3329 3533 3395 ρετοτς,

1933 3405 2030 3459 καὶ
2061 3406 2131 3458 τά
2162 3407 2372 3480 πελάγη
2419 3410 2489 3464 τὰ
2530 3412 2746 3484 ἀγρίοις
2777 3417 3163 3472 πυκτεύσαντα
3195 3421 3537 3493 πνεύμασιν,

1932 3503 2032 3556 οὐκ
2052 3503 2256 3576 ἀθρόαν
2282 3505 2407 3560 οὐτε
2431 3508 2614 3562 ἐκεῖνα
2635 3510 2734 3582 τὴν
2753 3512 2860 3566 ἀπὸ
2888 3514 2996 3568 τῶν
3021 3518 3275 3587 πυρετῶν
3299 3519 3534 3592 βλάϐην,

1934 3597 2059 3652 οὐτε
2082 3599 2253 3654 ταῦτα
2272 3601 2371 3674 τὴν
2395 3603 2505 3657 ἀπὸ
2537 3606 2646 3660 τῶν
2674 3610 2934 3679 κυμάτων
2959 3613 3312 3668 ἀποτίθενται
3336 3616 3532 3689 ζάλην,

1929 3696 2046 3750 ἀλλ’
2095 3698 2278 3770 ἠρέμα
2325 3702 2422 3754 καὶ
2456 3703 2621 3757 ,κατά
2653 3707 2869 3777 μικρόν.
2902 3710 3010 3763 Kal
3055 3711 3164 3783 γάρ
3196 3714 3265 3768 τά
3298 3715 3528 3786 σώματα

1930 3795 2175 3859 πλείονος
2210 3797 2379 3850 δεῖται
2416 3800 2633 3869 χρόνου,
2672 3801 2813 3855 ὥστε
2845 3805 2984 3874 μετὰ
3014 3807 3111 3878 τὴν
3140 3810 3250 3864 τῶν
3273 3815 3536 3869 πυρετῶν

1928 3891 2251 3965 ἀπαλλαγὴν
2277 3897 2356 3958 είς
2380 3898 2628 3972 καθαράν
2652 3901 2973 3956 ἐπανελθεῖν
3005 3906 3236 3974 ὑγίειαν,
3263 3910 3357 3964 καὶ
3387 3913 3528 3966 ἀπο-

1926 3987 2184 4058 νίψασθαι
2212 3991 2303 4044 τὺν
2329 3993 2438 4047 ἀπὸ
2463 3996 2560 4066 τῆς
2596 3997 2913 4069 ἀρρωστίας
2952 4002 3392 4075 ἐναπομείναντα
3429 4011 3527 4063 αύ-

1924 4089 2037 4151 τοῖς
2073 4089 2418 4161 μαλακισμόν
2439 4109 2450 4121 ·
2486 4093 2556 4146 τά
2599 4094 2656 4148 δὲ
2688 4095 2878 4161 ὕδατα,
2916 4100 3012 4152 καὶ
3039 4103 3150 4156 τῶν
3193 4108 3525 4175 πνευμάτων

1927 4186 2317 4256 παυσαμένων,
2344 4189 2576 4244 ἐπιπολύ
2601 4192 2946 4266 σαλευόμενα
2974 4199 3068 4254 καὶ
3098 4203 3394 4275 κινούμενα
3428 4208 3529 4278 μέ-

1923 4300 2038 4346 νει,
2075 4284 2353 4356 φερόμενά
2402 4303 2462 4339 τε
2510 4290 2606 4342 καὶ
2656 4290 2824 4365 πολλῇ
2879 4296 3044 4352 πάλιν
3096 4299 3415 4373 ὲπαγόμενα
3453 4309 3522 4377 τῇ

1925 4378 2093 4452 ῥύμῃ,
2120 4382 2212 4434 καὶ
2240 4382 2411 4438 δεῖται
2441 4386 2534 4439 κα)⁸
2565 4387 2706 4441 αὐτά
2737 4390 2953 4462 χρόνου,
2981 4393 3123 4448 ὥστε
3158 4398 3240 4462 είς
3273 4399 3524 4473 καθαράν

1921 4476 2235 4532 ἐπανελθεῖν
2262 4479 2525 4553 γαλήνην.
2559 4484 2748 4540 Ταῦτα
2792 4487 2850 4540 δέ
2883 4507 2975 4560 μοι
3011 4492 3227 4564 εἴρηται
3258 4499 3521 4570 προοίμια

1923 4575 2061 4646 πρὸς
2086 4577 2186 4650 τὴν
2221 4578 2319 4649 σὴν
2348 4580 2638 4636 εὐλάϐειαν
2666 4584 2766 4655 οὐχ
2801 4587 3010 4657 ἁπλῶς,
3038 4591 3153 4644 ἀλλ’
3182 4593 3269 4647 ἵνα
3313 4597 3518 4670 μάθῃς,

1920 4673 2002 4726 ὃτι
2028 4676 2120 4729 καὶ
2146 4675 2350 4749 ταύτην
2373 4679 2688 4748 ἀναγκαίως
2723 4700 2805 4736 σοι
2845 4686 3140 4759 πέμπομεν
3172 4692 3273 4764 τήν
3303 4695 3523 4750 ἐπιστο-

1919 4769 2036 4841 λήν.
2056 4771 2119 4825 Εἰ
2145 4776 2255 4844 γὰρ
2277 4776 2368 4827 καὶ
2397 4775 2494 4846 τὴν
2525 4780 2817 4848 τυραννίδα
2848 4785 3229 4857 κατελύσαμεν
3262 4789 3366 4860 τῆς
3388 4792 3521 4846 ἀθυ-

1923 4871 2071 4941 μίας,
2111 4873 2204 4926 καὶ
2237 4873 2336 4944 τήν
2374 4875 2672 4944 ἀκρόπολιν
2714 4882 2918 4953 ταύτης
2955 4889 3385 4960 κατεσκάψαμεν
3429 4894 3522 4948 δια

1918 4968 2026 5022 τῶν
2063 4968 2372 5040 ἔμπροσθεν
2407 4977 2753 5045 γραμμάτων
2774 4996 2787 5008 ·
2822 4981 2940 5034 ἀλλ’
2969 4984 3119 5054 ὅμως
3157 4988 3364 5059 πολλῆς
3398 4992 3517 5045 ἐστι

1918 5065 2078 5136 χρεία
2110 5067 2187 5136 τῷ
2215 5069 2361 5140 λόγῳ
2407 5071 2510 5141 τῆς
2535 5075 2884 5146 προσεδρίας,
2927 5081 3015 5134 ἵνα
3045 5100 3126 5136 σοι
3159 5087 3252 5138 καὶ
3289 5086 3517 5155 βαθεῖαν

1918 5163 2218 5233 ἐργάσηται
2241 5166 2338 5234 τὴν
2377 5170 2618 5238 εἰρήνην,
2642 5174 2734 5225 καὶ
2767 5175 2866 5245 τὴν
2901 5180 3122 5250 μνήμην
3158 5183 3376 5238 πάντων
3405 5187 3516 5240 τῶν

1917 5258 1975 5324 ἐξ
2008 5260 2223 5330 ἐκείνης
2252 5265 2558 5333 γενομένων
2593 5267 2925 5340 ἐξαλείψασα
2948 5272 2974 5312 ά
3006 5275 3273 5348 θορύϐων,
3309 5280 3514 5354 λευκήν

1918 5373 1998 5409 σοι
2026 5359 2120 5411 καὶ
2145 5361 2352 5428 παγίαν
2374 5363 2521 5435 δείξῃ
2558 5368 2822 5440 γαλήνην,
2846 5376 2939 5428 καί
2973 5377 3031 5428 ὲν
3055 5377 3223 5451 πολλῇ
3254 5399 3313 5435 σε
3340 5399 3513 5438 κατα·

1915 5457 2090 5526 στήσῃ
2130 5460 2194 5528 τῇ
2236 5460 2491 5534 εὐθυμία.
2527 5465 2698 5520 Τοῦτο
2727 5470 2835 5541 γάρ
2868 5473 2999 5544 ήμῖν
3034 5477 3094 5528 τὸ
3143 5479 3511 5552 σπουδαζόμε-

1913 5570 2023 5618 νον,
2057 5557 2156 5610 οὐκ
2188 5557 2430 5628 ἀθυμίας
2464 5579 2522 5615 σε
2554 5564 2864 5631 ἀπαλλάξαι
2902 5571 3083 5640 μόνον,
3122 5577 3258 5630 ἀλλά
3288 5582 3383 5633 καὶ
3415 5584 3511 5635 εὐο

1912 5652 2188 5722 φροσύνης
2233 5656 2510 5726 ἐμπλῆσαι
2555 5660 2756 5732 πολλῆς
2791 5667 2884 5720 καὶ
2922 5667 3223 5740 διηνεκοῦς.
3272 5678 3510 5733 Δυνατὸν

1909 5749 2018 5819 γὰρ
2047 5749 2142 5802 ἐὰν
2173 5749 2357 5823 θέλῃς.
2380 5754 2454 5808 Οὐ
2485 5758 2594 5828 γὰρ
2621 5761 2680 5811 ἐν
2713 5764 2826 5826 τοῖς
2850 5763 3126 5838 ἀκινήτοις
3159 5771 3257 5842 τῆς
3287 5773 3507 5842 φύσεως

1972 5902 1998 5942 ἀ
2024 5902 2106 5953 Sic
2129 5917 2246 5961 mu.
2270 5907 2399 5961 Edlli
2423 5911 2684 5978 ίεαλείψας,
2709 5920 2856 5971 male.
