4172 6492
268 453 374 510 573

273 581 483 630 sumus.
515 566 614 622 sed
662 566 715 623 in
744 565 927 622 liberis
953 560 1242 619 voluntatis
1265 557 1709 633 cogitationibus,
1736 566 1871 626 quas

272 667 504 712 tractare
524 672 590 713 ac
620 657 887 713 moderari
916 654 1069 710 nobis
1098 652 1254 709 facile
1279 662 1367 707 est
1386 687 1404 717 ,
1433 648 1681 705 alacritas
1704 645 1871 701 animi

269 749 538 804 comistit.
563 753 744 819 Atque
772 750 882 817 ipsa
908 747 1033 811 scis,
1066 744 1112 799 si
1154 741 1317 798 modo
1354 737 1667 803 meministi,
1698 735 1866 806 pluri-

266 856 391 895 mos
418 854 483 895 ac
509 841 699 911 longos
732 840 798 894 de
824 838 905 893 bis
932 838 1091 892 rebus
1119 850 1290 905 nuper
1315 833 1442 905 (nec
1476 830 1621 887 enim
1662 827 1870 883 diutur-

266 948 399 986 num
427 940 641 1004 tempus
691 932 892 986 interea
946 927 1116 998 ﬂuxit)
1143 940 1422 983 sermones
1466 938 1498 978 ι
1526 920 1681 978 nobis
1727 933 1862 977 con-

263 1036 519 1097 sumptos
548 1025 712 1080 fuisse
740 1041 754 1077 :
786 1036 909 1077 cum
936 1021 1140 1077 scilicet
1162 1017 1416 1074 historias
1441 1013 1673 1070 subinde
1711 1011 1866 1069 colli-

261 1132 454 1187 gerem
478 1128 641 1188 atque
666 1117 720 1170 in
750 1113 983 1170 medium
1004 1109 1324 1185 proferrem.
1364 1107 1482 1163 Non
1508 1105 1651 1164 enim
1680 1104 1866 1161 tamin

264 1222 459 1263 rerum
510 1217 720 1275 natura,
774 1221 934 1277 quam
967 1205 1024 1261 in
1068 1202 1346 1259 hominum
1390 1199 1666 1257 voluntate
1705 1206 1867 1268 atque

258 1301 538 1356 sententia
567 1297 925 1369 tranquillitas
949 1294 1113 1350 animi
1139 1294 1241 1348 sita
1266 1298 1368 1347 est.
1400 1290 1668 1359 Quoniam
1700 1287 1864 1359 igitur

253 1390 387 1446 haec
415 1391 488 1446 ita
516 1404 577 1446 se
609 1389 844 1455 habent,
894 1401 957 1442 ac
983 1384 1138 1441 multi
1190 1382 1381 1453 opibus
1430 1378 1866 1438 circumﬂuentes

253 1483 432 1537 vitam
458 1482 707 1538 acerbam
738 1494 860 1537 esse
885 1480 1175 1545 duxerunt,
1211 1475 1366 1532 multi
1393 1481 1580 1531 contra
1609 1473 1663 1529 in
1686 1481 1865 1528 extre-

252 1589 354 1629 ma
408 1582 723 1644 paupertate
769 1579 1047 1628 versantes
1098 1567 1423 1623 curriculum
1470 1566 1594 1620 vita:
1620 1565 1860 1621 omnium

260 1664 720 1735 tranquillissime
746 1662 1128 1726 confecerunt;
1156 1668 1316 1730 atque
1339 1658 1427 1713 alii
1451 1655 1666 1729 quidem
1696 1656 1861 1712 satel-

248 1755 404 1825 litio,
434 1757 601 1827 gloria
629 1764 683 1812 et
710 1755 913 1810 honore
933 1752 1189 1815 fruentes,
1222 1753 1382 1805 vitam
1405 1764 1557 1805 suam
1574 1747 1707 1803 diris
1731 1762 1860 1819 per-

252 1861 416 1917 sspe
445 1846 817 1912 devoverant,
872 1843 961 1898 alii
990 1852 1169 1897 autem
1198 1840 1411 1897 obscuri
1440 1848 1600 1911 atque
1625 1838 1861 1894 obscuro

247 1957 464 2013 genere
484 1944 615 2010 nati,
642 1940 996 2010 omnibusque
1019 1938 1202 2011 ignoti,
1234 1936 1415 1992 multis
1442 1949 1562 1991 sese
1590 1932 1859 1991 beatiores

248 2047 388 2087 esse
415 2040 777 2096 censuerunt;
807 2045 981 2099 neque
1028 2031 1172 2085 enim
1201 2037 1309 2083 tam
1338 2028 1392 2081 in
1422 2040 1603 2081 rerum
1632 2033 1821 2080 natura
1839 2065 1854 2091 ,

246 2141 421 2196 quam
448 2126 506 2180 in
543 2126 817 2180 hominum
850 2133 1030 2180 mente
1054 2138 1117 2179 ac
1160 2122 1365 2193 judicio
1403 2121 1577 2192 posita
1603 2127 1688 2176 est
1712 2128 1858 2174 tran-

244 2217 495 2288 quillitas
525 2217 656 2289 (non
678 2219 819 2273 enim
845 2218 988 2273 istud
1014 2217 1227 2272 assidue
1246 2215 1518 2272 inculcare
1536 2213 1800 2283 desinam)
1836 2230 1854 2269 :

246 2323 394 2364 cave
422 2310 660 2364 animum
684 2309 923 2379 dejicias,
946 2324 1133 2364 verum
1166 2318 1217 2364 te
1252 2307 1428 2363 excita
1461 2313 1625 2377 atque
1655 2305 1803 2375 erige
1833 2343 1853 2373 ,

252 2414 593 2470 insanumque
636 2400 873 2455 sermoni
922 2408 1107 2455 nostro
1146 2400 1401 2470 porrige,
1437 2413 1499 2454 ac
1539 2396 1853 2468 praeclaram

244 2488 397 2546 hanc
420 2491 575 2546 nobis
601 2505 758 2562 opem
784 2492 983 2563 praebe,
1014 2501 1071 2547 ut
1088 2501 1141 2548 te
1160 2508 1227 2549 ex
1238 2491 1441 2569 acerba
1468 2490 1853 2563 cogitationum

240 2580 565 2649 captivitate
612 2596 833 2651 prorsus
861 2584 1224 2638 extrahamus.
1260 2581 1394 2637 Nam
1425 2581 1525 2636 nisi
1575 2582 1689 2651 ipsa
1735 2588 1853 2636 tan-

246 2681 371 2726 tum
424 2674 583 2727 studii
626 2673 884 2730 adhibere
914 2674 1148 2730 volueris
1170 2714 1188 2741 ,
1214 2682 1470 2744 quantum
1500 2687 1600 2728 nos
1627 2672 1851 2729 adbibe—

245 2778 400 2831 suus,
445 2766 643 2820 nullam
684 2766 840 2821 nobis
889 2766 1096 2821 curatio
1140 2766 1424 2821 utilitatem
1476 2764 1702 2819 allatura
1744 2774 1849 2820 est.

241 2856 393 2925 Quid
413 2868 592 2914 autem
618 2857 834 2926 mirum,
866 2860 911 2915 si
940 2859 1043 2915 hoc
1072 2858 1129 2914 in
1172 2857 1329 2914 nobis
1355 2857 1671 2929 contingat?
1714 2856 1849 2913 Nam

240 2949 435 3015 etiam,
463 2966 583 3005 cum
614 2967 794 3007 rerum
824 2954 1062 3008 omnium
1115 2963 1417 3023 praepotens
1464 2953 1604 3009 Deus
1649 2952 1849 3025 aliquid

240 3051 435 3095 monet
461 3057 524 3097 ac
552 3043 760 3111 suadet,
791 3054 951 3115 atque
985 3044 1200 3100 auditor
1224 3046 1389 3116 ipsius
1411 3046 1590 3101 verbis
1626 3046 1850 3103 minime

242 3133 623 3204 obtemperat,
658 3136 792 3191 nihil
834 3137 977 3192 aliud
1006 3138 1131 3192 hinc
1174 3140 1395 3205 evenit,
1424 3152 1583 3208 quam
1610 3138 1757 3209 quod
1794 3138 1847 3194 id

244 3225 514 3293 majorem
559 3227 607 3281 ei
662 3243 874 3297 penam
919 3230 1196 3295 accersit,
1246 3230 1335 3300 qui
1366 3230 1513 3285 dioto
1541 3230 1847 3288 audientem

242 3330 358 3369 sum
386 3332 445 3370 se
470 3318 717 3387 prmbuit.
744 3320 896 3385 Quod
927 3322 1091 3377 etiam
1121 3320 1369 3377 Christus
1395 3321 1480 3377 his
1502 3322 1682 3378 verbis
1709 3322 1848 3379 indi-

239 3408 439 3459 saliat:
470 3406 589 3462 Nisi
614 3410 859 3464 sarisam
879 3420 925 3465 et
945 3411 1182 3482 loquutus
1204 3413 1411 3485 fuissem
1437 3414 1508 3467 eis
1526 3455 1543 3480 ,
1584 3423 1848 3484 peccatum

241 3512 354 3550 non
374 3497 615 3552 haberent
650 3514 670 3553 :
693 3516 830 3554 nunc
860 3512 1031 3555 autem
1058 3504 1434 3558 excusationem
1454 3519 1553 3558 non
1578 3505 1762 3559 habent
1784 3506 1849 3561 de

239 3599 454 3658 peccato
483 3605 576 3643 suo
600 3589 778 3664 (Joan.
814 3591 900 3647 l5.
932 3591 1048 3665 εξ).
1076 3590 1158 3649 0b
1205 3608 1431 3665 eamque
1460 3609 1677 3650 causam
1722 3611 1845 3651 cum

238 3679 545 3737 Jerusalem
586 3682 689 3738 hoc
738 3685 856 3754 ipso
882 3686 1102 3742 nomine
1128 3686 1335 3758 lugeret
1355 3729 1371 3753 ,
1400 3687 1485 3744 his
1510 3689 1692 3745 verbis
1731 3701 1846 3746 ute-

239 3775 405 3829 batur
433 3791 447 3829 :
479 3774 788 3844 Jerusalem,
809 3778 1119 3848 Jerusalem,
1144 3796 1258 3851 quae
1272 3781 1460 3836 occidis
1478 3783 1774 3853 prophetas,
1800 3793 1846 3838 et

238 3870 450 3938 lepidas
476 3886 560 3925 eos
584 3871 674 3942 qui
717 3872 785 3925 ad
813 3882 861 3927 te
884 3872 1025 3927 missi
1053 3884 1194 3941 sunt,
1223 3875 1417 3943 quoties
1460 3876 1598 3929 volui
1634 3892 1848 3947 congre-

242 3976 373 4032 gare
400 3962 537 4030 ﬁlios
564 3974 772 4041 uestras,
801 3974 848 4019 et
865 3964 1099 4019 noluistis
1121 3966 1146 4019 .9
1171 3964 1306 4020 Ecce
1329 3966 1639 4037 relinquetur
1661 3968 1844 4022 domus

238 4063 410 4108 uestra
435 4054 637 4109 deserta
684 4055 895 4126 (Matth.
924 4055 1017 4111 2'5.
1049 4056 1139 4112 57.
1162 4057 1275 4126 58).

312 4148 371 4201 2.
400 4147 646 4218 Aﬁlictam
673 4151 1000 4215 consolatur;
1040 4152 1267 4204 maeroris
1307 4162 1542 4205 naturam
1582 4152 1843 4222 explicat;

236 4254 429 4294 mserer
445 4239 568 4294 Ere
586 4256 753 4309 pene.
777 4241 1275 4312 -—lla=.cigiturcum
1301 4242 1392 4297 tibi
1410 4253 1686 4312 perspecta
1713 4244 1841 4310 sint,

235 4330 465 4385 domina
495 4346 614 4386 mea
636 4332 1061 4404 religiosissima,
1085 4332 1291 4400 labora,
1321 4334 1519 4404 tibique
1551 4335 1657 4389 vim
1689 4336 1841 4390 adhi-

237 4424 330 4488 be,
359 4435 519 4495 atque
539 4439 727 4480 eorum
746 4440 864 4495 qua
880 4440 910 4479 a
928 4426 1082 4481 nobis
1112 4437 1531 4482 commemorata
1563 4438 1709 4498 sunt,
1738 4445 1842 4500 ope

234 4529 305 4569 ac
334 4514 577 4571 subsidio
602 4516 827 4582 munita,
854 4515 907 4571 in
950 4515 1004 4571 id
1034 4518 1262 4583 enitere,
1292 4527 1349 4571 ut
1368 4519 1718 4588 cogitationes
1748 4538 1841 4577 eas

236 4619 365 4673 qua:
396 4605 745 4675 perturbant,
766 4621 831 4662 ac
857 4615 1032 4663 tantos
1074 4618 1253 4665 motus
1281 4619 1588 4679 tantamque
1629 4621 1837 4683 tempe-

232 4706 436 4752 statem
464 4698 628 4765 cient,
657 4714 851 4770 magno
871 4715 993 4755 cum
1025 4700 1221 4771 impetu
1244 4704 1498 4758 extrudas
1526 4719 1589 4759 ac
1618 4708 1837 4775 propul-

233 4804 354 4845 ses.
379 4789 575 4845 Verum
601 4791 730 4862 quin
774 4793 827 4847 id
858 4793 1079 4858 factura,
1113 4796 1450 4867 consilioque
1482 4808 1666 4853 nostro
1697 4800 1839 4868 pari-

236 4892 362 4937 tura
388 4882 497 4949 sis,
533 4884 732 4939 nemini
760 4883 1112 4941 dubitandum
1143 4900 1263 4942 esse
1292 4888 1544 4943 arbitror.
1575 4888 1692 4944 lam
1742 4890 1836 4945 tibi

230 4971 470 5047 gladios,
500 4974 707 5039 hastas,
735 4990 893 5031 arcus
920 4986 975 5031 et
998 4977 1238 5049 sagittas,
1273 4978 1567 5046 thoracem,
1590 4982 1837 5052 clypeum

230 5074 293 5123 et
345 5064 546 5121 tibialia
593 5080 963 5136 comparemus
1012 5077 1223 5138 oportet
1251 5086 1266 5124 :
1294 5086 1399 5140 quo
1431 5073 1622 5140 partim
1669 5072 1754 5127 his
1785 5082 1836 5128 te

226 5157 475 5223 tnunias,
504 5155 693 5226 partim
722 5172 835 5221 eas,
877 5162 995 5227 qua:
1026 5168 1080 5213 te
1109 5160 1510 5229 perturbatione
1536 5162 1777 5217 alliciunt
1813 5204 1827 5225 ,

225 5246 595 5317 cogitationes
616 5255 946 5317 prosternas,
968 5257 1128 5318 atque
1152 5248 1440 5304 obtrunces
1460 5260 1513 5306 et
1534 5251 1831 5309 interimas.

232 5338 523 5397 Undenam
552 5340 712 5409 igitur
740 5339 1014 5395 machinas
1046 5343 1176 5396 istas
1207 5356 1269 5396 ac
1318 5341 1508 5397 fundas
1535 5343 1628 5397 tibi
1663 5346 1833 5399 conli-

226 5432 449 5489 ciemus
466 5468 479 5489 ,
514 5439 571 5484 ut
597 5446 663 5486 ne
690 5430 871 5485 hostes
897 5431 1110 5502 quidem
1143 5432 1365 5502 propius
1383 5432 1642 5490 accedere
1663 5437 1829 5504 sinas,

228 5537 426 5578 verum
452 5536 546 5577 eos
572 5536 729 5591 quam
758 5523 1061 5592 longissime
1087 5537 1150 5577 ac
1176 5524 1321 5577 nullo
1372 5525 1586 5593 negotio
1614 5526 1834 5580 submo-

226 5614 405 5671 ηυδθῖ
438 5613 522 5669 Ab
543 5614 661 5683 ipso
687 5628 918 5669 maerore
946 5631 959 5667 :
988 5614 1237 5668 nimirum
1266 5614 1310 5669 si
1341 5616 1408 5669 de
1442 5631 1506 5669 eo
1545 5632 1652 5671 non
1699 5619 1829 5673 nihil

226 5707 571 5763 disseramus
590 5745 605 5771 ,
650 5718 915 5775 quamque
941 5705 1118 5776 gravis
1144 5720 1207 5760 ac
1236 5705 1456 5761 molesta
1481 5723 1568 5762 res
1599 5710 1687 5775 sit,
1738 5710 1804 5766 dc

226 5808 623 5856 monstremus.
655 5796 851 5852 διατι-ον
911 5798 1018 5852 nim
1046 5812 1208 5869 grave
1254 5798 1554 5854 animorum
1586 5810 1826 5858 tarmen.

222 5894 340 5941 tum
368 5894 473 5955 est,
510 5888 664 5947 dolor
695 5904 904 5947 omnem
924 5893 1193 5949 sermonis
1251 5890 1354 5947 vim
1410 5893 1712 5964 excedens,
1768 5910 1830 5951 ac

1732 436 2106 497 εῐιιετοιμε.

3474 441 3586 498 5-7-3

1978 550 2297 621 supplicium
2322 552 2468 607 omni
2498 550 2760 623 supplicio
2809 561 2862 607 ct
2909 552 3148 608 erm-iatn
3187 552 3451 609 acerbius.
3492 555 3580 611 Si.

1977 642 2194 713 quidem
2239 641 2552 713 pestiferum
2595 658 2834 699 vermem
2879 643 3151 708 imitatur,
3204 660 3311 699 non
3359 659 3581 702 carnem

1977 733 2276 804 dumtaxat,
2308 736 2406 792 sed
2432 738 2595 794 etiam
2618 736 2853 793 animam
2879 740 3248 810 perstringens
3278 757 3292 795 :
3320 755 3384 795 ac
3435 740 3586 797 tinea

1976 837 2062 886 est
2084 870 2100 895 ,
2131 844 2237 887 non
2264 831 2467 887 ossium
2523 839 2759 909 tantum.
2796 848 2982 888 verum
3034 833 3197 889 etiam
3247 834 3442 889 mentis
3476 851 3491 891 :
3523 846 3589 891 et-

1975 932 2269 993 perpetuus
2297 922 2559 989 carnifex,
2592 939 2700 978 non
2733 924 2874 979 latus
2899 924 3140 991 fodiens,
3190 941 3379 981 verum
3408 926 3581 981 animi

1974 1011 2117 1068 vires
2142 1010 2471 1069 labefactans
2490 1022 2589 1069 :ret
2611 1024 2869 1085 perpetua
2890 1030 3022 1079 nox,
3052 1024 3107 1071 et
3132 1025 3287 1073 tetra:
3314 1017 3578 1086 tenebrae,

1974 1110 2031 1159 et
2084 1112 2375 1176 tempestas
2404 1120 2469 1160 sc
2498 1107 2734 1177 procella
2754 1149 2771 1175 ,
2799 1116 2855 1162 et
2900 1107 3136 1164 obscura
3166 1107 3354 1173 febris,
3385 1111 3579 1181 quavis

1972 1191 2191 1250 ﬂamma
2219 1195 2594 1254 vehementius
2627 1213 2861 1255 exurens
2886 1218 2900 1254 :
2929 1208 2984 1255 et
3008 1201 3209 1256 bellum
3235 1202 3573 1258 induoiarum

1971 1302 2169 1359 expers
2197 1307 2211 1344 :
2240 1300 2296 1346 et
2345 1291 2589 1357 morbus,
2617 1307 2801 1348 rerum
2833 1307 3018 1349 earum
3040 1336 3057 1362 ,
3102 1310 3224 1365 quae
3255 1296 3429 1352 oculis
3454 1312 3577 1352 cer-

1972 1386 2192 1446 nuntur,
2225 1392 2567 1453 prospectum
2601 1399 2791 1456 magna
2819 1399 2885 1442 ex
2913 1394 3067 1457 parte
3091 1386 3412 1459 impediens.
3435 1388 3573 1444 Nam

1970 1479 2025 1525 et
2050 1470 2169 1536 sol,
2194 1480 2249 1527 et
2275 1469 2465 1543 liquidi
2492 1474 2649 1545 huius
2669 1476 2813 1531 aeris
2843 1486 3034 1531 natura
3060 1478 3145 1543 iis,
3175 1479 3267 1549 qui
3297 1484 3367 1534 ita
3390 1479 3575 1537 οπρειί

1969 1572 2115 1629 sunt,
2146 1561 2447 1619 molestiam
2490 1566 2746 1623 exhibere
2799 1568 3048 1633 videtur,
3100 1581 3262 1640 atque
3316 1572 3368 1627 in
3410 1573 3577 1629 meris

1967 1650 2123 1707 diana
2150 1652 2268 1710 luce
2290 1654 2611 1725 profundam
2634 1666 2845 1714 noctem
2864 1658 3079 1714 imitari.
3112 1661 3294 1731 anue
3320 1664 3388 1719 de
3407 1678 3573 1718 causa
3594 1710 3597 1711 ν

1968 1741 2198 1799 eximius
2224 1745 2315 1802 ille
2340 1746 2603 1817 propheta
2639 1736 2873 1814 dicebat,
2906 1749 3117 1806 Occidet
3147 1752 3249 1805 illis
3274 1754 3355 1808 sol
3382 1754 3434 1808 in
3462 1770 3573 1809 nte-

1964 1834 2095 1889 ridie
2128 1836 2305 1908 (Amos
2332 1838 2388 1894 8.
2420 1838 2495 1906 9)
2528 1857 2542 1895 :
2574 1857 2681 1897 non
2709 1842 2852 1912 quod
2896 1843 3047 1898 sidus
3089 1844 3221 1899 illud
3252 1845 3573 1914 delitescat,

1964 1934 2058 1981 aut
2085 1940 2373 1985 consuetus
2402 1930 2573 2001 ipsius
2615 1947 2805 1988 cursus
2830 1934 3251 2005 interrumpatur
3270 1954 3283 1991 ε
3304 1938 3398 1993 sed
3425 1939 3575 2010 quod

1964 2028 2160 2076 Incesta
2187 2036 2251 2077 ac
2277 2024 2527 2079 manenti
2557 2025 2740 2081 animo
2765 2025 3069 2083 clarissimo
3100 2028 3189 2086 die
3218 2032 3398 2087 noctis
3440 2048 3573 2104 spe-

1962 2110 2077 2166 cies
2102 2126 2224 2167 sese
2252 2111 2492 2182 objiciet.
2516 2114 2703 2187 Neque
2731 2119 2874 2173 enim
2923 2128 3087 2176 tanta:
3115 2123 3289 2178 noctis
3331 2126 3570 2181 tenebrae

1962 2211 2111 2271 sunt,
2148 2214 2350 2275 quanta
2374 2210 2626 2265 mmroris
2652 2226 2757 2266 nox
2791 2223 2873 2267 est
2904 2230 2919 2267 :
2954 2228 3059 2269 non
3091 2215 3311 2286 quidem
3344 2217 3436 2272 illa
3468 2233 3573 2273 na-

1964 2302 2098 2349 tura:
2141 2295 2260 2367 lege
2299 2299 2566 2355 accedens
2591 2343 2609 2368 ,
2638 2317 2821 2358 verum
2878 2318 2975 2376 per
3014 2306 3238 2363 rationis
3279 2324 3343 2363 ac
3369 2312 3572 2366 mentis

1960 2386 2397 2445 obscurationem
2427 2391 2652 2449 conflata
2682 2410 2695 2449 :
2720 2393 2993 2452 horrenda
3022 2412 3156 2455 sane
3209 2408 3375 2471 atque
3414 2403 3561 2456 intn-

1958 2478 2176 2535 leranda
2196 2522 2213 2551 ,
2242 2485 2606 2541 truculentum
2628 2487 2833 2542 vultum
2858 2488 3088 2558 habens,
3106 2493 3295 2562 quovis
3334 2501 3568 2565 tyranno

1959 2572 2254 2643 crudelior,
2292 2575 2495 2633 nemini
2523 2592 2711 2634 eorum
2733 2622 2751 2648 ,
2782 2582 2873 2651 qui
2905 2597 3025 2637 eam
3055 2582 3328 2642 discutere
3355 2600 3564 2642 conan-

1958 2672 2067 2732 tur,
2090 2664 2247 2724 facile
2284 2669 2506 2736 cedens,
2538 2685 2724 2727 verum
2754 2673 2991 2730 animam
3015 2690 3157 2742 eam,
3183 2692 3345 2749 quam
3386 2682 3566 2735 corri-

1958 2758 2111 2824 puit,
2168 2757 2455 2817 adamante
2498 2761 2705 2819 firmius
2744 2764 3063 2837 plerumque
3111 2768 3374 2837 retinens,
3433 2787 3567 2827 cum.

1957 2848 2207 2906 videlicet
2224 2867 2289 2907 ea
2315 2868 2424 2910 non
2454 2856 2685 2912 multum
2726 2858 3007 2927 sapientia:
3045 2859 3314 2916 adhibuit.

2028 2941 2085 2996 5.
2114 2942 2255 3011 Quid
2304 2954 2483 3002 autem
2507 2948 2666 3019 leuga
2692 2950 2937 3005 oratione
2985 2966 3121 3021 opus
3148 2961 3253 3021 est,
3303 2964 3362 3009 ut
3388 2954 3456 3010 dc
3496 2971 3564 3012 eo

1956 3032 2072 3103 ipse
2095 3038 2439 3103 pronuntiem
2467 3081 2483 3106 ,
2510 3054 2633 3095 cum
2663 3040 2731 3096 ad
2779 3056 2901 3111 eos,
2943 3044 3036 3114 qui
3079 3046 3172 3100 illo
3200 3047 3343 3116 capti
3393 3058 3559 3116 sunt,

1957 3125 2165 3194 venire,
2210 3137 2374 3199 atque
2421 3130 2551 3187 hinc
2576 3134 2885 3191 universam
2916 3136 3085 3206 ipsius
3109 3137 3217 3193 vim
3250 3140 3566 3211 perspicere

1957 3216 2116 3273 liceat
2141 3220 2165 3274 ?
2196 3219 2309 3276 Iino
2337 3237 2469 3280 vero
2497 3225 2678 3294 liceat,
2707 3226 2752 3281 si
2783 3227 2961 3295 lubet,
2994 3244 3114 3284 eam
3146 3230 3365 3288 aliunde
3413 3235 3565 3303 prius

1954 3309 2414 3370 demonstremus.
2440 3315 2575 3372 Nam
2601 3333 2726 3372 cum
2757 3319 2995 3376 Adamus
3023 3336 3186 3393 grave
3211 3322 3339 3378 illud
3368 3338 3569 3394 pecca-

1955 3409 2066 3457 tum
2097 3403 2446 3473 admisisset,
2479 3417 2640 3478 atque
2669 3424 2956 3468 commune
2997 3413 3274 3469 hominum
3319 3418 3565 3473 omnium

1953 3510 2123 3565 genus
2148 3497 2583 3566 condemnasset,
2609 3502 2793 3559 labore
2833 3512 2947 3559 tum
2975 3504 3264 3562 mulctatus
3289 3517 3375 3563 est
3406 3506 3561 3581 (Gen.

1954 3588 2010 3659 5)
2037 3604 2053 3654 ;
2084 3605 2145 3645 ea
2200 3602 2378 3647 autem
2401 3634 2414 3657 ,
2443 3608 2564 3664 quae
2592 3598 2810 3664 gravius
2846 3609 3201 3667 peccaverat,
3234 3610 3288 3655 et
3336 3602 3559 3671 quidem

1955 3695 2125 3752 usque
2156 3696 2223 3737 eo
2248 3685 2485 3754 gravius,
2520 3694 2577 3739 ut
2599 3686 2742 3742 illius
2770 3698 3072 3758 peccatum,
3100 3706 3223 3748 cum
3251 3693 3409 3763 hujus
3431 3710 3561 3765 pec-

1952 3780 2075 3827 cato
2117 3773 2371 3830 collatum
2399 3816 2413 3841 ,
2471 3792 2541 3832 ne
2570 3787 2853 3847 peccatum
2904 3780 3121 3851 quidem
3176 3784 3555 3841 exiStimetur:

1952 3864 2119 3918 Adam
2144 3866 2286 3921 enim
2310 3906 2325 3933 ,
2365 3869 2537 3939 inquit
2569 3868 2871 3940 Scriptura,
2917 3889 3019 3926 non
3056 3884 3130 3927 est
3160 3874 3398 3930 seductus
3426 3917 3440 3941 ,
3470 3880 3561 3931 sed

1952 3960 2135 4012 mulier
2161 3960 2368 4014 seducta
2402 3962 2455 4015 in
2495 3964 2909 4033 praevaricatione
2938 3966 3034 4037 fuit
3064 3966 3141 4037 (1.
3168 3965 3300 4021 Tim.
3332 3968 3385 4023 2.
3417 3970 3507 4040 id)
3543 3989 3557 4025 :

1954 4049 2101 4118 haec,
2137 4052 2357 4122 inquam
2386 4095 2400 4119 ,
2438 4070 2558 4125 quae
2610 4056 2837 4127 decepta
2894 4058 3105 4127 fuerat,
3135 4076 3199 4116 ac
3240 4062 3334 4118 Dei
3386 4063 3560 4135 legem

1953 4140 2266 4210 violaverat,
2299 4154 2459 4215 atque
2490 4154 2547 4200 et
2572 4146 2694 4212 sibi,
2726 4157 2781 4202 et
2808 4149 3001 4204 marito
3036 4161 3359 4208 venenatum
3390 4168 3561 4225 pocu-

1953 4232 2060 4286 lum
2092 4243 2504 4304 temperaverat,
2547 4238 2797 4308 ampliori
2826 4242 3049 4295 mcerori
3079 4244 3370 4313 addicitur,
3414 4249 3558 4317 quod

1952 4325 2204 4381 videlicet
2256 4328 2344 4383 ille
2374 4330 2633 4400 majorem
2673 4331 2740 4385 ad
2784 4334 3136 4403 premendum
3168 4337 3278 4392 vim
3317 4339 3511 4396 habeat
3542 4384 3558 4406 ,

1950 4433 2108 4486 quam
2162 4419 2331 4475 labor.
2374 4419 2727 4491 Multiplicans
2756 4425 2901 4478 enim
2928 4466 2944 4490 ,
2974 4426 3165 4496 inquit,
3198 4430 3555 4501 multiplicabo

1950 4510 2151 4589 dolores
2181 4522 2316 4579 tuos,
2340 4522 2389 4567 et
2432 4517 2673 4585 gemitum
2701 4525 2867 4573 tuum.
2903 4516 2967 4573 In
2997 4519 3261 4577 doloribus
3290 4526 3460 4594 paries
3491 4528 3557 4595 ﬁ-

1949 4601 2045 4655 lios
2072 4601 2227 4672 (Gen.
2255 4605 2309 4659 5.
2342 4606 2457 4675 16).
2490 4606 2761 4677 Nusquam
2790 4608 2877 4665 hic
2900 4610 3071 4677 labor,
3102 4630 3365 4686 nusquam
3389 4618 3557 4675 sudor

1948 4704 2005 4749 et
2024 4711 2261 4750 mrumna
2291 4714 2303 4751 :
2336 4713 2525 4753 verum
2563 4700 2815 4755 mmstitia
2846 4705 3181 4775 etgemitus,
3212 4716 3378 4778 atque
3426 4709 3553 4765 hinc

1949 4802 2176 4843 nascens
2193 4791 2484 4858 cruciatus,
2514 4801 2796 4848 sescentas
2820 4805 3023 4851 mortes
3068 4797 3392 4867 adsequans,
3437 4802 3549 4858 imo

1948 4880 2108 4933 etiam
2146 4880 2302 4951 longe
2322 4883 2558 4951 gravior.

2019 4970 2189 5025 Morte
2208 4973 2337 5027 nihil
2360 4976 2562 5045 gravius
2581 4987 2669 5030 aut
2697 4977 2967 5030 terribilius
2996 4995 3103 5034 esse
3126 4981 3456 5039 demonstrat.
3479 5017 3549 5027 ——

1946 5064 2278 5137 Quamquam
2310 5069 2436 5139 quid
2478 5081 2649 5126 morte
2684 5071 2939 5142 gravius?
2965 5090 3144 5131 annon
3190 5075 3546 5133 humanorum

1946 5158 2209 5213 malorum
2235 5170 2393 5230 caput
2413 5162 2533 5217 est?
2553 5179 2731 5217 annon
2757 5178 2821 5219 ea
2848 5165 3115 5222 horrenda
3139 5175 3194 5223 et
3214 5168 3547 5224 intoleranda

1944 5249 2344 5322 innumerisque
2370 5253 2599 5310 luctibus
2619 5255 2776 5325 digna
2803 5272 2923 5314 esse
2948 5259 3156 5315 videtur
3176 5260 3198 5313 ?
3222 5276 3401 5315 annon
3426 5277 3546 5317 eam

1943 5343 2264 5398 atrocissimi
2304 5346 2525 5400 sceleris
2566 5362 2778 5417 pinnam
2809 5363 2931 5405 esse
2964 5349 3099 5405 dixit
3142 5351 3382 5406 Paulus?
3409 5351 3544 5407 Nam

1943 5448 2071 5499 cos,
2098 5436 2187 5504 qui
2217 5448 2563 5493 sacrosancta
2583 5441 2834 5511 mysteria
2868 5442 3081 5513 indigne
3107 5444 3404 5514 attingunt,
3434 5454 3545 5500 tre-

1942 5528 2257 5597 tnendaaque
2286 5544 2486 5584 mensas
2517 5532 2799 5601 participes
2828 5533 2982 5601 ﬁunt,
3012 5534 3149 5588 hanc
3176 5550 3387 5605 pugnam
3413 5552 3548 5606 pcn-

1941 5616 2071 5673 dere
2102 5619 2183 5673 his
2207 5620 2384 5677 verbis
2410 5624 2674 5677 asseruit:
2708 5622 2987 5694 Propterea
3014 5625 3144 5679 inter
3172 5642 3257 5680 vos
3282 5628 3429 5680 multi
3445 5628 3543 5681 im-

1943 5710 2141 5765 becilles
2167 5722 2214 5766 et
2244 5712 2455 5781 inﬁrmi,
2482 5725 2528 5769 et
2557 5715 2811 5769 dormiunt
2840 5718 2985 5770 multi
3008 5717 3024 5786 (
3051 5719 3102 5771 ι.
3133 5715 3250 5772 Cor.
3282 5719 3370 5774 11.
3405 5718 3474 5775 30
3494 5726 3536 5790 ).

1940 5804 2131 5859 Annon
2162 5805 2493 5876 legislatores
2513 5822 2702 5863 omnes
2731 5807 2831 5863 hoc
2856 5808 3120 5879 supplicio
3140 5824 3236 5865 eos
3255 5810 3536 5877 mulctant,

1938 5897 2029 5965 qui
2051 5898 2383 5957 atrocissima
2406 5902 2605 5958 scelera
2624 5895 2960 5958 counnhtunt
2975 5900 2999 5955 ἲ
3013 5916 3189 5959 annon
3209 5902 3369 5959 ctiam
3395 5903 3538 5958 Deus
