4172 6496
682 425 789 482 575

680 544 977 591 extremam
1009 530 1144 585 banc
1167 529 1218 584 in
1244 528 1359 597 lege
1383 538 1593 596 poenam
1625 523 1688 578 iis
1713 520 2005 583 constituit,
2027 519 2115 590 qui
2140 531 2249 572 ma-

678 624 796 695 gnis
824 621 1133 678 criminibus
1174 633 1292 675 sese
1320 614 1668 673 devinciunt?
1696 628 1873 669 annon
1914 611 2070 682 hujus
2107 618 2251 664 metu

680 715 973 783 patriarcha
996 711 1084 766 ille
1112 708 1441 781 perterritus,
1468 720 1533 761 eo
1559 704 1817 759 adductus
1834 714 1934 768 est,
1960 710 2034 765 ut,
2062 708 2249 755 natura

677 806 836 859 etiam
863 806 974 874 ipsa
1001 808 1246 872 superata
1270 840 1286 867 ,
1327 812 1543 853 uxorem
1579 810 1730 851 suam
1770 794 2058 850 barbarica:
2090 790 2248 847 lasci-

676 898 774 949 via:
791 937 805 957 ,
837 904 994 965 atque
1016 891 1338 964 [Egyptiacat
1364 886 1629 961 tyrannidi
1651 885 1903 950 dederet,
1931 893 2091 954 atque
2115 882 2251 938 bene

674 986 961 1057 petulantis
988 982 1222 1039 libidinis
1247 982 1475 1036 fabulam
1500 990 1554 1036 et
1589 980 1701 1050 ipse
1736 986 1964 1033 strueret
1987 1016 2005 1042 ,
2031 984 2086 1030 et
2112 979 2247 1033 uxo-

674 1095 809 1144 rem,
838 1088 893 1131 ut
917 1074 1297 1147 gravemhunc
1321 1082 1375 1128 et
1400 1071 1655 1143 tragicum
1680 1077 1884 1139 gestum
1909 1080 2093 1122 secum
2122 1078 2248 1135 age-

673 1182 774 1235 ret,
804 1167 1147 1224 obsecraret?
1186 1168 1363 1235 Atque
1400 1163 1534 1219 adeo
1578 1176 1646 1217 ne
1689 1157 1992 1229 bujusmodi
2033 1155 2245 1226 quidem

670 1274 940 1333 tamquam
970 1260 1194 1315 scenica:
1221 1255 1569 1313 simulationis
1587 1266 1800 1309 causam
1828 1249 2022 1306 alcrre
2046 1247 2248 1319 pudore

668 1356 969 1409 deterretur
998 1368 1011 1405 :
1044 1349 1159 1403 Erit
1181 1348 1323 1404 enim
1349 1387 1364 1412 ,
1392 1346 1598 1417 inquit,
1626 1358 1743 1401 cunt,
1764 1341 1979 1398 viderint
2006 1348 2054 1393 te
2076 1336 2247 1409 £93;-

669 1444 761 1513 ptii
778 1442 984 1512 egregia
1006 1439 1173 1494 forms
1196 1436 1489 1509 przditam,
1507 1444 1665 1503 atque
1684 1431 1834 1488 faciei
1857 1428 2247 1501 pulchritudine

664 1542 1032 1602 praestantem,
1057 1527 1357 1598 interﬁciant
1380 1542 1477 1591 me,
1507 1534 1555 1580 et
1582 1533 1629 1578 te
1655 1522 1939 1579 servabunt.
1965 1518 2064 1573 Dic
2093 1518 2248 1590 igitur

666 1622 801 1693 quod
821 1636 965 1677 soror
988 1635 1099 1673 nica
1121 1620 1220 1684 sis,
1247 1628 1302 1671 ut
1326 1617 1447 1671 bene
1471 1616 1537 1670 sit
1560 1614 1685 1669 milii
1712 1620 1915 1685 propter
1943 1620 2011 1677 te,
2041 1620 2088 1664 et
2115 1609 2247 1663 visat

668 1715 841 1768 anima
880 1728 993 1767 mea
1023 1711 1085 1765 ob
1118 1710 1333 1782 gratiam
1374 1709 1450 1763 tui
1477 1705 1631 1778 (Gen.
1660 1704 1746 1760 η.
1777 1702 1864 1760 ﬂ.
1896 1703 1964 1759 15
1987 1704 2029 1772 ).
2056 1700 2247 1756 Vidisti

667 1814 893 1872 metuet,
924 1803 1099 1858 vidisti
1133 1810 1439 1867 tremorem,
1467 1798 1734 1855 excelsum
1755 1796 1901 1851 illum
1927 1808 1991 1849 ac
2012 1792 2246 1864 philoso-

668 1898 887 1969 phicum
913 1896 1150 1951 animum
1175 1891 1541 1964 quatientem?
1566 1889 1741 1945 vidisti
1770 1887 2105 1943 adamantem
2138 1884 2246 1940 for-

669 1992 871 2047 midine
899 1988 1169 2045 fractum?
1198 1986 1380 2043 Genus
1405 1981 1679 2048 mentitur,
1713 1989 1873 2051 atque
1899 1978 2121 2034 alteram
2148 1989 2245 2047 pro

669 2084 837 2139 altera
866 2095 1148 2153 personam
1176 2078 1331 2134 uxori
1356 2092 1467 2132 suae
1495 2075 1758 2145 imponit,
1786 2085 2084 2144 agnamque
2107 2068 2245 2139 lupis

670 2175 723 2229 in
752 2172 983 2243 praedam
1007 2170 1224 2241 exponit
1250 2186 1264 2223 :
1294 2166 1542 2238 quodque
1568 2166 1695 2219 viris
1720 2163 1979 2219 malorum
2006 2160 2243 2216 omnium

669 2262 1070 2320 acerbissimum
1095 2270 1178 2317 est
1195 2302 1210 2326 ,
1234 2272 1425 2328 nempe
1447 2262 1842 2327 constupratam
1872 2267 2093 2308 uxorem
2123 2266 2243 2306 cer-

668 2372 800 2414 nere
824 2399 839 2424 ,
870 2355 979 2411 imo
1004 2354 1165 2409 etiam
1189 2352 1272 2407 vel
1300 2347 1554 2420 suspicari
1580 2386 1596 2415 ,
1626 2345 1728 2401 hoc
1750 2386 1764 2409 ,
1796 2354 1851 2401 et
1878 2343 2018 2415 quod
2060 2342 2157 2397 bac
2184 2357 2244 2397 re

668 2448 836 2503 multo
877 2444 1117 2502 acerbius
1142 2452 1224 2498 est
1252 2441 1389 2514 (non
1418 2439 1560 2494 enim
1599 2436 1831 2507 suspicio
1858 2441 2060 2489 tantum
2086 2443 2200 2489 erat
2224 2473 2241 2498 ,

667 2537 763 2595 sed
787 2546 1027 2607 stuprum
1048 2533 1221 2604 reipsa
1245 2528 1599 2599 tentahatur),
1625 2542 1731 2581 non
1753 2524 1911 2580 modo
1930 2524 2119 2591 cernit,
2146 2522 2244 2578 sed

667 2628 849 2692 etiam,
881 2634 939 2681 ut
965 2630 1316 2696 perpetretur,
1349 2620 1591 2675 laborat:
1624 2616 1782 2686 idque
1806 2615 1905 2686 ipsi
1934 2614 2049 2670 leve
2072 2628 2136 2669 ac
2163 2614 2242 2667 fe-

667 2717 890 2774 rendum
920 2716 1145 2772 videtur.
1175 2713 1383 2770 Etenim
1410 2709 1631 2767 adactus
1658 2707 1905 2763 affectum
1933 2706 2239 2776 superabat,

666 2823 881 2879 gravem
903 2805 1150 2861 nimirum
1175 2802 1413 2875 gravior,
1438 2814 1501 2856 ac
1524 2800 1711 2855 mortis
1731 2807 1904 2853 terror
1928 2796 2242 2866 zelotypiam

668 2898 933 2954 vincebat.
963 2896 1181 2966 Magnus
1206 2907 1416 2964 quoque
1447 2890 1536 2946 ille
1563 2889 1708 2945 Elias
1736 2888 1805 2944 ob
1829 2889 2015 2943 mortis
2046 2896 2243 2941 metum

669 2992 813 3046 solas
842 2987 1139 3044 libidinosa:
1160 3000 1224 3040 ac
1247 2983 1463 3039 nefariae
1488 2980 1724 3035 mulieris
1745 2979 1914 3033 minas
1939 2978 2161 3044 veritus,
2191 2976 2243 3031 in

671 3082 847 3151 fugam
873 3093 931 3134 se
958 3076 1217 3142 contulit,
1246 3088 1312 3130 ac
1337 3073 1509 3128 solum
1538 3071 1693 3127 vertit
1720 3070 1814 3141 (ὅ.
1844 3069 1972 3139 Reg.
2004 3068 2114 3139 l9)
2146 3087 2159 3123 :
2192 3076 2247 3123 et

669 3171 759 3241 qui
784 3169 970 3225 cadum
989 3166 1271 3232 clauserat,
1296 3172 1351 3220 et
1376 3171 1453 3219 tot
1478 3161 1727 3218 miracula
1757 3168 2010 3231 patrarat,
2042 3173 2246 3215 sermo-

666 3266 752 3318 nis
799 3272 1055 3317 terrorem
1095 3257 1313 3313 minime
1357 3256 1517 3311 tulit:
1548 3268 1730 3310 verum
1772 3252 2044 3308 excelsum
2095 3252 2240 3306 illum

668 3362 832 3424 atque
868 3350 933 3407 ad
960 3350 1119 3407 caelos
1154 3362 1321 3417 usque
1364 3345 1642 3401 sublimem
1689 3343 1923 3398 animum
1964 3357 2125 3412 pavor
2171 3341 2242 3397 ita

668 3445 913 3516 perculit,
958 3452 1017 3498 ut
1051 3452 1171 3513 post
1208 3441 1351 3497 illam
1396 3438 1637 3495 fiduciam
1659 3479 1673 3503 ,
1701 3445 1823 3507 post
1849 3444 2045 3491 tantam
2079 3437 2129 3490 in
2160 3435 2242 3490 lo-

668 3536 881 3607 quendo
900 3534 1215 3597 libertatem,
1235 3540 1355 3603 post
1375 3538 1575 3585 tantum
1602 3527 1809 3583 virtutis
1836 3526 2102 3597 specimen
2131 3525 2243 3583 edi-

668 3638 802 3692 tum,
835 3635 887 3680 et
916 3624 1162 3695 patriam,
1190 3631 1245 3677 et
1272 3631 1473 3676 tantum
1506 3618 1778 3689 populum,
1806 3616 1957 3687 cujus
1978 3631 2136 3672 causa
2168 3626 2245 3672 tot

670 3716 905 3787 pericula
932 3713 1102 3769 audax
1131 3713 1352 3777 adierat,
1383 3719 1603 3779 repente
1629 3708 1911 3778 linqueret,
1938 3716 1993 3762 et
2020 3707 2246 3777 quadra-

668 3812 813 3880 ginta
840 3808 1044 3863 dierum
1076 3806 1175 3862 iter
1204 3804 1350 3859 solus
1372 3802 1545 3857 obiret
1578 3809 1633 3857 et
1671 3800 1723 3855 in
1760 3801 1934 3855 locum
1978 3799 2243 3855 desertmn

669 3902 941 3969 migraret.
977 3897 1333 3952 Vehementer
1370 3894 1510 3948 enim
1552 3891 1817 3947 horrenda
1848 3889 2004 3960 hujus
2032 3892 2110 3946 rei
2148 3906 2243 3945 na-

671 4006 787 4046 tura
811 3998 893 4045 est
911 4031 926 4053 ,
954 4004 1016 4043 ac
1046 3997 1320 4058 propterea
1346 3985 1581 4055 quotidie
1608 3983 1658 4037 iu
1686 3996 1854 4052 genus
1883 3991 2119 4036 nostrum
2148 3982 2247 4037 im-

672 4094 850 4155 petum
876 4082 1095 4146 faciens,
1124 4080 1188 4133 ad
1218 4090 1645 4146 unumquemque
1670 4082 1933 4129 mortuum
1963 4087 2059 4128 nos
2081 4088 2247 4142 usque

670 4174 806 4229 adeo
835 4172 1070 4242 percellit
1097 4179 1255 4238 atque
1294 4174 1638 4231 consternat,
1681 4174 1931 4235 metuque
1973 4165 2246 4233 perturbat

669 4275 723 4319 et
747 4262 1044 4326 contrahit,
1073 4271 1130 4315 ut
1166 4276 1285 4331 qua:
1324 4272 1422 4313 nec
1444 4258 1659 4327 opinato
1685 4264 1953 4326 appareat.
1986 4254 2094 4310 Nec
2120 4270 2244 4310 vero

671 4357 737 4412 ad
764 4356 1178 4411 consolationem
1205 4352 1366 4407 ullam
1394 4351 1498 4404 vim
1530 4348 1710 4404 habuit
1738 4357 1826 4401 aut
1854 4347 2107 4415 temporis
2135 4363 2244 4401 me—

672 4445 858 4501 dilatio
879 4488 895 4511 ,
926 4454 1017 4499 aut
1052 4442 1355 4514 quotidiana
1398 4440 1450 4495 in
1495 4440 1593 4495 hac
1634 4439 2080 4507 contemplatione
2116 4454 2245 4493 con-

673 4536 898 4592 suetudo
920 4542 970 4590 et
998 4534 1305 4591 exercitatio
1333 4550 1346 4588 :
1378 4546 1475 4587 nec
1498 4532 1752 4603 temporis
1776 4530 2121 4591 diuturnitate
2150 4530 2246 4583 hu-

672 4626 901 4697 jnsmodi
930 4640 1125 4680 maeror
1152 4634 1428 4693 terrorque
1452 4623 1747 4689 consenuit,
1778 4638 1959 4676 verum
1988 4631 2247 4692 perpetuo

672 4716 971 4787 juvenescit
994 4730 1057 4768 ac
1087 4714 1244 4783 viget,
1273 4723 1648 4782 recentemque
1673 4727 1735 4768 ac
1764 4711 2041 4767 florentem
2070 4712 2248 4780 quoti-

674 4810 763 4864 die
791 4818 987 4863 metum
1014 4806 1184 4861 affert.
1216 4806 1323 4860 Nec
1349 4820 1477 4860 sane
1504 4805 1793 4859 immerito.
1820 4806 1948 4871 Quis
1972 4805 2113 4859 enim
2141 4819 2246 4858 non

674 4900 1016 4971 perturbetur
1043 4907 1097 4953 et
1123 4906 1511 4962 eousternetur,
1542 4911 1662 4951 cum
1694 4911 1815 4950 eum
1838 4937 1851 4959 ,
1880 4896 1967 4966 qui
2001 4895 2249 4950 hesterno

675 4996 781 5056 die,
800 5002 889 5047 aut
903 4992 1081 5062 paucis
1097 5001 1219 5045 ante
1237 4990 1424 5045 diebus
1451 4991 1772 5056 ambulabat,
1791 4999 2039 5046 sexcenta
2060 4989 2252 5044 domus

677 5083 883 5155 negotia
907 5081 1139 5153 gerebat.
1162 5082 1367 5144 uxoris,
1398 5080 1622 5136 ﬁliorum
1641 5122 1655 5144 ,
1686 5081 2083 5151 mancipiorum.
2107 5095 2249 5149 saepe

678 5178 836 5230 etiam
852 5175 1167 5245 integrarum
1185 5174 1453 5228 civitatum
1469 5189 1646 5227 curam
1665 5173 2001 5241 suscipiebat,
2016 5173 2246 5227 minaba-

678 5277 784 5329 tur,
806 5265 1054 5328 terrebat,
1072 5264 1323 5333 supplicia
1345 5264 1531 5332 partim
1558 5263 1811 5327 solvebat,
1832 5264 2019 5330 partim
2052 5264 2242 5317 infere-

678 5356 787 5420 bat,
808 5354 1079 5409 innumera
1094 5362 1201 5408 tum
1220 5355 1271 5407 iu
1290 5355 1525 5417 urbibus,
1545 5364 1654 5407 tum
1670 5355 1720 5407 in
1740 5354 2038 5422 regionibus
2054 5353 2249 5407 efﬁcie-

678 5448 789 5510 bat,
815 5453 1032 5513 repente
1054 5445 1326 5513 plusquam
1350 5443 1573 5513 lapidem
1592 5452 1790 5497 mutum
1813 5455 1866 5498 et
1884 5444 2144 5512 jacentem
2168 5445 2247 5497 vi-

680 5537 810 5589 det?
830 5551 1055 5604 cumque
1076 5535 1482 5590 innumerabiles
1499 5534 1738 5589 homines
1764 5534 1968 5603 plorent
1990 5576 2005 5601 ,
2034 5544 2086 5588 et
2113 5536 2246 5589 ami—

681 5628 875 5682 cissimi
906 5628 1096 5697 quique
1121 5627 1364 5696 lugeant,
1394 5634 1444 5681 et
1474 5642 1604 5681 uxor
1630 5626 1811 5681 dolore
1834 5626 2244 5696 distorqueatur,

683 5734 842 5789 genas
867 5718 1031 5773 cedat
1062 5720 1077 5749 ¹
1097 5758 1111 5783 ,
1140 5733 1342 5771 comam
1371 5720 1547 5782 vellat,
1576 5733 1870 5789 magnoque
1901 5735 2019 5773 cum
2052 5719 2245 5773 ululatu

746 5832 764 5863 ε
799 5839 847 5883 tu
870 5832 1016 5893 Edita,
1040 5830 1115 5882 hic
1142 5843 1299 5894 voces,
1326 5843 1466 5896 genus
1495 5832 1665 5890 t‘a‘dar,
1692 5834 1909 5884 deerant.

1448 413 1507 470 S.
1544 407 1822 470 JOANNIS
1856 400 2331 464 οιικγεοετοιίι
2367 400 2681 459 ΔΒΟΗΙΕΡ.
2721 400 3250 461 CONSTANTINOP.

3832 402 3944 461 576

2360 514 2666 570 ancillarum
2693 530 2881 587 greges
2921 514 3122 573 circum
3164 532 3225 573 se
3260 517 3483 574 collucet
3508 559 3524 584 ,
3557 519 3727 589 ipsum
3759 531 3941 577 tamen

2357 604 2487 657 nihil
2515 618 2699 659 eorum
2726 607 3040 663 sentientem
3062 608 3223 662 lcum
3250 607 3391 663 videt
3419 612 3595 663 omnia
3624 621 3844 679 repente
3867 611 3942 666 de

2356 693 2535 749 medio
2566 694 2769 750 sublata
2808 711 2927 752 esse
2950 737 2967 761 ,
2995 698 3254 753 rationem
3276 739 3290 762 .
3320 699 3588 769 ingenium
3609 740 3623 765 ,
3653 702 3891 756 animam
3919 742 3937 767 ,

2356 784 2464 839 oris
2490 785 2676 842 florem
2706 801 2767 842 ac
2790 797 3119 844 venustatem
3136 831 3151 854 ,
3183 790 3543 846 membrorum
3571 794 3819 847 motum?
3845 794 3939 849 in-
3966 806 3981 817 ’

2351 875 2585 945 jucunda
2612 887 2787 934 autem
2831 878 2895 933 iis
2938 882 3260 935 successisse
3282 921 3298 946 ,
3341 880 3589 937 nimirum
3618 882 3936 951 silentium‘,

2354 974 2623 1035 stuporem
2645 1009 2660 1033 ,
2692 968 3087 1038 corruptionem
3108 1010 3123 1034 ,
3153 971 3353 1025 saniem
3370 1012 3385 1036 ,
3415 986 3646 1040 vermes,
3672 972 3936 1041 cinerem,

2353 1058 2645 1127 pulverem,
2677 1059 2917 1116 fmtorem
2944 1104 2959 1129 ,
2987 1061 3253 1118 interitum
3298 1065 3557 1135 integrum
3579 1105 3596 1133 ,
3635 1079 3943 1137 corpusque

2353 1156 2521 1204 totum
2538 1164 2603 1206 eo
2617 1166 2929 1223 preperaus,
2953 1154 3084 1209 utin
3106 1154 3227 1211 vilia
3252 1164 3303 1211 et
3322 1156 3579 1213 deformia
3604 1166 3762 1230 atque
3783 1159 3941 1231 igno-

2352 1236 2478 1294 bilia
2500 1252 2618 1294 ossa
2645 1240 2893 1297 desinat?

2423 1331 2477 1385 4.
2500 1328 2643 1385 Hora
2662 1348 2869 1388 meror:
2885 1333 3058 1390 leuior.
3075 1366 3146 1376 —
3162 1337 3225 1392 Et
3239 1347 3411 1394 tamen
3430 1339 3592 1406 istud,
3610 1341 3751 1412 quod
3766 1350 3819 1397 et
3838 1357 3938 1413 per

2352 1433 2440 1476 res
2470 1420 2612 1491 ipsas
2635 1464 2650 1485 ,
2680 1431 2734 1477 et
2769 1438 2861 1493 per
2887 1434 3192 1481 sanctorum
3220 1428 3430 1484 illorum
3460 1430 3692 1486 virorum
3737 1431 3935 1489 formi-

2350 1508 2530 1567 dinem
2560 1512 2882 1570 horrendum
2911 1530 3030 1573 esse
3057 1528 3287 1585 constat,
3316 1534 3547 1578 mmrore
3576 1522 3733 1594 longe
3762 1524 3938 1583 levius

2350 1610 2449 1657 est.
2479 1601 2613 1658 Nam
2640 1604 2808 1674 ipsius
2830 1620 2989 1662 causa
3015 1606 3169 1679 longa
3194 1610 3307 1666 haec
3331 1625 3637 1668 sermonum
3664 1614 3936 1672 curricula

2350 1707 2598 1750 emensus
2618 1708 2759 1763 sum,
2781 1706 2837 1753 ut
2861 1712 2929 1754 ex
2954 1713 3042 1775 me
3064 1700 3257 1768 discas,
3279 1714 3528 1774 quantam
3555 1720 3768 1776 prunam
3797 1722 3937 1778 pen-

2350 1781 2445 1840 das
2467 1824 2484 1851 ,
2514 1798 2577 1839 ac
2604 1799 2788 1855 parem
2811 1787 2911 1858 ipsi
2934 1829 2950 1856 ,
2974 1790 3082 1847 imo
3105 1806 3233 1848 vero
3261 1794 3441 1849 multis
3473 1797 3711 1865 partibus
3756 1798 3935 1869 majo-

2349 1887 2461 1928 rem
2486 1916 2501 1940 ,
2533 1874 2791 1932 bonorum
2828 1880 3127 1937 mercedem
3165 1894 3460 1953 exspectes.
3500 1887 3674 1957 Atque
3715 1897 3775 1943 ut
3817 1891 3935 1947 haec

2349 1963 2421 2018 ita
2446 1978 2505 2020 se
2530 1965 2728 2022 habere
2754 1967 3030 2041 intelligas,
3045 1971 3154 2042 jam
3180 1972 3249 2029 ad
3270 1989 3365 2030 eos
3379 1977 3469 2046 qui
3488 1992 3553 2032 eo
3572 1978 3767 2035 atl’ectu
3787 1982 3937 2051 capti

2348 2064 2507 2123 sunt,
2536 2056 2833 2128 confugiam
2855 2102 2870 2127 ,
2903 2076 3009 2133 quo
3037 2063 3239 2120 scilicet
3265 2066 3411 2136 prius
3435 2080 3616 2124 nostra
3647 2071 3939 2130 festinabat

2348 2146 2540 2202 oratio.
2570 2147 2727 2204 Plebs
2751 2148 3116 2219 Hebraeorum,
3145 2154 3289 2211 Mose
3317 2158 3588 2224 veniente,
3619 2174 3681 2215 ac
3708 2162 3935 2218 liberta-

2350 2248 2454 2294 tem
2493 2249 2548 2295 et
2581 2240 2907 2313 IEgyptiacte
2951 2247 3269 2316 captivitatis
3308 2249 3467 2305 finem
3516 2254 3794 2309 nuntiante
3819 2296 3833 2318 ,
3868 2271 3938 2311 uo

2347 2330 2533 2388 audire
2560 2333 2774 2404 quidem
2817 2337 2989 2405 ipsum
3035 2339 3386 2395 sustinebant.
3415 2341 3745 2413 Causamque
3773 2346 3937 2401 etiam

2348 2440 2621 2495 exponens
2637 2428 2907 2499 legislator
2929 2430 3171 2486 dicebat:
3198 2431 3457 2503 Loquatus
3482 2445 3553 2489 est
3571 2447 3739 2490 autem
3766 2438 3937 2494 Μοσιε

2348 2516 2417 2619 ad
2430 2519 2675 2619 populum
2693 2530 2768 2573 :et
2784 2537 2884 2574 non
2902 2521 3092 2576 audivit
3106 2524 3322 2619 papulus
3338 2523 3533 2619 Μοεεγι
3545 2543 3651 2595 ρτω
3664 2530 3940 2596 pusillam".

2348 2608 2518 2662 mitate
2534 2607 2725 2680 (Exod.
2747 2609 2798 2665 6.
2823 2610 2900 2682 9).
2914 2608 3212 2678 Quinetia’t’n
3234 2630 3354 2669 cum
3375 2607 3510 2669 Dens
3526 2631 3715 2686 graves
3732 2618 3938 2676 Judaeis

2348 2698 2417 2755 ob
2440 2699 2603 2755 multa
2630 2700 2823 2772 ﬂagitia
2853 2702 3024 2758 minas
3052 2703 3297 2772 intendit,
3324 2716 3441 2775 post
3466 2707 3825 2778 captivitatem
3852 2722 3938 2765 st-

2346 2804 2451 2860 que
2488 2790 2539 2845 in
2584 2792 2756 2846 aliena
2798 2793 3015 2865 regione
3049 2796 3518 2853 commorationem
3544 2840 3559 2865 ,
3598 2809 3720 2871 post
3760 2803 3936 2856 servi-

2349 2892 2513 2939 tutem
2544 2926 2558 2949 ,
2602 2882 2796 2940 famem
2823 2926 2837 2951 ,
2885 2894 3087 2955 pestem
3119 2895 3281 2958 atque
3309 2889 3662 2945 humanarum
3689 2894 3936 2949 carniunt

2347 2990 2497 3033 esum
2525 2977 2660 3033 hanc
2688 2993 2902 3047 penam
2930 2979 3218 3049 subjunxit,
3250 2981 3333 3037 his
3356 2983 3533 3037 verbis
3559 2993 3712 3039 utens
3741 3002 3756 3038 :
3785 2984 3936 3041 Dabo

2348 3070 2420 3123 eis
2460 3086 2547 3125 cor
2584 3088 2795 3125 niterent
2818 3115 2833 3139 ,
2873 3083 2917 3126 et
2958 3073 3240 3143 deﬁcientes
3279 3075 3451 3130 oculos
3475 3116 3490 3141 ,
3525 3088 3573 3131 et
3600 3078 3936 3135 tabescentem

2348 3161 2570 3215 animam
2602 3162 2792 3233 (Deut.
2824 3164 2912 3220 28.
2941 3166 3067 3235 65).
3096 3166 3234 3233 Quid
3272 3178 3449 3223 autem
3488 3168 3702 3225 Judzeos
3731 3214 3743 3233 ,
3777 3182 3936 3242 petu-

2347 3250 2544 3307 lantem
2569 3262 2623 3308 et
2652 3252 2933 3323 ingratum,
2962 3257 3242 3326 carnisque
3264 3259 3507 3314 servituti
3535 3260 3803 3315 addictum
3831 3278 3932 3333 po-

2348 3344 2547 3413 pulum,
2578 3360 2675 3402 ncc
2698 3346 3053 3417 philosophari
3082 3349 3358 3416 scientem,
3382 3367 3745 3407 commemoro
3768 3372 3783 3407 :
3805 3370 3931 3410 cum

2346 3434 2477 3489 mihi
2504 3451 2534 3490 a
2562 3438 2765 3507 magnis
2792 3446 2846 3492 et
2874 3438 3098 3493 excelsis
3124 3441 3249 3495 viris
3277 3440 3430 3510 hujus
3457 3443 3531 3497 rei
3559 3455 3931 3513 atgumentum

2347 3543 2537 3597 capere
2564 3530 2758 3584 liceat?
2787 3530 2995 3591 Etenim
3028 3532 3387 3601 apostolorum
3412 3532 3607 3589 chorus
3631 3576 3646 3594 ,
3676 3550 3799 3590 cum
3831 3537 3931 3591 tri-

2347 3618 2561 3673 ennium
2596 3619 2704 3688 jam
2735 3633 2853 3674 cum
2883 3619 3097 3675 Christo
3126 3622 3564 3678 Consuetudinem
3597 3624 3929 3688 habuissent.

2348 3709 2618 3778 multaque
2646 3710 2711 3763 de
2740 3709 3132 3767 immortalitate
3159 3712 3382 3783 aliisque
3424 3716 3632 3769 arcanis
3674 3717 3835 3772 rebus
3862 3734 3929 3775 ex

2350 3799 2466 3869 ipso
2490 3800 2835 3865 didicissent,
2879 3804 3131 3873 signaque
3170 3804 3477 3859 admiranda
3502 3818 3556 3861 et
3584 3808 3651 3862 ab
3681 3808 3931 3866 humanis

2350 3889 2593 3945 sensibus
2621 3903 2821 3946 remota
2847 3893 3138 3948 edidissent
3162 3936 3177 3960 ,
3211 3895 3489 3965 ipsumque
3516 3906 3662 3951 tanto
3688 3908 3933 3968 tempore

2350 3981 2482 4036 mira
2513 3992 2900 4051 perpetrantem
2943 3986 3385 4055 conspexissent,
3415 3985 3760 4059 ejusdemque
3803 4008 3926 4047 cum

2350 4089 2415 4128 eo
2439 4087 2654 4139 mensae,
2687 4082 2740 4129 et
2765 4076 3031 4145 colloquii,
3061 4092 3122 4131 ac
3150 4086 3254 4131 tam
3284 4079 3597 4133 eximiorum
3624 4095 3930 4138 sermonunt

2350 4164 2630 4233 participes
2659 4166 3026 4231 exstitissent,
3069 4178 3225 4237 atque
3264 4168 3405 4221 omni
3437 4167 3694 4223 doctrina:
3731 4184 3933 4240 genere

2349 4256 2538 4311 eruditi
2569 4256 2789 4311 fuissent
2816 4298 2829 4323 ,
2860 4269 3201 4327 posteaquam
3243 4261 3401 4315 verba
3429 4302 3443 4325 ,
3475 4276 3593 4330 quae
3640 4277 3931 4318 mmrorem

2352 4345 2662 4412 efferebant,
2690 4347 2991 4411 audierunt,
3017 4349 3105 4417 qui
3136 4348 3279 4417 prius
3308 4363 3428 4403 eum
3458 4360 3710 4419 perpetuo
3733 4353 3931 4406 retineo

2352 4435 2497 4498 bant,
2523 4435 2694 4506 deque
2721 4436 2835 4505 ipso
2861 4438 3005 4491 velut
3036 4438 3287 4494 lactentes
3317 4440 3460 4508 pueri
3488 4442 3807 4509 pendebant,
3834 4459 3933 4500 nec

2353 4529 2650 4595 percontari
2678 4529 2991 4584 desinebant
3016 4572 3029 4597 ,
3061 4530 3177 4598 Quo
3205 4532 3396 4587 vadis?
3428 4532 3590 4588 iidem
3620 4550 3803 4589 rursus
3834 4536 3932 4590 hu-

2347 4619 2437 4688 jus
2465 4622 2706 4675 mteroris
2738 4620 3011 4691 tyrannide
3043 4623 3111 4675 ita
3138 4624 3376 4692 oppressi
3403 4633 3528 4678 sunt
3555 4664 3569 4689 ,
3598 4640 3761 4694 seque
3792 4636 3931 4685 totos

2353 4710 2534 4779 angori
2564 4711 2915 4777 dediderunt,
2946 4722 3003 4765 ut
3027 4713 3134 4781 jam
3173 4714 3241 4767 ab
3276 4714 3390 4783 ipso
3421 4713 3534 4769 haec
3561 4716 3776 4770 minime
3803 4732 3927 4785 per-

2353 4813 2709 4858 contarentur.
2728 4804 2843 4871 Quo
2863 4805 3020 4859 etiam
3038 4806 3250 4860 nomine
3268 4806 3507 4863 Christus
3526 4823 3620 4862 eos
3640 4809 3931 4878 insectans,

2353 4893 2558 4949 diccbat
2588 4912 2600 4947 :
2640 4897 2854 4949 Audistis
2871 4898 2988 4967 quia
3011 4897 3138 4951 uado
3159 4898 3225 4950 ad
3251 4915 3361 4951 eum
3384 4898 3468 4967 qui
3499 4900 3633 4952 misit
3652 4916 3747 4966 me,
3775 4911 3823 4954 et
3843 4916 3931 4955 tte-

2355 4986 2437 5039 nio
2464 4988 2537 5039 ad
2555 5004 2656 5051 vos,
2687 5000 2730 5041 ct
2761 5004 2905 5041 nemo
2930 5005 2991 5042 ea:
3017 4989 3151 5043 vobis
3177 4989 3449 5060 interrogat
3474 5007 3572 5056 me,
3606 4992 3717 5059 Quo
3739 4994 3884 5048 uadis
3908 4996 3935 5047 .’

2356 5076 2459 5131 Sed
2488 5081 2603 5148 quia
2627 5081 2732 5133 ha’c
2760 5080 2989 5149 loquutus
3019 5097 3128 5133 sum
3163 5082 3298 5134 vobis
3319 5123 3333 5147 ,
3361 5083 3561 5137 tristitia
3596 5084 3815 5151 implevit
3845 5099 3938 5139 cor

2354 5180 2566 5224 uestrum
2596 5170 2789 5241 (Joan.
2821 5170 2905 5225 16.
2934 5172 2985 5225 5.
3014 5170 3111 5241 6).
3141 5170 3372 5227 Videsne
3396 5175 3663 5243 quomodo
3687 5178 3938 5233 maeroris
3986 5222 3989 5225 λ

2357 5266 2593 5335 tyrannis
2619 5266 2786 5319 amori
2814 5265 3057 5319 tenebras
3084 5264 3332 5320 effuderit
3352 5307 3367 5331 ,
3400 5279 3598 5335 eosque
3629 5266 3679 5320 in
3705 5267 3933 5337 captivi-

2358 5368 2512 5412 tatem
2560 5358 2655 5411 sibi
2700 5356 2997 5422 addixerit,
3046 5359 3231 5426 suique
3271 5358 3402 5427 juris
3449 5357 3672 5412 fecerit?
3700 5358 3935 5415 Rursum

2359 5449 2500 5502 Elius
2531 5449 2616 5501 ille
2647 5448 2788 5517 (nam
2817 5464 2883 5501 ne
2912 5464 3049 5502 nunc
3071 5447 3281 5516 quidem
3310 5447 3377 5502 ab
3400 5463 3465 5503 eo
3488 5448 3791 5519 abscedam)
3814 5463 3938 5520 post

2358 5540 2524 5607 fugam
2568 5554 2625 5591 ac
2661 5539 3014 5592 secessionem
3044 5554 3073 5591 a
3106 5538 3381 5592 Palaestina
3407 5580 3420 5602 ,
3452 5540 3697 5594 maeroris
3725 5540 3933 5597 acerbi-

2357 5641 2513 5686 tatem
2548 5646 2649 5685 non
2681 5632 2852 5685 ferens
2886 5632 2947 5700 (si
2979 5631 3189 5701 quidem
3217 5633 3267 5685 in
3297 5647 3485 5702 magno
3515 5648 3743 5691 maerore
3771 5646 3935 5704 atque

2355 5740 2550 5794 angore
2579 5725 2883 5778 versabatur
2910 5743 2920 5777 :
2952 5724 3089 5793 quod
3115 5726 3271 5779 etiam
3302 5725 3365 5789 is,
3397 5726 3486 5796 qui
3510 5742 3627 5781 eam
3654 5727 3933 5786 historiam

2362 5820 2524 5875 litetis
2553 5817 2839 5884 mandarit,
2874 5815 2955 5871 his
2987 5817 3158 5873 verbis
3186 5816 3412 5873 declarat
3440 5858 3453 5885 ,
3482 5817 3614 5873 Abiit
3634 5818 3783 5889 juxta
3816 5827 3936 5877 ani.

3694 6480 3728 6486 ἡ
3822 6478 4005 6492 ﬁve—auum
4024 6490 4033 6491 κ
