4172 6494
240 449 340 505 ΕΠ

239 582 376 620 usam
413 558 629 629 suam),
657 557 787 627 quid
812 557 861 610 in
888 570 980 611 sua
1010 553 1076 608 ad
1120 554 1284 608 Deum
1325 551 1630 620 precatione
1657 548 1836 612 dicat,

240 657 426 713 audias
446 654 606 708 velim
629 669 640 703 :
660 650 728 703 Et
744 651 952 720 suﬁiciat
970 664 1123 713 nunc,
1151 645 1384 699 Domine.
1409 644 1592 711 Accipe
1616 643 1839 696 animant

239 756 406 795 meum
444 755 474 788 a
515 752 594 788 me
627 751 644 787 :
673 752 774 788 non
806 735 938 786 enim
981 747 1093 785 sunt
1131 729 1309 782 melior
1344 745 1496 797 quam
1536 737 1705 795 patres
1743 725 1840 778 mei

238 835 333 903 (5.
366 831 493 899 Reg.
530 828 617 880 19.
652 828 706 881 5.
738 826 772 880 4
799 828 837 892 ).
871 823 941 877 Ita
969 821 1096 876 illud
1123 820 1263 890 quod
1293 818 1678 873 formidabilius
1701 825 1838 881 erat,

235 925 392 982 illum
421 920 665 991 supplicii
690 918 1064 987 co|0phonem,
1099 913 1225 968 illud
1255 913 1515 968 malorum
1546 919 1707 978 caput
1728 951 1743 974 ,
1776 908 1839 962 il-

231 1016 346 1073 lam
376 1012 593 1074 sceleris
618 1012 794 1064 omnis
818 1021 1026 1078 pinnam
1053 1013 1290 1075 exeptat,
1323 1013 1482 1072 atque
1512 1002 1565 1056 in
1595 999 1839 1055 benelicii

231 1107 365 1162 loco
401 1104 552 1174 petit.
597 1101 780 1169 Usque
821 1098 958 1154 adeo
985 1106 1156 1150 morte
1187 1094 1475 1149 terribilior
1504 1103 1586 1146 est
1615 1105 1836 1146 mceror.

233 1200 310 1257 Ut
344 1199 486 1254 enim
512 1197 651 1250 hunc
677 1191 935 1262 effugeret
957 1230 972 1254 ,
999 1189 1066 1242 ad
1096 1188 1236 1242 illam
1265 1184 1513 1254 perfugit.

309 1292 369 1346 5.
412 1289 509 1343 Hic
537 1295 714 1340 autem
745 1283 1094 1354 qua‘stionem
1125 1278 1409 1348 quamdam
1441 1275 1536 1329 tibi
1569 1275 1838 1343 explicare

228 1384 385 1440 volo.
412 1380 522 1436 Nec
540 1379 680 1434 enim
703 1392 790 1430 me
817 1375 970 1437 fallit,
990 1381 1244 1442 quantum
1269 1368 1571 1439 Imjusmodi
1592 1371 1840 1436 quaistio-

230 1488 338 1528 nes
367 1471 458 1526 tibi
481 1468 698 1524 dissolvi
728 1466 928 1533 cupias.
958 1465 1211 1530 Quantam
1263 1461 1424 1530 igitur
1477 1460 1590 1512 haec
1616 1460 1840 1528 quaestio

229 1573 322 1621 est
343 1563 366 1616 Ῥ
391 1562 449 1617 Si
477 1569 702 1614 mortem
744 1571 976 1611 maerore
1017 1557 1272 1610 leviorem
1302 1568 1420 1606 esse
1449 1551 1794 1606 existimabat
1821 1592 1836 1616 ,

228 1653 370 1726 quid
394 1667 567 1708 causa:
595 1659 698 1714 est,
726 1664 822 1703 cur
850 1646 1078 1701 vitandas
1107 1645 1291 1698 mortis
1320 1659 1480 1698 causa
1509 1643 1696 1697 relicto
1725 1642 1840 1697 solo

232 1747 417 1818 patrio
441 1759 503 1799 ac
525 1741 868 1813 pepularibus
891 1739 1000 1792 suis
1024 1735 1357 1808 profugerit?
1383 1744 1436 1790 et
1459 1751 1556 1789 cur
1576 1737 1666 1804 qui
1695 1734 1843 1800 prius

228 1854 363 1895 eam
394 1835 665 1905 fugiebat,
696 1847 837 1886 nunc
862 1846 980 1885 eam
1007 1829 1267 1897 expetat?
1309 1826 1568 1882 Nimirum
1615 1835 1671 1879 ut
1717 1832 1842 1878 nine

231 1930 328 1985 vel
373 1927 642 1991 maxime,
692 1932 946 1994 quantum
992 1921 1242 1977 mmstitia
1276 1929 1503 1974 mortem
1544 1919 1839 1974 acerbitate

231 2029 482 2091 superet,
515 2017 795 2086 intelligas.
826 2013 960 2069 Nam
989 2028 1109 2068 cum
1144 2012 1330 2066 mortis
1353 2011 1635 2064 dumtaxat
1663 2018 1838 2064 metus

231 2130 366 2172 eam
396 2119 657 2184 quateret,
690 2123 795 2162 non
822 2106 917 2161 abs
947 2120 1006 2160 re
1032 2104 1241 2173 quidvis
1269 2101 1555 2168 efﬁciebat,
1588 2117 1694 2170 quo
1720 2115 1838 2154 eam

230 2207 517 2278 effugeret.
550 2201 619 2256 At
640 2208 981 2269 posteaquam
1011 2210 1210 2249 maeror
1239 2194 1290 2248 in
1319 2195 1485 2263 ipsius
1516 2202 1730 2262 pectore
1759 2192 1843 2245 in-

231 2295 429 2350 sidens
449 2300 692 2347 naturam
716 2302 866 2342 suam
887 2284 1139 2348 ostendit,
1169 2299 1291 2337 eum
1319 2282 1565 2336 videlicet
1586 2281 1838 2346 exedens,

232 2386 532 2442 absumens
555 2421 571 2446 ,
598 2377 846 2434 dentibus
874 2374 1165 2429 conficiens
1190 2415 1206 2436 ,
1254 2385 1412 2443 atque
1443 2372 1840 2426 intolerandum

233 2479 298 2534 in
327 2475 541 2530 modum
571 2471 885 2526 excrucians
904 2508 916 2532 ,
946 2476 1056 2520 tum
1082 2465 1312 2532 denique
1341 2465 1390 2518 id
1422 2463 1565 2533 quod
1595 2465 1843 2517 omnibus

231 2570 407 2626 rebus
432 2565 646 2637 gravius
670 2573 722 2617 et
750 2560 1004 2616 acerbius
1034 2543 1122 2614 esi
1142 2601 1156 2625 ,
1201 2557 1370 2611 levius
1406 2571 1526 2611 esse
1567 2555 1842 2625 judicavit.

232 2661 553 2729 Eodemque
592 2655 752 2710 modo
781 2652 941 2708 Jonas
967 2652 1125 2704 etiam
1168 2663 1453 2702 mmrorem
1486 2646 1692 2715 fugiens
1730 2688 1744 2712 ,
1778 2646 1844 2699 ad

233 2762 472 2810 mortem
502 2747 737 2819 confugit
766 2765 778 2800 :
812 2753 1145 2812 mortemque
1172 2745 1285 2811 ipse
1311 2756 1522 2810 quoque.
1553 2739 1634 2792 his
1663 2738 1844 2792 verbis

235 2862 275 2902 a
308 2846 420 2901 Deo
443 2842 628 2914 petivit
657 2857 671 2896 :
701 2839 884 2909 Accipe
911 2838 1136 2890 animant
1161 2851 1325 2887 meam
1351 2850 1382 2886 a
1412 2849 1490 2886 me
1519 2849 1539 2886 :
1568 2833 1747 2884 melius
1773 2840 1847 2883 est

237 2940 382 2995 enim
409 2935 535 2988 mihi
563 2932 692 2986 mori
712 2974 726 2997 ,
757 2947 908 3001 quam
936 2930 1095 2983 vivere
1154 2926 1345 2993 (Jonw
1373 2927 1424 2980 4.
1452 2926 1549 2993 5).
1580 2923 1849 2989 Davidque

240 3031 402 3088 item,
434 3025 550 3080 sive
574 3039 639 3078 ex
675 3036 789 3085 sua,
815 3021 926 3074 sive
951 3035 1015 3074 ex
1038 3018 1261 3072 aliorum
1283 3015 1635 3087 quorumdam
1665 3013 1848 3082 lugen-

239 3122 382 3176 tium
409 3130 634 3187 persona
665 3113 924 3182 psalmum
954 3109 1298 3164 conscribens
1322 3147 1338 3172 ,
1370 3108 1470 3161 hoc
1497 3108 1669 3174 ipsum
1704 3104 1843 3158 indi-

238 3221 357 3270 cat.
391 3211 515 3265 Cum
540 3207 832 3262 consisteret
858 3244 872 3268 ,
916 3204 1085 3272 inquit
1113 3242 1127 3266 ,
1171 3211 1401 3270 peccator
1430 3199 1699 3252 adversum
1729 3215 1809 3250 me
1830 3237 1844 3262 ,

241 3301 477 3359 obmutui
501 3339 515 3363 ,
540 3306 588 3352 et
621 3295 916 3351 humiliatus
945 3309 1058 3348 sum
1083 3334 1096 3356 ,
1126 3302 1173 3344 et
1203 3290 1324 3344 silui
1356 3307 1387 3342 a
1416 3290 1556 3343 bonis
1580 3329 1594 3352 ,
1627 3297 1674 3342 et
1704 3287 1850 3341 dolor

242 3411 390 3449 meus
418 3398 681 3446 renovatus
709 3395 796 3441 est.
826 3384 1091 3442 Concaluit
1121 3399 1208 3436 cor
1234 3398 1397 3434 meum
1427 3381 1560 3433 intra
1582 3395 1661 3431 me
1679 3421 1692 3441 ,
1725 3387 1772 3430 et
1797 3378 1848 3430 in

243 3483 575 3539 meditatione
599 3496 707 3532 mea
731 3475 1019 3531 exardeseet
1047 3474 1176 3543 ignis
1212 3469 1381 3541 (Psal.
1415 3470 1502 3525 58.
1535 3467 1677 3539 2-1)
1709 3485 1720 3521 :
1757 3482 1852 3536 per

246 3576 430 3645 ignem
475 3571 624 3625 illum
667 3567 872 3622 scilicet
909 3563 1156 3619 mmroris
1200 3562 1481 3627 allectum,
1525 3561 1616 3630 qui
1663 3559 1852 3628 quovis

246 3667 376 3736 igne
418 3661 660 3717 acerbior
704 3667 825 3722 est,
866 3656 1175 3727 designans.
1206 3653 1328 3708 Ideo
1371 3653 1552 3722 plagas
1595 3652 1761 3720 ipsius
1788 3665 1852 3705 ac

245 3758 469 3813 dolores
514 3753 732 3808 minime
773 3750 880 3816 jam
929 3748 1105 3803 ferens
1129 3787 1146 3812 ,
1180 3747 1260 3800 liis
1290 3745 1468 3800 verbis
1499 3743 1704 3798 utitur:
1747 3743 1851 3795 Lo-

247 3859 439 3917 quastus
461 3862 574 3901 sum
603 3847 655 3899 in
677 3843 849 3914 lingua
875 3858 1005 3895 mea.
1064 3840 1199 3906 Quid
1228 3849 1405 3893 autem
1456 3839 1691 3907 loqueris
1718 3878 1734 3902 ,
1767 3836 1850 3890 die

247 3939 477 4011 quaeso?
501 3937 720 3992 Mortem
748 3948 957 4004 quoque
987 3932 1074 3985 hic
1106 3931 1256 4000 petit,
1288 3930 1471 3984 dicens
1501 3947 1514 3982 :
1548 3928 1742 3981 Notum
1771 3932 1852 3998 fac

247 4031 400 4097 mihi,
427 4029 660 4092 Domine,
679 4028 831 4095 ﬁnem
857 4042 1020 4078 meum
1047 4033 1092 4078 et
1120 4040 1383 4077 numerum
1406 4024 1602 4077 dierum
1623 4039 1850 4077 meorum

246 4124 366 4194 quis
391 4131 488 4187 est,
517 4131 573 4173 ut
597 4119 755 4173 sciam
784 4134 873 4170 cur
898 4133 1065 4170 morer
1089 4133 1179 4186 ego
1211 4116 1227 4184 (
1252 4114 1335 4168 Ib.
1367 4131 1415 4168 υ.
1444 4115 1478 4170 5
1503 4116 1542 4185 ).
1578 4116 1708 4180 Qua:
1738 4115 1853 4184 qui-

247 4213 378 4268 dem
408 4211 570 4264 verba
597 4207 806 4262 tametsi
835 4206 902 4259 ab
923 4205 1053 4260 Elia:
1070 4205 1246 4260 verbis
1265 4204 1591 4274 discrepent,
1609 4205 1852 4258 eamdem

247 4317 434 4362 tamen
467 4300 784 4356 sententiam
816 4297 1030 4352 habent.
1058 4296 1189 4351 Nam
1221 4298 1362 4367 quod
1407 4296 1498 4350 ille
1531 4296 1697 4362 dixit,
1735 4294 1856 4350 Non

246 4412 369 4450 sum
396 4392 572 4446 melior
596 4407 746 4460 quam
773 4399 938 4458 patres
967 4388 1062 4441 mei
1083 4429 1098 4452 ,
1133 4387 1232 4441 hoc
1257 4388 1358 4442 iste
1384 4389 1465 4440 his
1493 4383 1668 4441 verbis
1694 4388 1857 4457 signi-

248 4485 438 4542 ﬁcavit
470 4501 484 4535 :
515 4480 711 4536 Notum
755 4481 836 4548 fac
881 4479 1004 4532 mihi
1025 4521 1040 4542 ,
1073 4476 1292 4532 Domine
1320 4519 1336 4543 ,
1375 4479 1528 4546 ﬁnem
1566 4493 1769 4543 meum,
1804 4486 1857 4530 ut

247 4579 418 4647 sciam
441 4574 564 4644 quid
591 4589 757 4627 morer
783 4588 894 4641 ego.
925 4569 1034 4624 Hoc
1062 4580 1162 4634 est,
1192 4571 1303 4636 Qua
1332 4569 1398 4623 de
1418 4584 1576 4623 causa
1603 4584 1702 4639 ego
1732 4572 1856 4623 reli-

248 4681 380 4725 ctus
418 4682 534 4723 sum
562 4708 578 4732 ,
621 4666 896 4733 seriusque
929 4664 1063 4717 abeo
1096 4678 1110 4715 :
1143 4678 1245 4732 qua
1269 4661 1337 4715 de
1373 4676 1530 4716 causa
1559 4700 1575 4727 ,
1613 4677 1735 4716 cum
1766 4661 1856 4716 alii

250 4763 369 4833 iam
398 4774 432 4814 e
460 4760 563 4813 vita
589 4757 950 4820 discesserint,
980 4757 1093 4824 ipse
1119 4763 1296 4809 tamen
1318 4769 1593 4820 remaneo,
1616 4763 1776 4824 atque
1805 4754 1857 4806 in

252 4849 516 4922 prmsenti
555 4846 660 4902 'vita
703 4847 1088 4902 diuturniorem
1122 4859 1326 4899 moram
1357 4844 1554 4899 traho?
1593 4844 1670 4898 Ac
1714 4853 1859 4898 tanta

251 4942 456 4999 mortis
478 4939 762 5010 cupiditate
788 4948 1018 5004 tenetur,
1048 4939 1160 4992 sive
1190 4939 1326 5007 ipse,
1357 4938 1470 4992 sive
1506 4937 1602 5003 illi,
1629 4953 1856 5006 quorum

253 5035 484 5094 nomine
528 5032 777 5101 loquitur,
834 5031 1112 5096 utetiam,
1157 5045 1222 5084 ea
1268 5030 1506 5083 nondum
1552 5039 1814 5100 praesente
1845 5073 1859 5097 ,

255 5127 572 5200 prtesentite
615 5133 826 5193 tempus
865 5124 1003 5178 scire
1040 5132 1212 5177 aveat.
1264 5121 1477 5186 Notum,
1529 5122 1736 5191 inquit,
1784 5123 1865 5190 [ac

254 5219 416 5282 mihi,
438 5214 674 5278 Domine,
703 5216 855 5282 ﬁnem
883 5230 1069 5276 meum,
1097 5229 1202 5283 quo
1227 5212 1475 5268 'videlicet
1505 5212 1629 5267 hinc
1654 5228 1865 5282 quoque

253 5309 558 5367 maximam
586 5306 912 5376 voluptatem
945 5306 1136 5374 capiat.
1171 5307 1244 5359 lta
1285 5305 1335 5359 id
1364 5307 1506 5375 quod
1541 5306 1863 5360 horrendum

255 5407 393 5463 est,
439 5409 654 5469 propter
692 5395 1084 5462 intolerandum
1121 5397 1367 5451 mteroris
1397 5397 1638 5450 dolorem
1667 5439 1678 5460 ,
1709 5406 1866 5465 atque

259 5497 453 5565 ignem
481 5492 535 5548 in
563 5505 743 5546 animo
771 5489 1210 5544 exardescentem
1239 5530 1252 5552 ,
1298 5490 1652 5558 expetendum
1692 5489 1869 5543 reddi-

263 5595 380 5642 tur.
411 5582 476 5636 In
497 5581 820 5636 meditatione
847 5581 988 5635 enim
1019 5598 1150 5647 mea,
1183 5581 1373 5649 inquit,
1407 5581 1694 5634 exardescet
1715 5582 1866 5651 ignis.

346 5673 625 5729 Erumna
647 5689 860 5726 coronas
915 5673 1136 5741 pariunt.
1166 5701 1238 5712 —
1272 5672 1531 5739 Quocirca
1587 5689 1706 5728 cum
1757 5683 1871 5727 tan-

268 5779 384 5826 tam
409 5779 624 5836 pmnam
670 5760 807 5826 luas,
859 5779 1101 5833 magnam
1147 5762 1272 5818 hinc
1315 5764 1614 5818 mercedem
1641 5805 1655 5826 ,
1709 5765 1869 5818 multa

271 5860 521 5934 praemia,
552 5858 1012 5916 remunerationes
1039 5857 1445 5928 inenarrabiles,
1477 5857 1782 5928 splendidas
1808 5875 1870 5915 ac

1725 435 2099 492 EPISTOLAZ.

3441 446 3549 504 578

1949 549 2106 604 valde
2146 549 2402 607 ﬂorentes
2435 550 2741 621 huiusmodi
2784 555 3138 610 certaminum
3182 570 3410 612 coronas
3452 574 3552 613 cx.-

1945 653 2152 710 specta.
2202 643 2316 698 Non
2361 647 2504 698 enim
2547 644 2724 698 solum
2767 645 2969 716 aliquid
3010 645 3136 700 boni
3184 646 3422 712 efficere,
3455 650 3551 704 scd

1944 733 2105 787 etiam
2134 732 2333 803 aliquid
2361 735 2483 787 mali
2513 736 2737 804 perpeti,
2763 751 3010 806 magnam
3043 737 3351 793 mercedem
3382 748 3548 809 atque

1945 824 2122 893 ampla
2146 826 2361 894 pra-mia
2386 826 2608 880 obtinet.
2642 827 2819 896 Atque
2838 827 2904 881 ad
2931 827 3070 882 hanc
3098 829 3396 884 orationem
3437 832 3550 900 jam

1946 927 2034 968 me
2060 916 2300 978 confero,
2333 928 2527 986 utquze
2545 927 2599 971 et
2623 917 2740 982 tibi,
2771 929 2827 972 et
2845 918 3055 974 cunctis
3084 933 3413 989 magnopere
3441 923 3547 975 uti-

1943 1008 2011 1059 Its
2032 1007 2120 1071 sit,
2150 1005 2449 1076 animisque
2469 1007 2535 1061 ad
2571 1007 2876 1078 patientiam
2903 1009 3420 1075 acuendissuflicutt,
3449 1025 3548 1068 nec

1945 1112 2040 1154 eos
2066 1098 2132 1152 ad
2163 1099 2528 1153 calamitatum
2552 1099 2776 1154 sudores
2794 1100 3064 1156 debilitari
3088 1102 3251 1157 sinat.

2019 1189 2072 1242 6.
2115 1188 2269 1252 Quod
2301 1190 2460 1258 igitur
2486 1191 2848 1246 calamitatum
2881 1194 3118 1247 omnium
3162 1195 3497 1250 atrocissima
3530 1237 3544 1262 ,

1945 1293 2010 1332 ac
2039 1280 2300 1334 malorum
2329 1282 2593 1350 col0phon
2615 1291 2670 1337 et
2687 1292 2866 1351 caput,
2899 1285 3154 1338 mmstitia
3182 1287 3269 1349 sit,
3303 1287 3433 1341 satis
3465 1285 3549 1340 fu-

1944 1384 2003 1423 se
2031 1385 2060 1422 a
2086 1370 2240 1424 nobis
2267 1380 2348 1425 est
2376 1371 2803 1426 demonstratum
2831 1389 2846 1426 ε
2875 1383 3122 1442 superest
3141 1373 3252 1443 jam
3295 1384 3352 1430 ut
3382 1375 3550 1430 virtu-

1945 1471 2026 1516 tes
2041 1471 2093 1515 ct
2111 1463 2474 1516 calamitatum
2507 1464 2878 1532 perpessiones
2899 1463 3039 1518 inter
3064 1479 3123 1519 se
3143 1480 3542 1534 comparemus.

1946 1562 2003 1608 ut
2021 1555 2299 1623 perspicue
2327 1554 2594 1626 intelligas
2615 1571 2721 1610 non
2743 1556 3034 1610 virtutibus
3052 1558 3249 1624 solum,
3278 1557 3370 1613 sed
3387 1559 3550 1612 etiam

1946 1645 2343 1699 calamitatibus
2365 1646 2667 1701 mercedem
2691 1647 3035 1701 constitutam
3054 1662 3195 1713 esse,
3248 1658 3302 1702 et
3328 1649 3548 1718 quidem

1946 1737 2233 1791 admodum
2267 1738 2540 1807 amplam:
2573 1752 2674 1792 nec
2703 1737 3098 1793 calamitatibus
3138 1740 3335 1804 minus,
3390 1756 3552 1810 quam

1945 1829 2259 1895 virtutibus;
2291 1830 2398 1884 imo
2428 1831 2658 1898 amplius
2689 1830 2957 1885 interdum
2984 1831 3394 1886 calamitatibus.
3433 1835 3511 1888 Ac
3533 1874 3549 1898 ,

1946 1921 1990 1974 si
2020 1921 2185 1986 lubet,
2220 1936 2468 1990 magnum
2502 1922 2771 1990 patientia:
2807 1923 3039 1992 pugilem
3083 1923 3138 1977 in
3156 1923 3389 1978 medium
3421 1941 3553 1993 pro-

1946 2012 2222 2077 ducamus,
2251 2029 2395 2078 eum,
2427 2014 2674 2083 inquam,
2734 2014 2826 2084 qui
2872 2024 3101 2083 utroque
3143 2015 3315 2070 laudis
3352 2031 3554 2086 genere

1946 2103 2238 2172 splenduit,
2270 2103 2611 2159 adamantem
2638 2104 2811 2169 illum,
2846 2113 3054 2174 petram
3081 2106 3224 2159 illam
3249 2147 3266 2170 ,
3316 2121 3440 2161 eum
3463 2108 3555 2177 qui

1950 2196 2002 2250 in
2038 2195 2280 2251 Ausitide
2301 2195 2516 2266 quidem
2544 2197 2764 2265 regione
2790 2198 3016 2260 exstitit,
3073 2213 3260 2251 verum
3294 2197 3555 2266 singulari

1950 2287 2179 2358 quadam
2199 2289 2417 2342 virtutis
2440 2303 2552 2342 sure
2574 2287 2939 2357 magnitudine
2957 2288 3268 2342 universum
3290 2297 3556 2342 terrarum

1949 2380 2136 2434 orbem
2169 2379 2503 2434 eollustravit
2528 2421 2543 2443 ,
2603 2390 2765 2448 atque
2794 2379 2958 2446 ipsius
2988 2389 3099 2432 tum
3131 2378 3357 2433 virtutes
3380 2420 3395 2445 ,
3445 2388 3560 2432 tum

1949 2471 2284 2526 calamitates
2309 2484 2667 2539 exponamus,
2688 2478 2766 2534 ut,
2789 2484 2892 2537 qua
2919 2483 2986 2523 ex
3014 2477 3166 2538 parte
3195 2469 3364 2538 magis
3394 2468 3555 2523 etfui-

1950 2565 2097 2628 serit,
2149 2574 2482 2630 compertum
2516 2562 2735 2617 habeas.
2768 2562 3026 2628 Quanam
3059 2561 3218 2629 igitur
3256 2560 3422 2630 ipsius
3449 2560 3558 2613 vir-

1953 2666 2091 2711 tutes
2119 2655 2310 2710 erant?
2360 2653 2559 2707 Domus
2616 2653 2749 2707 enim
2778 2669 2911 2716 mea,
2960 2652 3148 2719 inquit,
3181 2652 3317 2703 omni
3345 2652 3560 2703 venienti

1954 2749 2545 2816 potuitpcommunisqne
2592 2753 2698 2798 erat
2755 2743 3030 2796 viatoribus
3076 2753 3252 2812 portus
3296 2741 3416 2811 (Job
3469 2743 3557 2797 51.

1952 2841 2066 2908 52).
2099 2840 2236 2907 Quin
2256 2840 2396 2894 bona
2427 2851 2519 2892 sua
2545 2838 2613 2891 ita
2637 2836 2947 2905 possidebat
2993 2844 3136 2890 utea
3195 2850 3333 2904 pene
3382 2835 3562 2888 omnia

1952 2946 2058 2984 non
2076 2929 2198 2992 sibi,
2229 2927 2325 2983 sed
2353 2928 2672 2997 pauperibus
2690 2925 2930 2980 haberet.
2957 2924 3150 2978 Oculus
3167 2925 3335 2989 cnim,
3368 2926 3560 2992 inquit,

1954 3022 2030 3089 fui
2061 3035 2347 3084 crecorum,
2393 3029 2438 3072 et
2497 3035 2582 3086 prs
2635 3018 2935 3070 claudorum
2983 3017 3117 3087 (Job
3160 3017 3250 3070 29.
3291 3017 3420 3070 15-
3449 3016 3561 3087 17).

1955 3113 2112 3166 Pater
2136 3128 2274 3165 eram
2305 3111 2628 3164 imbecillium
2659 3126 2675 3162 :
2706 3119 2751 3161 et
2779 3126 3006 3171 causam,
3035 3125 3186 3179 quant
3227 3110 3508 3163 nesciebant
3534 3151 3548 3175 ,

1957 3203 2363 3272 inuestigabam:
2391 3202 2706 3254 conterebant
2739 3201 2899 3254 molas
2927 3201 3215 3269 iniquorum
3242 3218 3260 3253 :
3289 3209 3335 3253 et
3359 3201 3420 3253 de
3446 3202 3565 3254 den-

1957 3297 2088 3350 tibus
2110 3295 2319 3348 illorum
2337 3293 2628 3363 auferebam
2651 3293 2900 3363 predum.
2944 3291 3230 3346 Imhecilles
3278 3304 3470 3358 autem,
3519 3295 3567 3349 si

1954 3404 2054 3458 qua
2081 3403 2135 3439 re
2164 3403 2290 3453 opus
2315 3386 2584 3449 habebant,
2613 3386 2817 3438 minime
2832 3384 3087 3454 repulsam
3112 3385 3335 3455 ferebant
3365 3401 3383 3439 :
3405 3402 3566 3454 neque

1954 3480 2220 3548 quisquam
2275 3492 2337 3529 ea:
2379 3475 2573 3528 rudibus
2603 3476 2726 3527 meis
2748 3491 2987 3541 umquam
3009 3491 3165 3527 vacuo
3191 3476 3306 3527 sinu
3333 3492 3565 3545 egressus

1955 3578 2027 3624 est
2061 3567 2181 3638 (Job
2236 3568 2325 3622 51.
2354 3565 2570 3636 1654).
2602 3565 2765 3621 Vides
2794 3567 2936 3619 varia
2971 3566 3319 3620 humanitatis
3339 3583 3559 3636 genera,

1956 3670 2011 3714 et
2042 3660 2220 3714 varios
2250 3658 2609 3727 eleemosynte
2645 3671 2848 3725 portus,
2877 3673 3109 3728 eumque
3135 3660 3326 3728 quavis
3356 3660 3567 3714 ratione

1956 3767 2112 3819 opem
2154 3751 2218 3803 iis
2257 3791 2272 3816 ,
2323 3749 2729 3818 quibusinjuria
2760 3751 2920 3804 ﬁebat
2947 3792 2961 3815 ,
3014 3751 3364 3805 alierentem?
3419 3752 3568 3807 Vides

1956 3858 2077 3896 cum
2148 3849 2440 3910 egestatem
2513 3840 2882 3895 sublevantem
2917 3881 2932 3906 ,
3009 3841 3195 3895 viduas
3272 3843 3565 3907 foventem,

1957 3935 2110 3988 liesis
2168 3933 2521 4002 opitulantem
2556 3973 2570 3995 ,
2637 3933 2953 3986 laedentibus
3019 3943 3281 3988 terrorem
3365 3935 3564 3989 incuti-

1958 4024 2171 4080 entem?
2198 4023 2379 4093 Neque
2399 4023 2544 4078 enim
2566 4024 2821 4078 eosolum
2871 4023 3104 4078 studium
3149 4040 3304 4078 suum
3347 4025 3570 4080 demon-

1963 4115 2203 4179 strabat,
2261 4114 2404 4183 quod
2459 4116 2566 4177 lis,
2626 4113 2716 4183 qui
2773 4113 3124 4178 lzedebantur,
3156 4125 3352 4183 przesto
3375 4125 3563 4184 esset,

1958 4215 2120 4277 atque
2140 4207 2395 4260 auxilium
2440 4205 2607 4260 ferret
2658 4205 2840 4276 (quod
2873 4206 3326 4276 multifaciunt),
3380 4225 3567 4266 verum

1963 4299 2123 4354 etiam
2147 4312 2215 4352 eo
2245 4311 2412 4367 usque
2442 4297 2740 4361 laborabat,
2788 4297 2965 4367 quoad
2995 4299 3266 4367 negotium
3293 4299 3565 4356 confecis-

1965 4399 2071 4457 set,
2105 4399 2161 4445 et
2187 4390 2406 4459 quidem
2446 4404 2636 4459 magna
2665 4404 2787 4443 eum
2817 4390 3180 4444 vehementia.
3233 4389 3568 4448 Conterebam

1964 4481 2129 4543 enim,
2167 4480 2358 4548 inquit,
2393 4480 2557 4532 molas
2613 4480 2901 4548 iniquorum
2950 4478 3072 4550 (Job
3099 4479 3190 4535 29.
3219 4482 3308 4548 17)
3339 4497 3351 4533 :
3382 4498 3570 4538 eorum

1963 4573 2217 4628 videlicet
2245 4571 2528 4626 conatibus
2579 4571 2968 4640 providentiam
3019 4586 3170 4624 suam
3222 4573 3359 4626 muri
3406 4575 3576 4631 instar

1965 4676 2262 4733 opponens.
2292 4662 2404 4718 Nec
2432 4677 2564 4718 vero
2591 4661 2868 4716 hominum
2922 4670 3129 4715 tantum
3185 4663 3396 4731 injuriis
3420 4706 3435 4729 ,
3477 4665 3574 4721 sed

1965 4754 2126 4809 etiam
2157 4761 2362 4808 natura:
2392 4751 2604 4807 insidiis
2633 4765 2816 4806 curam
2849 4766 3000 4805 suam
3053 4767 3116 4805 ac
3158 4752 3575 4810 sollicitudinem

1967 4846 2249 4914 objiciens,
2283 4845 2454 4914 ipsius
2484 4844 2735 4897 nimirum
2763 4844 2891 4898 vitia
2941 4844 3197 4913 singulari
3249 4847 3431 4900 auxilii
3491 4849 3576 4903 sui

1968 4939 2334 5009 magnitudine
2358 4938 2653 5007 corrigens.
2676 4937 2808 4991 Nam
2833 4937 2952 5006 quia
2984 4937 3221 4990 membra
3255 4937 3384 5007 ipsis
3410 4940 3573 4992 resti-

1972 5041 2124 5086 tuere
2155 5031 2372 5085 minime
2399 5038 2629 5098 poterat,
2661 5028 2762 5084 hoc
2803 5037 2885 5083 est
2911 5031 3072 5083 etscis
3093 5028 3281 5084 oculos
3302 5072 3315 5094 ,
3367 5030 3574 5086 claudis

1969 5121 2156 5193 pedes,
2186 5122 2550 5176 membrorum
2583 5123 2750 5176 instar
2795 5121 2925 5190 ipsis
2967 5132 3084 5176 erat
3127 5139 3139 5174 :
3188 5134 3349 5192 atque
3406 5123 3577 5192 ipsius

1972 5228 2133 5282 Opera
2161 5213 2196 5266 ii
2232 5213 2320 5283 qui
2353 5213 2521 5267 oculis
2545 5213 2686 5280 capti
2731 5222 2924 5275 erant,
2971 5212 3256 5270 videbant:
3305 5222 3361 5267 et
3407 5215 3440 5267 ii
3487 5216 3577 5284 qui

1972 5304 2218 5359 cruribus
2243 5303 2427 5357 oblmsi
2454 5317 2517 5357 ac
2535 5303 2762 5356 mutilati
2790 5311 2963 5366 erant,
3019 5303 3388 5358 ambulabant.
3439 5305 3577 5370 Quid

1973 5415 2092 5453 eum
2123 5399 2222 5452 hac
2259 5396 2589 5451 humanitate
2615 5397 2912 5464 comparari
2958 5404 3120 5464 queat
3153 5397 3175 5447 ?
3229 5396 3373 5451 Alias
3416 5398 3579 5450 etiam

1977 5493 2141 5562 ipsius
2172 5491 2398 5545 virtutes
2431 5491 2740 5559 exploratas
2770 5488 2935 5543 habes
2977 5506 2991 5554 ;
3050 5505 3115 5541 ne
3146 5489 3321 5542 omnia
3355 5504 3580 5542 enume-

1976 5600 2103 5638 rans
2126 5584 2425 5638 orationem
2451 5583 2763 5653 protraham
2791 5603 2803 5637 :
2838 5597 3047 5635 morum
3076 5580 3405 5647 facilitatem,
3439 5581 3575 5636 leni-

1977 5685 2162 5740 tatem,
2195 5693 2459 5730 summam
2490 5676 2807 5730 modestiam
2843 5690 2905 5730 ac
2944 5675 3387 5744 temperantiam;
3443 5692 3579 5746 quo-

1979 5786 2099 5823 nam
2131 5781 2305 5838 pacto,
2338 5785 2458 5824 cum
2489 5771 2539 5822 in
2568 5784 2663 5823 eos
2687 5770 2776 5837 qui
2809 5766 3059 5836 injuriam
3087 5767 3204 5820 aliis
3233 5767 3539 5824 inferebant

1981 5860 2271 5918 vehemens
2302 5869 2444 5916 esset
2499 5861 2662 5930 (nam
2711 5860 2811 5916 hoc
2840 5874 2969 5914 sane
2997 5858 3362 5928 mirandum),
3391 5864 3569 5919 suavis
