4172 6490
712 399 819 459 δ’ἵυ

705 529 882 576 tamen
904 527 960 576 et
983 525 1313 584 mansuetus,
1362 527 1521 586 atque
1546 513 1663 584 ipso
1683 514 1844 568 etiam
1880 512 2038 566 melle
2061 510 2268 565 dulcior

701 619 841 677 erat,
868 625 990 665 cum
1017 623 1144 678 erga
1162 623 1351 664 omnes
1373 608 1528 673 alios,
1563 617 1672 660 tum
1700 620 1823 675 erga
1847 604 2074 658 famulos
2096 616 2220 656 suos
2246 641 2262 666 ,

697 699 788 766 qui
803 712 1050 768 magnum
1065 698 1144 752 sui
1161 710 1283 770 erga
1303 697 1473 766 ipsum
1493 695 1691 750 amoris
1704 704 2071 765 argumentum
2099 690 2264 746 eden-

698 795 803 851 tes,
830 786 1111 841 dicebant:
1144 787 1270 853 Quis
1296 787 1377 839 det
1398 785 1557 849 nobis,
1585 785 1718 846 utde
1738 783 1969 836 carnibus
1983 784 2091 850 ejus
2118 789 2264 832 sata-

695 892 866 931 ranur
910 877 1028 949 (Job
1056 878 1145 931 51.
1173 876 1298 946 5t)?
1340 873 1494 943 Quod
1540 874 1584 928 si
1635 872 1842 928 famulis
1889 872 1962 925 ita
2011 883 2166 924 carus
2209 876 2265 924 et

696 969 940 1022 amabilis
966 976 1101 1032 erat,
1123 967 1318 1036 quibus
1344 980 1488 1035 saepe
1515 963 1706 1019 terrori
1737 977 1854 1017 esse
1883 974 2101 1016 necesse
2144 967 2260 1024 est,

696 1067 893 1128 quanto
919 1059 1086 1128 magis
1114 1059 1320 1114 cunctis
1346 1058 1466 1112 aliis
1502 1054 1844 1110 hominibus?

766 1151 820 1204 'l.
862 1149 987 1205 Haec
1017 1151 1195 1222 igitur,
1222 1159 1379 1219 atque
1395 1149 1479 1202 his
1501 1149 1670 1218 plura,
1709 1162 1822 1201 sum
1850 1145 1989 1214 apud
2016 1154 2068 1201 te
2094 1144 2260 1201 colle-

689 1243 856 1312 geris,
881 1257 981 1313 age
1001 1243 1110 1312 jam
1136 1243 1203 1296 ad
1222 1242 1580 1296 calamitatum
1598 1281 1614 1306 ,
1667 1253 1800 1310 quas
1829 1251 2108 1308 perpessus
2133 1244 2217 1291 est
2243 1276 2259 1300 ,

693 1347 975 1388 numerum
1003 1331 1404 1387 subducendum
1454 1345 1663 1386 mecum
1717 1339 1768 1385 te
1813 1327 1998 1384 confer
2040 1344 2053 1380 :
2103 1336 2262 1394 atque

689 1423 1045 1493 comparando
1062 1423 1334 1478 videamus
1353 1437 1458 1493 quo
1483 1430 1723 1491 tempore
1765 1419 1962 1474 clarior
1997 1425 2150 1481 erat,
2192 1431 2260 1470 an

688 1529 810 1568 cum
831 1514 932 1568 illis
949 1515 1154 1570 virtutis
1169 1513 1475 1569 muneribus
1492 1511 1820 1582 fungebatur,
1840 1525 1907 1564 an
1925 1523 2047 1564 cum
2067 1506 2260 1563 acerba

687 1615 959 1676 pateretur
977 1621 1096 1676 quas
1111 1621 1356 1676 maguum
1377 1605 1478 1675 ipsi
1495 1618 1776 1660 mmrorem
1795 1599 2112 1656 inurebant?
2132 1599 2260 1656 Utro

690 1697 856 1768 igitur
877 1706 1117 1767 tempore
1155 1696 1411 1752 illustrior
1437 1705 1554 1751 erat
1576 1694 1719 1751 Job'?
1762 1703 1943 1751 tumne
1991 1706 2111 1747 cum
2165 1690 2260 1745 do-

689 1802 837 1843 mum
859 1801 1008 1846 suam
1030 1788 1275 1844 omnibus
1304 1787 1392 1858 qui
1418 1802 1484 1843 eo
1511 1787 1612 1842 iter
1657 1786 1921 1842 faciebant
1947 1825 1962 1850 ,
2018 1793 2254 1854 apertam

695 1879 942 1946 habebat,
973 1895 1040 1935 an
1070 1896 1190 1935 cum
1208 1894 1270 1935 ea
1298 1888 1562 1949 prostrata
1587 1878 1788 1934 nullum
1836 1876 2085 1932 acerbum
2131 1889 2257 1930 vero

683 1968 810 2024 bum
837 1970 1213 2038 pronuntiavit,
1236 1969 1333 2025 sed
1357 1969 1520 2025 Deum
1551 1968 1794 2024 laudibus
1822 1966 2038 2022 atl'ecit?
2091 1964 2250 2027 Atqui

682 2061 812 2117 illud
835 2061 1042 2116 virtutis
1059 2076 1251 2116 munus
1277 2069 1412 2127 erat,
1459 2059 1560 2116 hoc
1605 2060 1899 2130 perpessio.
1940 2057 2074 2114 Utro
2120 2065 2253 2111 tem-

682 2167 812 2223 pore
849 2151 1272 2226 insigniorerat,
1301 2151 1388 2206 dic
1414 2165 1616 2220 quaeso.
1663 2165 1784 2205 cum
1823 2149 2051 2204 illioram
2095 2160 2254 2203 causa

681 2241 998 2297 sacriﬁcium
1027 2241 1302 2307 oderebat,
1328 2257 1527 2309 eosque
1556 2242 1694 2297 inter
1720 2255 1780 2296 se
1803 2239 2142 2302 conciliabat,
2183 2253 2251 2293 an

682 2344 805 2386 cum
832 2331 962 2398 ipsis
985 2331 1174 2386 domus
1203 2333 1354 2386 ruina
1385 2331 1607 2398 obrutis,
1629 2330 2076 2396 acerbissimoque
2104 2343 2250 2382 mor-

680 2421 751 2475 tis
771 2435 970 2489 genere
996 2421 1064 2475 de
1085 2421 1262 2476 medio
1275 2421 1514 2485 sublatis,
1546 2435 1797 2491 perquam
1819 2421 2087 2490 sapienter
2109 2419 2250 2475 hunc

685 2523 873 2563 casum
899 2509 1048 2563 tulit?
1077 2509 1206 2565 Utro
1251 2519 1487 2580 tempore
1515 2511 1680 2580 magis
1718 2511 1968 2572 emicuit,
2018 2525 2139 2564 cum
2183 2510 2250 2565 de

680 2599 857 2652 ovium
887 2600 1051 2668 ipsius
1076 2600 1356 2655 velleribus
1383 2599 1644 2654 nudorum
1675 2600 1880 2655 humeri
1909 2600 2243 2666 caleliebaut,

680 2701 750 2742 an
769 2702 891 2742 cum
921 2690 1079 2742 allato
1098 2691 1285 2744 nuntio
1325 2691 1498 2760 ignem
1545 2691 1614 2745 de
1658 2691 1792 2745 ca‘lo
1838 2692 2134 2757 cecidisse,
2193 2703 2248 2747 et

681 2777 989 2831 universum
1012 2795 1224 2848 gregem
1255 2795 1356 2834 una
1386 2795 1504 2834 cum
1529 2781 1828 2854 pastoribus
1847 2781 2202 2850 absumpsisse
2225 2823 2240 2848 ,

678 2868 895 2922 minime
915 2881 1208 2924 commotus
1237 2887 1298 2925 ac
1327 2872 1663 2940 perturbatus
1682 2881 1786 2938 est,
1829 2889 2010 2927 verum
2035 2875 2249 2928 calami-

680 2964 842 3011 tatem
873 2957 1008 3013 hanc
1031 2975 1181 3029 aequo
1206 2961 1386 3015 animo
1411 2962 1565 3016 tulit?
1611 2961 1740 3016 Utro
1789 2972 2026 3031 tempore
2077 2965 2247 3032 major

678 3057 811 3109 erat,
843 3063 962 3102 cum
987 3049 1136 3103 ﬁrma
1161 3051 1399 3118 corporis
1418 3051 1718 3106 valetudine
1745 3051 2028 3119 frueretur,
2055 3067 2153 3122 qua
2179 3053 2242 3107 ad

677 3149 863 3192 eorum
889 3139 975 3208 qui
1007 3137 1254 3208 injuriam
1279 3150 1615 3210 acceperant,
1658 3140 2022 3196 defensionem
2053 3143 2241 3199 uteba-

678 3234 784 3291 tur,
804 3237 858 3282 et
885 3229 1179 3298 iniquorum
1210 3231 1378 3286 molas
1397 3232 1721 3297 conterebat,
1763 3242 1922 3303 atque
1963 3248 2027 3288 ex
2055 3234 2244 3289 mediis

676 3317 914 3388 ipsorum
956 3320 1200 3375 dentibus
1251 3321 1480 3391 praedam
1528 3321 1817 3392 eripiebat,
1869 3325 2242 3394 oppressisque

677 3415 860 3475 portus
879 3417 992 3462 erat
1010 3426 1023 3462 :
1041 3423 1106 3462 an
1119 3422 1237 3463 cum
1254 3424 1447 3479 corpus
1461 3424 1636 3476 suum,
1656 3411 1898 3466 laesorum
1917 3413 2237 3481 praesidium,

675 3509 706 3548 a
740 3497 1004 3551 vermibus
1025 3500 1232 3554 corrodi
1258 3500 1634 3570 conspiciebat,
1661 3511 1817 3571 atque
1845 3503 1896 3556 in
1914 3503 2240 3573 sterquilinio

675 3583 887 3650 sedens,
926 3595 1137 3656 accepta
1167 3597 1301 3644 testa
1329 3589 1458 3644 illud
1485 3591 1598 3668 ipse
1627 3591 1882 3646 radebat?
1902 3593 2081 3648 Glebas
2097 3597 2237 3649 enim

675 3685 822 3728 term
842 3677 1033 3743 mollia,
1062 3679 1248 3749 inquit,
1279 3682 1470 3735 saniem
1497 3669 1678 3736 radens
1727 3683 1848 3753 (Job
1876 3686 1926 3738 7.
1970 3687 2045 3755 5).
2078 3687 2237 3756 Atqui

674 3765 851 3818 omnia
882 3766 971 3820 illa
1003 3768 1206 3822 virtutis
1226 3784 1384 3838 opera
1409 3781 1560 3826 erant
1588 3789 1601 3823 ε
1630 3784 1810 3827 contra
1834 3802 1852 3839 ι
1899 3773 2012 3829 huic
2059 3777 2237 3829 omnia

675 3856 1042 3924 perpessiones
1071 3874 1083 3910 :
1115 3865 1170 3912 et
1195 3868 1367 3914 tamen
1391 3860 1504 3914 haec
1527 3859 1627 3931 ipsi
1653 3863 1925 3931 majorem,
1945 3880 2099 3934 quam
2124 3867 2234 3932 illa,

673 3942 1008 4012 splendorem
1048 3947 1354 4002 attulerunt.
1400 3948 1511 4003 Hoc
1536 3950 1676 4005 enim
1706 3951 2044 4006 acerbissima
2071 3953 2237 4022 praelii

674 4047 799 4103 pars
825 4043 957 4098 erat,
989 4037 1347 4105 majoremque
1387 4038 1745 4094 fortitudinem
1775 4043 2040 4111 animique
2068 4043 2233 4098 tinni-

673 4131 860 4187 tatem,
889 4131 942 4178 et
969 4126 1160 4179 mentis
1179 4126 1527 4196 sapientiam,
1580 4139 1737 4198 atque
1779 4132 2084 4200 ampliorem
2111 4149 2231 4203 erga

673 4211 838 4266 Deum
861 4213 1130 4267 caritatem
1160 4217 1480 4284 requirebat.
1509 4219 1688 4287 anue
1709 4219 1775 4273 de
1800 4235 1977 4286 causa,
2007 4237 2122 4276 cum
2148 4224 2232 4278 illa

676 4299 882 4366 tierent,
942 4303 1273 4371 impudenter
1303 4307 1513 4375 quidem
1545 4322 1605 4361 ac
1647 4323 1898 4377 perquam
1948 4310 2184 4380 improbe
2215 4354 2229 4377 ,

674 4393 767 4446 sed
793 4401 964 4447 tamen
991 4395 1357 4451 obluctabatur
1383 4399 1623 4454 diabolus
1648 4441 1661 4463 ,
1709 4400 1791 4454 his
1833 4405 2006 4457 verbis
2038 4413 2191 4459 utens
2216 4426 2226 4460 :

677 4480 938 4550 Numquid
956 4482 1052 4536 Job
1083 4490 1268 4554 frustra
1289 4488 1404 4540 colit
1430 4486 1593 4541 Deum
1645 4489 1763 4558 (Job
1790 4492 1842 4545 l.
1872 4492 1970 4562 9)?
2000 4494 2068 4546 At
2111 4509 2230 4547 cum

675 4570 789 4626 hac
811 4572 1143 4639 accidissent,
1169 4577 1370 4643 pudore
1396 4577 1625 4634 suliusus
1651 4590 1793 4650 terga
1813 4582 1975 4649 dedit,
2031 4599 2093 4638 ac
2147 4602 2232 4640 se-

672 4661 851 4725 cessit,
879 4664 1042 4733 utqui
1068 4680 1133 4718 ne
1159 4665 1476 4733 impudentis
1504 4667 1713 4735 quidem
1744 4670 1897 4725 ullius
1923 4673 2232 4741 objectionis

674 4750 910 4805 umbram
938 4752 1163 4820 aliquam
1195 4753 1448 4818 haberet,
1499 4771 1654 4824 quam
1703 4759 2070 4826 praetenderet.
2121 4763 2231 4818 lloc

672 4840 812 4896 enim
837 4856 1150 4896 coronarum
1180 4843 1439 4912 colopbon
1466 4855 1546 4899 est
1569 4887 1584 4910 ,
1640 4848 1740 4902 hoc
1764 4863 2001 4906 summus
2024 4853 2230 4908 virtutis

673 4943 827 5000 apes,
856 4930 956 4985 hoc
982 4933 1316 5001 perspicuum
1347 4934 1668 4990 fortitudinis
1688 4950 2075 5008 argumentum,
2129 4944 2230 4997 hoc

673 5037 894 5076 summa:
920 5023 1264 5092 philosophiae
1303 5025 1532 5080 culmen.
1566 5027 1696 5081 Illud
1741 5031 1899 5085 etiam
1944 5035 2229 5088 ostendens

673 5110 758 5165 hic
805 5111 943 5165 idem
993 5112 1175 5167 beatus
1222 5114 1343 5179 Job,
1375 5125 1573 5184 quanto
1599 5117 1838 5172 acerbior
1881 5122 1948 5175 sit
1985 5127 2228 5178 maeroris

675 5201 931 5269 tyrannis,
987 5217 1144 5271 quam
1190 5218 1370 5270 mors,
1427 5205 1563 5258 hanc
1606 5209 1841 5275 requiem
1895 5211 2224 5278 appellabat:

673 5289 815 5343 Mors
843 5291 1004 5356 enim,
1030 5292 1352 5360 inquit,uiro
1402 5295 1590 5359 requies
1641 5296 1780 5365 (Job
1819 5301 1870 5353 5.
1901 5300 2030 5369 25);
2071 5313 2230 5372 atque

671 5393 790 5431 eam
821 5381 1003 5448 gratia?
1034 5381 1151 5433 loco
1178 5382 1409 5449 petebat,
1439 5393 1493 5436 ut
1537 5401 1565 5436 a
1613 5401 1837 5443 mmrore
1869 5389 2176 5447 liberaretur
2209 5437 2225 5459 ,

672 5467 885 5520 dicens:
911 5470 1030 5533 Quis
1051 5472 1130 5522 det
1153 5481 1203 5521 ut
1221 5473 1380 5523 veniat
1406 5474 1572 5541 petitio
1595 5492 1721 5537 mea,
1750 5488 1793 5530 et
1819 5481 1951 5545 quod
1971 5497 2221 5548 exspecto,

671 5557 853 5608 tribuat
883 5559 1002 5611 milli
1029 5559 1196 5613 Deus?
1229 5560 1290 5613 Et
1329 5563 1411 5626 qui
1440 5565 1584 5632 cwpit
1607 5605 1621 5631 ,
1667 5568 1770 5633 ipse
1813 5586 1889 5622 me
1913 5584 2149 5637 conterat,
2181 5587 2225 5628 ct

672 5648 888 5700 succidut
917 5667 992 5701 me
1021 5654 1239 5717 usqucin
1275 5654 1420 5718 ﬁnem
1451 5670 1469 5707 :
1516 5667 1558 5708 ct
1601 5659 1712 5710 urbs
1760 5677 1835 5720 ca,
1883 5680 2032 5731 super
2084 5670 2224 5736 cujus

673 5746 843 5788 muros
891 5739 1153 5810 saltabant,
1201 5745 1478 5812 sepulcrum
1519 5748 1637 5802 ηιὶΙιι
1681 5752 1739 5803 sit
1786 5751 1962 5823 (Idem
1989 5793 2004 5822 ,
2037 5757 2087 5812 6.
2137 5759 2188 5815 8.

1559 401 1615 459 8.
1654 401 1886 458 JOANN.
1922 394 2386 457 CHRIBOS‘I'OII
2413 397 3258 458 ARCHIEP.CONSTANTINOP.

2372 508 2484 579 10).
2534 509 2609 565 lta
2655 511 2890 565 omnium
2931 527 3106 568 rerum
3153 511 3462 581 gravissima
3511 521 3592 567 est
3640 512 3891 568 armatiita
3922 529 3945 565 ξ

2371 611 2531 665 porro
2560 613 2667 667 quo
2689 601 2938 671 gravior,
2995 613 3061 654 eo
3101 615 3312 670 quoque
3341 600 3596 670 majorem
3641 603 3945 658 mercedem

2370 685 2546 751 habet.

2443 777 2496 832 8.
2543 777 2774 854 Quantus
2799 795 2861 834 es;
2884 780 3252 835 calamitatibus
3279 785 3473 852 fructus
3518 783 3734 838 oriatur.
3779 780 3949 838 Nulla

2366 869 2523 922 virtus
2561 869 2667 922 sine
2703 869 2873 924 labore
2898 887 3130 940 magnam
3154 871 3356 926 Wars
3381 875 3552 942 refert.
3579 903 3651 914 —
3673 873 3741 929 Ut
3765 883 3942 930 autem

2368 958 2585 1014 aliunde
2611 975 2820 1030 quoque
2867 961 3131 1032 intelligas
3156 973 3385 1033 quantus
3433 979 3498 1018 ex
3550 966 3942 1026 calamitatibus

2367 1049 2569 1106 fructus
2596 1062 2888 1122 promanet,
2921 1054 3126 1110 etiamsi
3155 1069 3260 1109 non
3291 1056 3384 1110 Dei
3405 1072 3566 1113 causa
3588 1060 3706 1128 quis
3749 1077 3938 1132 perpe-

2367 1142 2526 1197 tiatur
2555 1145 2748 1212 (nemo
2768 1159 2854 1198 me
2881 1145 2982 1199 hoc
3025 1145 3141 1200 loco
3187 1147 3523 1218 hyperbolice
3569 1150 3719 1220 loqui
3758 1156 3941 1208 existi-

2365 1232 2540 1304 met),
2591 1233 2751 1288 modo
2790 1244 3009 1291 strenuo
3032 1251 3094 1291 ac
3121 1237 3327 1306 placido
3350 1241 3526 1294 animo
3553 1241 3720 1309 lerat,
3773 1245 3937 1300 Deum

2365 1323 2421 1378 in
2447 1323 2692 1378 omnibus
2715 1325 2879 1396 gloria
2917 1327 3186 1383 alliciens'
3215 1345 3229 1381 :
3260 1329 3400 1385 idem
3443 1330 3560 1396 hic,
3611 1348 3671 1388 se
3722 1347 3938 1405 propter

2367 1411 2533 1467 Deum
2559 1411 2676 1469 lucc
2700 1415 2828 1484 pati,
2858 1415 3076 1472 minime
3101 1428 3275 1485 norat,
3306 1428 3364 1474 at
3393 1429 3569 1475 tamen
3587 1422 3709 1479 ideo
3736 1439 3934 1482 corona

2363 1503 2679 1573 donabatur,
2701 1507 2842 1577 quod
2860 1508 2959 1563 etsi
2988 1523 3200 1564 causam
3227 1525 3334 1566 non
3360 1521 3571 1577 nosset,
3601 1523 3825 1571 strenuo
3852 1526 3933 1572 ta-

2362 1608 2483 1649 men
2523 1595 2702 1651 animo
2747 1598 3072 1655 calamitates
3111 1600 3430 1671 perferebat.
3459 1602 3692 1661 Lazarus
3717 1621 3945 1678 quoque

2361 1684 2470 1751 ille,
2493 1685 2549 1740 in
2573 1687 2818 1744 morbum
2849 1691 3124 1761 prolapsus
3171 1691 3315 1764 (hoc
3343 1709 3503 1764 porro
3531 1711 3634 1751 non
3663 1710 3781 1754 erat
3806 1715 3939 1768 pro-7

2360 1780 2478 1842 pter
2508 1775 2674 1832 Deum
2702 1779 2879 1849 pati),
2923 1788 3099 1836 tamen
3139 1782 3260 1851 quia
3314 1782 3543 1853 inopiam
3582 1789 3883 1845 curantium
3910 1833 3932 1859 ,

2358 1881 2750 1940 maeroremque
2780 1870 2952 1939 illum,
2980 1887 3136 1944 quem
3158 1883 3212 1928 et
3239 1873 3438 1943 ulcera,
3471 1886 3525 1932 et
3551 1876 3740 1945 fames,
3765 1890 3816 1935 et
3843 1881 3926 1937 di~

2355 1959 2480 2013 vitis
2525 1971 2856 2032 contemptus
2915 1973 3074 2035 atque
3120 1966 3404 2023 crudelitas
3465 1969 3755 2036 aﬂ’erebat,
3808 1973 3929 2031 forti

2355 2047 2536 2104 animo
2567 2050 2706 2117 tulit,
2746 2068 2877 2123 quas
2901 2068 3127 2110 coronas
3146 2067 3503 2126 consequutus
3526 2061 3616 2128 sit,
3638 2077 3746 2118 non
3769 2072 3822 2119 te
3842 2063 3930 2121 lb-

2354 2139 2449 2209 git.
2477 2141 2633 2212 Atqui
2663 2143 2864 2199 nullum
2894 2145 3037 2201 illius
3066 2147 3383 2217 praeclarum
3413 2165 3545 2221 opus
3584 2152 3925 2222 invenimus;

2355 2246 2461 2288 non
2483 2233 2622 2302 quod
2650 2248 2910 2305 pauperes
2938 2238 3296 2294 misericordia
3322 2253 3678 2314 prosequutus
3705 2247 3798 2313 sit,
3816 2261 3928 2304 non

2354 2322 2496 2390 quod
2523 2322 2661 2380 lassis
2688 2339 2842 2396 opem
2866 2327 3064 2394 tulerit,
3098 2340 3186 2384 aut
3208 2330 3350 2387 aliud
3387 2334 3636 2402 quiddam
3682 2337 3930 2407 ejusdem

2352 2413 2564 2479 generis
2588 2428 2706 2468 cum
2737 2415 2929 2471 virtute
2953 2419 3210 2486 gesserit;
3243 2435 3423 2475 verum
3447 2422 3574 2477 illud
3599 2424 3877 2481 dumtaxat
3904 2468 3920 2491 ,

2353 2499 2492 2568 quod
2510 2516 2605 2570 pro
2629 2501 2805 2558 divitis
2829 2504 3033 2561 toribus
3055 2507 3302 2577 jacuerit,
3345 2511 3484 2581 quod
3514 2513 3735 2569 adversa
3782 2517 3927 2572 vale-

2351 2589 2533 2646 tudine
2553 2592 2818 2662 laborarit,
2847 2597 2986 2666 quod
3014 2598 3179 2667 ipsius
3205 2601 3505 2658 vulneribus
3529 2620 3688 2661 canes
3713 2608 3923 2678 linguas

2351 2682 2708 2752 admoverim,
2735 2702 2795 2742 ac
2818 2687 3047 2760 denique
3082 2693 3224 2762 quod
3253 2693 3401 2749 dives
3421 2711 3540 2750 eum
3572 2699 3640 2751 sit
3666 2714 3920 2768 asperna-

2352 2784 2455 2842 tus,
2484 2795 2601 2850 qum
2626 2783 2800 2836 omnia
2829 2784 2892 2838 ad
2920 2789 3317 2856 perpessionem
3347 2791 3677 2858 spectabant.
3723 2793 3789 2847 Et
3843 2804 3921 2848 ta-

2349 2884 2492 2938 men,
2523 2873 2644 2928 licet
2677 2877 2817 2930 nullo
2841 2877 2945 2931 alio
2961 2880 3174 2949 egregio
3204 2881 3412 2935 virtutis
3442 2899 3664 2938 munere
3691 2885 3909 2954 perfun-

2347 2971 2485 3030 ctus,
2508 2965 2627 3034 quia
2655 2967 2822 3020 solum
2849 2967 3151 3038 bujusmodi
3178 2974 3480 3027 mmstitiam
3497 2985 3714 3030 strenuo
3737 2979 3922 3032 animo

2347 3052 2487 3119 tulit,
2510 3055 2749 3110 eamdem
2772 3072 2926 3126 quam
2958 3060 3277 3128 patriarcha,
3303 3063 3392 3131 qui
3431 3072 3506 3117 tot
3527 3079 3612 3119 res
3639 3080 3761 3120 cum
3804 3068 3915 3122 vir-
3946 3095 3959 3106 -

2349 3153 2457 3198 tute
2479 3157 2734 3216 gesserat,
2784 3158 2982 3205 sortem
3014 3161 3094 3205 est
3122 3165 3497 3223 consequutus.
3556 3155 3732 3211 Dicam
3780 3173 3920 3227 prae-

2345 3244 2490 3290 terea
2520 3237 2812 3308 quidpiam,
2839 3241 2978 3309 quod
3007 3243 3104 3296 etsi
3129 3245 3195 3298 ab
3224 3245 3495 3301 hominum
3512 3249 3759 3316 opinione
3781 3250 3915 3306 alie-

2347 3339 2470 3378 num
2531 3326 2802 3395 videatur,
2851 3339 3024 3386 tamen
3075 3347 3258 3387 verum
3313 3344 3428 3389 est:
3461 3351 3652 3406 nempe
3701 3339 3916 3395 etiamsi

2343 3417 2603 3486 quispiam
2629 3434 2873 3489 magnum
2901 3423 3112 3492 aliquod
3139 3434 3194 3478 et
3230 3425 3435 3482 illustre
3475 3442 3607 3497 opus
3646 3429 3910 3498 ediderit,

2342 3505 2436 3560 sed
2464 3507 2580 3562 sine
2601 3508 2804 3575 labore,
2836 3513 3082 3579 periculis
3102 3522 3155 3568 et
3178 3515 3584 3580 calamitatibus,
3613 3533 3736 3572 eum
3772 3519 3911 3574 haud

2343 3613 2586 3668 magnam
2613 3601 2734 3655 hinc
2779 3603 3076 3659 mercedem
3106 3605 3331 3660 laturum
3377 3622 3530 3662 esse:
3563 3607 3914 3680 Unusquisque

2341 3690 2482 3743 enim
2527 3691 2783 3760 propriam
2807 3694 3076 3747 mercedem
3093 3695 3301 3762 accipiet
3313 3697 3463 3764 juxta
3478 3699 3736 3766 proprium
3767 3700 3907 3753 labo-

2342 3794 2447 3831 rem
2474 3779 2558 3847 (l.
2593 3778 2709 3832 Cor.
2738 3779 2790 3833 3.
2816 3780 2872 3844 8)
2905 3800 2917 3834 :
2952 3798 3053 3836 non
3083 3783 3372 3838 secundum
3418 3800 3595 3840 rerum
3620 3802 3684 3842 es
3718 3789 3911 3845 virtute

2343 3878 2607 3936 gestarum
2632 3871 3064 3940 magnitudinem,
3097 3875 3190 3928 sed
3219 3890 3314 3944 pro
3340 3876 3720 3944 calamitatum,
3775 3895 3913 3949 quas

2341 3959 2636 4026 pertulerit,
2661 3961 2821 4016 mole.
2855 3963 3110 4027 Quocirca
3151 3965 3342 4021 Paulus
3369 3968 3528 4021 etiam
3555 3984 3613 4024 se
3652 3971 3864 4040 jacmns
3889 4015 3905 4036 .

2339 4063 2443 4102 non
2474 4050 2542 4104 ob
2583 4051 2634 4104 id
2686 4060 2884 4106 tantum
2938 4055 3214 4123 gloriatur,
3247 4060 3385 4126 quod
3430 4059 3554 4114 boni
3601 4063 3799 4132 aliquid
3845 4080 3908 4121 ac

2339 4142 2574 4210 praeclari
2595 4145 2850 4214 gesserit,
2879 4147 2968 4200 sed
3004 4149 3159 4201 etiam
3198 4150 3336 4218 quod
3366 4152 3520 4208 malis
3564 4153 3785 4210 allectus
3814 4158 3902 4212 sit.

2336 4232 2468 4286 Cum
2498 4236 2637 4288 enim
2658 4235 2897 4300 dixisset,
2933 4238 3152 4292 Ministri
3169 4239 3352 4295 Christi
3380 4253 3515 4310 sunt,
3554 4256 3606 4298 ut
3627 4247 3789 4302 minus
3815 4266 3905 4302 sa-

2340 4325 2479 4390 piens
2495 4325 2689 4394 loquar,
2725 4327 2835 4395 plus
2861 4345 2947 4396 ego
2975 4330 3056 4397 (2.
3081 4331 3194 4383 Cor.
3229 4334 3312 4384 ll.
3336 4333 3424 4402 25)
3452 4349 3466 4385 :
3499 4345 3675 4405 atque,
3706 4349 3904 4407 quanto

2336 4412 2413 4465 eis
2427 4416 2760 4480 praestantior
2775 4427 2934 4482 esset,
2955 4433 3072 4470 cum
3090 4435 3151 4472 ex
3170 4423 3562 4489 comparatione
3581 4426 3902 4484 demonstra-

2337 4515 2395 4555 re
2414 4501 2665 4566 studeret,
2691 4520 2795 4560 non
2815 4507 2960 4570 dixit,
2981 4509 3080 4562 Tot
3102 4521 3153 4564 et
3173 4520 3248 4565 tot
3265 4511 3562 4570 hominibus
3580 4518 3858 4586 praedicavi
3883 4538 3896 4573 :

2339 4607 2523 4646 verum
2549 4595 2759 4648 omissis
2789 4596 2850 4649 iis
2890 4613 3007 4667 quae
3029 4615 3095 4653 ex
3127 4602 3319 4656 virtute
3342 4615 3597 4674 gesserat,
3630 4609 3765 4662 mala
3791 4626 3855 4664 ea
3885 4655 3900 4677 ,

2336 4697 2453 4748 qua:
2477 4697 2760 4752 perpessus
2787 4695 2888 4752 est,
2907 4701 3201 4756 enumerat,
3255 4693 3337 4748 bis
3364 4696 3540 4750 verbis
3571 4714 3584 4750 :
3612 4697 3679 4752 In
3707 4701 3900 4756 labori-

2335 4770 2424 4823 bus
2450 4773 2801 4841 abundantius,
2830 4777 2880 4829 in
2912 4779 3075 4846 plagis
3102 4797 3256 4849 supra
3302 4786 3524 4851 modum,
3578 4788 3632 4840 in
3675 4795 3896 4845 carceri-

2337 4862 2430 4914 bus
2482 4863 2837 4931 abundantius,
2885 4869 2938 4920 in
2965 4872 3226 4952 mortibus
3275 4875 3575 4944 frequenter.
3621 4879 3899 4952 Quinquies

2335 4953 2680 5023 quadragenas
2701 4973 2799 5010 una
2823 4951 2988 5014 minu’s
3012 4976 3043 5012 a
3067 4959 3262 5016 Iudicis
3287 4968 3494 5035 accepi;
3519 4977 3592 5022 ter
3620 4951 3779 5041 virgis
3806 4991 3902 5027 ca:-

2333 5058 2419 5094 sus
2443 5059 2572 5110 sum,
2601 5049 2751 5101 semel
2781 5050 3033 5118 lapidatus
3053 5068 3184 5120 sum,
3218 5067 3289 5108 ter
3318 5061 3646 5130 naufragium
3675 5067 3792 5134 feci,
3821 5067 3904 5120 die

2331 5148 2390 5188 as
2402 5145 2544 5188 nocte
2559 5137 2610 5190 in
2635 5143 2884 5210 profundo
2907 5146 3059 5197 maris
3076 5145 3148 5213 fui
3161 5162 3180 5199 :
3192 5147 3242 5198 in
3259 5147 3515 5204 itineribus
3530 5168 3682 5222 sa‘pe,
3704 5159 3899 5224 pericu-

2332 5226 2393 5278 lis
2409 5227 2692 5296 ﬂuminum,
2716 5234 2950 5300 periculis
2977 5236 3261 5304 latronum,
3311 5242 3546 5309 periculis
3588 5261 3652 5298 ea:
3700 5265 3894 5318 genere,

2333 5319 2564 5386 periculis
2594 5337 2655 5374 ea:
2673 5325 2898 5392 gentibus
2922 5367 2936 5391 ,
2983 5328 3216 5396 periculis
3241 5331 3291 5383 in
3313 5332 3529 5401 civitate,
3577 5340 3812 5404 periculis
3845 5357 3897 5396 tn

2329 5411 2618 5476 solitudine,
2654 5416 2884 5482 periculis
2915 5419 2965 5471 in
2993 5421 3139 5486 mari,
3174 5423 3406 5490 periculis
3435 5427 3486 5479 in
3530 5427 3674 5495 falsis
3721 5432 3894 5500 fratri-

2331 5500 2419 5554 bus
2447 5518 2466 5555 :
2496 5504 2546 5555 in
2574 5505 2741 5558 labore
2767 5517 2810 5560 et
2829 5525 3072 5577 erumna,
3096 5514 3153 5566 in
3169 5515 3350 5584 vigiliis
3371 5519 3560 5580 multis,
3589 5521 3644 5572 in
3667 5524 3820 5589 fame,
3843 5527 3893 5579 in

2327 5592 2431 5654 siti,
2452 5593 2501 5644 in
2524 5595 2776 5660 nuditate;
2805 5611 3044 5667 praterea
3069 5619 3178 5670 qua:
3202 5606 3506 5662 extrinsecus
3536 5626 3672 5672 sunt,
3699 5614 3890 5668 instau-

2330 5683 2397 5733 tia
2428 5699 2534 5735 mea
2562 5687 2852 5752 quotidiana
2877 5688 2982 5756 (Ib.
3015 5707 3058 5743 υ.
3090 5692 3158 5747 23
3185 5723 3204 5735 -
3231 5695 3343 5762 28).

2394 5796 2406 5826 ‘
2433 5797 2565 5848 Savil.
2595 5802 2715 5859 must,
2729 5796 2879 5860 gloria
2893 5799 3122 5864 adiciens,
3133 5803 3278 5865 addit,
3302 5804 3691 5869 magnaslaudcs
3707 5814 3886 5866 abut-ct.
