  <div class='ocr_page' id='page_1' title='image "/cluster/home/n/w/nwhite01/storage/ocr_20150623/52/uva.x030486926/200.png"; bbox 0 0 4216 6484; ppageno 0'>
   <div class='ocr_carea' id='block_1_1' title="bbox 260 421 366 478">
    <p class='ocr_par' dir='ltr' id='par_1_1' title="bbox 260 421 366 478">
     <span class='ocr_line' id='line_1_1' title="bbox 260 421 366 478; baseline 0.009 -1"><span class='ocrx_word' id='word_1_1' title='bbox 260 421 366 478; x_wconf 74' lang='grc' dir='ltr'><strong>επ</strong></span> 
     </span>
    </p>
   </div>
   <div class='ocr_carea' id='block_1_2' title="bbox 258 522 1835 611">
    <p class='ocr_par' dir='ltr' id='par_1_2' title="bbox 258 522 1835 611">
     <span class='ocr_line' id='line_1_2' title="bbox 258 522 1835 611; baseline -0.011 -19"><span class='ocrx_word' id='word_1_2' title='bbox 258 538 394 611; x_wconf 82' lang='grc' dir='ltr'><strong>ηνὴς</strong></span> <span class='ocrx_word' id='word_1_3' title='bbox 411 535 507 591; x_wconf 78' lang='grc' dir='ltr'><strong>καὶ</strong></span> <span class='ocrx_word' id='word_1_4' title='bbox 526 535 734 606; x_wconf 73' lang='grc' dir='ltr'><strong>ἥμερος</strong></span> <span class='ocrx_word' id='word_1_5' title='bbox 756 526 844 605; x_wconf 79' lang='grc' dir='ltr'><strong>ἦν,</strong></span> <span class='ocrx_word' id='word_1_6' title='bbox 867 530 961 584; x_wconf 78' lang='grc' dir='ltr'><strong>καὶ</strong></span> <span class='ocrx_word' id='word_1_7' title='bbox 984 527 1149 582; x_wconf 79' lang='grc' dir='ltr'><strong>αὐτοῦ</strong></span> <span class='ocrx_word' id='word_1_8' title='bbox 1174 524 1269 580; x_wconf 88' lang='grc' dir='ltr'><strong>τοῦ</strong></span> <span class='ocrx_word' id='word_1_9' title='bbox 1299 525 1516 597; x_wconf 78' lang='grc' dir='ltr'><strong>μέλιτος</strong></span> <span class='ocrx_word' id='word_1_10' title='bbox 1535 522 1702 595; x_wconf 74' lang='grc' dir='ltr'><strong>ἡδίων</strong></span> <span class='ocrx_word' id='word_1_11' title='bbox 1721 524 1835 581; x_wconf 75' lang='grc' dir='ltr'><strong>τοῖς</strong></span> 
     </span>
    </p>
   </div>
   <div class='ocr_carea' id='block_1_3' title="bbox 257 612 1838 691">
    <p class='ocr_par' dir='ltr' id='par_1_3' title="bbox 257 612 1838 691">
     <span class='ocr_line' id='line_1_3' title="bbox 257 612 1838 691; baseline -0.013 -5"><span class='ocrx_word' id='word_1_12' title='bbox 257 646 318 685; x_wconf 83' lang='grc' dir='ltr'><strong>τε</strong></span> <span class='ocrx_word' id='word_1_13' title='bbox 347 627 529 691; x_wconf 83' lang='grc' dir='ltr'><strong>ἀλλοις</strong></span> <span class='ocrx_word' id='word_1_14' title='bbox 568 627 739 681; x_wconf 72' lang='grc' dir='ltr'><strong>ἅπασι</strong></span> <span class='ocrx_word' id='word_1_15' title='bbox 779 625 872 677; x_wconf 81' lang='grc' dir='ltr'><strong>καὶ</strong></span> <span class='ocrx_word' id='word_1_16' title='bbox 901 625 1013 685; x_wconf 83' lang='grc' dir='ltr'><strong>τοῖς</strong></span> <span class='ocrx_word' id='word_1_17' title='bbox 1043 621 1280 681; x_wconf 71' lang='grc' dir='ltr'><strong>οἰκέταις</strong></span> <span class='ocrx_word' id='word_1_18' title='bbox 1309 620 1421 681; x_wconf 81' lang='grc' dir='ltr'><strong>τοῖς</strong></span> <span class='ocrx_word' id='word_1_19' title='bbox 1448 613 1637 679; x_wconf 83' lang='grc' dir='ltr'><strong>αὐτοῦ,</strong></span> <span class='ocrx_word' id='word_1_20' title='bbox 1663 614 1713 667; x_wconf 78' lang='grc' dir='ltr'><strong>οἳ</strong></span> <span class='ocrx_word' id='word_1_21' title='bbox 1743 612 1838 667; x_wconf 86' lang='grc' dir='ltr'><strong>τοῦ</strong></span> 
     </span>
    </p>
   </div>
   <div class='ocr_carea' id='block_1_4' title="bbox 258 705 1840 792">
    <p class='ocr_par' dir='ltr' id='par_1_4' title="bbox 258 705 1840 792">
     <span class='ocr_line' id='line_1_4' title="bbox 258 705 1840 792; baseline -0.01 -19"><span class='ocrx_word' id='word_1_22' title='bbox 258 720 461 792; x_wconf 68' lang='grc' dir='ltr'><strong>ἐρωτος</strong></span> <span class='ocrx_word' id='word_1_23' title='bbox 491 718 553 772; x_wconf 83' lang='grc' dir='ltr'><strong>δν</strong></span> <span class='ocrx_word' id='word_1_24' title='bbox 582 719 731 788; x_wconf 70' lang='grc' dir='ltr'><strong>ἥρων</strong></span> <span class='ocrx_word' id='word_1_25' title='bbox 754 714 960 769; x_wconf 87' lang='grc' dir='ltr'><strong>ἐκείνου</strong></span> <span class='ocrx_word' id='word_1_26' title='bbox 990 713 1131 784; x_wconf 85' lang='grc' dir='ltr'><strong>μέγα</strong></span> <span class='ocrx_word' id='word_1_27' title='bbox 1162 710 1484 782; x_wconf 74' lang='grc' dir='ltr'><strong>ἐκφέροντες</strong></span> <span class='ocrx_word' id='word_1_28' title='bbox 1508 708 1703 777; x_wconf 81' lang='grc' dir='ltr'><strong>δεῖγμα</strong></span> <span class='ocrx_word' id='word_1_29' title='bbox 1725 705 1840 758; x_wconf 77' lang='grc' dir='ltr'><strong>ἐλε-</strong></span> 
     </span>
    </p>
   </div>
   <div class='ocr_carea' id='block_1_5' title="bbox 259 799 1838 881">
    <p class='ocr_par' dir='ltr' id='par_1_5' title="bbox 259 799 1838 881">
     <span class='ocr_line' id='line_1_5' title="bbox 259 799 1838 881; baseline -0.01 -15"><span class='ocrx_word' id='word_1_30' title='bbox 259 827 383 881; x_wconf 77' lang='grc' dir='ltr'><strong>γον·</strong></span> <span class='ocrx_word' id='word_1_31' title='bbox 422 812 520 876; x_wconf 85' lang='grc' dir='ltr'><strong>Τίς</strong></span> <span class='ocrx_word' id='word_1_32' title='bbox 550 809 629 863; x_wconf 77' lang='grc' dir='ltr'><strong>ἂν</strong></span> <span class='ocrx_word' id='word_1_33' title='bbox 653 807 773 876; x_wconf 78' lang='grc' dir='ltr'><strong>δῴη</strong></span> <span class='ocrx_word' id='word_1_34' title='bbox 805 808 949 876; x_wconf 79' lang='grc' dir='ltr'><strong>ἡμῖν</strong></span> <span class='ocrx_word' id='word_1_35' title='bbox 979 803 1095 861; x_wconf 82' lang='grc' dir='ltr'><strong>τῶν</strong></span> <span class='ocrx_word' id='word_1_36' title='bbox 1124 801 1370 871; x_wconf 79' lang='grc' dir='ltr'><strong>σαρκῶν</strong></span> <span class='ocrx_word' id='word_1_37' title='bbox 1392 799 1581 854; x_wconf 85' lang='grc' dir='ltr'><strong>αὑτοῦ</strong></span> <span class='ocrx_word' id='word_1_38' title='bbox 1608 800 1838 867; x_wconf 62' lang='grc' dir='ltr'><strong>ἐμπιλη-</strong></span> 
     </span>
    </p>
   </div>
   <div class='ocr_carea' id='block_1_6' title="bbox 256 887 1844 971">
    <p class='ocr_par' dir='ltr' id='par_1_6' title="bbox 256 887 1844 971">
     <span class='ocr_line' id='line_1_6' title="bbox 256 887 1844 971; baseline -0.011 -14"><span class='ocrx_word' id='word_1_39' title='bbox 256 901 515 971; x_wconf 63' lang='lat' dir='ltr'><strong>(Mirm;</strong></span> <span class='ocrx_word' id='word_1_40' title='bbox 542 901 604 954; x_wconf 86' lang='grc' dir='ltr'><strong>Εί</strong></span> <span class='ocrx_word' id='word_1_41' title='bbox 636 900 691 953; x_wconf 80' lang='grc' dir='ltr'><strong>δὲ</strong></span> <span class='ocrx_word' id='word_1_42' title='bbox 719 900 954 960; x_wconf 88' lang='grc' dir='ltr'><strong>οίκέταις</strong></span> <span class='ocrx_word' id='word_1_43' title='bbox 983 896 1124 950; x_wconf 77' lang='grc' dir='ltr'><strong>οὕτω</strong></span> <span class='ocrx_word' id='word_1_44' title='bbox 1148 894 1395 957; x_wconf 86' lang='grc' dir='ltr'><strong>ποθεινὸς</strong></span> <span class='ocrx_word' id='word_1_45' title='bbox 1428 887 1516 963; x_wconf 87' lang='grc' dir='ltr'><strong>ἦν,</strong></span> <span class='ocrx_word' id='word_1_46' title='bbox 1543 889 1714 952; x_wconf 80' lang='grc' dir='ltr'><strong>οὕτως</strong></span> <span class='ocrx_word' id='word_1_47' title='bbox 1744 889 1844 940; x_wconf 85' lang='grc' dir='ltr'><strong>ἐπ-</strong></span> 
     </span>
    </p>
   </div>
   <div class='ocr_carea' id='block_1_7' title="bbox 258 977 1838 1065">
    <p class='ocr_par' dir='ltr' id='par_1_7' title="bbox 258 977 1838 1065">
     <span class='ocr_line' id='line_1_7' title="bbox 258 977 1838 1065; baseline -0.011 -17"><span class='ocrx_word' id='word_1_48' title='bbox 258 996 508 1065; x_wconf 82' lang='grc' dir='ltr'><strong>έραστος,</strong></span> <span class='ocrx_word' id='word_1_49' title='bbox 553 987 635 1055; x_wconf 74' lang='grc' dir='ltr'><strong>οἷς</strong></span> <span class='ocrx_word' id='word_1_50' title='bbox 680 991 892 1061; x_wconf 82' lang='grc' dir='ltr'><strong>ἀνάγκη</strong></span> <span class='ocrx_word' id='word_1_51' title='bbox 941 989 1198 1052; x_wconf 82' lang='grc' dir='ltr'><strong>πολλάκις</strong></span> <span class='ocrx_word' id='word_1_52' title='bbox 1250 986 1345 1040; x_wconf 79' lang='grc' dir='ltr'><strong>καὶ</strong></span> <span class='ocrx_word' id='word_1_53' title='bbox 1398 982 1629 1053; x_wconf 86' lang='grc' dir='ltr'><strong>φοϐερὸν</strong></span> <span class='ocrx_word' id='word_1_54' title='bbox 1677 977 1838 1044; x_wconf 79' lang='grc' dir='ltr'><strong>εἶναι,</strong></span> 
     </span>
    </p>
   </div>
   <div class='ocr_carea' id='block_1_8' title="bbox 260 1074 1624 1155">
    <p class='ocr_par' dir='ltr' id='par_1_8' title="bbox 260 1074 1624 1155">
     <span class='ocr_line' id='line_1_8' title="bbox 260 1074 1624 1155; baseline -0.008 -18"><span class='ocrx_word' id='word_1_55' title='bbox 260 1084 445 1155; x_wconf 86' lang='grc' dir='ltr'><strong>πολλῷ</strong></span> <span class='ocrx_word' id='word_1_56' title='bbox 483 1084 683 1155; x_wconf 77' lang='grc' dir='ltr'><strong>μᾶλλον</strong></span> <span class='ocrx_word' id='word_1_57' title='bbox 708 1085 820 1146; x_wconf 80' lang='grc' dir='ltr'><strong>τοῖς</strong></span> <span class='ocrx_word' id='word_1_58' title='bbox 849 1080 1028 1143; x_wconf 82' lang='grc' dir='ltr'><strong>ἀλλοις</strong></span> <span class='ocrx_word' id='word_1_59' title='bbox 1060 1079 1263 1133; x_wconf 80' lang='grc' dir='ltr'><strong>ἀπασιν</strong></span> <span class='ocrx_word' id='word_1_60' title='bbox 1296 1074 1624 1147; x_wconf 88' lang='grc' dir='ltr'><strong>ἀνθρώποις.</strong></span> 
     </span>
    </p>
   </div>
   <div class='ocr_carea' id='block_1_9' title="bbox 330 1160 1840 1246">
    <p class='ocr_par' dir='ltr' id='par_1_9' title="bbox 330 1160 1840 1246">
     <span class='ocr_line' id='line_1_9' title="bbox 330 1160 1840 1246; baseline -0.011 -17"><span class='ocrx_word' id='word_1_61' title='bbox 330 1177 399 1240; x_wconf 80' lang='grc' dir='ltr'><strong>ζ’.</strong></span> <span class='ocrx_word' id='word_1_62' title='bbox 425 1174 614 1230; x_wconf 88' lang='grc' dir='ltr'><strong>Ταῦτα</strong></span> <span class='ocrx_word' id='word_1_63' title='bbox 632 1174 697 1246; x_wconf 80' lang='grc' dir='ltr'><strong>δὴ</strong></span> <span class='ocrx_word' id='word_1_64' title='bbox 719 1170 813 1227; x_wconf 82' lang='grc' dir='ltr'><strong>οὖν</strong></span> <span class='ocrx_word' id='word_1_65' title='bbox 829 1172 922 1226; x_wconf 82' lang='grc' dir='ltr'><strong>καὶ</strong></span> <span class='ocrx_word' id='word_1_66' title='bbox 947 1170 1014 1224; x_wconf 80' lang='grc' dir='ltr'><strong>τὰ</strong></span> <span class='ocrx_word' id='word_1_67' title='bbox 1037 1168 1243 1223; x_wconf 76' lang='grc' dir='ltr'><strong>τούτων</strong></span> <span class='ocrx_word' id='word_1_68' title='bbox 1272 1167 1492 1241; x_wconf 82' lang='grc' dir='ltr'><strong>πλείονα</strong></span> <span class='ocrx_word' id='word_1_69' title='bbox 1518 1160 1840 1227; x_wconf 77' lang='grc' dir='ltr'><strong>συλλέξασα,</strong></span> 
     </span>
    </p>
   </div>
   <div class='ocr_carea' id='block_1_10' title="bbox 258 1252 1842 1339">
    <p class='ocr_par' dir='ltr' id='par_1_10' title="bbox 258 1252 1842 1339">
     <span class='ocr_line' id='line_1_10' title="bbox 258 1252 1842 1339; baseline -0.01 -17"><span class='ocrx_word' id='word_1_70' title='bbox 258 1267 419 1339; x_wconf 79' lang='grc' dir='ltr'><strong>δεῦρο</strong></span> <span class='ocrx_word' id='word_1_71' title='bbox 445 1267 624 1337; x_wconf 73' lang='grc' dir='ltr'><strong>βάδιζε</strong></span> <span class='ocrx_word' id='word_1_72' title='bbox 648 1269 766 1337; x_wconf 75' lang='grc' dir='ltr'><strong>μετ’</strong></span> <span class='ocrx_word' id='word_1_73' title='bbox 785 1262 919 1335; x_wconf 87' lang='grc' dir='ltr'><strong>ἐμοῦ</strong></span> <span class='ocrx_word' id='word_1_74' title='bbox 952 1264 1043 1316; x_wconf 81' lang='grc' dir='ltr'><strong>ἐπὶ</strong></span> <span class='ocrx_word' id='word_1_75' title='bbox 1065 1262 1157 1315; x_wconf 83' lang='grc' dir='ltr'><strong>τὸν</strong></span> <span class='ocrx_word' id='word_1_76' title='bbox 1186 1261 1295 1314; x_wconf 87' lang='grc' dir='ltr'><strong>τῶν</strong></span> <span class='ocrx_word' id='word_1_77' title='bbox 1318 1258 1657 1329; x_wconf 79' lang='grc' dir='ltr'><strong>παθημάτων</strong></span> <span class='ocrx_word' id='word_1_78' title='bbox 1680 1252 1842 1308; x_wconf 77' lang='grc' dir='ltr'><strong>αὑτοῦ</strong></span> 
     </span>
    </p>
   </div>
   <div class='ocr_carea' id='block_1_11' title="bbox 261 1346 1843 1429">
    <p class='ocr_par' dir='ltr' id='par_1_11' title="bbox 261 1346 1843 1429">
     <span class='ocr_line' id='line_1_11' title="bbox 261 1346 1843 1429; baseline -0.01 -15"><span class='ocrx_word' id='word_1_79' title='bbox 261 1355 585 1429; x_wconf 77' lang='grc' dir='ltr'><strong>κατάλογον,</strong></span> <span class='ocrx_word' id='word_1_80' title='bbox 610 1359 703 1411; x_wconf 76' lang='grc' dir='ltr'><strong>καὶ</strong></span> <span class='ocrx_word' id='word_1_81' title='bbox 729 1356 924 1426; x_wconf 73' lang='grc' dir='ltr'><strong>ἴδωμεν</strong></span> <span class='ocrx_word' id='word_1_82' title='bbox 954 1355 1343 1426; x_wconf 88' lang='grc' dir='ltr'><strong>συγκρίναντες</strong></span> <span class='ocrx_word' id='word_1_83' title='bbox 1377 1352 1509 1404; x_wconf 89' lang='grc' dir='ltr'><strong>πότε</strong></span> <span class='ocrx_word' id='word_1_84' title='bbox 1532 1346 1843 1419; x_wconf 89' lang='grc' dir='ltr'><strong>λαμπρότε-</strong></span> 
     </span>
    </p>
   </div>
   <div class='ocr_carea' id='block_1_12' title="bbox 264 1435 1846 1520">
    <p class='ocr_par' dir='ltr' id='par_1_12' title="bbox 264 1435 1846 1520">
     <span class='ocr_line' id='line_1_12' title="bbox 264 1435 1846 1520; baseline -0.007 -19"><span class='ocrx_word' id='word_1_85' title='bbox 264 1465 354 1519; x_wconf 83' lang='grc' dir='ltr'><strong>ρος</strong></span> <span class='ocrx_word' id='word_1_86' title='bbox 372 1445 466 1520; x_wconf 80' lang='grc' dir='ltr'><strong>ἦν,</strong></span> <span class='ocrx_word' id='word_1_87' title='bbox 485 1450 575 1503; x_wconf 77' lang='grc' dir='ltr'><strong>ὅτε</strong></span> <span class='ocrx_word' id='word_1_88' title='bbox 598 1449 781 1501; x_wconf 83' lang='grc' dir='ltr'><strong>ἐκεῖνα</strong></span> <span class='ocrx_word' id='word_1_89' title='bbox 802 1443 1158 1515; x_wconf 79' lang='grc' dir='ltr'><strong>κατώρθου,ἥ</strong></span> <span class='ocrx_word' id='word_1_90' title='bbox 1181 1444 1271 1497; x_wconf 81' lang='grc' dir='ltr'><strong>ὅτε</strong></span> <span class='ocrx_word' id='word_1_91' title='bbox 1293 1442 1498 1511; x_wconf 72' lang='grc' dir='ltr'><strong>ἔπασχε</strong></span> <span class='ocrx_word' id='word_1_92' title='bbox 1519 1441 1588 1494; x_wconf 79' lang='grc' dir='ltr'><strong>τὰ</strong></span> <span class='ocrx_word' id='word_1_93' title='bbox 1608 1435 1846 1508; x_wconf 81' lang='grc' dir='ltr'><strong>ὀδυνηρά</strong></span> 
     </span>
    </p>
   </div>
   <div class='ocr_carea' id='block_1_13' title="bbox 261 1524 1844 1609">
    <p class='ocr_par' dir='ltr' id='par_1_13' title="bbox 261 1524 1844 1609">
     <span class='ocr_line' id='line_1_13' title="bbox 261 1524 1844 1609; baseline -0.006 -18"><span class='ocrx_word' id='word_1_94' title='bbox 261 1539 356 1591; x_wconf 83' lang='grc' dir='ltr'><strong>καὶ</strong></span> <span class='ocrx_word' id='word_1_95' title='bbox 388 1537 590 1609; x_wconf 81' lang='grc' dir='ltr'><strong>πολλὴν</strong></span> <span class='ocrx_word' id='word_1_96' title='bbox 637 1536 911 1590; x_wconf 86' lang='grc' dir='ltr'><strong>ἐντιθέντα</strong></span> <span class='ocrx_word' id='word_1_97' title='bbox 954 1534 1104 1605; x_wconf 83' lang='grc' dir='ltr'><strong>αύτῷ</strong></span> <span class='ocrx_word' id='word_1_98' title='bbox 1149 1534 1247 1606; x_wconf 85' lang='grc' dir='ltr'><strong>τὴν</strong></span> <span class='ocrx_word' id='word_1_99' title='bbox 1288 1532 1549 1603; x_wconf 90' lang='grc' dir='ltr'><strong>ἀθυμίαν.</strong></span> <span class='ocrx_word' id='word_1_100' title='bbox 1588 1530 1727 1583; x_wconf 88' lang='grc' dir='ltr'><strong>Πότε</strong></span> <span class='ocrx_word' id='word_1_101' title='bbox 1750 1524 1844 1582; x_wconf 82' lang='grc' dir='ltr'><strong>οῦν</strong></span> 
     </span>
    </p>
   </div>
   <div class='ocr_carea' id='block_1_14' title="bbox 260 1622 1845 1701">
    <p class='ocr_par' dir='ltr' id='par_1_14' title="bbox 260 1622 1845 1701">
     <span class='ocr_line' id='line_1_14' title="bbox 260 1622 1845 1701; baseline -0.008 -17"><span class='ocrx_word' id='word_1_102' title='bbox 260 1628 639 1700; x_wconf 77' lang='grc' dir='ltr'><strong>λαμπρότερος</strong></span> <span class='ocrx_word' id='word_1_103' title='bbox 654 1624 723 1701; x_wconf 79' lang='grc' dir='ltr'><strong>ἦν</strong></span> <span class='ocrx_word' id='word_1_104' title='bbox 742 1630 771 1681; x_wconf 80' lang='grc' dir='ltr'>ὁ</span> <span class='ocrx_word' id='word_1_105' title='bbox 785 1626 935 1692; x_wconf 80' lang='grc' dir='ltr'><strong>Ἰώϐ;</strong></span> <span class='ocrx_word' id='word_1_106' title='bbox 965 1629 1054 1681; x_wconf 83' lang='grc' dir='ltr'><strong>ὅτε</strong></span> <span class='ocrx_word' id='word_1_107' title='bbox 1084 1626 1181 1697; x_wconf 78' lang='grc' dir='ltr'><strong>τὴν</strong></span> <span class='ocrx_word' id='word_1_108' title='bbox 1207 1624 1385 1680; x_wconf 85' lang='grc' dir='ltr'><strong>οίκίαν</strong></span> <span class='ocrx_word' id='word_1_109' title='bbox 1400 1622 1563 1677; x_wconf 83' lang='grc' dir='ltr'><strong>αὑτοῦ</strong></span> <span class='ocrx_word' id='word_1_110' title='bbox 1582 1623 1716 1675; x_wconf 79' lang='grc' dir='ltr'><strong>πᾶσι</strong></span> <span class='ocrx_word' id='word_1_111' title='bbox 1734 1622 1845 1685; x_wconf 76' lang='grc' dir='ltr'><strong>τοῖς</strong></span> 
     </span>
    </p>
   </div>
   <div class='ocr_carea' id='block_1_15' title="bbox 261 1712 1846 1791">
    <p class='ocr_par' dir='ltr' id='par_1_15' title="bbox 261 1712 1846 1791">
     <span class='ocr_line' id='line_1_15' title="bbox 261 1712 1846 1791; baseline -0.006 -16"><span class='ocrx_word' id='word_1_112' title='bbox 261 1720 550 1791; x_wconf 87' lang='grc' dir='ltr'><strong>παριοῦσιν</strong></span> <span class='ocrx_word' id='word_1_113' title='bbox 588 1720 851 1790; x_wconf 80' lang='grc' dir='ltr'><strong>ἀνέῳγεν,</strong></span> <span class='ocrx_word' id='word_1_114' title='bbox 874 1719 908 1790; x_wconf 74' lang='grc' dir='ltr'>ἢ</span> <span class='ocrx_word' id='word_1_115' title='bbox 938 1720 1028 1773; x_wconf 80' lang='grc' dir='ltr'><strong>ὅτε</strong></span> <span class='ocrx_word' id='word_1_116' title='bbox 1056 1716 1475 1788; x_wconf 84' lang='grc' dir='ltr'><strong>κατενεχθείσης</strong></span> <span class='ocrx_word' id='word_1_117' title='bbox 1501 1714 1671 1785; x_wconf 76' lang='grc' dir='ltr'><strong>αὐτῆς</strong></span> <span class='ocrx_word' id='word_1_118' title='bbox 1693 1712 1846 1767; x_wconf 79' lang='grc' dir='ltr'><strong>οὐδέν</strong></span> 
     </span>
    </p>
   </div>
   <div class='ocr_carea' id='block_1_16' title="bbox 261 1803 1848 1882">
    <p class='ocr_par' dir='ltr' id='par_1_16' title="bbox 261 1803 1848 1882">
     <span class='ocr_line' id='line_1_16' title="bbox 261 1803 1848 1882; baseline -0.004 -18"><span class='ocrx_word' id='word_1_119' title='bbox 261 1810 565 1880; x_wconf 80' lang='grc' dir='ltr'><strong>ἐφθέγξατο</strong></span> <span class='ocrx_word' id='word_1_120' title='bbox 583 1811 738 1882; x_wconf 79' lang='grc' dir='ltr'><strong>ῥῆμα</strong></span> <span class='ocrx_word' id='word_1_121' title='bbox 764 1810 979 1882; x_wconf 87' lang='grc' dir='ltr'><strong>πικρὸν,</strong></span> <span class='ocrx_word' id='word_1_122' title='bbox 991 1808 1405 1880; x_wconf 79' lang='grc' dir='ltr'><strong>ἀλλἐὐφήμησε</strong></span> <span class='ocrx_word' id='word_1_123' title='bbox 1421 1808 1514 1861; x_wconf 89' lang='grc' dir='ltr'><strong>τὸν</strong></span> <span class='ocrx_word' id='word_1_124' title='bbox 1531 1805 1692 1873; x_wconf 77' lang='grc' dir='ltr'><strong>Θεόνς</strong></span> <span class='ocrx_word' id='word_1_125' title='bbox 1713 1803 1848 1858; x_wconf 82' lang='grc' dir='ltr'><strong>Καί-</strong></span> 
     </span>
    </p>
   </div>
   <div class='ocr_carea' id='block_1_17' title="bbox 259 1898 1850 1975">
    <p class='ocr_par' dir='ltr' id='par_1_17' title="bbox 259 1898 1850 1975">
     <span class='ocr_line' id='line_1_17' title="bbox 259 1898 1850 1975; baseline -0.004 -16"><span class='ocrx_word' id='word_1_126' title='bbox 259 1922 342 1959; x_wconf 83' lang='grc' dir='ltr'><strong>τοι</strong></span> <span class='ocrx_word' id='word_1_127' title='bbox 356 1905 419 1959; x_wconf 89' lang='grc' dir='ltr'><strong>τὸ</strong></span> <span class='ocrx_word' id='word_1_128' title='bbox 440 1904 542 1974; x_wconf 70' lang='grc' dir='ltr'><strong>μιν</strong></span> <span class='ocrx_word' id='word_1_129' title='bbox 560 1903 893 1975; x_wconf 86' lang='grc' dir='ltr'><strong>κατόρθωμα</strong></span> <span class='ocrx_word' id='word_1_130' title='bbox 912 1900 1001 1975; x_wconf 79' lang='grc' dir='ltr'><strong>ἦν,</strong></span> <span class='ocrx_word' id='word_1_131' title='bbox 1019 1903 1080 1957; x_wconf 89' lang='grc' dir='ltr'><strong>τὸ</strong></span> <span class='ocrx_word' id='word_1_132' title='bbox 1098 1902 1155 1956; x_wconf 83' lang='grc' dir='ltr'><strong>δέ</strong></span> <span class='ocrx_word' id='word_1_133' title='bbox 1184 1903 1435 1974; x_wconf 77' lang='grc' dir='ltr'><strong>πάθημα.</strong></span> <span class='ocrx_word' id='word_1_134' title='bbox 1459 1901 1601 1955; x_wconf 86' lang='grc' dir='ltr'><strong>Πότε</strong></span> <span class='ocrx_word' id='word_1_135' title='bbox 1631 1898 1850 1970; x_wconf 86' lang='grc' dir='ltr'><strong>φαιδρό-</strong></span> 
     </span>
    </p>
   </div>
   <div class='ocr_carea' id='block_1_18' title="bbox 260 1987 1849 2069">
    <p class='ocr_par' dir='ltr' id='par_1_18' title="bbox 260 1987 1849 2069">
     <span class='ocr_line' id='line_1_18' title="bbox 260 1987 1849 2069; baseline -0.007 -17"><span class='ocrx_word' id='word_1_136' title='bbox 260 1993 519 2069; x_wconf 60' lang='grc' dir='ltr'><strong>τεροςῗῖψ,</strong></span> <span class='ocrx_word' id='word_1_137' title='bbox 533 1996 657 2050; x_wconf 80' lang='grc' dir='ltr'><strong>είπέ</strong></span> <span class='ocrx_word' id='word_1_138' title='bbox 670 2012 781 2067; x_wconf 90' lang='grc' dir='ltr'><strong>μοι,</strong></span> <span class='ocrx_word' id='word_1_139' title='bbox 798 1996 886 2050; x_wconf 80' lang='grc' dir='ltr'><strong>ὅτε</strong></span> <span class='ocrx_word' id='word_1_140' title='bbox 901 1994 1059 2048; x_wconf 76' lang='grc' dir='ltr'><strong>ἐθυεν</strong></span> <span class='ocrx_word' id='word_1_141' title='bbox 1071 1994 1212 2066; x_wconf 81' lang='grc' dir='ltr'><strong>ὑπὲρ</strong></span> <span class='ocrx_word' id='word_1_142' title='bbox 1222 1993 1331 2047; x_wconf 89' lang='grc' dir='ltr'><strong>τῶν</strong></span> <span class='ocrx_word' id='word_1_143' title='bbox 1342 1992 1591 2055; x_wconf 88' lang='grc' dir='ltr'><strong>παιδίων,</strong></span> <span class='ocrx_word' id='word_1_144' title='bbox 1605 1987 1849 2061; x_wconf 73' lang='grc' dir='ltr'><strong>καὶπρὸς</strong></span> 
     </span>
    </p>
   </div>
   <div class='ocr_carea' id='block_1_19' title="bbox 263 2081 1851 2161">
    <p class='ocr_par' dir='ltr' id='par_1_19' title="bbox 263 2081 1851 2161">
     <span class='ocr_line' id='line_1_19' title="bbox 263 2081 1851 2161; baseline -0.004 -18"><span class='ocrx_word' id='word_1_145' title='bbox 263 2089 521 2161; x_wconf 84' lang='grc' dir='ltr'><strong>ὁμόνοιαν</strong></span> <span class='ocrx_word' id='word_1_146' title='bbox 547 2088 745 2152; x_wconf 76' lang='grc' dir='ltr'><strong>αὐτοὺς</strong></span> <span class='ocrx_word' id='word_1_147' title='bbox 777 2087 1030 2158; x_wconf 84' lang='grc' dir='ltr'><strong>συνῆγεν,</strong></span> <span class='ocrx_word' id='word_1_148' title='bbox 1057 2087 1091 2158; x_wconf 75' lang='grc' dir='ltr'>ἢ</span> <span class='ocrx_word' id='word_1_149' title='bbox 1132 2087 1223 2141; x_wconf 81' lang='grc' dir='ltr'><strong>ὅτε</strong></span> <span class='ocrx_word' id='word_1_150' title='bbox 1256 2083 1717 2157; x_wconf 85' lang='grc' dir='ltr'><strong>καταχωσθέντων</strong></span> <span class='ocrx_word' id='word_1_151' title='bbox 1753 2081 1851 2136; x_wconf 73' lang='grc' dir='ltr'><strong>καὶ</strong></span> 
     </span>
    </p>
   </div>
   <div class='ocr_carea' id='block_1_20' title="bbox 266 2175 1851 2253">
    <p class='ocr_par' dir='ltr' id='par_1_20' title="bbox 266 2175 1851 2253">
     <span class='ocr_line' id='line_1_20' title="bbox 266 2175 1851 2253; baseline -0.005 -18"><span class='ocrx_word' id='word_1_152' title='bbox 266 2183 343 2253; x_wconf 83' lang='grc' dir='ltr'><strong>τῷ</strong></span> <span class='ocrx_word' id='word_1_153' title='bbox 376 2180 696 2253; x_wconf 78' lang='grc' dir='ltr'><strong>πικροτάτῳ</strong></span> <span class='ocrx_word' id='word_1_154' title='bbox 740 2179 929 2251; x_wconf 87' lang='grc' dir='ltr'><strong>τρόπῳ</strong></span> <span class='ocrx_word' id='word_1_155' title='bbox 968 2179 1071 2250; x_wconf 82' lang='grc' dir='ltr'><strong>τῆς</strong></span> <span class='ocrx_word' id='word_1_156' title='bbox 1121 2177 1380 2249; x_wconf 79' lang='grc' dir='ltr'><strong>τελευτῆς</strong></span> <span class='ocrx_word' id='word_1_157' title='bbox 1424 2175 1851 2231; x_wconf 69' lang='grc' dir='ltr'><strong>καταλυσάντων</strong></span> 
     </span>
    </p>
   </div>
   <div class='ocr_carea' id='block_1_21' title="bbox 265 2263 1851 2345">
    <p class='ocr_par' dir='ltr' id='par_1_21' title="bbox 265 2263 1851 2345">
     <span class='ocr_line' id='line_1_21' title="bbox 265 2263 1851 2345; baseline -0.006 -19"><span class='ocrx_word' id='word_1_158' title='bbox 265 2276 356 2328; x_wconf 80' lang='grc' dir='ltr'><strong>τὸν</strong></span> <span class='ocrx_word' id='word_1_159' title='bbox 400 2274 540 2345; x_wconf 89' lang='grc' dir='ltr'><strong>βίον,</strong></span> <span class='ocrx_word' id='word_1_160' title='bbox 595 2272 737 2343; x_wconf 84' lang='grc' dir='ltr'><strong>μετά</strong></span> <span class='ocrx_word' id='word_1_161' title='bbox 778 2271 982 2341; x_wconf 82' lang='grc' dir='ltr'><strong>πολλῆς</strong></span> <span class='ocrx_word' id='word_1_162' title='bbox 1030 2270 1131 2341; x_wconf 84' lang='grc' dir='ltr'><strong>τῆς</strong></span> <span class='ocrx_word' id='word_1_163' title='bbox 1167 2268 1487 2339; x_wconf 73' lang='grc' dir='ltr'><strong>φιλοσοφίας</strong></span> <span class='ocrx_word' id='word_1_164' title='bbox 1536 2268 1736 2338; x_wconf 74' lang='grc' dir='ltr'><strong>ἧνεγκε</strong></span> <span class='ocrx_word' id='word_1_165' title='bbox 1788 2263 1851 2317; x_wconf 90' lang='grc' dir='ltr'><strong>τὸ</strong></span> 
     </span>
    </p>
   </div>
   <div class='ocr_carea' id='block_1_22' title="bbox 270 2358 1852 2435">
    <p class='ocr_par' dir='ltr' id='par_1_22' title="bbox 270 2358 1852 2435">
     <span class='ocr_line' id='line_1_22' title="bbox 270 2358 1852 2435; baseline -0.006 -17"><span class='ocrx_word' id='word_1_166' title='bbox 270 2364 521 2435; x_wconf 85' lang='grc' dir='ltr'><strong>συμϐάν;</strong></span> <span class='ocrx_word' id='word_1_167' title='bbox 557 2365 695 2418; x_wconf 85' lang='grc' dir='ltr'><strong>Πότε</strong></span> <span class='ocrx_word' id='word_1_168' title='bbox 748 2362 948 2435; x_wconf 81' lang='grc' dir='ltr'><strong>μᾶλλον</strong></span> <span class='ocrx_word' id='word_1_169' title='bbox 988 2360 1318 2432; x_wconf 79' lang='grc' dir='ltr'><strong>ἐξέλαμψεν,</strong></span> <span class='ocrx_word' id='word_1_170' title='bbox 1366 2362 1457 2413; x_wconf 85' lang='grc' dir='ltr'><strong>ὅτε</strong></span> <span class='ocrx_word' id='word_1_171' title='bbox 1505 2358 1613 2411; x_wconf 89' lang='grc' dir='ltr'><strong>ἀπὸ</strong></span> <span class='ocrx_word' id='word_1_172' title='bbox 1647 2359 1852 2429; x_wconf 83' lang='grc' dir='ltr'><strong>κουρᾶς</strong></span> 
     </span>
    </p>
   </div>
   <div class='ocr_carea' id='block_1_23' title="bbox 266 2443 1849 2527">
    <p class='ocr_par' dir='ltr' id='par_1_23' title="bbox 266 2443 1849 2527">
     <span class='ocr_line' id='line_1_23' title="bbox 266 2443 1849 2527; baseline -0.006 -17"><span class='ocrx_word' id='word_1_173' title='bbox 266 2456 375 2510; x_wconf 90' lang='grc' dir='ltr'><strong>τῶν</strong></span> <span class='ocrx_word' id='word_1_174' title='bbox 403 2456 591 2527; x_wconf 83' lang='grc' dir='ltr'><strong>ἀρνῶν</strong></span> <span class='ocrx_word' id='word_1_175' title='bbox 635 2454 800 2508; x_wconf 82' lang='grc' dir='ltr'><strong>αὐτοῦ</strong></span> <span class='ocrx_word' id='word_1_176' title='bbox 833 2453 1251 2525; x_wconf 78' lang='grc' dir='ltr'><strong>ἐθερμάνθησαν</strong></span> <span class='ocrx_word' id='word_1_177' title='bbox 1282 2452 1506 2522; x_wconf 84' lang='grc' dir='ltr'><strong>γυμνῶν</strong></span> <span class='ocrx_word' id='word_1_178' title='bbox 1540 2446 1590 2503; x_wconf 85' lang='grc' dir='ltr'><strong>οί</strong></span> <span class='ocrx_word' id='word_1_179' title='bbox 1622 2443 1783 2519; x_wconf 81' lang='grc' dir='ltr'><strong>ὦμοι,</strong></span> <span class='ocrx_word' id='word_1_180' title='bbox 1816 2448 1849 2518; x_wconf 82' lang='grc' dir='ltr'>ἢ</span> 
     </span>
    </p>
   </div>
   <div class='ocr_carea' id='block_1_24' title="bbox 260 2542 1853 2618">
    <p class='ocr_par' dir='ltr' id='par_1_24' title="bbox 260 2542 1853 2618">
     <span class='ocr_line' id='line_1_24' title="bbox 260 2542 1853 2618; baseline -0.007 -15"><span class='ocrx_word' id='word_1_181' title='bbox 260 2549 350 2603; x_wconf 78' lang='grc' dir='ltr'><strong>,ὅτε</strong></span> <span class='ocrx_word' id='word_1_182' title='bbox 386 2548 631 2609; x_wconf 80' lang='grc' dir='ltr'><strong>ἀκούσας</strong></span> <span class='ocrx_word' id='word_1_183' title='bbox 656 2547 737 2599; x_wconf 86' lang='grc' dir='ltr'><strong>ὃτι</strong></span> <span class='ocrx_word' id='word_1_184' title='bbox 760 2545 870 2618; x_wconf 85' lang='grc' dir='ltr'><strong>πῦρ</strong></span> <span class='ocrx_word' id='word_1_185' title='bbox 896 2544 958 2609; x_wconf 80' lang='grc' dir='ltr'><strong>ἐξ</strong></span> <span class='ocrx_word' id='word_1_186' title='bbox 977 2542 1208 2615; x_wconf 84' lang='grc' dir='ltr'><strong>ούρανοῦ</strong></span> <span class='ocrx_word' id='word_1_187' title='bbox 1240 2543 1423 2605; x_wconf 76' lang='grc' dir='ltr'><strong>ἔπεσε,</strong></span> <span class='ocrx_word' id='word_1_188' title='bbox 1457 2543 1549 2594; x_wconf 77' lang='grc' dir='ltr'><strong>καὶ</strong></span> <span class='ocrx_word' id='word_1_189' title='bbox 1576 2542 1853 2609; x_wconf 78' lang='grc' dir='ltr'><strong>κατέφαγε</strong></span> 
     </span>
    </p>
   </div>
   <div class='ocr_carea' id='block_1_25' title="bbox 266 2631 1851 2709">
    <p class='ocr_par' dir='ltr' id='par_1_25' title="bbox 266 2631 1851 2709">
     <span class='ocr_line' id='line_1_25' title="bbox 266 2631 1851 2709; baseline -0.006 -17"><span class='ocrx_word' id='word_1_190' title='bbox 266 2642 363 2708; x_wconf 69' lang='grc' dir='ltr'><strong>τὴν</strong></span> <span class='ocrx_word' id='word_1_191' title='bbox 395 2639 603 2709; x_wconf 83' lang='grc' dir='ltr'><strong>ἀγέλην</strong></span> <span class='ocrx_word' id='word_1_192' title='bbox 640 2638 826 2708; x_wconf 76' lang='grc' dir='ltr'><strong>μετάι</strong></span> <span class='ocrx_word' id='word_1_193' title='bbox 868 2636 977 2689; x_wconf 89' lang='grc' dir='ltr'><strong>τῶν</strong></span> <span class='ocrx_word' id='word_1_194' title='bbox 1036 2635 1325 2705; x_wconf 84' lang='grc' dir='ltr'><strong>ποιμένων,</strong></span> <span class='ocrx_word' id='word_1_195' title='bbox 1382 2635 1444 2686; x_wconf 87' lang='grc' dir='ltr'><strong>οὐ</strong></span> <span class='ocrx_word' id='word_1_196' title='bbox 1492 2631 1851 2703; x_wconf 84' lang='grc' dir='ltr'><strong>διεταράχθη,</strong></span> 
     </span>
    </p>
   </div>
   <div class='ocr_carea' id='block_1_26' title="bbox 267 2725 1850 2802">
    <p class='ocr_par' dir='ltr' id='par_1_26' title="bbox 267 2725 1850 2802">
     <span class='ocr_line' id='line_1_26' title="bbox 267 2725 1850 2802; baseline -0.005 -17"><span class='ocrx_word' id='word_1_197' title='bbox 267 2732 386 2785; x_wconf 77' lang='grc' dir='ltr'><strong>ούδέ</strong></span> <span class='ocrx_word' id='word_1_198' title='bbox 425 2730 759 2802; x_wconf 73' lang='grc' dir='ltr'><strong>ἐθορυϐήθη,</strong></span> <span class='ocrx_word' id='word_1_199' title='bbox 798 2729 936 2783; x_wconf 86' lang='grc' dir='ltr'><strong>ἀλλά</strong></span> <span class='ocrx_word' id='word_1_200' title='bbox 969 2728 1157 2798; x_wconf 82' lang='grc' dir='ltr'><strong>πράως</strong></span> <span class='ocrx_word' id='word_1_201' title='bbox 1184 2729 1383 2798; x_wconf 76' lang='grc' dir='ltr'><strong>ἤνεγκε</strong></span> <span class='ocrx_word' id='word_1_202' title='bbox 1404 2727 1505 2796; x_wconf 79' lang='grc' dir='ltr'><strong>τὴν</strong></span> <span class='ocrx_word' id='word_1_203' title='bbox 1542 2725 1850 2796; x_wconf 78' lang='grc' dir='ltr'><strong>συμφοράνς</strong></span> 
     </span>
    </p>
   </div>
   <div class='ocr_carea' id='block_1_27' title="bbox 268 2813 1853 2894">
    <p class='ocr_par' dir='ltr' id='par_1_27' title="bbox 268 2813 1853 2894">
     <span class='ocr_line' id='line_1_27' title="bbox 268 2813 1853 2894; baseline -0.008 -17"><span class='ocrx_word' id='word_1_204' title='bbox 268 2824 404 2877; x_wconf 82' lang='grc' dir='ltr'><strong>Πότε</strong></span> <span class='ocrx_word' id='word_1_205' title='bbox 438 2822 643 2894; x_wconf 73' lang='grc' dir='ltr'><strong>μείζων</strong></span> <span class='ocrx_word' id='word_1_206' title='bbox 671 2816 759 2893; x_wconf 83' lang='grc' dir='ltr'><strong>ἦν,</strong></span> <span class='ocrx_word' id='word_1_207' title='bbox 788 2821 878 2873; x_wconf 84' lang='grc' dir='ltr'><strong>ὅτε</strong></span> <span class='ocrx_word' id='word_1_208' title='bbox 916 2821 982 2889; x_wconf 75' lang='grc' dir='ltr'><strong>τῇ</strong></span> <span class='ocrx_word' id='word_1_209' title='bbox 1012 2818 1171 2889; x_wconf 75' lang='grc' dir='ltr'><strong>ὑγεία</strong></span> <span class='ocrx_word' id='word_1_210' title='bbox 1193 2816 1289 2871; x_wconf 93' lang='grc' dir='ltr'><strong>τοῦ</strong></span> <span class='ocrx_word' id='word_1_211' title='bbox 1322 2815 1573 2887; x_wconf 88' lang='grc' dir='ltr'><strong>σώματος</strong></span> <span class='ocrx_word' id='word_1_212' title='bbox 1596 2815 1626 2855; x_wconf 69' lang='grc' dir='ltr'><strong>ι)</strong></span> <span class='ocrx_word' id='word_1_213' title='bbox 1651 2816 1731 2877; x_wconf 89' lang='grc' dir='ltr'><strong>είς</strong></span> <span class='ocrx_word' id='word_1_214' title='bbox 1754 2813 1853 2884; x_wconf 81' lang='grc' dir='ltr'><strong>τὴν</strong></span> 
     </span>
    </p>
   </div>
   <div class='ocr_carea' id='block_1_28' title="bbox 268 2903 1853 2983">
    <p class='ocr_par' dir='ltr' id='par_1_28' title="bbox 268 2903 1853 2983">
     <span class='ocr_line' id='line_1_28' title="bbox 268 2903 1853 2983; baseline -0.008 -14"><span class='ocrx_word' id='word_1_215' title='bbox 268 2916 375 2969; x_wconf 86' lang='grc' dir='ltr'><strong>τῶν</strong></span> <span class='ocrx_word' id='word_1_216' title='bbox 413 2912 790 2983; x_wconf 79' lang='grc' dir='ltr'><strong>ἀδικουμένων</strong></span> <span class='ocrx_word' id='word_1_217' title='bbox 839 2909 1176 2981; x_wconf 78' lang='grc' dir='ltr'><strong>προστασίαν</strong></span> <span class='ocrx_word' id='word_1_218' title='bbox 1227 2909 1514 2977; x_wconf 74' lang='grc' dir='ltr'><strong>ἐκέχρητο,</strong></span> <span class='ocrx_word' id='word_1_219' title='bbox 1549 2903 1853 2975; x_wconf 89' lang='grc' dir='ltr'><strong>συντρίϐων</strong></span> 
     </span>
    </p>
   </div>
   <div class='ocr_carea' id='block_1_29' title="bbox 273 2996 1854 3079">
    <p class='ocr_par' dir='ltr' id='par_1_29' title="bbox 273 2996 1854 3079">
     <span class='ocr_line' id='line_1_29' title="bbox 273 2996 1854 3079; baseline -0.008 -17"><span class='ocrx_word' id='word_1_220' title='bbox 273 3009 445 3079; x_wconf 81' lang='grc' dir='ltr'><strong>μύλας</strong></span> <span class='ocrx_word' id='word_1_221' title='bbox 488 3006 711 3069; x_wconf 88' lang='grc' dir='ltr'><strong>ἀδίκων,</strong></span> <span class='ocrx_word' id='word_1_222' title='bbox 771 3003 867 3056; x_wconf 76' lang='grc' dir='ltr'><strong>καὶ</strong></span> <span class='ocrx_word' id='word_1_223' title='bbox 915 3004 980 3055; x_wconf 83' lang='grc' dir='ltr'><strong>ἐκ</strong></span> <span class='ocrx_word' id='word_1_224' title='bbox 1030 3003 1197 3071; x_wconf 86' lang='grc' dir='ltr'><strong>μέσου</strong></span> <span class='ocrx_word' id='word_1_225' title='bbox 1249 3000 1358 3053; x_wconf 89' lang='grc' dir='ltr'><strong>τῶν</strong></span> <span class='ocrx_word' id='word_1_226' title='bbox 1403 2999 1631 3051; x_wconf 82' lang='grc' dir='ltr'><strong>ὀδόντων</strong></span> <span class='ocrx_word' id='word_1_227' title='bbox 1674 2996 1854 3050; x_wconf 82' lang='grc' dir='ltr'><strong>αὐτῶν</strong></span> 
     </span>
    </p>
   </div>
   <div class='ocr_carea' id='block_1_30' title="bbox 270 3088 1852 3175">
    <p class='ocr_par' dir='ltr' id='par_1_30' title="bbox 270 3088 1852 3175">
     <span class='ocr_line' id='line_1_30' title="bbox 270 3088 1852 3175; baseline -0.009 -19"><span class='ocrx_word' id='word_1_228' title='bbox 270 3098 595 3175; x_wconf 71' lang='grc' dir='ltr'><strong>ἐξαρπάζων</strong></span> <span class='ocrx_word' id='word_1_229' title='bbox 616 3096 974 3168; x_wconf 83' lang='grc' dir='ltr'><strong>ἁρπάγματα,</strong></span> <span class='ocrx_word' id='word_1_230' title='bbox 1003 3093 1095 3147; x_wconf 77' lang='grc' dir='ltr'><strong>καὶ</strong></span> <span class='ocrx_word' id='word_1_231' title='bbox 1111 3091 1275 3163; x_wconf 80' lang='grc' dir='ltr'><strong>λιμὴν</strong></span> <span class='ocrx_word' id='word_1_232' title='bbox 1300 3092 1482 3153; x_wconf 81' lang='grc' dir='ltr'><strong>αὐτοῖς</strong></span> <span class='ocrx_word' id='word_1_233' title='bbox 1502 3088 1852 3175; x_wconf 81' lang='grc' dir='ltr'><strong>γινόμενος,ἢ</strong></span> 
     </span>
    </p>
   </div>
   <div class='ocr_carea' id='block_1_31' title="bbox 271 3172 1858 3259">
    <p class='ocr_par' dir='ltr' id='par_1_31' title="bbox 271 3172 1858 3259">
     <span class='ocr_line' id='line_1_31' title="bbox 271 3172 1858 3259; baseline -0.012 -13"><span class='ocrx_word' id='word_1_234' title='bbox 271 3193 358 3246; x_wconf 79' lang='grc' dir='ltr'><strong>ὅτε</strong></span> <span class='ocrx_word' id='word_1_235' title='bbox 374 3172 443 3244; x_wconf 78' lang='grc' dir='ltr'><strong>τὸ</strong></span> <span class='ocrx_word' id='word_1_236' title='bbox 464 3187 629 3259; x_wconf 86' lang='grc' dir='ltr'><strong>σῶμα</strong></span> <span class='ocrx_word' id='word_1_237' title='bbox 655 3184 845 3247; x_wconf 80' lang='grc' dir='ltr'><strong>αὑτοῦ,</strong></span> <span class='ocrx_word' id='word_1_238' title='bbox 870 3182 931 3236; x_wconf 90' lang='grc' dir='ltr'><strong>τὸ</strong></span> <span class='ocrx_word' id='word_1_239' title='bbox 953 3181 1062 3235; x_wconf 86' lang='grc' dir='ltr'><strong>τῶν</strong></span> <span class='ocrx_word' id='word_1_240' title='bbox 1094 3178 1465 3248; x_wconf 82' lang='grc' dir='ltr'><strong>ἀδικουμένων</strong></span> <span class='ocrx_word' id='word_1_241' title='bbox 1496 3176 1679 3243; x_wconf 83' lang='grc' dir='ltr'><strong>ὅπλον,</strong></span> <span class='ocrx_word' id='word_1_242' title='bbox 1709 3172 1858 3245; x_wconf 83' lang='grc' dir='ltr'><strong>ἐώρα</strong></span> 
     </span>
    </p>
   </div>
   <div class='ocr_carea' id='block_1_32' title="bbox 275 3265 1857 3351">
    <p class='ocr_par' dir='ltr' id='par_1_32' title="bbox 275 3265 1857 3351">
     <span class='ocr_line' id='line_1_32' title="bbox 275 3265 1857 3351; baseline -0.011 -14"><span class='ocrx_word' id='word_1_243' title='bbox 275 3281 697 3351; x_wconf 83' lang='grc' dir='ltr'><strong>κατεσθιόμενον</strong></span> <span class='ocrx_word' id='word_1_244' title='bbox 711 3275 817 3329; x_wconf 82' lang='grc' dir='ltr'><strong>ὑπὸ</strong></span> <span class='ocrx_word' id='word_1_245' title='bbox 834 3274 1152 3345; x_wconf 82' lang='grc' dir='ltr'><strong>σκωλήκων,</strong></span> <span class='ocrx_word' id='word_1_246' title='bbox 1175 3272 1270 3324; x_wconf 74' lang='grc' dir='ltr'><strong>καὶ</strong></span> <span class='ocrx_word' id='word_1_247' title='bbox 1302 3269 1613 3339; x_wconf 88' lang='grc' dir='ltr'><strong>καθήμενος</strong></span> <span class='ocrx_word' id='word_1_248' title='bbox 1642 3266 1735 3320; x_wconf 71' lang='grc' dir='ltr'><strong>ἐπὶ</strong></span> <span class='ocrx_word' id='word_1_249' title='bbox 1755 3265 1857 3336; x_wconf 82' lang='grc' dir='ltr'><strong>τῆς</strong></span> 
     </span>
    </p>
   </div>
   <div class='ocr_carea' id='block_1_33' title="bbox 275 3356 1860 3445">
    <p class='ocr_par' dir='ltr' id='par_1_33' title="bbox 275 3356 1860 3445">
     <span class='ocr_line' id='line_1_33' title="bbox 275 3356 1860 3445; baseline -0.011 -17"><span class='ocrx_word' id='word_1_250' title='bbox 275 3373 529 3445; x_wconf 83' lang='grc' dir='ltr'><strong>κοπρίας,</strong></span> <span class='ocrx_word' id='word_1_251' title='bbox 544 3370 639 3423; x_wconf 76' lang='grc' dir='ltr'><strong>καὶ</strong></span> <span class='ocrx_word' id='word_1_252' title='bbox 653 3366 817 3429; x_wconf 80' lang='grc' dir='ltr'><strong>αὐτὸς</strong></span> <span class='ocrx_word' id='word_1_253' title='bbox 836 3364 969 3420; x_wconf 84' lang='grc' dir='ltr'><strong>αὐτὸ</strong></span> <span class='ocrx_word' id='word_1_254' title='bbox 993 3362 1273 3427; x_wconf 79' lang='grc' dir='ltr'><strong>κατέξαινε</strong></span> <span class='ocrx_word' id='word_1_255' title='bbox 1290 3360 1470 3415; x_wconf 87' lang='grc' dir='ltr'><strong>λαϐὼν</strong></span> <span class='ocrx_word' id='word_1_256' title='bbox 1484 3356 1641 3432; x_wconf 79' lang='grc'>[560]</span> <span class='ocrx_word' id='word_1_257' title='bbox 1662 3360 1860 3431; x_wconf 82' lang='grc' dir='ltr'><strong>δστρα-</strong></span> 
     </span>
    </p>
   </div>
   <div class='ocr_carea' id='block_1_34' title="bbox 276 3450 1857 3534">
    <p class='ocr_par' dir='ltr' id='par_1_34' title="bbox 276 3450 1857 3534">
     <span class='ocr_line' id='line_1_34' title="bbox 276 3450 1857 3534; baseline -0.011 -1"><span class='ocrx_word' id='word_1_258' title='bbox 276 3482 399 3531; x_wconf 81' lang='grc' dir='ltr'><strong>κον;</strong></span> <span class='ocrx_word' id='word_1_259' title='bbox 443 3462 611 3531; x_wconf 53' lang='lat' dir='ltr'><strong>Tam</strong></span> <span class='ocrx_word' id='word_1_260' title='bbox 645 3458 757 3527; x_wconf 75' lang='grc' dir='ltr'><strong>γὰρ</strong></span> <span class='ocrx_word' id='word_1_261' title='bbox 801 3456 1086 3534; x_wconf 69' lang='grc' dir='ltr'><strong>βώλακας</strong></span> <span class='ocrx_word' id='word_1_262' title='bbox 1117 3454 1231 3525; x_wconf 69' lang='grc' dir='ltr'><strong>γῆς</strong></span> <span class='ocrx_word' id='word_1_263' title='bbox 1267 3453 1386 3508; x_wconf 81' lang='grc' dir='ltr'><strong>ἀπὸ</strong></span> <span class='ocrx_word' id='word_1_264' title='bbox 1418 3450 1633 3522; x_wconf 80' lang='grc' dir='ltr'><strong>ιχῶρος</strong></span> <span class='ocrx_word' id='word_1_265' title='bbox 1682 3451 1857 3517; x_wconf 78' lang='grc' dir='ltr'><strong>ξέων.</strong></span> 
     </span>
    </p>
   </div>
   <div class='ocr_carea' id='block_1_35' title="bbox 277 3544 1860 3630">
    <p class='ocr_par' dir='ltr' id='par_1_35' title="bbox 277 3544 1860 3630">
     <span class='ocr_line' id='line_1_35' title="bbox 277 3544 1860 3630; baseline -0.009 -17"><span class='ocrx_word' id='word_1_266' title='bbox 277 3559 428 3630; x_wconf 84' lang='grc' dir='ltr'><strong>φησι.</strong></span> <span class='ocrx_word' id='word_1_267' title='bbox 461 3556 659 3610; x_wconf 77' lang='grc' dir='ltr'><strong>Καίτοι</strong></span> <span class='ocrx_word' id='word_1_268' title='bbox 689 3554 873 3607; x_wconf 79' lang='grc' dir='ltr'><strong>ἐκεῖνα</strong></span> <span class='ocrx_word' id='word_1_269' title='bbox 896 3550 997 3620; x_wconf 80' lang='grc' dir='ltr'><strong>μὲν</strong></span> <span class='ocrx_word' id='word_1_270' title='bbox 1024 3549 1202 3606; x_wconf 91' lang='grc' dir='ltr'><strong>πάντα</strong></span> <span class='ocrx_word' id='word_1_271' title='bbox 1233 3545 1661 3617; x_wconf 84' lang='grc' dir='ltr'><strong>κατορθώματα,</strong></span> <span class='ocrx_word' id='word_1_272' title='bbox 1687 3544 1860 3601; x_wconf 89' lang='grc' dir='ltr'><strong>ταῦτα</strong></span> 
     </span>
    </p>
   </div>
   <div class='ocr_carea' id='block_1_36' title="bbox 277 3637 1862 3721">
    <p class='ocr_par' dir='ltr' id='par_1_36' title="bbox 277 3637 1862 3721">
     <span class='ocr_line' id='line_1_36' title="bbox 277 3637 1862 3721; baseline -0.009 -16"><span class='ocrx_word' id='word_1_273' title='bbox 277 3650 539 3721; x_wconf 15' lang='grc' dir='ltr'><strong>δέίπάντα</strong></span> <span class='ocrx_word' id='word_1_274' title='bbox 564 3645 867 3717; x_wconf 84' lang='grc' dir='ltr'><strong>παθήματα</strong></span> <span class='ocrx_word' id='word_1_275' title='bbox 886 3638 983 3713; x_wconf 70' lang='grc' dir='ltr'><strong>ἦν*</strong></span> <span class='ocrx_word' id='word_1_276' title='bbox 1011 3641 1126 3695; x_wconf 88' lang='grc' dir='ltr'>ἀλλ’</span> <span class='ocrx_word' id='word_1_277' title='bbox 1143 3641 1293 3709; x_wconf 84' lang='grc' dir='ltr'><strong>ὅμως</strong></span> <span class='ocrx_word' id='word_1_278' title='bbox 1320 3639 1495 3692; x_wconf 87' lang='grc' dir='ltr'><strong>ταῦτα</strong></span> <span class='ocrx_word' id='word_1_279' title='bbox 1523 3638 1686 3692; x_wconf 81' lang='grc' dir='ltr'><strong>αὑτὸν</strong></span> <span class='ocrx_word' id='word_1_280' title='bbox 1719 3637 1862 3691; x_wconf 87' lang='grc' dir='ltr'><strong>ἐκεί-</strong></span> 
     </span>
    </p>
   </div>
   <div class='ocr_carea' id='block_1_37' title="bbox 281 3728 1859 3811">
    <p class='ocr_par' dir='ltr' id='par_1_37' title="bbox 281 3728 1859 3811">
     <span class='ocr_line' id='line_1_37' title="bbox 281 3728 1859 3811; baseline -0.01 -15"><span class='ocrx_word' id='word_1_281' title='bbox 281 3760 382 3795; x_wconf 88' lang='grc' dir='ltr'><strong>νων</strong></span> <span class='ocrx_word' id='word_1_282' title='bbox 423 3738 812 3811; x_wconf 86' lang='grc' dir='ltr'><strong>λαμπρότερον</strong></span> <span class='ocrx_word' id='word_1_283' title='bbox 851 3734 1125 3802; x_wconf 88' lang='grc' dir='ltr'><strong>ἀπέφηνε.</strong></span> <span class='ocrx_word' id='word_1_284' title='bbox 1166 3730 1338 3784; x_wconf 87' lang='grc' dir='ltr'><strong>Τοῦτο</strong></span> <span class='ocrx_word' id='word_1_285' title='bbox 1381 3728 1491 3801; x_wconf 90' lang='grc' dir='ltr'><strong>γάρ</strong></span> <span class='ocrx_word' id='word_1_286' title='bbox 1531 3729 1768 3800; x_wconf 85' lang='grc' dir='ltr'><strong>μάλιστα</strong></span> <span class='ocrx_word' id='word_1_287' title='bbox 1794 3729 1859 3783; x_wconf 90' lang='grc' dir='ltr'><strong>τὸ</strong></span> 
     </span>
    </p>
   </div>
   <div class='ocr_carea' id='block_1_38' title="bbox 282 3816 1863 3906">
    <p class='ocr_par' dir='ltr' id='par_1_38' title="bbox 282 3816 1863 3906">
     <span class='ocr_line' id='line_1_38' title="bbox 282 3816 1863 3906; baseline -0.009 -19"><span class='ocrx_word' id='word_1_288' title='bbox 282 3834 609 3906; x_wconf 78' lang='grc' dir='ltr'><strong>πικρότατον</strong></span> <span class='ocrx_word' id='word_1_289' title='bbox 636 3828 737 3898; x_wconf 80' lang='grc' dir='ltr'><strong>τῆς</strong></span> <span class='ocrx_word' id='word_1_290' title='bbox 770 3824 1131 3897; x_wconf 77' lang='grc' dir='ltr'><strong>παρατάξεως</strong></span> <span class='ocrx_word' id='word_1_291' title='bbox 1167 3822 1332 3895; x_wconf 80' lang='grc' dir='ltr'><strong>μέρος</strong></span> <span class='ocrx_word' id='word_1_292' title='bbox 1366 3816 1455 3891; x_wconf 85' lang='grc' dir='ltr'><strong>ἦν,</strong></span> <span class='ocrx_word' id='word_1_293' title='bbox 1490 3821 1583 3873; x_wconf 80' lang='grc' dir='ltr'><strong>καὶ</strong></span> <span class='ocrx_word' id='word_1_294' title='bbox 1618 3821 1863 3890; x_wconf 78' lang='grc' dir='ltr'><strong>μείζονος</strong></span> 
     </span>
    </p>
   </div>
   <div class='ocr_carea' id='block_1_39' title="bbox 280 3914 1864 3998">
    <p class='ocr_par' dir='ltr' id='par_1_39' title="bbox 280 3914 1864 3998">
     <span class='ocr_line' id='line_1_39' title="bbox 280 3914 1864 3998; baseline -0.009 -19"><span class='ocrx_word' id='word_1_295' title='bbox 280 3929 535 3998; x_wconf 81' lang='grc' dir='ltr'><strong>δεόμενον</strong></span> <span class='ocrx_word' id='word_1_296' title='bbox 568 3923 667 3993; x_wconf 82' lang='grc' dir='ltr'><strong>τῆς</strong></span> <span class='ocrx_word' id='word_1_297' title='bbox 697 3918 969 3993; x_wconf 78' lang='grc' dir='ltr'><strong>ἀνδρείας,</strong></span> <span class='ocrx_word' id='word_1_298' title='bbox 1001 3918 1096 3969; x_wconf 76' lang='grc' dir='ltr'><strong>καὶ</strong></span> <span class='ocrx_word' id='word_1_299' title='bbox 1140 3916 1507 3982; x_wconf 82' lang='grc' dir='ltr'><strong>εὐτονωτέρας</strong></span> <span class='ocrx_word' id='word_1_300' title='bbox 1532 3914 1732 3985; x_wconf 77' lang='grc' dir='ltr'><strong>ψυχῆς,</strong></span> <span class='ocrx_word' id='word_1_301' title='bbox 1769 3916 1864 3967; x_wconf 75' lang='grc' dir='ltr'><strong>καὶ</strong></span> 
     </span>
    </p>
   </div>
   <div class='ocr_carea' id='block_1_40' title="bbox 284 4006 1864 4090">
    <p class='ocr_par' dir='ltr' id='par_1_40' title="bbox 284 4006 1864 4090">
     <span class='ocr_line' id='line_1_40' title="bbox 284 4006 1864 4090; baseline -0.003 -25"><span class='ocrx_word' id='word_1_302' title='bbox 284 4015 621 4090; x_wconf 64' lang='grc' dir='ltr'><strong>ὑψηλοτέρας</strong></span> <span class='ocrx_word' id='word_1_303' title='bbox 679 4012 914 4072; x_wconf 84' lang='grc' dir='ltr'><strong>διανοίας</strong></span> <span class='ocrx_word' id='word_1_304' title='bbox 934 4020 981 4073; x_wconf 77' lang='grc' dir='ltr'><strong>ο,</strong></span> <span class='ocrx_word' id='word_1_305' title='bbox 1032 4010 1127 4061; x_wconf 73' lang='grc' dir='ltr'><strong>καὶ</strong></span> <span class='ocrx_word' id='word_1_306' title='bbox 1176 4007 1396 4060; x_wconf 85' lang='grc' dir='ltr'><strong>πλείονα</strong></span> <span class='ocrx_word' id='word_1_307' title='bbox 1443 4008 1572 4077; x_wconf 76' lang='grc' dir='ltr'><strong>περὶ</strong></span> <span class='ocrx_word' id='word_1_308' title='bbox 1595 4007 1687 4060; x_wconf 91' lang='grc' dir='ltr'><strong>τὸν</strong></span> <span class='ocrx_word' id='word_1_309' title='bbox 1731 4006 1864 4061; x_wconf 89' lang='grc' dir='ltr'><strong>Θεὸν</strong></span> 
     </span>
    </p>
   </div>
   <div class='ocr_carea' id='block_1_41' title="bbox 286 4099 1864 4182">
    <p class='ocr_par' dir='ltr' id='par_1_41' title="bbox 286 4099 1864 4182">
     <span class='ocr_line' id='line_1_41' title="bbox 286 4099 1864 4182; baseline -0.01 -16"><span class='ocrx_word' id='word_1_310' title='bbox 286 4112 516 4182; x_wconf 75' lang='grc' dir='ltr'><strong>ἐχούσης</strong></span> <span class='ocrx_word' id='word_1_311' title='bbox 555 4106 797 4176; x_wconf 86' lang='grc' dir='ltr'><strong>ἀγάπην.</strong></span> <span class='ocrx_word' id='word_1_312' title='bbox 832 4102 930 4156; x_wconf 80' lang='grc' dir='ltr'><strong>Διά</strong></span> <span class='ocrx_word' id='word_1_313' title='bbox 949 4118 1031 4155; x_wconf 85' lang='grc' dir='ltr'><strong>τοι</strong></span> <span class='ocrx_word' id='word_1_314' title='bbox 1052 4100 1228 4163; x_wconf 83' lang='grc' dir='ltr'><strong>τοῦτο,</strong></span> <span class='ocrx_word' id='word_1_315' title='bbox 1255 4099 1479 4152; x_wconf 76' lang='grc' dir='ltr'><strong>ἐκείνων</strong></span> <span class='ocrx_word' id='word_1_316' title='bbox 1506 4099 1605 4169; x_wconf 78' lang='grc' dir='ltr'><strong>μὲν</strong></span> <span class='ocrx_word' id='word_1_317' title='bbox 1628 4099 1864 4168; x_wconf 85' lang='grc' dir='ltr'><strong>γινομέ-</strong></span> 
     </span>
    </p>
   </div>
   <div class='ocr_carea' id='block_1_42' title="bbox 286 4190 1864 4270">
    <p class='ocr_par' dir='ltr' id='par_1_42' title="bbox 286 4190 1864 4270">
     <span class='ocr_line' id='line_1_42' title="bbox 286 4190 1864 4270; baseline -0.01 -12"><span class='ocrx_word' id='word_1_318' title='bbox 286 4222 407 4270; x_wconf 87' lang='grc' dir='ltr'><strong>νων,</strong></span> <span class='ocrx_word' id='word_1_319' title='bbox 436 4205 487 4255; x_wconf 88' lang='grc' dir='ltr'><strong>εί</strong></span> <span class='ocrx_word' id='word_1_320' title='bbox 520 4200 614 4253; x_wconf 66' lang='grc' dir='ltr'><strong>καὶ</strong></span> <span class='ocrx_word' id='word_1_321' title='bbox 642 4195 1012 4265; x_wconf 79' lang='grc' dir='ltr'><strong>ἀναισχύντως</strong></span> <span class='ocrx_word' id='word_1_322' title='bbox 1035 4192 1125 4245; x_wconf 50' lang='grc' dir='ltr'><strong>κατ</strong></span> <span class='ocrx_word' id='word_1_323' title='bbox 1157 4190 1364 4261; x_wconf 88' lang='grc' dir='ltr'><strong>σφόδρα</strong></span> <span class='ocrx_word' id='word_1_324' title='bbox 1396 4190 1722 4261; x_wconf 82' lang='grc' dir='ltr'><strong>λῃστρικῶς,</strong></span> <span class='ocrx_word' id='word_1_325' title='bbox 1749 4190 1864 4243; x_wconf 80' lang='grc' dir='ltr'><strong>ἀλλ’</strong></span> 
     </span>
    </p>
   </div>
   <div class='ocr_carea' id='block_1_43' title="bbox 285 4279 1870 4366">
    <p class='ocr_par' dir='ltr' id='par_1_43' title="bbox 285 4279 1870 4366">
     <span class='ocr_line' id='line_1_43' title="bbox 285 4279 1870 4366; baseline -0.009 -18"><span class='ocrx_word' id='word_1_326' title='bbox 285 4297 431 4366; x_wconf 73' lang='grc' dir='ltr'><strong>ὅμως</strong></span> <span class='ocrx_word' id='word_1_327' title='bbox 461 4293 721 4346; x_wconf 83' lang='grc' dir='ltr'><strong>ἀντεῖπεν</strong></span> <span class='ocrx_word' id='word_1_328' title='bbox 742 4289 769 4341; x_wconf 86' lang='grc' dir='ltr'>ὁ</span> <span class='ocrx_word' id='word_1_329' title='bbox 793 4283 1035 4345; x_wconf 81' lang='grc' dir='ltr'><strong>διάϐολος</strong></span> <span class='ocrx_word' id='word_1_330' title='bbox 1057 4300 1070 4313; x_wconf 91' lang='grc'><strong>·</strong></span> <span class='ocrx_word' id='word_1_331' title='bbox 1092 4287 1146 4334; x_wconf 65' lang='lat'><strong>31</strong></span> <span class='ocrx_word' id='word_1_332' title='bbox 1153 4280 1184 4347; x_wconf 74' lang='grc' dir='ltr'>ὴ</span> <span class='ocrx_word' id='word_1_333' title='bbox 1220 4280 1446 4348; x_wconf 82' lang='grc' dir='ltr'><strong>δωρεὰν</strong></span> <span class='ocrx_word' id='word_1_334' title='bbox 1467 4279 1701 4334; x_wconf 78' lang='grc' dir='ltr'><strong>σέϐεται</strong></span> <span class='ocrx_word' id='word_1_335' title='bbox 1738 4281 1870 4334; x_wconf 84' lang='grc' dir='ltr'><strong>Ἰὼϐ</strong></span> 
     </span>
    </p>
   </div>
   <div class='ocr_carea' id='block_1_44' title="bbox 288 4370 1867 4445">
    <p class='ocr_par' dir='ltr' id='par_1_44' title="bbox 288 4370 1867 4445">
     <span class='ocr_line' id='line_1_44' title="bbox 288 4370 1867 4445; baseline -0.018 -3"><span class='ocrx_word' id='word_1_336' title='bbox 288 4388 389 4442; x_wconf 71' lang='grc' dir='ltr'><strong>τὸν</strong></span> <span class='ocrx_word' id='word_1_337' title='bbox 419 4384 605 4445; x_wconf 85' lang='grc' dir='ltr'><strong>Θεόν;</strong></span> <span class='ocrx_word' id='word_1_338' title='bbox 654 4377 870 4433; x_wconf 83' lang='grc' dir='ltr'><strong>Τούτων</strong></span> <span class='ocrx_word' id='word_1_339' title='bbox 925 4373 981 4426; x_wconf 82' lang='grc' dir='ltr'><strong>δέ</strong></span> <span class='ocrx_word' id='word_1_340' title='bbox 1033 4371 1373 4440; x_wconf 68' lang='grc' dir='ltr'><strong>συμϐάντων,</strong></span> <span class='ocrx_word' id='word_1_341' title='bbox 1422 4370 1867 4440; x_wconf 68' lang='grc' dir='ltr'><strong>ἐγκαλυψάμενος</strong></span> 
     </span>
    </p>
   </div>
   <div class='ocr_carea' id='block_1_45' title="bbox 288 4462 1865 4548">
    <p class='ocr_par' dir='ltr' id='par_1_45' title="bbox 288 4462 1865 4548">
     <span class='ocr_line' id='line_1_45' title="bbox 288 4462 1865 4548; baseline -0.01 -18"><span class='ocrx_word' id='word_1_342' title='bbox 288 4476 602 4548; x_wconf 74' lang='grc' dir='ltr'><strong>ἀνεχώρησε</strong></span> <span class='ocrx_word' id='word_1_343' title='bbox 658 4470 803 4524; x_wconf 84' lang='grc' dir='ltr'><strong>νῶτα</strong></span> <span class='ocrx_word' id='word_1_344' title='bbox 843 4466 987 4531; x_wconf 74' lang='grc' dir='ltr'><strong>δοὺς,</strong></span> <span class='ocrx_word' id='word_1_345' title='bbox 1022 4467 1115 4517; x_wconf 71' lang='grc' dir='ltr'><strong>καὶ</strong></span> <span class='ocrx_word' id='word_1_346' title='bbox 1160 4462 1281 4515; x_wconf 81' lang='grc' dir='ltr'><strong>οὐδὲ</strong></span> <span class='ocrx_word' id='word_1_347' title='bbox 1313 4462 1671 4531; x_wconf 82' lang='grc' dir='ltr'><strong>ἀναισχύντου</strong></span> <span class='ocrx_word' id='word_1_348' title='bbox 1720 4462 1865 4525; x_wconf 90' lang='grc' dir='ltr'><strong>τινὸς</strong></span> 
     </span>
    </p>
   </div>
   <div class='ocr_carea' id='block_1_46' title="bbox 287 4554 1869 4636">
    <p class='ocr_par' dir='ltr' id='par_1_46' title="bbox 287 4554 1869 4636">
     <span class='ocr_line' id='line_1_46' title="bbox 287 4554 1869 4636; baseline -0.015 -10"><span class='ocrx_word' id='word_1_349' title='bbox 287 4569 594 4636; x_wconf 79' lang='grc' dir='ltr'><strong>ἀντιλογίας</strong></span> <span class='ocrx_word' id='word_1_350' title='bbox 630 4562 788 4616; x_wconf 80' lang='grc' dir='ltr'><strong>σκιὰν</strong></span> <span class='ocrx_word' id='word_1_351' title='bbox 815 4557 944 4627; x_wconf 87' lang='grc' dir='ltr'><strong>γοῦν</strong></span> <span class='ocrx_word' id='word_1_352' title='bbox 976 4557 1114 4626; x_wconf 79' lang='grc' dir='ltr'><strong>ἔχων</strong></span> <span class='ocrx_word' id='word_1_353' title='bbox 1150 4554 1532 4625; x_wconf 82' lang='grc' dir='ltr'><strong>προϐαλέσθαι.</strong></span> <span class='ocrx_word' id='word_1_354' title='bbox 1565 4554 1734 4607; x_wconf 85' lang='grc' dir='ltr'><strong>Τοῦτο</strong></span> <span class='ocrx_word' id='word_1_355' title='bbox 1760 4555 1869 4625; x_wconf 77' lang='grc' dir='ltr'><strong>γὰρ</strong></span> 
     </span>
    </p>
   </div>
   <div class='ocr_carea' id='block_1_47' title="bbox 289 4646 1869 4731">
    <p class='ocr_par' dir='ltr' id='par_1_47' title="bbox 289 4646 1869 4731">
     <span class='ocr_line' id='line_1_47' title="bbox 289 4646 1869 4731; baseline -0.019 -13"><span class='ocrx_word' id='word_1_356' title='bbox 289 4659 583 4731; x_wconf 83' lang='grc' dir='ltr'><strong>ὁκολοφὼν</strong></span> <span class='ocrx_word' id='word_1_357' title='bbox 633 4653 725 4709; x_wconf 88' lang='grc' dir='ltr'><strong>τοῦ</strong></span> <span class='ocrx_word' id='word_1_358' title='bbox 776 4652 1066 4721; x_wconf 88' lang='grc' dir='ltr'><strong>στεφάνου,</strong></span> <span class='ocrx_word' id='word_1_359' title='bbox 1101 4646 1312 4717; x_wconf 83' lang='grc' dir='ltr'><strong>τοῦτοή</strong></span> <span class='ocrx_word' id='word_1_360' title='bbox 1343 4646 1569 4716; x_wconf 76' lang='grc' dir='ltr'><strong>κορωνὶς</strong></span> <span class='ocrx_word' id='word_1_361' title='bbox 1609 4647 1705 4716; x_wconf 76' lang='grc' dir='ltr'><strong>τῆς</strong></span> <span class='ocrx_word' id='word_1_362' title='bbox 1736 4648 1869 4717; x_wconf 86' lang='grc' dir='ltr'><strong>ἀρε-</strong></span> 
     </span>
    </p>
   </div>
   <div class='ocr_carea' id='block_1_48' title="bbox 293 4737 1868 4824">
    <p class='ocr_par' dir='ltr' id='par_1_48' title="bbox 293 4737 1868 4824">
     <span class='ocr_line' id='line_1_48' title="bbox 293 4737 1868 4824; baseline -0.009 -19"><span class='ocrx_word' id='word_1_363' title='bbox 293 4753 409 4824; x_wconf 79' lang='grc' dir='ltr'><strong>τῆς,</strong></span> <span class='ocrx_word' id='word_1_364' title='bbox 445 4749 608 4804; x_wconf 85' lang='grc' dir='ltr'><strong>τοῦτο</strong></span> <span class='ocrx_word' id='word_1_365' title='bbox 631 4749 665 4816; x_wconf 78' lang='grc' dir='ltr'><strong>ἡ</strong></span> <span class='ocrx_word' id='word_1_366' title='bbox 702 4740 878 4813; x_wconf 59' lang='grc' dir='ltr'><strong>σαφὴς</strong></span> <span class='ocrx_word' id='word_1_367' title='bbox 927 4741 1026 4809; x_wconf 82' lang='grc' dir='ltr'><strong>τῆς</strong></span> <span class='ocrx_word' id='word_1_368' title='bbox 1070 4738 1321 4808; x_wconf 86' lang='grc' dir='ltr'><strong>ἀνδρείας</strong></span> <span class='ocrx_word' id='word_1_369' title='bbox 1359 4737 1655 4803; x_wconf 79' lang='grc' dir='ltr'><strong>ἀπόδειξις,</strong></span> <span class='ocrx_word' id='word_1_370' title='bbox 1709 4738 1868 4791; x_wconf 90' lang='grc' dir='ltr'><strong>τοῦτο</strong></span> 
     </span>
    </p>
   </div>
   <div class='ocr_carea' id='block_1_49' title="bbox 294 4829 1871 4915">
    <p class='ocr_par' dir='ltr' id='par_1_49' title="bbox 294 4829 1871 4915">
     <span class='ocr_line' id='line_1_49' title="bbox 294 4829 1871 4915; baseline -0.008 -19"><span class='ocrx_word' id='word_1_371' title='bbox 294 4844 327 4915; x_wconf 71' lang='grc' dir='ltr'><strong>ἡ</strong></span> <span class='ocrx_word' id='word_1_372' title='bbox 378 4837 748 4913; x_wconf 88' lang='grc' dir='ltr'><strong>ἀκριϐεστάτη</strong></span> <span class='ocrx_word' id='word_1_373' title='bbox 777 4834 875 4903; x_wconf 80' lang='grc' dir='ltr'><strong>τῆς</strong></span> <span class='ocrx_word' id='word_1_374' title='bbox 905 4830 1221 4900; x_wconf 84' lang='grc' dir='ltr'><strong>φιλοσοφίας</strong></span> <span class='ocrx_word' id='word_1_375' title='bbox 1267 4829 1536 4893; x_wconf 77' lang='grc' dir='ltr'><strong>ἐπίτασις.</strong></span> <span class='ocrx_word' id='word_1_376' title='bbox 1581 4830 1765 4898; x_wconf 86' lang='grc' dir='ltr'><strong>Δηλῶν</strong></span> <span class='ocrx_word' id='word_1_377' title='bbox 1814 4831 1871 4883; x_wconf 86' lang='grc' dir='ltr'><strong>δέ</strong></span> 
     </span>
    </p>
   </div>
   <div class='ocr_carea' id='block_1_50' title="bbox 294 4918 1869 4994">
    <p class='ocr_par' dir='ltr' id='par_1_50' title="bbox 294 4918 1869 4994">
     <span class='ocr_line' id='line_1_50' title="bbox 294 4918 1869 4994; baseline -0.01 -6"><span class='ocrx_word' id='word_1_378' title='bbox 294 4936 384 4989; x_wconf 73' lang='grc' dir='ltr'><strong>καὶ</strong></span> <span class='ocrx_word' id='word_1_379' title='bbox 410 4930 578 4993; x_wconf 79' lang='grc' dir='ltr'><strong>αὐτὸς</strong></span> <span class='ocrx_word' id='word_1_380' title='bbox 606 4922 759 4988; x_wconf 77' lang='grc' dir='ltr'><strong>οὗτος</strong></span> <span class='ocrx_word' id='word_1_381' title='bbox 790 4927 819 4978; x_wconf 83' lang='grc' dir='ltr'>ὁ</span> <span class='ocrx_word' id='word_1_382' title='bbox 846 4922 1115 4994; x_wconf 84' lang='grc' dir='ltr'><strong>μακάριος</strong></span> <span class='ocrx_word' id='word_1_383' title='bbox 1155 4919 1299 4983; x_wconf 87' lang='grc' dir='ltr'><strong>Ἰὼϐ,</strong></span> <span class='ocrx_word' id='word_1_384' title='bbox 1334 4920 1457 4973; x_wconf 86' lang='grc' dir='ltr'><strong>ὅσον</strong></span> <span class='ocrx_word' id='word_1_385' title='bbox 1484 4918 1869 4990; x_wconf 86' lang='grc' dir='ltr'><strong>χαλεπώτερον</strong></span> 
     </span>
    </p>
   </div>
   <div class='ocr_carea' id='block_1_51' title="bbox 292 5011 1867 5097">
    <p class='ocr_par' dir='ltr' id='par_1_51' title="bbox 292 5011 1867 5097">
     <span class='ocr_line' id='line_1_51' title="bbox 292 5011 1867 5097; baseline -0.009 -18"><span class='ocrx_word' id='word_1_386' title='bbox 292 5024 548 5097; x_wconf 77' lang='grc' dir='ltr'><strong>τυραννὶς</strong></span> <span class='ocrx_word' id='word_1_387' title='bbox 600 5018 836 5089; x_wconf 85' lang='grc' dir='ltr'><strong>ἀθυμίας</strong></span> <span class='ocrx_word' id='word_1_388' title='bbox 870 5014 1122 5075; x_wconf 88' lang='grc' dir='ltr'><strong>θανάτου,</strong></span> <span class='ocrx_word' id='word_1_389' title='bbox 1154 5013 1463 5067; x_wconf 88' lang='grc' dir='ltr'><strong>ἀνάπαυσιν</strong></span> <span class='ocrx_word' id='word_1_390' title='bbox 1493 5011 1654 5064; x_wconf 82' lang='grc' dir='ltr'><strong>αὐτὸν</strong></span> <span class='ocrx_word' id='word_1_391' title='bbox 1690 5011 1867 5065; x_wconf 82' lang='grc' dir='ltr'><strong>καλεῖ.</strong></span> 
     </span>
    </p>
   </div>
   <div class='ocr_carea' id='block_1_52' title="bbox 297 5100 1874 5175">
    <p class='ocr_par' dir='ltr' id='par_1_52' title="bbox 297 5100 1874 5175">
     <span class='ocr_line' id='line_1_52' title="bbox 297 5100 1874 5175; baseline -0.003 -16"><span class='ocrx_word' id='word_1_392' title='bbox 297 5113 561 5175; x_wconf 71' lang='grc' dir='ltr'><strong>Θάνατος</strong></span> <span class='ocrx_word' id='word_1_393' title='bbox 596 5107 785 5175; x_wconf 62' lang='grc' dir='ltr'><strong>ἀνδρί,</strong></span> <span class='ocrx_word' id='word_1_394' title='bbox 848 5104 1034 5175; x_wconf 65' lang='grc' dir='ltr'><strong>φησὶν,</strong></span> <span class='ocrx_word' id='word_1_395' title='bbox 1101 5100 1464 5167; x_wconf 75' lang='grc' dir='ltr'><strong>ἀνάπαυσις,</strong></span> <span class='ocrx_word' id='word_1_396' title='bbox 1528 5101 1624 5153; x_wconf 66' lang='grc' dir='ltr'><strong>καὶ⁵</strong></span> <span class='ocrx_word' id='word_1_397' title='bbox 1670 5103 1728 5153; x_wconf 81' lang='grc' dir='ltr'><strong>ὲν</strong></span> <span class='ocrx_word' id='word_1_398' title='bbox 1775 5103 1874 5169; x_wconf 87' lang='grc' dir='ltr'><strong>χά-</strong></span> 
     </span>
    </p>
   </div>
   <div class='ocr_carea' id='block_1_53' title="bbox 300 5190 1875 5275">
    <p class='ocr_par' dir='ltr' id='par_1_53' title="bbox 300 5190 1875 5275">
     <span class='ocr_line' id='line_1_53' title="bbox 300 5190 1875 5275; baseline -0.011 -16"><span class='ocrx_word' id='word_1_399' title='bbox 300 5221 437 5275; x_wconf 61' lang='grc' dir='ltr'><strong>ριτος</strong></span> <span class='ocrx_word' id='word_1_400' title='bbox 477 5200 646 5258; x_wconf 84' lang='grc' dir='ltr'><strong>αὑτὸν</strong></span> <span class='ocrx_word' id='word_1_401' title='bbox 694 5200 923 5252; x_wconf 72' lang='grc' dir='ltr'><strong>αἰτεῖται</strong></span> <span class='ocrx_word' id='word_1_402' title='bbox 954 5194 1130 5265; x_wconf 82' lang='grc' dir='ltr'><strong>μέρει,</strong></span> <span class='ocrx_word' id='word_1_403' title='bbox 1167 5192 1308 5245; x_wconf 83' lang='grc' dir='ltr'><strong>ὥστε</strong></span> <span class='ocrx_word' id='word_1_404' title='bbox 1362 5190 1577 5260; x_wconf 79' lang='grc' dir='ltr'><strong>ἐκείνης</strong></span> <span class='ocrx_word' id='word_1_405' title='bbox 1628 5190 1875 5243; x_wconf 76' lang='grc' dir='ltr'><strong>ἀπαλλα-</strong></span> 
     </span>
    </p>
   </div>
   <div class='ocr_carea' id='block_1_54' title="bbox 298 5284 1877 5368">
    <p class='ocr_par' dir='ltr' id='par_1_54' title="bbox 298 5284 1877 5368">
     <span class='ocr_line' id='line_1_54' title="bbox 298 5284 1877 5368; baseline -0.011 -17"><span class='ocrx_word' id='word_1_406' title='bbox 298 5298 478 5368; x_wconf 78' lang='grc' dir='ltr'><strong>γῆναι,</strong></span> <span class='ocrx_word' id='word_1_407' title='bbox 510 5294 713 5361; x_wconf 86' lang='grc' dir='ltr'><strong>λέγων·</strong></span> <span class='ocrx_word' id='word_1_408' title='bbox 752 5293 817 5344; x_wconf 67' lang='grc' dir='ltr'><strong>Εἰ</strong></span> <span class='ocrx_word' id='word_1_409' title='bbox 864 5291 975 5357; x_wconf 78' lang='grc' dir='ltr'><strong>γάρ</strong></span> <span class='ocrx_word' id='word_1_410' title='bbox 1028 5285 1147 5353; x_wconf 82' lang='grc' dir='ltr'><strong>δῴη</strong></span> <span class='ocrx_word' id='word_1_411' title='bbox 1189 5284 1287 5338; x_wconf 82' lang='grc' dir='ltr'><strong>καί</strong></span> <span class='ocrx_word' id='word_1_412' title='bbox 1312 5285 1474 5337; x_wconf 75' lang='grc' dir='ltr'><strong>ἔλθοι</strong></span> <span class='ocrx_word' id='word_1_413' title='bbox 1505 5300 1624 5351; x_wconf 81' lang='grc' dir='ltr'><strong>μου</strong></span> <span class='ocrx_word' id='word_1_414' title='bbox 1660 5284 1877 5350; x_wconf 60' lang='lat' dir='ltr'><strong>ﬂuim-</strong></span> 
     </span>
    </p>
   </div>
   <div class='ocr_carea' id='block_1_55' title="bbox 300 5378 1875 5454">
    <p class='ocr_par' dir='ltr' id='par_1_55' title="bbox 300 5378 1875 5454">
     <span class='ocr_line' id='line_1_55' title="bbox 300 5378 1875 5454; baseline -0.01 -9"><span class='ocrx_word' id='word_1_415' title='bbox 300 5407 413 5454; x_wconf 85' lang='grc' dir='ltr'><strong>σις,</strong></span> <span class='ocrx_word' id='word_1_416' title='bbox 442 5388 544 5443; x_wconf 73' lang='grc' dir='ltr'><strong>καὶ</strong></span> <span class='ocrx_word' id='word_1_417' title='bbox 573 5386 685 5454; x_wconf 78' lang='grc' dir='ltr'><strong>τὴν</strong></span> <span class='ocrx_word' id='word_1_418' title='bbox 707 5383 925 5439; x_wconf 78' lang='grc' dir='ltr'><strong>ἐλπίδα</strong></span> <span class='ocrx_word' id='word_1_419' title='bbox 969 5400 1089 5451; x_wconf 83' lang='grc' dir='ltr'><strong>μου</strong></span> <span class='ocrx_word' id='word_1_420' title='bbox 1120 5380 1286 5447; x_wconf 82' lang='grc' dir='ltr'><strong>δῴηό</strong></span> <span class='ocrx_word' id='word_1_421' title='bbox 1316 5380 1480 5444; x_wconf 82' lang='grc' dir='ltr'><strong>Θεός.</strong></span> <span class='ocrx_word' id='word_1_422' title='bbox 1522 5378 1875 5447; x_wconf 79' lang='grc' dir='ltr'><strong>Ἀρξάμενος</strong></span> 
     </span>
    </p>
   </div>
   <div class='ocr_carea' id='block_1_56' title="bbox 360 5513 1106 5576">
    <p class='ocr_par' dir='ltr' id='par_1_56' title="bbox 360 5513 1106 5576">
     <span class='ocr_line' id='line_1_56' title="bbox 360 5513 1106 5576; baseline -0.012 -6"><span class='ocrx_word' id='word_1_423' title='bbox 360 5522 384 5551; x_wconf 83' lang='grc'><strong><em>⁸</em></strong></span> <span class='ocrx_word' id='word_1_424' title='bbox 412 5520 519 5569; x_wconf 82' lang='lat' dir='ltr'><strong>Duo</strong></span> <span class='ocrx_word' id='word_1_425' title='bbox 533 5532 643 5566; x_wconf 82' lang='lat' dir='ltr'><strong>mss.</strong></span> <span class='ocrx_word' id='word_1_426' title='bbox 655 5519 740 5575; x_wconf 83' lang='grc' dir='ltr'><strong>τήν</strong></span> <span class='ocrx_word' id='word_1_427' title='bbox 757 5516 955 5576; x_wconf 85' lang='grc' dir='ltr'><strong>ποίμνην</strong></span> <span class='ocrx_word' id='word_1_428' title='bbox 976 5513 1106 5576; x_wconf 66' lang='grc' dir='ltr'><strong>μετά.</strong></span> 
     </span>
    </p>
   </div>
   <div class='ocr_carea' id='block_1_57' title="bbox 360 5569 1878 5632">
    <p class='ocr_par' dir='ltr' id='par_1_57' title="bbox 360 5569 1878 5632">
     <span class='ocr_line' id='line_1_57' title="bbox 360 5569 1878 5632; baseline -0.007 -3"><span class='ocrx_word' id='word_1_429' title='bbox 360 5580 388 5621; x_wconf 65' lang='grc' dir='ltr'><strong>δ</strong></span> <span class='ocrx_word' id='word_1_430' title='bbox 417 5581 505 5629; x_wconf 77' lang='lat' dir='ltr'><strong>Hic</strong></span> <span class='ocrx_word' id='word_1_431' title='bbox 532 5569 1003 5628; x_wconf 40' lang='lat' dir='ltr'><strong>Monlffinsci&#39;uéra&#39;t</strong></span> <span class='ocrx_word' id='word_1_432' title='bbox 1026 5572 1075 5632; x_wconf 75' lang='grc' dir='ltr'><strong>ᾖ,</strong></span> <span class='ocrx_word' id='word_1_433' title='bbox 1099 5571 1228 5632; x_wconf 87' lang='lat' dir='ltr'><strong>quod</strong></span> <span class='ocrx_word' id='word_1_434' title='bbox 1254 5573 1586 5629; x_wconf 77' lang='lat' dir='ltr'><strong>expunximus</strong></span> <span class='ocrx_word' id='word_1_435' title='bbox 1606 5584 1716 5621; x_wconf 87' lang='lat' dir='ltr'><strong>cum</strong></span> <span class='ocrx_word' id='word_1_436' title='bbox 1738 5569 1878 5619; x_wconf 64' lang='grc' dir='ltr'><strong>8³γὶ-</strong></span> 
     </span>
    </p>
   </div>
   <div class='ocr_carea' id='block_1_58' title="bbox 304 5632 1877 5694">
    <p class='ocr_par' dir='ltr' id='par_1_58' title="bbox 304 5632 1877 5694">
     <span class='ocr_line' id='line_1_58' title="bbox 304 5632 1877 5694; baseline -0.016 -2"><span class='ocrx_word' id='word_1_437' title='bbox 304 5642 382 5692; x_wconf 76' lang='lat' dir='ltr'><strong>lio.</strong></span> <span class='ocrx_word' id='word_1_438' title='bbox 411 5642 585 5691; x_wconf 76' lang='lat' dir='ltr'><strong>Morel.</strong></span> <span class='ocrx_word' id='word_1_439' title='bbox 612 5640 762 5689; x_wconf 75' lang='lat' dir='ltr'><strong>habet</strong></span> <span class='ocrx_word' id='word_1_440' title='bbox 814 5639 892 5686; x_wconf 81' lang='grc' dir='ltr'><strong>ὅτε</strong></span> <span class='ocrx_word' id='word_1_441' title='bbox 916 5639 1001 5693; x_wconf 84' lang='grc' dir='ltr'><strong>τήν</strong></span> <span class='ocrx_word' id='word_1_442' title='bbox 1025 5635 1200 5694; x_wconf 77' lang='grc' dir='ltr'><strong>ὑγίειαν</strong></span> <span class='ocrx_word' id='word_1_443' title='bbox 1223 5650 1261 5680; x_wconf 87' lang='grc' dir='ltr'><strong>τ.</strong></span> <span class='ocrx_word' id='word_1_444' title='bbox 1292 5650 1339 5680; x_wconf 90' lang='grc' dir='ltr'><strong>σ.</strong></span> <span class='ocrx_word' id='word_1_445' title='bbox 1381 5636 1626 5691; x_wconf 74' lang='grc' dir='ltr'><strong>ἐκέκτητο,</strong></span> <span class='ocrx_word' id='word_1_446' title='bbox 1650 5632 1679 5692; x_wconf 66' lang='grc' dir='ltr'>ᾖ</span> <span class='ocrx_word' id='word_1_447' title='bbox 1709 5670 1738 5681; x_wconf 74' lang='grc'><strong>,,</strong></span> <span class='ocrx_word' id='word_1_448' title='bbox 1773 5634 1877 5681; x_wconf 69' lang='grc' dir='ltr'><strong>ἐκέ-</strong></span> 
     </span>
    </p>
   </div>
   <div class='ocr_carea' id='block_1_59' title="bbox 304 5696 1626 5767">
    <p class='ocr_par' dir='ltr' id='par_1_59' title="bbox 304 5696 1626 5767">
     <span class='ocr_line' id='line_1_59' title="bbox 304 5696 1626 5767; baseline -0.008 -15"><span class='ocrx_word' id='word_1_449' title='bbox 304 5720 469 5767; x_wconf 68' lang='grc' dir='ltr'><strong>χρητο,</strong></span> <span class='ocrx_word' id='word_1_450' title='bbox 506 5715 655 5763; x_wconf 85' lang='lat' dir='ltr'><strong>quam</strong></span> <span class='ocrx_word' id='word_1_451' title='bbox 682 5702 942 5767; x_wconf 59' lang='lat' dir='ltr'><strong>Iegtiqnem</strong></span> <span class='ocrx_word' id='word_1_452' title='bbox 966 5697 1464 5767; x_wconf 33' lang='lat' dir='ltr'><strong>ronidnjnler‘preg‘.</strong></span> <span class='ocrx_word' id='word_1_453' title='bbox 1496 5696 1626 5767; x_wconf 65' lang='grc' dir='ltr'><strong>Ιίριτ.</strong></span> 
     </span>
    </p>
   </div>
   <div class='ocr_carea' id='block_1_60' title="bbox 365 5752 1880 5825">
    <p class='ocr_par' dir='ltr' id='par_1_60' title="bbox 365 5752 1880 5825">
     <span class='ocr_line' id='line_1_60' title="bbox 365 5752 1880 5825; baseline -0.007 -13"><span class='ocrx_word' id='word_1_454' title='bbox 365 5752 652 5825; x_wconf 55' lang='grc' dir='ltr'><strong>έΒίιοίηςε.</strong></span> <span class='ocrx_word' id='word_1_455' title='bbox 676 5764 751 5809; x_wconf 79' lang='grc' dir='ltr'><strong>καὶ</strong></span> <span class='ocrx_word' id='word_1_456' title='bbox 778 5762 1154 5825; x_wconf 68' lang='grc' dir='ltr'><strong>ςτλοσοτωτέρας</strong></span> <span class='ocrx_word' id='word_1_457' title='bbox 1184 5752 1401 5813; x_wconf 64' lang='grc' dir='ltr'><strong>διανοίας.</strong></span> <span class='ocrx_word' id='word_1_458' title='bbox 1430 5756 1579 5807; x_wconf 73' lang='lat' dir='ltr'><strong>l’uuln</strong></span> <span class='ocrx_word' id='word_1_459' title='bbox 1604 5762 1711 5818; x_wconf 74' lang='lat' dir='ltr'><strong>post</strong></span> <span class='ocrx_word' id='word_1_460' title='bbox 1732 5752 1880 5803; x_wconf 75' lang='lat' dir='ltr'><strong>iidem</strong></span> 
     </span>
    </p>
   </div>
   <div class='ocr_carea' id='block_1_61' title="bbox 314 5824 701 5886">
    <p class='ocr_par' dir='ltr' id='par_1_61' title="bbox 314 5824 701 5886">
     <span class='ocr_line' id='line_1_61' title="bbox 314 5824 701 5886; baseline -0.003 -15"><span class='ocrx_word' id='word_1_461' title='bbox 314 5824 485 5886; x_wconf 64' lang='grc' dir='ltr'><strong>ετὸἰςα</strong></span> <span class='ocrx_word' id='word_1_462' title='bbox 508 5826 701 5885; x_wconf 64' lang='grc' dir='ltr'><strong>ἰταμῶς.</strong></span> 
     </span>
    </p>
   </div>
   <div class='ocr_carea' id='block_1_62' title="bbox 1688 406 2067 463">
    <p class='ocr_par' dir='ltr' id='par_1_62' title="bbox 1688 406 2067 463">
     <span class='ocr_line' id='line_1_62' title="bbox 1688 406 2067 463; baseline -0.003 0"><span class='ocrx_word' id='word_1_463' title='bbox 1688 406 2067 463; x_wconf 71' lang='grc' dir='ltr'><strong>ΕΡΙΞΤΟῙΛΞ.</strong></span> 
     </span>
    </p>
   </div>
   <div class='ocr_carea' id='block_1_63' title="bbox 3421 399 3527 458">
    <p class='ocr_par' dir='ltr' id='par_1_63' title="bbox 3421 399 3527 458">
     <span class='ocr_line' id='line_1_63' title="bbox 3421 399 3527 458; baseline 0 0"><span class='ocrx_word' id='word_1_464' title='bbox 3421 399 3527 458; x_wconf 73' lang='lat'><strong>580</strong></span> 
     </span>
    </p>
   </div>
   <div class='ocr_carea' id='block_1_64' title="bbox 1943 513 3523 589">
    <p class='ocr_par' dir='ltr' id='par_1_64' title="bbox 1943 513 3523 589">
     <span class='ocr_line' id='line_1_64' title="bbox 1943 513 3523 589; baseline -0.004 -14"><span class='ocrx_word' id='word_1_465' title='bbox 1943 524 1978 575; x_wconf 84' lang='grc' dir='ltr'><em>ό</em></span> <span class='ocrx_word' id='word_1_466' title='bbox 2001 521 2215 589; x_wconf 82' lang='grc' dir='ltr'><strong>Κύριος</strong></span> <span class='ocrx_word' id='word_1_467' title='bbox 2272 518 2552 588; x_wconf 70' lang='grc' dir='ltr'><strong>τρωσᾶτω</strong></span> <span class='ocrx_word' id='word_1_468' title='bbox 2571 534 2670 587; x_wconf 79' lang='grc' dir='ltr'><strong>με,</strong></span> <span class='ocrx_word' id='word_1_469' title='bbox 2699 516 2795 572; x_wconf 80' lang='grc' dir='ltr'><strong>καὶ</strong></span> <span class='ocrx_word' id='word_1_470' title='bbox 2833 518 2917 581; x_wconf 84' lang='grc' dir='ltr'><strong>είς</strong></span> <span class='ocrx_word' id='word_1_471' title='bbox 2934 513 3108 581; x_wconf 75' lang='grc' dir='ltr'><strong>τέλος</strong></span> <span class='ocrx_word' id='word_1_472' title='bbox 3140 531 3217 584; x_wconf 83' lang='grc' dir='ltr'><strong>με</strong></span> <span class='ocrx_word' id='word_1_473' title='bbox 3242 513 3523 570; x_wconf 80' lang='grc' dir='ltr'><strong>ἁνελέτω.</strong></span> 
     </span>
    </p>
   </div>
   <div class='ocr_carea' id='block_1_65' title="bbox 1940 601 3532 679">
    <p class='ocr_par' dir='ltr' id='par_1_65' title="bbox 1940 601 3532 679">
     <span class='ocr_line' id='line_1_65' title="bbox 1940 601 3532 679; baseline -0.003 -16"><span class='ocrx_word' id='word_1_474' title='bbox 1940 610 2052 677; x_wconf 79' lang='grc' dir='ltr'><strong>Ε’ῖη</strong></span> <span class='ocrx_word' id='word_1_475' title='bbox 2108 607 2178 662; x_wconf 86' lang='grc' dir='ltr'><strong>δέ</strong></span> <span class='ocrx_word' id='word_1_476' title='bbox 2217 626 2319 679; x_wconf 83' lang='grc' dir='ltr'><strong>μοι</strong></span> <span class='ocrx_word' id='word_1_477' title='bbox 2362 609 2402 675; x_wconf 76' lang='grc' dir='ltr'><strong><em>ή</em></strong></span> <span class='ocrx_word' id='word_1_478' title='bbox 2448 610 2629 674; x_wconf 81' lang='grc' dir='ltr'><strong>πόλις</strong></span> <span class='ocrx_word' id='word_1_479' title='bbox 2686 606 2895 676; x_wconf 75' lang='grc' dir='ltr'><strong>τάφος,</strong></span> <span class='ocrx_word' id='word_1_480' title='bbox 2936 607 3029 675; x_wconf 73' lang='grc' dir='ltr'><strong>ἐφ’</strong></span> <span class='ocrx_word' id='word_1_481' title='bbox 3057 601 3133 675; x_wconf 80' lang='grc' dir='ltr'><strong>ἧς</strong></span> <span class='ocrx_word' id='word_1_482' title='bbox 3172 605 3271 659; x_wconf 74' lang='grc' dir='ltr'><strong>ἐπὶ</strong></span> <span class='ocrx_word' id='word_1_483' title='bbox 3314 605 3532 674; x_wconf 78' lang='grc' dir='ltr'><strong>τειχῶν</strong></span> 
     </span>
    </p>
   </div>
   <div class='ocr_carea' id='block_1_66' title="bbox 1940 696 3532 767">
    <p class='ocr_par' dir='ltr' id='par_1_66' title="bbox 1940 696 3532 767">
     <span class='ocr_line' id='line_1_66' title="bbox 1940 696 3532 767; baseline -0.003 -14"><span class='ocrx_word' id='word_1_484' title='bbox 1940 698 2220 767; x_wconf 81' lang='grc' dir='ltr'><strong>ἠλλόμην</strong></span> <span class='ocrx_word' id='word_1_485' title='bbox 2243 699 2336 752; x_wconf 76' lang='grc' dir='ltr'><strong>ἐπ’</strong></span> <span class='ocrx_word' id='word_1_486' title='bbox 2367 697 2578 767; x_wconf 84' lang='grc' dir='ltr'><strong>αὐτῆς.</strong></span> <span class='ocrx_word' id='word_1_487' title='bbox 2611 696 2771 751; x_wconf 78' lang='grc' dir='ltr'><strong>Οὕτω</strong></span> <span class='ocrx_word' id='word_1_488' title='bbox 2808 698 3028 751; x_wconf 86' lang='grc' dir='ltr'><strong>πάντων</strong></span> <span class='ocrx_word' id='word_1_489' title='bbox 3069 696 3369 767; x_wconf 86' lang='grc' dir='ltr'><strong>βαρύτερον</strong></span> <span class='ocrx_word' id='word_1_490' title='bbox 3400 697 3532 749; x_wconf 87' lang='grc' dir='ltr'><strong>ἀθυ-</strong></span> 
     </span>
    </p>
   </div>
   <div class='ocr_carea' id='block_1_67' title="bbox 1944 786 3531 862">
    <p class='ocr_par' dir='ltr' id='par_1_67' title="bbox 1944 786 3531 862">
     <span class='ocr_line' id='line_1_67' title="bbox 1944 786 3531 862; baseline -0.003 -19"><span class='ocrx_word' id='word_1_491' title='bbox 1944 790 2076 861; x_wconf 78' lang='grc' dir='ltr'><strong>μία.⁵</strong></span> <span class='ocrx_word' id='word_1_492' title='bbox 2103 790 2215 860; x_wconf 81' lang='grc' dir='ltr'><strong>ὅσῳ</strong></span> <span class='ocrx_word' id='word_1_493' title='bbox 2260 790 2317 843; x_wconf 84' lang='grc' dir='ltr'><strong>δέ</strong></span> <span class='ocrx_word' id='word_1_494' title='bbox 2364 790 2687 862; x_wconf 88' lang='grc' dir='ltr'><strong>βαρύτερον,</strong></span> <span class='ocrx_word' id='word_1_495' title='bbox 2717 788 2961 859; x_wconf 89' lang='grc' dir='ltr'><strong>τοσούτῳ</strong></span> <span class='ocrx_word' id='word_1_496' title='bbox 3005 788 3100 841; x_wconf 76' lang='grc' dir='ltr'><strong>καὶ</strong></span> <span class='ocrx_word' id='word_1_497' title='bbox 3164 786 3383 859; x_wconf 79' lang='grc' dir='ltr'><strong>μείζους</strong></span> <span class='ocrx_word' id='word_1_498' title='bbox 3416 786 3531 857; x_wconf 74' lang='grc' dir='ltr'><strong>ἔχει</strong></span> 
     </span>
    </p>
   </div>
   <div class='ocr_carea' id='block_1_68' title="bbox 1939 881 2383 945">
    <p class='ocr_par' dir='ltr' id='par_1_68' title="bbox 1939 881 2383 945">
     <span class='ocr_line' id='line_1_68' title="bbox 1939 881 2383 945; baseline -0.002 -11"><span class='ocrx_word' id='word_1_499' title='bbox 1939 882 2041 945; x_wconf 84' lang='grc' dir='ltr'><strong>τὰς</strong></span> <span class='ocrx_word' id='word_1_500' title='bbox 2070 881 2383 945; x_wconf 85' lang='grc' dir='ltr'><strong>ἀντιδόσεις.</strong></span> 
     </span>
    </p>
   </div>
   <div class='ocr_carea' id='block_1_69' title="bbox 2013 964 3533 1044">
    <p class='ocr_par' dir='ltr' id='par_1_69' title="bbox 2013 964 3533 1044">
     <span class='ocr_line' id='line_1_69' title="bbox 2013 964 3533 1044; baseline -0.003 -20"><span class='ocrx_word' id='word_1_501' title='bbox 2013 975 2083 1044; x_wconf 88' lang='grc' dir='ltr'><strong>η’.</strong></span> <span class='ocrx_word' id='word_1_502' title='bbox 2102 974 2221 1026; x_wconf 85' lang='grc' dir='ltr'><strong>Ἵνα</strong></span> <span class='ocrx_word' id='word_1_503' title='bbox 2232 972 2287 1024; x_wconf 79' lang='grc' dir='ltr'><strong>δὲ</strong></span> <span class='ocrx_word' id='word_1_504' title='bbox 2305 972 2395 1027; x_wconf 82' lang='grc' dir='ltr'><strong>καὶ</strong></span> <span class='ocrx_word' id='word_1_505' title='bbox 2417 970 2683 1042; x_wconf 77' lang='grc' dir='ltr'><strong>ἑτέρωθεν</strong></span> <span class='ocrx_word' id='word_1_506' title='bbox 2702 970 2900 1041; x_wconf 78' lang='grc' dir='ltr'><strong>μάθῃς,</strong></span> <span class='ocrx_word' id='word_1_507' title='bbox 2914 971 3040 1024; x_wconf 86' lang='grc' dir='ltr'><strong>ὅσον</strong></span> <span class='ocrx_word' id='word_1_508' title='bbox 3059 965 3336 1036; x_wconf 63' lang='grc' dir='ltr'><strong>τῶνῖπαθη</strong></span> <span class='ocrx_word' id='word_1_509' title='bbox 3345 964 3533 1035; x_wconf 90' lang='grc' dir='ltr'><strong>μάτων</strong></span> 
     </span>
    </p>
   </div>
   <div class='ocr_carea' id='block_1_70' title="bbox 1942 1057 3536 1135">
    <p class='ocr_par' dir='ltr' id='par_1_70' title="bbox 1942 1057 3536 1135">
     <span class='ocr_line' id='line_1_70' title="bbox 1942 1057 3536 1135; baseline -0.005 -18"><span class='ocrx_word' id='word_1_510' title='bbox 1942 1064 2003 1117; x_wconf 90' lang='grc' dir='ltr'><strong>τὸ</strong></span> <span class='ocrx_word' id='word_1_511' title='bbox 2056 1062 2267 1135; x_wconf 81' lang='grc' dir='ltr'><strong>κέρδος,</strong></span> <span class='ocrx_word' id='word_1_512' title='bbox 2306 1062 2410 1117; x_wconf 80' lang='grc' dir='ltr'><strong>κᾶν</strong></span> <span class='ocrx_word' id='word_1_513' title='bbox 2446 1063 2521 1133; x_wconf 80' lang='grc' dir='ltr'><strong>μὴ</strong></span> <span class='ocrx_word' id='word_1_514' title='bbox 2576 1062 2665 1116; x_wconf 79' lang='grc' dir='ltr'><strong>διὰ</strong></span> <span class='ocrx_word' id='word_1_515' title='bbox 2705 1062 2840 1114; x_wconf 89' lang='grc' dir='ltr'><strong>Θεόν</strong></span> <span class='ocrx_word' id='word_1_516' title='bbox 2892 1078 2978 1124; x_wconf 91' lang='grc' dir='ltr'><strong>τις</strong></span> <span class='ocrx_word' id='word_1_517' title='bbox 3036 1058 3185 1130; x_wconf 80' lang='grc' dir='ltr'><strong>πάθῃ</strong></span> <span class='ocrx_word' id='word_1_518' title='bbox 3213 1057 3330 1121; x_wconf 77' lang='grc' dir='ltr'><strong>(καὶ</strong></span> <span class='ocrx_word' id='word_1_519' title='bbox 3357 1057 3536 1119; x_wconf 79' lang='grc' dir='ltr'><strong>οὐδεὶς</strong></span> 
     </span>
    </p>
   </div>
   <div class='ocr_carea' id='block_1_71' title="bbox 1944 1148 3535 1224">
    <p class='ocr_par' dir='ltr' id='par_1_71' title="bbox 1944 1148 3535 1224">
     <span class='ocr_line' id='line_1_71' title="bbox 1944 1148 3535 1224; baseline -0.004 -17"><span class='ocrx_word' id='word_1_520' title='bbox 1944 1152 2249 1224; x_wconf 79' lang='grc' dir='ltr'><strong>ὑπερϐολὴν</strong></span> <span class='ocrx_word' id='word_1_521' title='bbox 2276 1152 2435 1207; x_wconf 88' lang='grc' dir='ltr'><strong>τοῦτο</strong></span> <span class='ocrx_word' id='word_1_522' title='bbox 2457 1151 2768 1224; x_wconf 75' lang='grc' dir='ltr'><strong>νομιζέτω),</strong></span> <span class='ocrx_word' id='word_1_523' title='bbox 2803 1151 2951 1221; x_wconf 82' lang='grc' dir='ltr'><strong>πάθῃ</strong></span> <span class='ocrx_word' id='word_1_524' title='bbox 2980 1150 3036 1203; x_wconf 83' lang='grc' dir='ltr'><strong>δὲ</strong></span> <span class='ocrx_word' id='word_1_525' title='bbox 3069 1151 3239 1218; x_wconf 81' lang='grc' dir='ltr'><strong>ὅμως,</strong></span> <span class='ocrx_word' id='word_1_526' title='bbox 3286 1148 3382 1201; x_wconf 69' lang='grc' dir='ltr'><strong>καὶ</strong></span> <span class='ocrx_word' id='word_1_527' title='bbox 3405 1163 3535 1215; x_wconf 79' lang='grc' dir='ltr'><strong>γεν-</strong></span> 
     </span>
    </p>
   </div>
   <div class='ocr_carea' id='block_1_72' title="bbox 1943 1238 3532 1316">
    <p class='ocr_par' dir='ltr' id='par_1_72' title="bbox 1943 1238 3532 1316">
     <span class='ocr_line' id='line_1_72' title="bbox 1943 1238 3532 1316; baseline -0.003 -21"><span class='ocrx_word' id='word_1_528' title='bbox 1943 1243 2108 1306; x_wconf 88' lang='grc' dir='ltr'><strong>ναίως</strong></span> <span class='ocrx_word' id='word_1_529' title='bbox 2125 1244 2325 1316; x_wconf 81' lang='grc' dir='ltr'><strong>ἐνέγκῃ</strong></span> <span class='ocrx_word' id='word_1_530' title='bbox 2344 1245 2442 1298; x_wconf 78' lang='grc' dir='ltr'><strong>καὶ</strong></span> <span class='ocrx_word' id='word_1_531' title='bbox 2468 1244 2681 1315; x_wconf 83' lang='grc' dir='ltr'><strong>πράως,</strong></span> <span class='ocrx_word' id='word_1_532' title='bbox 2695 1244 2788 1296; x_wconf 89' lang='grc' dir='ltr'><strong>τὸν</strong></span> <span class='ocrx_word' id='word_1_533' title='bbox 2804 1243 2937 1296; x_wconf 86' lang='grc' dir='ltr'><strong>Θεὸν</strong></span> <span class='ocrx_word' id='word_1_534' title='bbox 2960 1242 3056 1294; x_wconf 74' lang='grc' dir='ltr'><strong>ἐπὶ</strong></span> <span class='ocrx_word' id='word_1_535' title='bbox 3086 1241 3222 1293; x_wconf 80' lang='grc' dir='ltr'><strong>πᾶσι</strong></span> <span class='ocrx_word' id='word_1_536' title='bbox 3247 1239 3488 1307; x_wconf 75' lang='grc' dir='ltr'><strong>δοξάζων</strong></span> <span class='ocrx_word' id='word_1_537' title='bbox 3503 1238 3532 1278; x_wconf 68' lang='grc' dir='ltr'><strong><em>ἀ</em></strong></span> 
     </span>
    </p>
   </div>
   <div class='ocr_carea' id='block_1_73' title="bbox 1945 1326 3531 1404">
    <p class='ocr_par' dir='ltr' id='par_1_73' title="bbox 1945 1326 3531 1404">
     <span class='ocr_line' id='line_1_73' title="bbox 1945 1326 3531 1404; baseline -0.004 -17"><span class='ocrx_word' id='word_1_538' title='bbox 1945 1333 2105 1395; x_wconf 85' lang='grc' dir='ltr'><strong>αὐτὸς</strong></span> <span class='ocrx_word' id='word_1_539' title='bbox 2125 1326 2280 1397; x_wconf 70' lang='grc' dir='ltr'><strong>οὗτος</strong></span> <span class='ocrx_word' id='word_1_540' title='bbox 2304 1333 2405 1385; x_wconf 86' lang='grc' dir='ltr'><strong>οὐκ</strong></span> <span class='ocrx_word' id='word_1_541' title='bbox 2434 1332 2571 1404; x_wconf 72' lang='grc' dir='ltr'><strong>ᾔδει,</strong></span> <span class='ocrx_word' id='word_1_542' title='bbox 2593 1334 2675 1386; x_wconf 85' lang='grc' dir='ltr'><strong>ὅτι</strong></span> <span class='ocrx_word' id='word_1_543' title='bbox 2698 1331 2787 1385; x_wconf 89' lang='grc' dir='ltr'><strong>διά</strong></span> <span class='ocrx_word' id='word_1_544' title='bbox 2810 1332 2903 1384; x_wconf 87' lang='grc' dir='ltr'><strong>τὸν</strong></span> <span class='ocrx_word' id='word_1_545' title='bbox 2922 1330 3054 1383; x_wconf 88' lang='grc' dir='ltr'><strong>Θεὸν</strong></span> <span class='ocrx_word' id='word_1_546' title='bbox 3074 1328 3248 1383; x_wconf 89' lang='grc' dir='ltr'><strong>ταῦτα</strong></span> <span class='ocrx_word' id='word_1_547' title='bbox 3271 1329 3531 1397; x_wconf 70' lang='grc' dir='ltr'><strong>ἔπασχενο</strong></span> 
     </span>
    </p>
   </div>
   <div class='ocr_carea' id='block_1_74' title="bbox 1946 1420 3535 1497">
    <p class='ocr_par' dir='ltr' id='par_1_74' title="bbox 1946 1420 3535 1497">
     <span class='ocr_line' id='line_1_74' title="bbox 1946 1420 3535 1497; baseline -0.004 -18"><span class='ocrx_word' id='word_1_548' title='bbox 1946 1426 2095 1497; x_wconf 77' lang='grc' dir='ltr'><strong>ὅμως</strong></span> <span class='ocrx_word' id='word_1_549' title='bbox 2132 1425 2223 1479; x_wconf 85' lang='grc' dir='ltr'><strong>διά</strong></span> <span class='ocrx_word' id='word_1_550' title='bbox 2271 1424 2429 1478; x_wconf 89' lang='grc' dir='ltr'><strong>τοῦτο</strong></span> <span class='ocrx_word' id='word_1_551' title='bbox 2478 1424 2857 1495; x_wconf 86' lang='grc' dir='ltr'><strong>ἐστεφανοῦτο,</strong></span> <span class='ocrx_word' id='word_1_552' title='bbox 2901 1425 2985 1478; x_wconf 87' lang='grc' dir='ltr'><strong>δτι</strong></span> <span class='ocrx_word' id='word_1_553' title='bbox 3028 1423 3148 1477; x_wconf 79' lang='grc' dir='ltr'><strong>οὐδὲ</strong></span> <span class='ocrx_word' id='word_1_554' title='bbox 3206 1422 3306 1493; x_wconf 79' lang='grc' dir='ltr'><strong>τὴν</strong></span> <span class='ocrx_word' id='word_1_555' title='bbox 3355 1420 3535 1475; x_wconf 73' lang='grc' dir='ltr'><strong>αἰτίαν</strong></span> 
     </span>
    </p>
   </div>
   <div class='ocr_carea' id='block_1_75' title="bbox 1946 1513 3537 1588">
    <p class='ocr_par' dir='ltr' id='par_1_75' title="bbox 1946 1513 3537 1588">
     <span class='ocr_line' id='line_1_75' title="bbox 1946 1513 3537 1588; baseline -0.002 -19"><span class='ocrx_word' id='word_1_556' title='bbox 1946 1517 2309 1588; x_wconf 86' lang='grc' dir='ltr'><strong>ἐπιστάμενος</strong></span> <span class='ocrx_word' id='word_1_557' title='bbox 2356 1517 2647 1588; x_wconf 84' lang='grc' dir='ltr'><strong>ἐκαρτέρει</strong></span> <span class='ocrx_word' id='word_1_558' title='bbox 2684 1517 2970 1586; x_wconf 90' lang='grc' dir='ltr'><strong>γενναίως.</strong></span> <span class='ocrx_word' id='word_1_559' title='bbox 3024 1516 3137 1570; x_wconf 84' lang='grc' dir='ltr'><strong>Καὶ</strong></span> <span class='ocrx_word' id='word_1_560' title='bbox 3189 1516 3219 1568; x_wconf 83' lang='grc' dir='ltr'><strong>ὁ</strong></span> <span class='ocrx_word' id='word_1_561' title='bbox 3286 1513 3537 1584; x_wconf 80' lang='grc' dir='ltr'><strong>Λάζαρος</strong></span> 
     </span>
    </p>
   </div>
   <div class='ocr_carea' id='block_1_76' title="bbox 1945 1600 3539 1681">
    <p class='ocr_par' dir='ltr' id='par_1_76' title="bbox 1945 1600 3539 1681">
     <span class='ocr_line' id='line_1_76' title="bbox 1945 1600 3539 1681; baseline -0.001 -21"><span class='ocrx_word' id='word_1_562' title='bbox 1945 1609 2152 1673; x_wconf 79' lang='grc' dir='ltr'><strong>ἐκεῖνος</strong></span> <span class='ocrx_word' id='word_1_563' title='bbox 2173 1607 2429 1681; x_wconf 76' lang='grc' dir='ltr'><strong>ἀσθενείᾳ</strong></span> <span class='ocrx_word' id='word_1_564' title='bbox 2459 1608 2675 1678; x_wconf 83' lang='grc' dir='ltr'><strong>φύσεως</strong></span> <span class='ocrx_word' id='word_1_565' title='bbox 2701 1606 3017 1681; x_wconf 86' lang='grc' dir='ltr'><strong>περιπεσὼν</strong></span> <span class='ocrx_word' id='word_1_566' title='bbox 3050 1605 3229 1677; x_wconf 88' lang='grc' dir='ltr'><strong>(τοῦτο</strong></span> <span class='ocrx_word' id='word_1_567' title='bbox 3254 1606 3312 1659; x_wconf 76' lang='grc' dir='ltr'><strong>δέ</strong></span> <span class='ocrx_word' id='word_1_568' title='bbox 3342 1604 3443 1658; x_wconf 84' lang='grc' dir='ltr'><strong>οὐκ</strong></span> <span class='ocrx_word' id='word_1_569' title='bbox 3466 1600 3539 1675; x_wconf 82' lang='grc' dir='ltr'><strong>ἦν</strong></span> 
     </span>
    </p>
   </div>
   <div class='ocr_carea' id='block_1_77' title="bbox 1945 1696 3539 1770">
    <p class='ocr_par' dir='ltr' id='par_1_77' title="bbox 1945 1696 3539 1770">
     <span class='ocr_line' id='line_1_77' title="bbox 1945 1696 3539 1770; baseline -0.003 -17"><span class='ocrx_word' id='word_1_570' title='bbox 1945 1697 2117 1770; x_wconf 84' lang='grc' dir='ltr'><strong>δήπου</strong></span> <span class='ocrx_word' id='word_1_571' title='bbox 2139 1699 2228 1753; x_wconf 89' lang='grc' dir='ltr'><strong>διά</strong></span> <span class='ocrx_word' id='word_1_572' title='bbox 2254 1700 2347 1753; x_wconf 88' lang='grc' dir='ltr'><strong>τὸν</strong></span> <span class='ocrx_word' id='word_1_573' title='bbox 2385 1698 2520 1753; x_wconf 87' lang='grc' dir='ltr'><strong>Θεὸν</strong></span> <span class='ocrx_word' id='word_1_574' title='bbox 2567 1699 2806 1767; x_wconf 80' lang='grc' dir='ltr'><strong>παθεῖν),</strong></span> <span class='ocrx_word' id='word_1_575' title='bbox 2838 1698 3027 1769; x_wconf 80' lang='grc' dir='ltr'><strong>ἐπειδὴ</strong></span> <span class='ocrx_word' id='word_1_576' title='bbox 3052 1698 3191 1762; x_wconf 82' lang='grc' dir='ltr'><strong>ὅλως</strong></span> <span class='ocrx_word' id='word_1_577' title='bbox 3224 1696 3417 1762; x_wconf 71' lang='grc' dir='ltr'><strong>ἔπαθε,</strong></span> <span class='ocrx_word' id='word_1_578' title='bbox 3443 1698 3539 1750; x_wconf 77' lang='grc' dir='ltr'><strong>καὶ</strong></span> 
     </span>
    </p>
   </div>
   <div class='ocr_carea' id='block_1_78' title="bbox 1947 1785 3540 1861">
    <p class='ocr_par' dir='ltr' id='par_1_78' title="bbox 1947 1785 3540 1861">
     <span class='ocr_line' id='line_1_78' title="bbox 1947 1785 3540 1861; baseline -0.004 -17"><span class='ocrx_word' id='word_1_579' title='bbox 1947 1791 2312 1861; x_wconf 67' lang='grc' dir='ltr'><strong>ἐκαρτέρησε,</strong></span> <span class='ocrx_word' id='word_1_580' title='bbox 2342 1789 2438 1842; x_wconf 79' lang='grc' dir='ltr'><strong>καὶ</strong></span> <span class='ocrx_word' id='word_1_581' title='bbox 2464 1789 2733 1857; x_wconf 89' lang='grc' dir='ltr'><strong>γενναίως</strong></span> <span class='ocrx_word' id='word_1_582' title='bbox 2764 1789 2967 1859; x_wconf 73' lang='grc' dir='ltr'><strong>ἦνεγκε</strong></span> <span class='ocrx_word' id='word_1_583' title='bbox 3009 1788 3111 1860; x_wconf 78' lang='grc' dir='ltr'><strong>τὴν</strong></span> <span class='ocrx_word' id='word_1_584' title='bbox 3149 1787 3390 1859; x_wconf 88' lang='grc' dir='ltr'><strong>ἐρημίαν</strong></span> <span class='ocrx_word' id='word_1_585' title='bbox 3427 1785 3540 1839; x_wconf 90' lang='grc' dir='ltr'><strong>τῶν</strong></span> 
     </span>
    </p>
   </div>
   <div class='ocr_carea' id='block_1_79' title="bbox 1950 1876 3541 1954">
    <p class='ocr_par' dir='ltr' id='par_1_79' title="bbox 1950 1876 3541 1954">
     <span class='ocr_line' id='line_1_79' title="bbox 1950 1876 3541 1954; baseline -0.005 -19"><span class='ocrx_word' id='word_1_586' title='bbox 1950 1881 2367 1954; x_wconf 87' lang='grc' dir='ltr'><strong>θεραπευόντων</strong></span> <span class='ocrx_word' id='word_1_587' title='bbox 2391 1890 2442 1945; x_wconf 78' lang='grc' dir='ltr'><strong>ο,</strong></span> <span class='ocrx_word' id='word_1_588' title='bbox 2476 1877 2577 1950; x_wconf 82' lang='grc' dir='ltr'><strong>τὴν</strong></span> <span class='ocrx_word' id='word_1_589' title='bbox 2626 1879 2736 1933; x_wconf 83' lang='grc' dir='ltr'><strong>ἀπὸ</strong></span> <span class='ocrx_word' id='word_1_590' title='bbox 2784 1878 2896 1934; x_wconf 88' lang='grc' dir='ltr'><strong>τῶν</strong></span> <span class='ocrx_word' id='word_1_591' title='bbox 2928 1878 3104 1945; x_wconf 74' lang='grc' dir='ltr'><strong>ἑλκῶν</strong></span> <span class='ocrx_word' id='word_1_592' title='bbox 3151 1876 3414 1947; x_wconf 86' lang='grc' dir='ltr'><strong>ἀθυμίαν,</strong></span> <span class='ocrx_word' id='word_1_593' title='bbox 3438 1876 3541 1947; x_wconf 82' lang='grc' dir='ltr'><strong>τὴν</strong></span> 
     </span>
    </p>
   </div>
   <div class='ocr_carea' id='block_1_80' title="bbox 1949 1967 3543 2043">
    <p class='ocr_par' dir='ltr' id='par_1_80' title="bbox 1949 1967 3543 2043">
     <span class='ocr_line' id='line_1_80' title="bbox 1949 1967 3543 2043; baseline -0.004 -16"><span class='ocrx_word' id='word_1_594' title='bbox 1949 1973 2059 2027; x_wconf 86' lang='grc' dir='ltr'><strong>ἀπὸ</strong></span> <span class='ocrx_word' id='word_1_595' title='bbox 2090 1970 2185 2025; x_wconf 88' lang='grc' dir='ltr'><strong>τοῦ</strong></span> <span class='ocrx_word' id='word_1_596' title='bbox 2235 1971 2423 2042; x_wconf 83' lang='grc' dir='ltr'><strong>λιμοῦ,</strong></span> <span class='ocrx_word' id='word_1_597' title='bbox 2462 1969 2564 2041; x_wconf 81' lang='grc' dir='ltr'><strong>τὴν</strong></span> <span class='ocrx_word' id='word_1_598' title='bbox 2608 1970 2718 2025; x_wconf 74' lang='grc' dir='ltr'><strong>ἀπὸ</strong></span> <span class='ocrx_word' id='word_1_599' title='bbox 2749 1971 2849 2041; x_wconf 83' lang='grc' dir='ltr'><strong>τῆς</strong></span> <span class='ocrx_word' id='word_1_600' title='bbox 2887 1968 3194 2043; x_wconf 78' lang='grc' dir='ltr'><strong>ὑπεροψίας</strong></span> <span class='ocrx_word' id='word_1_601' title='bbox 3241 1967 3337 2023; x_wconf 86' lang='grc' dir='ltr'><strong>τοῦ</strong></span> <span class='ocrx_word' id='word_1_602' title='bbox 3383 1968 3543 2021; x_wconf 80' lang='grc' dir='ltr'><strong>πλουο</strong></span> 
     </span>
    </p>
   </div>
   <div class='ocr_carea' id='block_1_81' title="bbox 1951 2056 3544 2131">
    <p class='ocr_par' dir='ltr' id='par_1_81' title="bbox 1951 2056 3544 2131">
     <span class='ocr_line' id='line_1_81' title="bbox 1951 2056 3544 2131; baseline -0.003 -18"><span class='ocrx_word' id='word_1_603' title='bbox 1951 2060 2072 2115; x_wconf 91' lang='grc' dir='ltr'><strong>σίου</strong></span> <span class='ocrx_word' id='word_1_604' title='bbox 2099 2060 2194 2114; x_wconf 70' lang='grc' dir='ltr'><strong>καὶ</strong></span> <span class='ocrx_word' id='word_1_605' title='bbox 2224 2060 2340 2129; x_wconf 85' lang='grc' dir='ltr'><strong>τῆς,</strong></span> <span class='ocrx_word' id='word_1_606' title='bbox 2358 2058 2666 2131; x_wconf 83' lang='grc' dir='ltr'><strong>ὠμότητος,</strong></span> <span class='ocrx_word' id='word_1_607' title='bbox 2694 2056 2852 2113; x_wconf 76' lang='grc' dir='ltr'><strong>οἶσθα</strong></span> <span class='ocrx_word' id='word_1_608' title='bbox 2876 2058 3082 2130; x_wconf 77' lang='grc' dir='ltr'><strong>ἡλίκων</strong></span> <span class='ocrx_word' id='word_1_609' title='bbox 3113 2056 3394 2111; x_wconf 84' lang='grc' dir='ltr'><strong>ἀπέλαυσε</strong></span> <span class='ocrx_word' id='word_1_610' title='bbox 3420 2072 3544 2110; x_wconf 83' lang='grc' dir='ltr'><strong>στε-</strong></span> 
     </span>
    </p>
   </div>
   <div class='ocr_carea' id='block_1_82' title="bbox 1950 2144 3545 2221">
    <p class='ocr_par' dir='ltr' id='par_1_82' title="bbox 1950 2144 3545 2221">
     <span class='ocr_line' id='line_1_82' title="bbox 1950 2144 3545 2221; baseline -0.006 -15"><span class='ocrx_word' id='word_1_611' title='bbox 1950 2152 2155 2221; x_wconf 88' lang='grc' dir='ltr'><strong>φάνων.</strong></span> <span class='ocrx_word' id='word_1_612' title='bbox 2184 2150 2380 2205; x_wconf 80' lang='grc' dir='ltr'><strong>Καίτοι</strong></span> <span class='ocrx_word' id='word_1_613' title='bbox 2416 2165 2484 2218; x_wconf 81' lang='grc' dir='ltr'><strong>γε</strong></span> <span class='ocrx_word' id='word_1_614' title='bbox 2508 2147 2677 2202; x_wconf 81' lang='grc' dir='ltr'><strong>αὑτοῦ</strong></span> <span class='ocrx_word' id='word_1_615' title='bbox 2725 2148 3065 2219; x_wconf 88' lang='grc' dir='ltr'><strong>κατόρθωμα</strong></span> <span class='ocrx_word' id='word_1_616' title='bbox 3108 2147 3262 2201; x_wconf 78' lang='grc' dir='ltr'><strong>οὐδὲν</strong></span> <span class='ocrx_word' id='word_1_617' title='bbox 3306 2144 3545 2216; x_wconf 77' lang='grc' dir='ltr'><strong>εὕρομεν</strong></span> 
     </span>
    </p>
   </div>
   <div class='ocr_carea' id='block_1_83' title="bbox 1950 2235 3543 2312">
    <p class='ocr_par' dir='ltr' id='par_1_83' title="bbox 1950 2235 3543 2312">
     <span class='ocr_line' id='line_1_83' title="bbox 1950 2235 3543 2312; baseline -0.004 -16"><span class='ocrx_word' id='word_1_618' title='bbox 1950 2244 2157 2297; x_wconf 86' lang='grc' dir='ltr'><strong>είπείν·</strong></span> <span class='ocrx_word' id='word_1_619' title='bbox 2187 2243 2288 2312; x_wconf 80' lang='grc' dir='ltr'><strong>οὐχ</strong></span> <span class='ocrx_word' id='word_1_620' title='bbox 2325 2242 2407 2295; x_wconf 83' lang='grc' dir='ltr'><strong>ὅτι</strong></span> <span class='ocrx_word' id='word_1_621' title='bbox 2446 2241 2690 2311; x_wconf 76' lang='grc' dir='ltr'><strong>πένητας</strong></span> <span class='ocrx_word' id='word_1_622' title='bbox 2722 2240 2967 2311; x_wconf 84' lang='grc' dir='ltr'><strong>ἐλέησεν,</strong></span> <span class='ocrx_word' id='word_1_623' title='bbox 2998 2240 3098 2310; x_wconf 83' lang='grc' dir='ltr'><strong>οὐχ</strong></span> <span class='ocrx_word' id='word_1_624' title='bbox 3124 2240 3207 2293; x_wconf 84' lang='grc' dir='ltr'><strong>ὅτι</strong></span> <span class='ocrx_word' id='word_1_625' title='bbox 3247 2235 3543 2307; x_wconf 76' lang='grc' dir='ltr'><strong>ἀδικουμέ-</strong></span> 
     </span>
    </p>
   </div>
   <div class='ocr_carea' id='block_1_84' title="bbox 1951 2328 3542 2404">
    <p class='ocr_par' dir='ltr' id='par_1_84' title="bbox 1951 2328 3542 2404">
     <span class='ocr_line' id='line_1_84' title="bbox 1951 2328 3542 2404; baseline -0.004 -16"><span class='ocrx_word' id='word_1_626' title='bbox 1951 2350 2063 2397; x_wconf 89' lang='grc' dir='ltr'><strong>νοις</strong></span> <span class='ocrx_word' id='word_1_627' title='bbox 2104 2332 2378 2404; x_wconf 84' lang='grc' dir='ltr'><strong>παρέστη,</strong></span> <span class='ocrx_word' id='word_1_628' title='bbox 2404 2332 2505 2402; x_wconf 84' lang='grc' dir='ltr'><strong>οὐχ</strong></span> <span class='ocrx_word' id='word_1_629' title='bbox 2545 2332 2627 2385; x_wconf 84' lang='grc' dir='ltr'><strong>ὅτι</strong></span> <span class='ocrx_word' id='word_1_630' title='bbox 2650 2331 2853 2401; x_wconf 88' lang='grc' dir='ltr'><strong>ἀγαθόν</strong></span> <span class='ocrx_word' id='word_1_631' title='bbox 2876 2349 2928 2385; x_wconf 90' lang='grc' dir='ltr'><strong>τι</strong></span> <span class='ocrx_word' id='word_1_632' title='bbox 2948 2331 3192 2385; x_wconf 88' lang='grc' dir='ltr'><strong>τοιοῦτον</strong></span> <span class='ocrx_word' id='word_1_633' title='bbox 3221 2328 3542 2400; x_wconf 74' lang='grc' dir='ltr'><strong>εἰργάσατο,</strong></span> 
     </span>
    </p>
   </div>
   <div class='ocr_carea' id='block_1_85' title="bbox 1954 2418 3546 2501">
    <p class='ocr_par' dir='ltr' id='par_1_85' title="bbox 1954 2418 3546 2501">
     <span class='ocr_line' id='line_1_85' title="bbox 1954 2418 3546 2501; baseline -0.005 -21"><span class='ocrx_word' id='word_1_634' title='bbox 1954 2424 2089 2480; x_wconf 87' lang='grc' dir='ltr'><strong>ἀλλά</strong></span> <span class='ocrx_word' id='word_1_635' title='bbox 2111 2426 2211 2501; x_wconf 70' lang='grc' dir='ltr'><strong>τὴν</strong></span> <span class='ocrx_word' id='word_1_636' title='bbox 2238 2426 2296 2478; x_wconf 85' lang='grc' dir='ltr'><strong>ἐν</strong></span> <span class='ocrx_word' id='word_1_637' title='bbox 2321 2423 2401 2495; x_wconf 84' lang='grc' dir='ltr'><strong>τῷ</strong></span> <span class='ocrx_word' id='word_1_638' title='bbox 2428 2422 2639 2477; x_wconf 86' lang='grc' dir='ltr'><strong>πυλῶνι</strong></span> <span class='ocrx_word' id='word_1_639' title='bbox 2663 2423 2758 2478; x_wconf 86' lang='grc' dir='ltr'><strong>τοῦ</strong></span> <span class='ocrx_word' id='word_1_640' title='bbox 2785 2423 3047 2477; x_wconf 91' lang='grc' dir='ltr'><strong>πλουσίου</strong></span> <span class='ocrx_word' id='word_1_641' title='bbox 3073 2422 3420 2482; x_wconf 85' lang='grc' dir='ltr'><strong>κατάκλισιν,</strong></span> <span class='ocrx_word' id='word_1_642' title='bbox 3448 2418 3546 2473; x_wconf 73' lang='grc' dir='ltr'><strong>καὶ</strong></span> 
     </span>
    </p>
   </div>
   <div class='ocr_carea' id='block_1_86' title="bbox 1952 2511 3545 2591">
    <p class='ocr_par' dir='ltr' id='par_1_86' title="bbox 1952 2511 3545 2591">
     <span class='ocr_line' id='line_1_86' title="bbox 1952 2511 3545 2591; baseline -0.006 -18"><span class='ocrx_word' id='word_1_643' title='bbox 1952 2520 2050 2591; x_wconf 78' lang='grc' dir='ltr'><strong>τὴν</strong></span> <span class='ocrx_word' id='word_1_644' title='bbox 2073 2517 2409 2591; x_wconf 79' lang='grc' dir='ltr'><strong>ἀρρωστίαν,</strong></span> <span class='ocrx_word' id='word_1_645' title='bbox 2440 2517 2535 2571; x_wconf 72' lang='grc' dir='ltr'><strong>καὶ</strong></span> <span class='ocrx_word' id='word_1_646' title='bbox 2560 2516 2670 2570; x_wconf 91' lang='grc' dir='ltr'><strong>τῶν</strong></span> <span class='ocrx_word' id='word_1_647' title='bbox 2692 2516 2869 2570; x_wconf 86' lang='grc' dir='ltr'><strong>κυνῶν</strong></span> <span class='ocrx_word' id='word_1_648' title='bbox 2892 2515 2991 2579; x_wconf 83' lang='grc' dir='ltr'><strong>τὰς</strong></span> <span class='ocrx_word' id='word_1_649' title='bbox 3023 2514 3294 2584; x_wconf 81' lang='grc' dir='ltr'><strong>γλώττας,</strong></span> <span class='ocrx_word' id='word_1_650' title='bbox 3326 2514 3422 2567; x_wconf 74' lang='grc' dir='ltr'><strong>καὶ</strong></span> <span class='ocrx_word' id='word_1_651' title='bbox 3443 2511 3545 2581; x_wconf 80' lang='grc' dir='ltr'><strong>τὴν</strong></span> 
     </span>
    </p>
   </div>
   <div class='ocr_carea' id='block_1_87' title="bbox 1953 2603 3548 2679">
    <p class='ocr_par' dir='ltr' id='par_1_87' title="bbox 1953 2603 3548 2679">
     <span class='ocr_line' id='line_1_87' title="bbox 1953 2603 3548 2679; baseline -0.006 -14"><span class='ocrx_word' id='word_1_652' title='bbox 1953 2610 2046 2665; x_wconf 88' lang='grc' dir='ltr'><strong>τοῦ</strong></span> <span class='ocrx_word' id='word_1_653' title='bbox 2076 2610 2333 2664; x_wconf 87' lang='grc' dir='ltr'><strong>πλουσίου</strong></span> <span class='ocrx_word' id='word_1_654' title='bbox 2368 2610 2490 2664; x_wconf 85' lang='grc' dir='ltr'><strong>κατ’</strong></span> <span class='ocrx_word' id='word_1_655' title='bbox 2518 2608 2684 2662; x_wconf 84' lang='grc' dir='ltr'><strong>αὑτοῦ</strong></span> <span class='ocrx_word' id='word_1_656' title='bbox 2713 2607 3014 2679; x_wconf 86' lang='grc' dir='ltr'><strong>γενομένην</strong></span> <span class='ocrx_word' id='word_1_657' title='bbox 3041 2605 3361 2677; x_wconf 81' lang='grc' dir='ltr'><strong>ὑπεροψίαν,</strong></span> <span class='ocrx_word' id='word_1_658' title='bbox 3401 2603 3548 2676; x_wconf 76' lang='grc' dir='ltr'><strong>άπερ</strong></span> 
     </span>
    </p>
   </div>
   <div class='ocr_carea' id='block_1_88' title="bbox 1953 2695 3537 2772">
    <p class='ocr_par' dir='ltr' id='par_1_88' title="bbox 1953 2695 3537 2772">
     <span class='ocr_line' id='line_1_88' title="bbox 1953 2695 3537 2772; baseline -0.004 -17"><span class='ocrx_word' id='word_1_659' title='bbox 1953 2701 2047 2755; x_wconf 86' lang='grc' dir='ltr'><strong>τοῦ</strong></span> <span class='ocrx_word' id='word_1_660' title='bbox 2080 2702 2309 2772; x_wconf 88' lang='grc' dir='ltr'><strong>πάσχειν</strong></span> <span class='ocrx_word' id='word_1_661' title='bbox 2351 2701 2538 2765; x_wconf 87' lang='grc' dir='ltr'><strong>κακῶς</strong></span> <span class='ocrx_word' id='word_1_662' title='bbox 2578 2699 2793 2755; x_wconf 72' lang='grc' dir='ltr'><strong>ἅπαντα</strong></span> <span class='ocrx_word' id='word_1_663' title='bbox 2841 2695 2933 2771; x_wconf 83' lang='grc' dir='ltr'><strong>ἦν.</strong></span> <span class='ocrx_word' id='word_1_664' title='bbox 2974 2698 3113 2752; x_wconf 85' lang='grc' dir='ltr'><strong>Ἀλλ’</strong></span> <span class='ocrx_word' id='word_1_665' title='bbox 3158 2698 3310 2768; x_wconf 82' lang='grc' dir='ltr'><strong>ὅμως</strong></span> <span class='ocrx_word' id='word_1_666' title='bbox 3357 2695 3537 2750; x_wconf 89' lang='grc' dir='ltr'><strong>καίτοι</strong></span> 
     </span>
    </p>
   </div>
   <div class='ocr_carea' id='block_1_89' title="bbox 1958 2783 3545 2863">
    <p class='ocr_par' dir='ltr' id='par_1_89' title="bbox 1958 2783 3545 2863">
     <span class='ocr_line' id='line_1_89' title="bbox 1958 2783 3545 2863; baseline -0.004 -19"><span class='ocrx_word' id='word_1_667' title='bbox 1958 2792 2126 2863; x_wconf 79' lang='grc' dir='ltr'><strong>μηδὲν</strong></span> <span class='ocrx_word' id='word_1_668' title='bbox 2148 2793 2396 2859; x_wconf 88' lang='grc' dir='ltr'><strong>γενναῖον</strong></span> <span class='ocrx_word' id='word_1_669' title='bbox 2440 2789 2698 2859; x_wconf 85' lang='grc' dir='ltr'><strong>ποιήσας,</strong></span> <span class='ocrx_word' id='word_1_670' title='bbox 2732 2788 2921 2858; x_wconf 80' lang='grc' dir='ltr'><strong>ἐπειδὴ</strong></span> <span class='ocrx_word' id='word_1_671' title='bbox 2954 2787 3115 2858; x_wconf 89' lang='grc' dir='ltr'><strong>μόνον</strong></span> <span class='ocrx_word' id='word_1_672' title='bbox 3132 2785 3232 2856; x_wconf 79' lang='grc' dir='ltr'><strong>τὴν</strong></span> <span class='ocrx_word' id='word_1_673' title='bbox 3264 2786 3330 2839; x_wconf 88' lang='grc' dir='ltr'><strong>ἐκ</strong></span> <span class='ocrx_word' id='word_1_674' title='bbox 3349 2783 3545 2839; x_wconf 89' lang='grc' dir='ltr'><strong>τούτου</strong></span> 
     </span>
    </p>
   </div>
   <div class='ocr_carea' id='block_1_90' title="bbox 1954 2875 3549 2953">
    <p class='ocr_par' dir='ltr' id='par_1_90' title="bbox 1954 2875 3549 2953">
     <span class='ocr_line' id='line_1_90' title="bbox 1954 2875 3549 2953; baseline -0.003 -18"><span class='ocrx_word' id='word_1_675' title='bbox 1954 2882 2195 2953; x_wconf 87' lang='grc' dir='ltr'><strong>ἀθυμίαν</strong></span> <span class='ocrx_word' id='word_1_676' title='bbox 2212 2882 2413 2953; x_wconf 76' lang='grc' dir='ltr'><strong>ήνεγκε</strong></span> <span class='ocrx_word' id='word_1_677' title='bbox 2442 2880 2729 2948; x_wconf 82' lang='grc' dir='ltr'><strong>γενναίως,</strong></span> <span class='ocrx_word' id='word_1_678' title='bbox 2758 2879 2836 2950; x_wconf 83' lang='grc' dir='ltr'><strong>τῷ</strong></span> <span class='ocrx_word' id='word_1_679' title='bbox 2872 2877 3110 2932; x_wconf 88' lang='grc' dir='ltr'><strong>τοσαῦτα</strong></span> <span class='ocrx_word' id='word_1_680' title='bbox 3156 2875 3549 2947; x_wconf 78' lang='grc' dir='ltr'><strong>κατωρθωκότι</strong></span> 
     </span>
    </p>
   </div>
   <div class='ocr_carea' id='block_1_91' title="bbox 1956 2968 3551 3044">
    <p class='ocr_par' dir='ltr' id='par_1_91' title="bbox 1956 2968 3551 3044">
     <span class='ocr_line' id='line_1_91' title="bbox 1956 2968 3551 3044; baseline -0.001 -17"><span class='ocrx_word' id='word_1_681' title='bbox 1956 2973 2273 3044; x_wconf 80' lang='grc' dir='ltr'><strong>πατριάρχη</strong></span> <span class='ocrx_word' id='word_1_682' title='bbox 2312 2971 2413 3039; x_wconf 83' lang='grc' dir='ltr'><strong>τῆς</strong></span> <span class='ocrx_word' id='word_1_683' title='bbox 2447 2970 2620 3041; x_wconf 80' lang='grc' dir='ltr'><strong>αὐτῆς</strong></span> <span class='ocrx_word' id='word_1_684' title='bbox 2651 2970 2809 3039; x_wconf 78' lang='grc' dir='ltr'><strong>ἔτυχε</strong></span> <span class='ocrx_word' id='word_1_685' title='bbox 2840 2969 3066 3041; x_wconf 79' lang='grc' dir='ltr'><strong>λήξεως.</strong></span> <span class='ocrx_word' id='word_1_686' title='bbox 3104 2970 3258 3023; x_wconf 86' lang='grc' dir='ltr'><strong>Εῐπω</strong></span> <span class='ocrx_word' id='word_1_687' title='bbox 3303 2968 3367 3040; x_wconf 82' lang='grc' dir='ltr'><strong>δὴ</strong></span> <span class='ocrx_word' id='word_1_688' title='bbox 3409 2969 3551 3040; x_wconf 85' lang='grc' dir='ltr'><strong>μετά</strong></span> 
     </span>
    </p>
   </div>
   <div class='ocr_carea' id='block_1_92' title="bbox 1954 3058 3549 3135">
    <p class='ocr_par' dir='ltr' id='par_1_92' title="bbox 1954 3058 3549 3135">
     <span class='ocr_line' id='line_1_92' title="bbox 1954 3058 3549 3135; baseline -0.001 -16"><span class='ocrx_word' id='word_1_689' title='bbox 1954 3063 2114 3119; x_wconf 85' lang='grc' dir='ltr'><strong>τοῦτο</strong></span> <span class='ocrx_word' id='word_1_690' title='bbox 2142 3062 2239 3118; x_wconf 73' lang='grc' dir='ltr'><strong>καὶ</strong></span> <span class='ocrx_word' id='word_1_691' title='bbox 2262 3062 2473 3132; x_wconf 69' lang='grc' dir='ltr'><strong>ἓτερον,</strong></span> <span class='ocrx_word' id='word_1_692' title='bbox 2510 3062 2814 3133; x_wconf 83' lang='grc' dir='ltr'><strong>παράδοξον</strong></span> <span class='ocrx_word' id='word_1_693' title='bbox 2840 3064 2939 3133; x_wconf 82' lang='grc' dir='ltr'><strong>μὲν</strong></span> <span class='ocrx_word' id='word_1_694' title='bbox 2986 3058 3128 3129; x_wconf 72' lang='grc' dir='ltr'><strong>εἶναι</strong></span> <span class='ocrx_word' id='word_1_695' title='bbox 3169 3062 3549 3135; x_wconf 83' lang='grc' dir='ltr'><strong>δοκοῦν,·άλη-</strong></span> 
     </span>
    </p>
   </div>
   <div class='ocr_carea' id='block_1_93' title="bbox 1958 3152 3548 3225">
    <p class='ocr_par' dir='ltr' id='par_1_93' title="bbox 1958 3152 3548 3225">
     <span class='ocr_line' id='line_1_93' title="bbox 1958 3152 3548 3225; baseline 0 -17"><span class='ocrx_word' id='word_1_696' title='bbox 1958 3154 2049 3217; x_wconf 84' lang='grc' dir='ltr'><strong>θὲς</strong></span> <span class='ocrx_word' id='word_1_697' title='bbox 2081 3154 2140 3207; x_wconf 82' lang='grc' dir='ltr'><strong>δέ</strong></span> <span class='ocrx_word' id='word_1_698' title='bbox 2166 3170 2175 3182; x_wconf 61' lang='grc' dir='ltr'><strong>τ</strong></span> <span class='ocrx_word' id='word_1_699' title='bbox 2205 3152 2325 3207; x_wconf 81' lang='grc' dir='ltr'><strong>Κᾶν</strong></span> <span class='ocrx_word' id='word_1_700' title='bbox 2339 3152 2545 3222; x_wconf 89' lang='grc' dir='ltr'><strong>ἀγαθόν</strong></span> <span class='ocrx_word' id='word_1_701' title='bbox 2560 3170 2644 3215; x_wconf 89' lang='grc' dir='ltr'><strong>τις</strong></span> <span class='ocrx_word' id='word_1_702' title='bbox 2667 3153 2971 3225; x_wconf 84' lang='grc' dir='ltr'><strong>ἐργάσηται</strong></span> <span class='ocrx_word' id='word_1_703' title='bbox 3005 3153 3148 3223; x_wconf 86' lang='grc' dir='ltr'><strong>μέγα</strong></span> <span class='ocrx_word' id='word_1_704' title='bbox 3168 3154 3263 3207; x_wconf 73' lang='grc' dir='ltr'><strong>καί</strong></span> <span class='ocrx_word' id='word_1_705' title='bbox 3278 3156 3548 3221; x_wconf 83' lang='grc' dir='ltr'><strong>γενναῖον,</strong></span> 
     </span>
    </p>
   </div>
   <div class='ocr_carea' id='block_1_94' title="bbox 1962 3243 3548 3319">
    <p class='ocr_par' dir='ltr' id='par_1_94' title="bbox 1962 3243 3548 3319">
     <span class='ocr_line' id='line_1_94' title="bbox 1962 3243 3548 3319; baseline 0.001 -19"><span class='ocrx_word' id='word_1_706' title='bbox 1962 3246 2037 3319; x_wconf 82' lang='grc' dir='ltr'><strong>μὴ</strong></span> <span class='ocrx_word' id='word_1_707' title='bbox 2055 3243 2205 3319; x_wconf 81' lang='grc'><strong>[561]</strong></span> <span class='ocrx_word' id='word_1_708' title='bbox 2226 3244 2362 3317; x_wconf 86' lang='grc' dir='ltr'><strong>μετά</strong></span> <span class='ocrx_word' id='word_1_709' title='bbox 2378 3245 2542 3297; x_wconf 89' lang='grc' dir='ltr'><strong>πόνου</strong></span> <span class='ocrx_word' id='word_1_710' title='bbox 2581 3244 2639 3297; x_wconf 82' lang='grc' dir='ltr'><strong>δέ</strong></span> <span class='ocrx_word' id='word_1_711' title='bbox 2669 3246 2764 3297; x_wconf 78' lang='grc' dir='ltr'><strong>καὶ</strong></span> <span class='ocrx_word' id='word_1_712' title='bbox 2790 3244 3037 3301; x_wconf 88' lang='grc' dir='ltr'><strong>κινδύνου</strong></span> <span class='ocrx_word' id='word_1_713' title='bbox 3067 3245 3163 3299; x_wconf 76' lang='grc' dir='ltr'><strong>καὶ</strong></span> <span class='ocrx_word' id='word_1_714' title='bbox 3182 3245 3548 3318; x_wconf 81' lang='grc' dir='ltr'><strong>παθημάτων,</strong></span> 
     </span>
    </p>
   </div>
   <div class='ocr_carea' id='block_1_95' title="bbox 1958 3334 3551 3411">
    <p class='ocr_par' dir='ltr' id='par_1_95' title="bbox 1958 3334 3551 3411">
     <span class='ocr_line' id='line_1_95' title="bbox 1958 3334 3551 3411; baseline 0.002 -19"><span class='ocrx_word' id='word_1_715' title='bbox 1958 3338 2020 3392; x_wconf 83' lang='grc' dir='ltr'><strong>οὐ</strong></span> <span class='ocrx_word' id='word_1_716' title='bbox 2053 3336 2222 3392; x_wconf 89' lang='grc' dir='ltr'><strong>πολύν</strong></span> <span class='ocrx_word' id='word_1_717' title='bbox 2250 3354 2374 3390; x_wconf 90' lang='grc' dir='ltr'><strong>τινα</strong></span> <span class='ocrx_word' id='word_1_718' title='bbox 2402 3335 2635 3406; x_wconf 72' lang='grc' dir='ltr'><strong>λήψεται</strong></span> <span class='ocrx_word' id='word_1_719' title='bbox 2673 3334 2864 3405; x_wconf 87' lang='grc' dir='ltr'><strong>μισθόν</strong></span> <span class='ocrx_word' id='word_1_720' title='bbox 2885 3354 2897 3365; x_wconf 92' lang='grc'><strong>·</strong></span> <span class='ocrx_word' id='word_1_721' title='bbox 2934 3337 3239 3405; x_wconf 75' lang='grc' dir='ltr'><strong>Ἕκαστος</strong></span> <span class='ocrx_word' id='word_1_722' title='bbox 3274 3339 3384 3411; x_wconf 85' lang='grc' dir='ltr'><strong>γάρ</strong></span> <span class='ocrx_word' id='word_1_723' title='bbox 3442 3340 3551 3395; x_wconf 82' lang='grc' dir='ltr'><strong>τὸν</strong></span> 
     </span>
    </p>
   </div>
   <div class='ocr_carea' id='block_1_96' title="bbox 1960 3428 3549 3501">
    <p class='ocr_par' dir='ltr' id='par_1_96' title="bbox 1960 3428 3549 3501">
     <span class='ocr_line' id='line_1_96' title="bbox 1960 3428 3549 3501; baseline 0.002 -17"><span class='ocrx_word' id='word_1_724' title='bbox 1960 3431 2118 3486; x_wconf 85' lang='grc' dir='ltr'><strong>ιδιον</strong></span> <span class='ocrx_word' id='word_1_725' title='bbox 2150 3431 2375 3501; x_wconf 83' lang='grc' dir='ltr'><strong>μισθόν</strong></span> <span class='ocrx_word' id='word_1_726' title='bbox 2406 3428 2672 3498; x_wconf 73' lang='grc' dir='ltr'><strong>λήψεται</strong></span> <span class='ocrx_word' id='word_1_727' title='bbox 2710 3428 2862 3482; x_wconf 85' lang='grc' dir='ltr'><strong>κατά</strong></span> <span class='ocrx_word' id='word_1_728' title='bbox 2904 3430 3013 3483; x_wconf 90' lang='grc' dir='ltr'><strong>τὸν</strong></span> <span class='ocrx_word' id='word_1_729' title='bbox 3050 3430 3207 3483; x_wconf 81' lang='grc' dir='ltr'><strong>ιδιον</strong></span> <span class='ocrx_word' id='word_1_730' title='bbox 3229 3433 3453 3485; x_wconf 75' lang='grc' dir='ltr'><strong>κόπον⁸</strong></span> <span class='ocrx_word' id='word_1_731' title='bbox 3484 3435 3549 3488; x_wconf 84' lang='grc' dir='ltr'><strong>οὐ</strong></span> 
     </span>
    </p>
   </div>
   <div class='ocr_carea' id='block_1_97' title="bbox 1960 3518 3550 3593">
    <p class='ocr_par' dir='ltr' id='par_1_97' title="bbox 1960 3518 3550 3593">
     <span class='ocr_line' id='line_1_97' title="bbox 1960 3518 3550 3593; baseline 0 -15"><span class='ocrx_word' id='word_1_732' title='bbox 1960 3523 2105 3578; x_wconf 85' lang='grc' dir='ltr'><strong>κατά</strong></span> <span class='ocrx_word' id='word_1_733' title='bbox 2133 3522 2196 3576; x_wconf 89' lang='grc' dir='ltr'><strong>τὸ</strong></span> <span class='ocrx_word' id='word_1_734' title='bbox 2232 3521 2463 3593; x_wconf 87' lang='grc' dir='ltr'><strong>μέγεθος</strong></span> <span class='ocrx_word' id='word_1_735' title='bbox 2485 3519 2581 3573; x_wconf 89' lang='grc' dir='ltr'><strong>τοῦ</strong></span> <span class='ocrx_word' id='word_1_736' title='bbox 2625 3518 3077 3593; x_wconf 80' lang='grc' dir='ltr'><strong>κατορθώματος,</strong></span> <span class='ocrx_word' id='word_1_737' title='bbox 3108 3520 3251 3576; x_wconf 87' lang='grc' dir='ltr'><strong>ἀλλὰ</strong></span> <span class='ocrx_word' id='word_1_738' title='bbox 3285 3523 3428 3576; x_wconf 84' lang='grc' dir='ltr'><strong>κατὰ</strong></span> <span class='ocrx_word' id='word_1_739' title='bbox 3454 3524 3550 3579; x_wconf 88' lang='grc' dir='ltr'><strong>τὸν</strong></span> 
     </span>
    </p>
   </div>
   <div class='ocr_carea' id='block_1_98' title="bbox 1961 3611 3553 3684">
    <p class='ocr_par' dir='ltr' id='par_1_98' title="bbox 1961 3611 3553 3684">
     <span class='ocr_line' id='line_1_98' title="bbox 1961 3611 3553 3684; baseline 0 -15"><span class='ocrx_word' id='word_1_740' title='bbox 1961 3616 2124 3684; x_wconf 80' lang='grc' dir='ltr'><strong>δγκον</strong></span> <span class='ocrx_word' id='word_1_741' title='bbox 2173 3613 2267 3666; x_wconf 85' lang='grc' dir='ltr'><strong>τοῦ</strong></span> <span class='ocrx_word' id='word_1_742' title='bbox 2324 3611 2673 3682; x_wconf 78' lang='grc' dir='ltr'><strong>παθήματος.</strong></span> <span class='ocrx_word' id='word_1_743' title='bbox 2722 3611 2822 3665; x_wconf 86' lang='grc' dir='ltr'><strong>Διά</strong></span> <span class='ocrx_word' id='word_1_744' title='bbox 2858 3629 2942 3665; x_wconf 90' lang='grc' dir='ltr'><strong>τοι</strong></span> <span class='ocrx_word' id='word_1_745' title='bbox 2975 3612 3137 3665; x_wconf 90' lang='grc' dir='ltr'><strong>τοῦτο</strong></span> <span class='ocrx_word' id='word_1_746' title='bbox 3188 3615 3285 3668; x_wconf 67' lang='grc' dir='ltr'><strong>καὶ</strong></span> <span class='ocrx_word' id='word_1_747' title='bbox 3338 3616 3553 3682; x_wconf 79' lang='grc' dir='ltr'><strong>Παῦλος</strong></span> 
     </span>
    </p>
   </div>
   <div class='ocr_carea' id='block_1_99' title="bbox 1964 3703 3550 3778">
    <p class='ocr_par' dir='ltr' id='par_1_99' title="bbox 1964 3703 3550 3778">
     <span class='ocr_line' id='line_1_99' title="bbox 1964 3703 3550 3778; baseline 0.001 -17"><span class='ocrx_word' id='word_1_748' title='bbox 1964 3705 2338 3778; x_wconf 89' lang='grc' dir='ltr'><strong>καυχώμενος.</strong></span> <span class='ocrx_word' id='word_1_749' title='bbox 2369 3703 2471 3757; x_wconf 83' lang='grc' dir='ltr'><strong>οὐκ</strong></span> <span class='ocrx_word' id='word_1_750' title='bbox 2501 3705 2595 3756; x_wconf 80' lang='grc' dir='ltr'><strong>ἐπὶ</strong></span> <span class='ocrx_word' id='word_1_751' title='bbox 2620 3703 2698 3774; x_wconf 82' lang='grc' dir='ltr'><strong>τῷ</strong></span> <span class='ocrx_word' id='word_1_752' title='bbox 2728 3704 3073 3775; x_wconf 87' lang='grc' dir='ltr'><strong>κατορθῶσαι</strong></span> <span class='ocrx_word' id='word_1_753' title='bbox 3117 3706 3278 3775; x_wconf 90' lang='grc' dir='ltr'><strong>μόνον</strong></span> <span class='ocrx_word' id='word_1_754' title='bbox 3310 3709 3403 3761; x_wconf 80' lang='grc' dir='ltr'><strong>καὶ</strong></span> <span class='ocrx_word' id='word_1_755' title='bbox 3423 3726 3550 3777; x_wconf 88' lang='grc' dir='ltr'><strong>γεν-</strong></span> 
     </span>
    </p>
   </div>
   <div class='ocr_carea' id='block_1_100' title="bbox 1962 3796 3556 3868">
    <p class='ocr_par' dir='ltr' id='par_1_100' title="bbox 1962 3796 3556 3868">
     <span class='ocr_line' id='line_1_100' title="bbox 1962 3796 3556 3868; baseline 0.003 -16"><span class='ocrx_word' id='word_1_756' title='bbox 1962 3800 2111 3853; x_wconf 80' lang='grc' dir='ltr'><strong>ναῖόν</strong></span> <span class='ocrx_word' id='word_1_757' title='bbox 2140 3815 2194 3850; x_wconf 91' lang='grc' dir='ltr'><strong>τι</strong></span> <span class='ocrx_word' id='word_1_758' title='bbox 2225 3797 2451 3866; x_wconf 83' lang='grc' dir='ltr'><strong>ποιῆσαι</strong></span> <span class='ocrx_word' id='word_1_759' title='bbox 2484 3798 2781 3866; x_wconf 80' lang='grc' dir='ltr'><strong>καυχᾶται,</strong></span> <span class='ocrx_word' id='word_1_760' title='bbox 2828 3796 2966 3850; x_wconf 87' lang='grc' dir='ltr'><strong>ἀλλά</strong></span> <span class='ocrx_word' id='word_1_761' title='bbox 3000 3798 3093 3851; x_wconf 77' lang='grc' dir='ltr'><strong>καὶ</strong></span> <span class='ocrx_word' id='word_1_762' title='bbox 3124 3800 3217 3851; x_wconf 78' lang='grc' dir='ltr'><strong>ἐπὶ</strong></span> <span class='ocrx_word' id='word_1_763' title='bbox 3244 3798 3321 3868; x_wconf 84' lang='grc' dir='ltr'><strong>τῷ</strong></span> <span class='ocrx_word' id='word_1_764' title='bbox 3359 3801 3556 3856; x_wconf 74' lang='grc' dir='ltr'><strong>παθεῖν</strong></span> 
     </span>
    </p>
   </div>
   <div class='ocr_carea' id='block_1_101' title="bbox 1965 3885 3557 3961">
    <p class='ocr_par' dir='ltr' id='par_1_101' title="bbox 1965 3885 3557 3961">
     <span class='ocr_line' id='line_1_101' title="bbox 1965 3885 3557 3961; baseline -0.001 -17"><span class='ocrx_word' id='word_1_765' title='bbox 1965 3888 2172 3952; x_wconf 85' lang='grc' dir='ltr'><strong>κακῶς.</strong></span> <span class='ocrx_word' id='word_1_766' title='bbox 2210 3887 2395 3941; x_wconf 83' lang='grc' dir='ltr'><strong>Εἰπὼν</strong></span> <span class='ocrx_word' id='word_1_767' title='bbox 2423 3885 2553 3957; x_wconf 90' lang='grc' dir='ltr'><strong>γάρ,</strong></span> <span class='ocrx_word' id='word_1_768' title='bbox 2588 3886 2861 3941; x_wconf 82' lang='grc' dir='ltr'><strong>Διάκονοι</strong></span> <span class='ocrx_word' id='word_1_769' title='bbox 2891 3888 3148 3955; x_wconf 80' lang='grc' dir='ltr'><strong>Χριστοῦ</strong></span> <span class='ocrx_word' id='word_1_770' title='bbox 3192 3892 3333 3953; x_wconf 78' lang='grc' dir='ltr'><strong>εἱσι,</strong></span> <span class='ocrx_word' id='word_1_771' title='bbox 3368 3906 3557 3961; x_wconf 67' lang='grc' dir='ltr'><strong>παρα.</strong></span> 
     </span>
    </p>
   </div>
   <div class='ocr_carea' id='block_1_102' title="bbox 1967 3974 3557 4053">
    <p class='ocr_par' dir='ltr' id='par_1_102' title="bbox 1967 3974 3557 4053">
     <span class='ocr_line' id='line_1_102' title="bbox 1967 3974 3557 4053; baseline 0.002 -20"><span class='ocrx_word' id='word_1_772' title='bbox 1967 3978 2207 4050; x_wconf 74' lang='grc' dir='ltr'><strong>φρονῶν</strong></span> <span class='ocrx_word' id='word_1_773' title='bbox 2229 3974 2416 4042; x_wconf 84' lang='grc' dir='ltr'><strong>λαλῶ,</strong></span> <span class='ocrx_word' id='word_1_774' title='bbox 2455 3977 2607 4043; x_wconf 81' lang='grc' dir='ltr'><strong>ὑπὲρ</strong></span> <span class='ocrx_word' id='word_1_775' title='bbox 2629 3976 2778 4053; x_wconf 74' lang='grc' dir='ltr'><strong>ἐγώ·</strong></span> <span class='ocrx_word' id='word_1_776' title='bbox 2814 3978 2905 4029; x_wconf 74' lang='grc' dir='ltr'><strong>καὶ</strong></span> <span class='ocrx_word' id='word_1_777' title='bbox 2948 3977 3046 4047; x_wconf 73' lang='grc' dir='ltr'><strong>την</strong></span> <span class='ocrx_word' id='word_1_778' title='bbox 3090 3978 3231 4031; x_wconf 85' lang='grc' dir='ltr'><strong>κατά</strong></span> <span class='ocrx_word' id='word_1_779' title='bbox 3266 3979 3557 4053; x_wconf 89' lang='grc' dir='ltr'><strong>σύγκρισιν</strong></span> 
     </span>
    </p>
   </div>
   <div class='ocr_carea' id='block_1_103' title="bbox 1968 4064 3559 4142">
    <p class='ocr_par' dir='ltr' id='par_1_103' title="bbox 1968 4064 3559 4142">
     <span class='ocr_line' id='line_1_103' title="bbox 1968 4064 3559 4142; baseline 0.001 -18"><span class='ocrx_word' id='word_1_780' title='bbox 1968 4068 2278 4142; x_wconf 81' lang='grc' dir='ltr'><strong>ὑπερϐολὴν</strong></span> <span class='ocrx_word' id='word_1_781' title='bbox 2334 4069 2576 4138; x_wconf 86' lang='grc' dir='ltr'><strong>ὑφαίνων</strong></span> <span class='ocrx_word' id='word_1_782' title='bbox 2607 4068 2645 4129; x_wconf 68' lang='grc' dir='ltr'><strong>ί,</strong></span> <span class='ocrx_word' id='word_1_783' title='bbox 2681 4070 2781 4121; x_wconf 87' lang='grc' dir='ltr'><strong>οὐκ</strong></span> <span class='ocrx_word' id='word_1_784' title='bbox 2825 4064 2968 4129; x_wconf 81' lang='grc' dir='ltr'><strong>εἷπε,</strong></span> <span class='ocrx_word' id='word_1_785' title='bbox 3020 4070 3212 4133; x_wconf 87' lang='grc' dir='ltr'><strong>Τόσοις</strong></span> <span class='ocrx_word' id='word_1_786' title='bbox 3256 4072 3350 4125; x_wconf 79' lang='grc' dir='ltr'><strong>καὶ</strong></span> <span class='ocrx_word' id='word_1_787' title='bbox 3379 4074 3559 4139; x_wconf 83' lang='grc' dir='ltr'><strong>τόσοις</strong></span> 
     </span>
    </p>
   </div>
   <div class='ocr_carea' id='block_1_104' title="bbox 1968 4160 3556 4234">
    <p class='ocr_par' dir='ltr' id='par_1_104' title="bbox 1968 4160 3556 4234">
     <span class='ocr_line' id='line_1_104' title="bbox 1968 4160 3556 4234; baseline 0.001 -18"><span class='ocrx_word' id='word_1_788' title='bbox 1968 4162 2239 4234; x_wconf 64' lang='grc' dir='ltr'><strong>ἐκήρυξαε</strong></span> <span class='ocrx_word' id='word_1_789' title='bbox 2262 4160 2376 4215; x_wconf 78' lang='grc' dir='ltr'><strong>ἀλλ’</strong></span> <span class='ocrx_word' id='word_1_790' title='bbox 2404 4160 2567 4229; x_wconf 72' lang='grc' dir='ltr'><strong>ἀφεὶς</strong></span> <span class='ocrx_word' id='word_1_791' title='bbox 2595 4160 2739 4231; x_wconf 80' lang='grc' dir='ltr'><strong>ἅπερ</strong></span> <span class='ocrx_word' id='word_1_792' title='bbox 2782 4160 3171 4231; x_wconf 88' lang='grc' dir='ltr'><strong>κατώρθωσεν,</strong></span> <span class='ocrx_word' id='word_1_793' title='bbox 3207 4160 3354 4232; x_wconf 76' lang='grc' dir='ltr'><strong>άπερ</strong></span> <span class='ocrx_word' id='word_1_794' title='bbox 3385 4163 3556 4218; x_wconf 80' lang='grc' dir='ltr'><strong>ἔπαθε</strong></span> 
     </span>
    </p>
   </div>
   <div class='ocr_carea' id='block_1_105' title="bbox 1970 4251 3559 4322">
    <p class='ocr_par' dir='ltr' id='par_1_105' title="bbox 1970 4251 3559 4322">
     <span class='ocr_line' id='line_1_105' title="bbox 1970 4251 3559 4322; baseline -0.001 -13"><span class='ocrx_word' id='word_1_795' title='bbox 1970 4254 2177 4318; x_wconf 90' lang='grc' dir='ltr'><strong>κακῶς,</strong></span> <span class='ocrx_word' id='word_1_796' title='bbox 2205 4252 2383 4307; x_wconf 89' lang='grc' dir='ltr'><strong>ταῦτα</strong></span> <span class='ocrx_word' id='word_1_797' title='bbox 2407 4252 2780 4322; x_wconf 80' lang='grc' dir='ltr'><strong>ἐξαριθμεῖται</strong></span> <span class='ocrx_word' id='word_1_798' title='bbox 2809 4251 2951 4305; x_wconf 77' lang='grc' dir='ltr'><strong>οὕτω</strong></span> <span class='ocrx_word' id='word_1_799' title='bbox 2982 4251 3155 4320; x_wconf 87' lang='grc' dir='ltr'><strong>λέγων</strong></span> <span class='ocrx_word' id='word_1_800' title='bbox 3174 4268 3186 4280; x_wconf 93' lang='grc'><strong>·</strong></span> <span class='ocrx_word' id='word_1_801' title='bbox 3220 4253 3322 4306; x_wconf 83' lang='grc' dir='ltr'><strong>Ἐν</strong></span> <span class='ocrx_word' id='word_1_802' title='bbox 3348 4255 3559 4321; x_wconf 80' lang='grc' dir='ltr'><strong>κόποις</strong></span> 
     </span>
    </p>
   </div>
   <div class='ocr_carea' id='block_1_106' title="bbox 1971 4340 3560 4415">
    <p class='ocr_par' dir='ltr' id='par_1_106' title="bbox 1971 4340 3560 4415">
     <span class='ocr_line' id='line_1_106' title="bbox 1971 4340 3560 4415; baseline -0.005 -15"><span class='ocrx_word' id='word_1_803' title='bbox 1971 4342 2430 4415; x_wconf 81' lang='grc' dir='ltr'><strong>περισσοτέρως,</strong></span> <span class='ocrx_word' id='word_1_804' title='bbox 2482 4343 2552 4395; x_wconf 82' lang='grc' dir='ltr'><strong>ὲν</strong></span> <span class='ocrx_word' id='word_1_805' title='bbox 2598 4340 2858 4409; x_wconf 68' lang='grc' dir='ltr'><strong>πληγαῖς</strong></span> <span class='ocrx_word' id='word_1_806' title='bbox 2915 4343 3440 4409; x_wconf 82' lang='grc' dir='ltr'><strong>ὑπερϐαλλόντως,</strong></span> <span class='ocrx_word' id='word_1_807' title='bbox 3488 4346 3560 4399; x_wconf 73' lang='grc' dir='ltr'><strong>ἐν</strong></span> 
     </span>
    </p>
   </div>
   <div class='ocr_carea' id='block_1_107' title="bbox 1971 4424 3557 4506">
    <p class='ocr_par' dir='ltr' id='par_1_107' title="bbox 1971 4424 3557 4506">
     <span class='ocr_line' id='line_1_107' title="bbox 1971 4424 3557 4506; baseline 0.001 -16"><span class='ocrx_word' id='word_1_808' title='bbox 1971 4424 2274 4506; x_wconf 71' lang='grc' dir='ltr'><strong>φυλακαῖς</strong></span> <span class='ocrx_word' id='word_1_809' title='bbox 2322 4432 2785 4500; x_wconf 84' lang='grc' dir='ltr'><strong>περισσοτέρως,</strong></span> <span class='ocrx_word' id='word_1_810' title='bbox 2827 4431 2898 4485; x_wconf 83' lang='grc' dir='ltr'><strong>ἐν</strong></span> <span class='ocrx_word' id='word_1_811' title='bbox 2931 4431 3208 4498; x_wconf 77' lang='grc' dir='ltr'><strong>θανάτοις</strong></span> <span class='ocrx_word' id='word_1_812' title='bbox 3237 4433 3557 4501; x_wconf 74' lang='grc' dir='ltr'><strong>πολλάκις.</strong></span> 
     </span>
    </p>
   </div>
   <div class='ocr_carea' id='block_1_108' title="bbox 1972 4522 3557 4589">
    <p class='ocr_par' dir='ltr' id='par_1_108' title="bbox 1972 4522 3557 4589">
     <span class='ocr_line' id='line_1_108' title="bbox 1972 4522 3557 4589; baseline -0.001 -8"><span class='ocrx_word' id='word_1_813' title='bbox 1972 4524 2263 4587; x_wconf 83' lang='grc' dir='ltr'><strong>Πεντάκις</strong></span> <span class='ocrx_word' id='word_1_814' title='bbox 2310 4522 2773 4589; x_wconf 83' lang='grc' dir='ltr'><strong>τεσσαράκοντα</strong></span> <span class='ocrx_word' id='word_1_815' title='bbox 2827 4522 2988 4589; x_wconf 86' lang='grc' dir='ltr'><strong>παρά</strong></span> <span class='ocrx_word' id='word_1_816' title='bbox 3038 4522 3188 4589; x_wconf 83' lang='grc' dir='ltr'><strong>μίαν</strong></span> <span class='ocrx_word' id='word_1_817' title='bbox 3238 4523 3355 4577; x_wconf 86' lang='grc' dir='ltr'><strong>ὑπὸ</strong></span> <span class='ocrx_word' id='word_1_818' title='bbox 3406 4524 3557 4579; x_wconf 86' lang='grc' dir='ltr'><strong>Ἰου-</strong></span> 
     </span>
    </p>
   </div>
   <div class='ocr_carea' id='block_1_109' title="bbox 1972 4612 3560 4681">
    <p class='ocr_par' dir='ltr' id='par_1_109' title="bbox 1972 4612 3560 4681">
     <span class='ocr_line' id='line_1_109' title="bbox 1972 4612 3560 4681; baseline -0.002 -9"><span class='ocrx_word' id='word_1_819' title='bbox 1972 4619 2158 4673; x_wconf 80' lang='grc' dir='ltr'><strong>δαίων</strong></span> <span class='ocrx_word' id='word_1_820' title='bbox 2216 4616 2459 4680; x_wconf 79' lang='grc' dir='ltr'><strong>ἕλαϐον,</strong></span> <span class='ocrx_word' id='word_1_821' title='bbox 2517 4613 2647 4680; x_wconf 70' lang='grc' dir='ltr'><strong>τρὶς</strong></span> <span class='ocrx_word' id='word_1_822' title='bbox 2702 4612 3126 4681; x_wconf 79' lang='grc' dir='ltr'><strong>ἐρραϐδίσθην,</strong></span> <span class='ocrx_word' id='word_1_823' title='bbox 3154 4612 3318 4678; x_wconf 78' lang='grc' dir='ltr'><strong>ἅπαξ</strong></span> <span class='ocrx_word' id='word_1_824' title='bbox 3363 4614 3560 4669; x_wconf 82' lang='grc' dir='ltr'><strong>ἐλιθά-</strong></span> 
     </span>
    </p>
   </div>
   <div class='ocr_carea' id='block_1_110' title="bbox 1974 4702 3562 4776">
    <p class='ocr_par' dir='ltr' id='par_1_110' title="bbox 1974 4702 3562 4776">
     <span class='ocr_line' id='line_1_110' title="bbox 1974 4702 3562 4776; baseline -0.002 -14"><span class='ocrx_word' id='word_1_825' title='bbox 1974 4712 2151 4776; x_wconf 88' lang='grc' dir='ltr'><strong>σθην,</strong></span> <span class='ocrx_word' id='word_1_826' title='bbox 2184 4705 2309 4774; x_wconf 80' lang='grc' dir='ltr'><strong>τρίς</strong></span> <span class='ocrx_word' id='word_1_827' title='bbox 2354 4702 2732 4771; x_wconf 71' lang='grc' dir='ltr'><strong>ἐναυάγησα,</strong></span> <span class='ocrx_word' id='word_1_828' title='bbox 2776 4702 3159 4771; x_wconf 78' lang='grc' dir='ltr'><strong>νυχθήμερον</strong></span> <span class='ocrx_word' id='word_1_829' title='bbox 3192 4703 3361 4768; x_wconf 81' lang='grc' dir='ltr'><strong>ἐντῷ</strong></span> <span class='ocrx_word' id='word_1_830' title='bbox 3387 4705 3562 4770; x_wconf 81' lang='grc' dir='ltr'><strong>,βυθῷ</strong></span> 
     </span>
    </p>
   </div>
   <div class='ocr_carea' id='block_1_111' title="bbox 1974 4791 3562 4865">
    <p class='ocr_par' dir='ltr' id='par_1_111' title="bbox 1974 4791 3562 4865">
     <span class='ocr_line' id='line_1_111' title="bbox 1974 4791 3562 4865; baseline -0.003 -13"><span class='ocrx_word' id='word_1_831' title='bbox 1974 4798 2302 4865; x_wconf 73' lang='grc' dir='ltr'><strong>πεποίηκα⁸</strong></span> <span class='ocrx_word' id='word_1_832' title='bbox 2332 4793 2701 4860; x_wconf 80' lang='grc' dir='ltr'><strong>ὁδοιπορίαις</strong></span> <span class='ocrx_word' id='word_1_833' title='bbox 2746 4791 3069 4858; x_wconf 79' lang='grc' dir='ltr'><strong>πολλάκις,</strong></span> <span class='ocrx_word' id='word_1_834' title='bbox 3110 4792 3418 4859; x_wconf 81' lang='grc' dir='ltr'><strong>κινδύνοις</strong></span> <span class='ocrx_word' id='word_1_835' title='bbox 3453 4807 3562 4849; x_wconf 77' lang='grc' dir='ltr'><strong>πο-</strong></span> 
     </span>
    </p>
   </div>
   <div class='ocr_carea' id='block_1_112' title="bbox 1974 4881 3559 4959">
    <p class='ocr_par' dir='ltr' id='par_1_112' title="bbox 1974 4881 3559 4959">
     <span class='ocr_line' id='line_1_112' title="bbox 1974 4881 3559 4959; baseline -0.004 -16"><span class='ocrx_word' id='word_1_836' title='bbox 1974 4887 2198 4959; x_wconf 77' lang='grc' dir='ltr'><strong>ταμῶν,</strong></span> <span class='ocrx_word' id='word_1_837' title='bbox 2234 4885 2543 4949; x_wconf 84' lang='grc' dir='ltr'><strong>κινδύνοις</strong></span> <span class='ocrx_word' id='word_1_838' title='bbox 2568 4881 2838 4952; x_wconf 79' lang='grc' dir='ltr'><strong>λῃστῶν,</strong></span> <span class='ocrx_word' id='word_1_839' title='bbox 2868 4882 3175 4948; x_wconf 82' lang='grc' dir='ltr'><strong>κινδύνοις</strong></span> <span class='ocrx_word' id='word_1_840' title='bbox 3210 4883 3279 4937; x_wconf 82' lang='grc' dir='ltr'><strong>ἐκ</strong></span> <span class='ocrx_word' id='word_1_841' title='bbox 3322 4883 3559 4953; x_wconf 80' lang='grc' dir='ltr'><strong>γένους,</strong></span> 
     </span>
    </p>
   </div>
   <div class='ocr_carea' id='block_1_113' title="bbox 1976 4972 3561 5043">
    <p class='ocr_par' dir='ltr' id='par_1_113' title="bbox 1976 4972 3561 5043">
     <span class='ocr_line' id='line_1_113' title="bbox 1976 4972 3561 5043; baseline -0.003 -9"><span class='ocrx_word' id='word_1_842' title='bbox 1976 4979 2283 5043; x_wconf 82' lang='grc' dir='ltr'><strong>κινδύνοις</strong></span> <span class='ocrx_word' id='word_1_843' title='bbox 2314 4977 2384 5039; x_wconf 77' lang='grc' dir='ltr'><strong>ἐξ</strong></span> <span class='ocrx_word' id='word_1_844' title='bbox 2425 4972 2638 5038; x_wconf 74' lang='grc' dir='ltr'><strong>ἐθνῶν,</strong></span> <span class='ocrx_word' id='word_1_845' title='bbox 2688 4972 2995 5039; x_wconf 87' lang='grc' dir='ltr'><strong>κινδύνοις</strong></span> <span class='ocrx_word' id='word_1_846' title='bbox 3032 4973 3103 5027; x_wconf 81' lang='grc' dir='ltr'><strong>ἐν</strong></span> <span class='ocrx_word' id='word_1_847' title='bbox 3132 4974 3325 5036; x_wconf 87' lang='grc' dir='ltr'><strong>πόλει,</strong></span> <span class='ocrx_word' id='word_1_848' title='bbox 3355 4973 3561 5029; x_wconf 75' lang='grc' dir='ltr'><strong>κινδύ-</strong></span> 
     </span>
    </p>
   </div>
   <div class='ocr_carea' id='block_1_114' title="bbox 1975 5063 3554 5136">
    <p class='ocr_par' dir='ltr' id='par_1_114' title="bbox 1975 5063 3554 5136">
     <span class='ocr_line' id='line_1_114' title="bbox 1975 5063 3554 5136; baseline -0.003 -12"><span class='ocrx_word' id='word_1_849' title='bbox 1975 5088 2105 5134; x_wconf 86' lang='grc' dir='ltr'><strong>νοις</strong></span> <span class='ocrx_word' id='word_1_850' title='bbox 2138 5068 2206 5122; x_wconf 82' lang='grc' dir='ltr'><strong>ὲν</strong></span> <span class='ocrx_word' id='word_1_851' title='bbox 2234 5066 2467 5136; x_wconf 81' lang='grc' dir='ltr'><strong>ἐρημίᾳ,</strong></span> <span class='ocrx_word' id='word_1_852' title='bbox 2510 5064 2819 5130; x_wconf 82' lang='grc' dir='ltr'><strong>κινδύνοις</strong></span> <span class='ocrx_word' id='word_1_853' title='bbox 2868 5064 2940 5117; x_wconf 84' lang='grc' dir='ltr'><strong>ἐν</strong></span> <span class='ocrx_word' id='word_1_854' title='bbox 2989 5065 3300 5133; x_wconf 78' lang='grc' dir='ltr'><strong>θαλάσσῃ,</strong></span> <span class='ocrx_word' id='word_1_855' title='bbox 3351 5063 3554 5119; x_wconf 71' lang='grc' dir='ltr'><strong>κινδύο</strong></span> 
     </span>
    </p>
   </div>
   <div class='ocr_carea' id='block_1_115' title="bbox 1975 5155 3565 5226">
    <p class='ocr_par' dir='ltr' id='par_1_115' title="bbox 1975 5155 3565 5226">
     <span class='ocr_line' id='line_1_115' title="bbox 1975 5155 3565 5226; baseline -0.002 -13"><span class='ocrx_word' id='word_1_856' title='bbox 1975 5178 2104 5226; x_wconf 91' lang='grc' dir='ltr'><strong>νοις</strong></span> <span class='ocrx_word' id='word_1_857' title='bbox 2154 5160 2224 5212; x_wconf 84' lang='grc' dir='ltr'><strong>ἐν</strong></span> <span class='ocrx_word' id='word_1_858' title='bbox 2274 5156 2757 5226; x_wconf 66' lang='grc' dir='ltr'><strong>ψευδαδέλφοις*</strong></span> <span class='ocrx_word' id='word_1_859' title='bbox 2815 5155 2885 5208; x_wconf 82' lang='grc' dir='ltr'><strong>ἑν</strong></span> <span class='ocrx_word' id='word_1_860' title='bbox 2940 5155 3565 5224; x_wconf 72' lang='grc' dir='ltr'><strong>κόπφ,ὲνμόχθφ,έν</strong></span> 
     </span>
    </p>
   </div>
   <div class='ocr_carea' id='block_1_116' title="bbox 1976 5245 3564 5321">
    <p class='ocr_par' dir='ltr' id='par_1_116' title="bbox 1976 5245 3564 5321">
     <span class='ocr_line' id='line_1_116' title="bbox 1976 5245 3564 5321; baseline -0.003 -15"><span class='ocrx_word' id='word_1_861' title='bbox 1976 5250 2340 5321; x_wconf 82' lang='grc' dir='ltr'><strong>ἀγρυπνίαις</strong></span> <span class='ocrx_word' id='word_1_862' title='bbox 2397 5246 2724 5317; x_wconf 76' lang='grc' dir='ltr'><strong>πολλάκις,</strong></span> <span class='ocrx_word' id='word_1_863' title='bbox 2779 5248 2848 5300; x_wconf 87' lang='grc' dir='ltr'><strong>ὲν</strong></span> <span class='ocrx_word' id='word_1_864' title='bbox 2899 5246 3055 5316; x_wconf 79' lang='grc' dir='ltr'><strong>λιμῷ</strong></span> <span class='ocrx_word' id='word_1_865' title='bbox 3108 5246 3207 5299; x_wconf 77' lang='grc' dir='ltr'><strong>καὶ</strong></span> <span class='ocrx_word' id='word_1_866' title='bbox 3255 5245 3420 5315; x_wconf 77' lang='grc' dir='ltr'><strong>δίψει</strong></span> <span class='ocrx_word' id='word_1_867' title='bbox 3463 5246 3564 5301; x_wconf 72' lang='grc' dir='ltr'><strong>καί</strong></span> 
     </span>
    </p>
   </div>
   <div class='ocr_carea' id='block_1_117' title="bbox 1977 5336 3564 5411">
    <p class='ocr_par' dir='ltr' id='par_1_117' title="bbox 1977 5336 3564 5411">
     <span class='ocr_line' id='line_1_117' title="bbox 1977 5336 3564 5411; baseline -0.001 -17"><span class='ocrx_word' id='word_1_868' title='bbox 1977 5341 2335 5411; x_wconf 73' lang='grc' dir='ltr'><strong>γυμνότητιο</strong></span> <span class='ocrx_word' id='word_1_869' title='bbox 2368 5338 2547 5405; x_wconf 81' lang='grc' dir='ltr'><strong>χωρίς</strong></span> <span class='ocrx_word' id='word_1_870' title='bbox 2574 5337 2695 5392; x_wconf 85' lang='grc' dir='ltr'><strong>τῶν</strong></span> <span class='ocrx_word' id='word_1_871' title='bbox 2733 5336 3031 5406; x_wconf 85' lang='grc' dir='ltr'><strong>παρεκτὸς</strong></span> <span class='ocrx_word' id='word_1_872' title='bbox 3074 5338 3113 5405; x_wconf 76' lang='grc' dir='ltr'><strong><em>ἠ</em></strong></span> <span class='ocrx_word' id='word_1_873' title='bbox 3156 5337 3564 5406; x_wconf 80' lang='grc' dir='ltr'><strong>ἐπισύστιισίς</strong></span> 
     </span>
    </p>
   </div>
   <div class='ocr_carea' id='block_1_118' title="bbox 1973 5428 2585 5501">
    <p class='ocr_par' dir='ltr' id='par_1_118' title="bbox 1973 5428 2585 5501">
     <span class='ocr_line' id='line_1_118' title="bbox 1973 5428 2585 5501; baseline -0.003 -16"><span class='ocrx_word' id='word_1_874' title='bbox 1973 5449 2093 5501; x_wconf 78' lang='grc' dir='ltr'><strong>μου</strong></span> <span class='ocrx_word' id='word_1_875' title='bbox 2118 5430 2155 5496; x_wconf 76' lang='grc' dir='ltr'><em>ὴ</em></span> <span class='ocrx_word' id='word_1_876' title='bbox 2182 5430 2311 5483; x_wconf 84' lang='grc' dir='ltr'><strong>καθ’</strong></span> <span class='ocrx_word' id='word_1_877' title='bbox 2333 5428 2585 5496; x_wconf 79' lang='grc' dir='ltr'><strong>ἡμέραν.</strong></span> 
     </span>
    </p>
   </div>
   <div class='ocr_carea' id='block_1_119' title="bbox 2041 5626 3565 5692">
    <p class='ocr_par' dir='ltr' id='par_1_119' title="bbox 2041 5626 3565 5692">
     <span class='ocr_line' id='line_1_119' title="bbox 2041 5626 3565 5692; baseline 0 -13"><span class='ocrx_word' id='word_1_878' title='bbox 2041 5630 2065 5669; x_wconf 70' lang='grc' dir='ltr'>ἀ</span> <span class='ocrx_word' id='word_1_879' title='bbox 2094 5631 2211 5679; x_wconf 73' lang='lat' dir='ltr'><strong>Post</strong></span> <span class='ocrx_word' id='word_1_880' title='bbox 2248 5629 2451 5692; x_wconf 80' lang='grc' dir='ltr'><strong>δοξάζων</strong></span> <span class='ocrx_word' id='word_1_881' title='bbox 2481 5626 2845 5692; x_wconf 26' lang='grc' dir='ltr'><strong>λὲογίιλξιόιιίιρ</strong></span> <span class='ocrx_word' id='word_1_882' title='bbox 2892 5628 3107 5692; x_wconf 78' lang='grc' dir='ltr'><strong>μεγάλων</strong></span> <span class='ocrx_word' id='word_1_883' title='bbox 3133 5631 3239 5692; x_wconf 6' lang='grc' dir='ltr'><strong>,τῶν</strong></span> <span class='ocrx_word' id='word_1_884' title='bbox 3261 5628 3565 5692; x_wconf 75' lang='grc' dir='ltr'><strong>ἀναρῥήσιων</strong></span> 
     </span>
    </p>
   </div>
   <div class='ocr_carea' id='block_1_120' title="bbox 1982 5688 3219 5755">
    <p class='ocr_par' dir='ltr' id='par_1_120' title="bbox 1982 5688 3219 5755">
     <span class='ocr_line' id='line_1_120' title="bbox 1982 5688 3219 5755; baseline -0.004 -14"><span class='ocrx_word' id='word_1_885' title='bbox 1982 5694 2214 5755; x_wconf 78' lang='grc' dir='ltr'><strong>τυγχάνει’</strong></span> <span class='ocrx_word' id='word_1_886' title='bbox 2242 5691 2342 5755; x_wconf 79' lang='grc' dir='ltr'><strong>ἐπεὶ</strong></span> <span class='ocrx_word' id='word_1_887' title='bbox 2367 5691 2451 5736; x_wconf 80' lang='grc' dir='ltr'><strong>καὶ</strong></span> <span class='ocrx_word' id='word_1_888' title='bbox 2480 5688 2604 5738; x_wconf 80' lang='grc' dir='ltr'><strong>Ἰώὸ.</strong></span> <span class='ocrx_word' id='word_1_889' title='bbox 2635 5688 2741 5755; x_wconf 56' lang='grc' dir='ltr'><strong>ῌοκ</strong></span> <span class='ocrx_word' id='word_1_890' title='bbox 2771 5690 2835 5736; x_wconf 88' lang='lat' dir='ltr'><strong>id.</strong></span> <span class='ocrx_word' id='word_1_891' title='bbox 2864 5690 2945 5755; x_wconf 76' lang='grc' dir='ltr'><strong>καὶ</strong></span> <span class='ocrx_word' id='word_1_892' title='bbox 2974 5691 3102 5755; x_wconf 70' lang='grc' dir='ltr'><strong>δμως</strong></span> <span class='ocrx_word' id='word_1_893' title='bbox 3127 5690 3219 5736; x_wconf 83' lang='grc' dir='ltr'><strong>διά.</strong></span> 
     </span>
    </p>
   </div>
   <div class='ocr_carea' id='block_1_121' title="bbox 2049 5751 3374 5813">
    <p class='ocr_par' dir='ltr' id='par_1_121' title="bbox 2049 5751 3374 5813">
     <span class='ocr_line' id='line_1_121' title="bbox 2049 5751 3374 5813; baseline -0.005 -13"><span class='ocrx_word' id='word_1_894' title='bbox 2049 5751 2448 5813; x_wconf 47' lang='grc' dir='ltr'><strong>ἔνθα-ρωπος,</strong></span> <span class='ocrx_word' id='word_1_895' title='bbox 2483 5759 2611 5798; x_wconf 81' lang='lat' dir='ltr'><strong>Lesle</strong></span> <span class='ocrx_word' id='word_1_896' title='bbox 2634 5751 2835 5813; x_wconf 70' lang='lat' dir='ltr'><strong>Ducam,</strong></span> <span class='ocrx_word' id='word_1_897' title='bbox 2859 5752 2954 5813; x_wconf 71' lang='grc' dir='ltr'><strong>τῶν</strong></span> <span class='ocrx_word' id='word_1_898' title='bbox 2977 5752 3374 5813; x_wconf 65' lang='grc' dir='ltr'><strong>Θεραπευσόειτων.</strong></span> 
     </span>
    </p>
   </div>
   <div class='ocr_carea' id='block_1_122' title="bbox 2054 5810 3566 5874">
    <p class='ocr_par' dir='ltr' id='par_1_122' title="bbox 2054 5810 3566 5874">
     <span class='ocr_line' id='line_1_122' title="bbox 2054 5810 3566 5874; baseline -0.003 -10"><span class='ocrx_word' id='word_1_899' title='bbox 2054 5812 2072 5854; x_wconf 70' lang='grc' dir='ltr'><strong>ί</strong></span> <span class='ocrx_word' id='word_1_900' title='bbox 2103 5813 2209 5863; x_wconf 84' lang='lat' dir='ltr'><strong>Duo</strong></span> <span class='ocrx_word' id='word_1_901' title='bbox 2230 5826 2344 5862; x_wconf 79' lang='lat' dir='ltr'><strong>mss.</strong></span> <span class='ocrx_word' id='word_1_902' title='bbox 2366 5813 2602 5874; x_wconf 61' lang='grc' dir='ltr'><strong>ὑπερογῆν</strong></span> <span class='ocrx_word' id='word_1_903' title='bbox 2627 5811 2878 5873; x_wconf 68' lang='grc' dir='ltr'><strong>ἓμῖαίνων.</strong></span> <span class='ocrx_word' id='word_1_904' title='bbox 2908 5810 3037 5863; x_wconf 45' lang='lat' dir='ltr'><strong>Ed“;</strong></span> <span class='ocrx_word' id='word_1_905' title='bbox 3061 5813 3323 5872; x_wconf 67' lang='grc' dir='ltr'><strong>ὑπερϐολήν</strong></span> <span class='ocrx_word' id='word_1_906' title='bbox 3338 5810 3566 5860; x_wconf 63' lang='grc' dir='ltr'><strong>ύεαῖνοινο</strong></span> 
     </span>
    </p>
   </div>
  </div>
