4172 6538
289 585 344 642 9.
372 578 602 636 Videsne
627 575 1027 647 perpessionum
1052 569 1264 630 seriem,
1295 577 1356 618 ac
1377 557 1636 633 gloriandi
1660 571 1808 612 occa-

223 669 450 728 siones?
497 668 623 723 Mox
664 674 839 721 autern
886 677 1005 732 qua)
1051 659 1212 713 etiam
1260 654 1514 724 praeclare
1559 651 1808 716 gesserit,

224 763 495 832 subiungit
519 779 533 814 :
563 769 724 830 atque
749 757 801 812 in
832 755 894 809 iis
920 767 1126 808 rursum
1153 746 1524 820 perpessiones
1550 739 1811 810 majorem

226 859 355 921 sibi,
399 871 561 926 tutam
605 869 694 908 res
737 851 991 922 prmclare
1037 857 1234 917 gestte,
1284 850 1488 914 partem
1521 839 1810 894 vindicant.

227 945 355 1002 Nam
385 963 509 1000 cum
534 945 792 1007 dixisset,
821 940 1074 994 Instantia
1110 953 1220 990 mea
1247 932 1545 1005 quotidiana
1563 971 1578 995 ,
1610 927 1817 982 scilicet

227 1038 496 1094 caminum
537 1034 883 1090 abductinnes
907 1072 922 1096 ,
965 1028 1220 1084 tumultus
1243 1066 1258 1092 ,
1303 1033 1462 1092 atque
1486 1019 1817 1076 calamitates

227 1134 376 1198 (nam
406 1127 509 1181 hoc
532 1124 792 1196 signiticet
821 1118 1160 1185 διιισύστιιωις).
1189 1113 1480 1183 subiunxit,
1510 1107 1817 1198 Sollicitudo

229 1197 456 1274 omnium
485 1215 824 1270 Ecclesiarum
852 1210 960 1282 (Ib.
984 1226 1011 1262 r
1054 1207 1170 1278 28).
1199 1205 1316 1260 Non
1340 1203 1492 1265 dixit,
1523 1197 1816 1265 Correetio,

230 1309 322 1364 sed
351 1307 682 1367 Sollicitudo.
711 1318 830 1374 quae
857 1301 925 1356 ad
951 1299 1346 1370 perpessionem
1375 1294 1543 1364 magis
1568 1305 1731 1360 quam
1752 1287 1820 1342 ad

232 1411 318 1453 res
344 1413 413 1452 ex
438 1397 633 1451 virtute
661 1403 836 1464 gestas
866 1391 1110 1460 pertinet.
1145 1388 1214 1443 Et
1250 1402 1369 1458 qua:
1409 1391 1705 1454 sequuntur
1731 1394 1824 1435 eo-

232 1489 355 1542 dem
389 1486 552 1541 modo
583 1503 597 1539 :
625 1486 767 1551 Quis,
804 1483 991 1552 inquit,
1013 1480 1324 1548 inﬁrmatur,
1354 1484 1399 1534 et
1422 1490 1514 1546 ego
1542 1489 1643 1527 non
1672 1471 1823 1539 infir-

235 1596 346 1634 mor
366 1580 392 1633 2
418 1577 536 1632 Non
567 1577 737 1641 dixit,
779 1573 1001 1642 Corrigo
1026 1581 1081 1627 et
1106 1569 1326 1625 medeor
1353 1584 1368 1622 :
1397 1566 1511 1629 sed,
1543 1563 1789 1631 Inﬁrmor
1807 1592 1824 1613 .

237 1684 299 1723 ac
328 1683 543 1724 rursum
576 1684 590 1721 :
622 1665 744 1730 Quis
771 1664 1164 1725 scandalizatur,
1199 1669 1247 1714 et
1273 1675 1363 1728 ego
1390 1674 1490 1710 non
1517 1671 1637 1709 uror
1665 1652 1824 1724 (Ibid.

239 1777 286 1815 ν.
307 1758 401 1828 29)
425 1757 449 1810 ‘l
477 1757 590 1811 Non
622 1756 775 1817 dixit.
807 1754 942 1809 Eum
973 1750 1224 1808 seandalo
1253 1748 1468 1804 liberavi
1501 1763 1514 1798 :
1547 1744 1640 1800 sed
1661 1784 1674 1807 ,
1702 1743 1830 1797 Mte-

243 1851 377 1906 roris
425 1848 695 1918 particeps
743 1845 837 1900 lui.
870 1845 1063 1899 Postea
1091 1841 1380 1897 ostendens
1409 1839 1505 1891 ista
1535 1835 1829 1906 praesertim

244 1939 492 1998 mercede
516 1939 724 2004 donari,
745 1939 855 1991 ait:
889 1935 950 1991 Si
975 1934 1180 2005 gloriari
1206 1941 1423 2000 oportet,
1453 1929 1506 1982 in
1528 1928 1591 1980 iis
1617 1941 1732 1996 qua
1753 1926 1835 1977 in-

247 2035 502 2099 ﬁrmitatis
528 2046 650 2085 mea
678 2038 815 2095 sunt,
845 2026 1102 2098 gloriabor
1129 2022 1255 2095 (Ib.
1281 2038 1329 2077 υ.
1353 2021 1423 2076 '50
1445 2018 1486 2092 ).
1519 2020 1595 2072 Ac
1622 2030 1832 2071 rursum

247 2125 389 2179 aliud
419 2123 663 2192 ejusdem
689 2120 900 2191 generis
921 2115 1208 2180 subnectit,
1237 2113 1488 2168 nimirum
1515 2108 1691 2179 fugam
1718 2123 1837 2162 eam

247 2232 405 2285 qnam
440 2231 535 2284 per
566 2214 851 2267 fenestram
883 2221 937 2263 et
962 2215 1198 2276 sportam
1223 2219 1286 2259 ac
1309 2217 1518 2258 murum
1545 2199 1836 2268 corripuit:

251 2307 352 2361 hoc
385 2321 548 2376 porro
592 2319 656 2359 ex
703 2301 1103 2373 perpessionum
1152 2311 1348 2369 genere
1392 2302 1528 2350 erat.
1579 2292 1638 2348 Si
1683 2289 1841 2361 igitur

251 2410 506 2451 :erumnae
538 2408 727 2464 magna
769 2390 1016 2446 mercede
1048 2388 1347 2449 donantur,
1377 2394 1844 2450 aerumnarumque

251 2487 564 2559 gravissima
607 2497 690 2540 est
730 2498 950 2548 mceror,
993 2481 1166 2552 cogita
1209 2488 1406 2549 quanta
1447 2476 1556 2532 sint
1597 2473 1845 2530 maeroris

256 2579 499 2648 praemia.
551 2575 731 2646 Neque
775 2574 916 2629 enim
961 2572 1096 2627 hanc
1142 2570 1237 2625 tibi
1283 2568 1600 2625 cantilenam
1651 2579 1847 2621 canere

257 2668 500 2722 desinam
533 2684 546 2721 :
579 2674 670 2731 ut,
709 2663 854 2736 quod
897 2663 1045 2718 initio
1085 2660 1350 2733 pollicitus
1377 2673 1495 2714 sum
1516 2699 1532 2724 ,
1566 2657 1667 2712 hoc
1707 2668 1848 2710 nunc

260 2769 510 2828 prmstem
530 2799 545 2822 ,
575 2771 768 2826 nempe
793 2763 852 2809 nt
873 2753 942 2808 ab
967 2753 1192 2825 ipsamct
1218 2749 1468 2805 mmstitia
1493 2747 1729 2803 rationes
1755 2760 1850 2802 eas

263 2864 464 2917 texam,
491 2867 613 2922 qua:
644 2851 735 2905 tibi
766 2848 1035 2904 maestitiae
1065 2844 1480 2900 consolationem
1507 2841 1730 2912 pariant.

335 2946 547 3013 Aliquid
579 2943 809 3008 praeclari
837 2955 986 3012 agere
1013 2955 1128 2993 cum
1157 2937 1472 3008 pcrpcssione
1495 2935 1668 3002 aliqua
1693 2932 1852 2987 multo

267 3040 433 3108 majus
460 3049 536 3092 est
561 3052 713 3106 quam
738 3036 845 3090 sine
872 3032 1040 3087 labore
1063 3033 1196 3085 idem
1227 3040 1486 3100 pra'stare.
1507 3055 1578 3068 -—
1597 3027 1773 3095 Atque
1796 3034 1856 3079 ιιι

267 3131 484 3186 aliunde
520 3129 695 3184 discas
722 3137 916 3199 quanta
952 3139 1041 3180 res
1078 3122 1182 3189 sit,
1211 3136 1330 3176 cum
1363 3119 1484 3174 mali
1514 3119 1857 3189 perpessione

272 3223 468 3295 aliquid
501 3220 743 3292 praeclari
786 3234 979 3290 agere,
1023 3225 1077 3272 et
1121 3223 1316 3287 quanto
1363 3213 1586 3268 inferius
1631 3212 1700 3267 sit
1740 3211 1858 3267 sine

271 3317 455 3373 labore
479 3315 532 3371 id
571 3316 744 3383 ipsum
775 3319 1065 3382 prestare,
1097 3306 1420 3380 Babylonius
1458 3305 1546 3361 ille
1574 3301 1858 3367 Nabucho-

272 3411 508 3465 donosor
527 3449 542 3471 ,
588 3407 641 3462 in
671 3404 897 3474 sceptris
924 3417 988 3458 ac
1014 3399 1404 3458 diadematibus
1431 3398 1616 3453 vivens
1633 3438 1652 3463 ,
1693 3409 1859 3452 evan-

273 3501 446 3572 gelico
490 3498 756 3570 quondam
808 3508 1028 3550 munere
1079 3495 1289 3546 functus
1332 3499 1433 3544 est.
1486 3488 1697 3543 Etenim
1743 3494 1865 3556 post

275 3591 507 3647 fornacis
550 3589 823 3642 historiam
850 3600 914 3641 ac
939 3582 1250 3638 miraculum
1278 3579 1378 3635 hoc
1407 3579 1644 3633 muneris
1676 3591 1859 3631 susce-

277 3686 392 3755 pit,
444 3693 502 3737 ut
543 3683 792 3736 universo
837 3677 954 3733 orbi
999 3674 1428 3731 concionatorem
1471 3685 1530 3726 se
1580 3669 1864 3739 praeberet.

277 3791 384 3831 non
428 3789 526 3846 per
568 3772 801 3843 linguam
844 3767 1043 3831 modo,
1087 3765 1182 3820 sed
1209 3765 1368 3820 etiam
1414 3777 1508 3833 per
1550 3761 1771 3826 literas,
1813 3760 1865 3813 in

278 3881 470 3920 omnes
497 3875 655 3919 terra:
683 3869 863 3932 partes
887 3859 954 3915 ad
980 3858 1124 3912 hunc
1148 3855 1363 3910 modum
1389 3854 1666 3910 scribens:
1695 3850 1871 3906 Nabu-

278 3956 600 4012 chodonosor
626 3970 715 4007 rea:
743 3952 972 4007 cautibus
1018 3946 1220 4020 populis
1243 3987 1260 4014 ,
1307 3947 1532 4000 tribubus
1573 3955 1619 3997 et
1661 3943 1868 4014 linguis,

279 4048 366 4119 qui
397 4046 628 4100 habitant
653 4045 704 4097 in
730 4042 962 4097 universa
989 4049 1127 4093 terra
1145 4078 1161 4104 ,
1194 4053 1298 4105 pas:
1324 4037 1461 4090 vobis
1487 4035 1869 4103 multiplicetur.

283 4138 449 4209 Signa
497 4146 544 4190 et
585 4135 817 4205 prodigia
857 4146 970 4202 qua:
993 4129 1132 4184 Deus
1171 4129 1395 4182 excelsus
1433 4127 1572 4196 apud
1613 4143 1693 4180 me
1733 4125 1872 4196 fecit,

284 4229 481 4297 placuit
507 4225 812 4280 annuntiare
852 4223 1008 4277 vobis.
1053 4219 1245 4291 Magna
1278 4220 1410 4272 enim
1453 4229 1567 4272 sunt
1608 4229 1655 4272 et
1685 4218 1876 4287 fortia:

285 4335 506 4390 regnum
531 4318 642 4387 ejus
671 4331 880 4386 regnum
924 4313 1296 4381 sempiternum,
1343 4319 1390 4365 et
1429 4318 1644 4378 potestas
1688 4309 1797 4380 ejus
1825 4309 1878 4363 in

285 4408 661 4481 generationem
709 4414 757 4459 et
799 4404 1169 4475 generationem
1214 4399 1392 4470 (Dan.
1422 4401 1475 4455 3.
1503 4396 1775 4467 98400).
1816 4397 1883 4452 Et

286 4500 466 4556 edicto
509 4496 725 4558 sanxit,
773 4503 832 4549 ut
869 4493 1043 4548 omnis
1073 4491 1337 4563 populus,
1370 4489 1538 4544 tribus
1580 4499 1637 4543 et
1679 4487 1880 4557 lingua,

290 4606 412 4662 quae
454 4589 674 4658 loquuta
703 4586 864 4641 fuerit
889 4596 1074 4640 contra
1107 4585 1273 4638 Deum
1315 4581 1537 4638 Sidrach
1557 4621 1573 4648 ,
1602 4579 1801 4635 Misach
1830 4588 1885 4635 et

290 4681 610 4749 Abdenago,
638 4677 943 4745 dispereat,
971 4685 1024 4730 et
1048 4674 1239 4729 domus
1264 4672 1380 4744 ejus
1421 4672 1492 4727 sit
1535 4672 1590 4725 in
1628 4669 1884 4739 direptio-

294 4787 442 4828 nem.
475 4769 741 4838 Additque
768 4785 782 4820 :
807 4765 987 4831 Neque
1014 4766 1148 4820 enim
1173 4765 1308 4818 alius
1335 4773 1408 4817 est
1434 4761 1594 4824 Deus,
1619 4762 1705 4831 qui
1730 4761 1887 4830 possit

295 4863 368 4917 ita
393 4861 596 4914 salvare
618 4856 736 4927 (Ib.
763 4873 811 4911 ο.
834 4856 964 4927 96).
993 4855 1155 4910 Vides
1198 4855 1371 4909 minas
1411 4853 1462 4907 in
1494 4852 1704 4907 literis?
1740 4851 1889 4907 vides

298 4950 613 5009 terrorem?
666 4948 815 5004 vides
859 4949 1140 5004 sublimem
1168 4961 1468 5017 praeconem
1498 4946 1514 4977 ¹
1535 4984 1552 5010 ,
1596 4959 1661 4999 ac
1708 4945 1890 4999 literas

303 5057 732 5117 quaquaversum
759 5040 1018 5096 diffusas?
1060 5039 1197 5108 Quid
1228 5040 1421 5108 igitur,
1462 5037 1548 5092 die
1574 5037 1746 5092 mihi?
1793 5051 1891 5106 pa-

306 5149 494 5193 cemne
540 5135 798 5205 apostolis
844 5133 1144 5188 mercedem
1192 5139 1590 5200 consequetur,
1640 5129 1891 5199 quoniam

309 5226 406 5284 Dei
440 5225 736 5298 potentiam
773 5226 845 5279 ita
886 5223 1231 5295 praedicavit,
1277 5230 1588 5292 tantumque
1629 5221 1788 5275 studii
1833 5235 1898 5275 ac

310 5316 602 5390 diligentia:
650 5314 927 5382 adhibuit,
981 5323 1038 5370 ut
1083 5313 1221 5368 hanc
1266 5313 1562 5368 doctrinam
1611 5320 1722 5366 toto
1768 5311 1899 5367 orbe

313 5407 625 5465 nuntiaret?
669 5406 828 5462 Certe
869 5420 975 5461 non
1007 5420 1251 5476 magnam
1295 5405 1410 5473 ejus
1437 5412 1663 5472 partem,
1713 5417 1899 5457 verum

317 5499 536 5557 utllnitis
577 5497 816 5568 partibus
841 5495 1164 5552 inferiorem.
1212 5495 1371 5565 Atqui
1397 5493 1585 5550 eodem
1606 5531 1622 5558 ,
1653 5507 1760 5563 quo
1800 5491 1896 5559 illi,

318 5603 538 5647 munere
565 5585 778 5645 functi»
813 5595 915 5645 est.
965 5586 1073 5644 Sed
1110 5586 1233 5657 quia
1262 5587 1439 5641 nullus
1470 5586 1555 5640 hic
1597 5585 1767 5648 labor,
1800 5598 1902 5640 nec

318 5684 477 5747 ullius
515 5679 646 5737 mali
688 5679 960 5749 perpessio
1001 5677 1249 5748 adjuncta
1289 5686 1411 5740 est,
1462 5676 1661 5731 idcirco
1697 5688 1904 5730 merces

319 5772 593 5832 minuitur.
622 5771 719 5827 llic
742 5771 885 5826 enim
911 5785 976 5828 ex
1002 5778 1285 5842 potestate,
1311 5785 1372 5826 ac
1395 5771 1510 5826 sine
1537 5769 1642 5825 ullo
1667 5767 1905 5842 periculo

381 5885 398 5921 ι
427 5884 768 5946 minus,
793 5881 925 5936 rides
945 5879 1362 5947 medicationem.

1678 439 2053 501 ειιιδτοιΑς.

3405 448 3513 508 58‘!

1918 554 2024 610 hoc
2049 554 2241 624 agebat
2271 570 2284 605 :
2316 568 2438 610 cum
2468 554 2542 608 illi
2571 564 2758 610 contra
2788 556 3220 626 prohiberentur,
3253 562 3519 630 pelleren-

1919 657 2042 714 tur,
2090 647 2476 712 tunderentur,
2525 648 2709 718 ﬂagris
2751 650 3122 717 caederentur,
3158 656 3210 709 in
3256 660 3515 714 arumnis

1920 747 2279 803 versarentur,
2329 738 2381 792 in
2415 755 2653 808 praeceps
2679 752 2962 810 agerentur
2985 785 3000 809 ,
3036 745 3087 799 in
3121 762 3270 802 mare
3297 749 3514 814 demur:

1921 841 2205 900 gerentur,
2242 829 2382 888 fame
2423 831 2849 896 conﬁcerentur,
2892 836 3257 903 quotidianam
3287 852 3519 897 mortem

1923 928 2279 989 oppeterent,
2325 921 2486 975 animi
2537 922 2700 976 etiam
2742 926 2979 981 cruciatu
3023 926 3405 999 afﬁcerentur,
3452 933 3524 989 sd

1923 1010 2181 1081 cujusque
2233 1010 2598 1067 infirmitatem
2658 1014 3096 1083 intlrmarentur,
3139 1020 3212 1075 ad
3262 1023 3528 1094 cujusque

1925 1102 2278 1158 oll‘ensionem
2310 1112 2365 1159 et
2404 1105 2713 1160 scandalum
2752 1118 3056 1164 urerentur.
3105 1111 3288 1183 itaque
3317 1131 3414 1185 pro
3444 1118 3530 1173 his

1926 1194 2236 1260 laboribus,
2281 1209 2344 1248 ac
2386 1196 2685 1264 prmsertim
2733 1211 2832 1266 pro
2883 1213 3148 1266 merere,
3193 1205 3421 1273 amplior
3449 1207 3531 1262 eis

1929 1299 2136 1340 merces
2165 1297 2247 1340 est
2274 1288 2562 1354 persoluta.
2593 1286 2950 1358 Unusquisque
3002 1293 3178 1356 enim,
3212 1295 3383 1364 inquit
3415 1297 3526 1362 ille,

1930 1378 2191 1444 prapriam
2227 1377 2510 1431 mercedem
2550 1379 2764 1449 accipiet
2798 1380 2956 1448 juxta
3000 1384 3264 1450 proprium
3308 1386 3532 1441 laborent

1932 1470 2007 1540 (l.
2027 1467 2146 1522 Cor.
2171 1469 2223 1523 3.
2249 1468 2308 1536 8)
2335 1486 2346 1520 :
2375 1484 2481 1522 non
2502 1471 2646 1524 enim
2672 1470 2724 1523 id
2750 1469 2965 1528 assidue
2991 1484 3237 1542 repetere
3260 1475 3526 1533 desinam.

1934 1560 2060 1616 ldeo
2089 1561 2351 1630 benignus
2379 1561 2543 1624 Deus,
2572 1577 2693 1617 cum
2726 1564 2922 1620 Paulus
2946 1581 3090 1636 saepe
3117 1581 3357 1639 rogasset
3381 1588 3442 1627 se
3465 1587 3533 1628 ex

1933 1652 2330 1706 calamitatibus
2358 1661 2412 1706 et
2445 1668 2675 1709 mterore
2700 1695 2715 1720 ,
2744 1654 2932 1711 dolore
2957 1667 3117 1728 atque
3156 1661 3405 1729 periculis
3429 1664 3540 1719 eri-

1940 1755 2116 1814 peret,
2149 1744 2200 1798 id
2232 1744 2330 1815 ipsi
2363 1745 2584 1799 minime
2613 1748 2899 1801 concessit.
2933 1748 3039 1803 Pro
3071 1751 3200 1817 hoc,
3237 1752 3435 1823 inquit,
3462 1765 3541 1810 ter

1942 1837 2217 1891 Dominum
2248 1839 2425 1907 rogavi
2468 1840 2566 1907 (2.
2593 1838 2712 1893 Cor.
2743 1840 2831 1894 l2.
2861 1840 2938 1908 8)
2976 1859 2990 1896 :
3032 1857 3131 1899 nec
3179 1854 3353 1900 tamen
3395 1847 3542 1917 quod

1939 1928 2208 1998 petebam,
2242 1930 2545 1998 impetravi.
2578 1931 2643 1984 Et
2667 1946 2813 1994 sane,
2845 1948 2942 1987 cur
2963 1936 3288 2005 amplissima
3321 1939 3539 2008 praemia

1941 2019 2203 2087 caperet?
2233 2022 2315 2074 An
2347 2022 2488 2087 quod
2533 2022 2650 2077 sine
2695 2022 2879 2080 labore
2921 2027 3304 2095 praedicasset,
3337 2030 3547 2089 deliciis

1944 2110 2225 2180 indulgens
2246 2153 2260 2175 ,
2294 2121 2455 2182 atque
2486 2114 2537 2166 in
2585 2115 2970 2184 tranquillitate
3013 2117 3261 2188 degens?
3303 2137 3370 2176 an
3402 2124 3546 2194 quod

1944 2199 2089 2255 domi
2116 2200 2312 2256 sedens
2338 2216 2400 2256 os
2425 2202 2721 2258 diduxisset
2743 2245 2758 2270 ,
2791 2220 2855 2260 ac
2881 2205 3117 2276 linguam
3150 2212 3450 2267 movisset?
3479 2215 3552 2271 At

1947 2293 2050 2348 hoc
2094 2295 2263 2350 cuivis
2309 2294 2468 2351 facile
2496 2306 2649 2363 erat,
2683 2300 2978 2369 quamlibet
3020 2305 3179 2358 etiam
3226 2307 3418 2377 ignavo
3441 2350 3454 2374 ,
3487 2323 3554 2366 ac

1947 2382 2207 2441 dissolute
2241 2395 2295 2440 et
2335 2386 2563 2444 delicate
2593 2390 2812 2447 viventi.
2845 2392 2998 2449 Nunc
3028 2407 3204 2451 autem
3246 2399 3552 2471 vulnerum,

1952 2479 2222 2531 variorum
2251 2479 2445 2534 mortis
2472 2495 2727 2550 generum
2745 2522 2762 2548 ,
2789 2497 3046 2539 cursuum
3078 2497 3183 2543 tam
3215 2497 3556 2549 terrenarum

1952 2581 2111 2636 quam
2175 2567 2507 2624 marinorum
2532 2611 2548 2637 ,
2596 2572 2765 2640 ipsius
2814 2576 3064 2631 maeroris
3087 2618 3102 2644 ,
3157 2579 3555 2652 lacrymarutn,

1953 2656 2200 2713 dolorum
2230 2659 2247 2729 (
2272 2658 2568 2718 Triennium
2598 2665 2742 2719 enim
2767 2707 2782 2731 ,
2825 2665 3029 2736 inquit,
3072 2670 3160 2725 die
3180 2687 3241 2724 ac
3269 2685 3416 2727 nocte
3439 2690 3560 2731 euut

1956 2748 2196 2819 lacrymis
2235 2766 2337 2804 non
2362 2753 2585 2818 cessavi,
2619 2770 2830 2810 monens
2858 2774 3261 2831 unumquemque
3302 2765 3562 2836 uestrum)

1958 2838 1978 2910 (
2002 2840 2112 2892 Act.
2135 2840 2226 2895 20.
2259 2841 2318 2896 5t
2351 2843 2370 2911 )
2397 2845 2615 2913 praemia
2660 2857 2715 2902 et
2743 2862 2972 2905 coronas
2998 2865 3190 2922 magna
3214 2867 3340 2910 cum
3367 2855 3562 2913 ﬁducia

1958 2939 2310 3002 percepturus
2339 2942 2445 2988 est.

2033 3021 2121 3077 50.
2170 3021 2499 3080 Calantitates
2539 3026 2878 3098 Olympiadis.
2907 3029 3102 3104 Ioseph
3143 3038 3207 3089 ob
3250 3037 3566 3095 calamitates

1961 3113 2153 3167 clarus.
2177 3143 2249 3153 —
2289 3113 2416 3170 Hac
2463 3116 2623 3186 igitur
2648 3119 2830 3175 animo
2870 3131 2928 3176 et
2965 3124 3288 3194 cogitatione
3329 3128 3567 3199 comple-

1961 3213 2144 3268 ctens,
2189 3214 2449 3276 quantum
2499 3209 2701 3264 scilicet
2746 3212 2959 3268 acerba:
3003 3229 3067 3269 ac
3118 3216 3397 3274 laboriosas
3441 3221 3569 3276 vita

1965 3298 2171 3360 lucrum
2197 3299 2288 3367 sit,
2313 3301 2484 3370 gaude
2505 3311 2562 3356 et
2590 3303 2772 3359 laetare
2798 3323 2812 3359 :
2842 3313 3006 3376 utque
3035 3308 3384 3379 fructuosam,
3407 3321 3569 3383 atque

1967 3389 2264 3444 innumeris
2288 3391 2509 3446 coronis
2551 3393 2768 3462 dignam
2809 3395 2920 3465 jam
2968 3397 3094 3453 inde
3131 3414 3164 3454 a
3199 3401 3370 3469 prima
3411 3413 3572 3460 aetate

1968 3481 2106 3535 viam
2139 3483 2398 3550 tenueris,
2427 3483 2632 3539 crebris
2657 3496 2712 3542 et
2738 3489 3008 3544 continuis
3038 3501 3230 3546 vexata
3253 3493 3573 3552 calamitati-

1968 3573 2089 3628 bus.
2121 3573 2334 3630 Etenim
2360 3576 2541 3632 varius
2563 3585 2619 3632 et
2647 3579 2924 3648 multiplex
2949 3623 2965 3648 ,
2999 3585 3380 3655 sexcentisque
3426 3601 3574 3642 mor-

1971 3665 2114 3719 tibus
2138 3666 2356 3737 gravior
2383 3669 2627 3737 corporis
2665 3669 2890 3725 morbus
2912 3687 3202 3744 numquam
3245 3685 3296 3731 te
3325 3677 3578 3736 obsidere

1973 3757 2180 3814 destitit
2203 3775 2218 3825 ;
2244 3760 2608 3815 conviciorum
2631 3762 2792 3817 etiam
2817 3771 2872 3818 et
2894 3767 3338 3822 contumeliarum
3357 3783 3575 3839 agmen,

1973 3858 2029 3903 et
2071 3851 2351 3906 calumnia)
2400 3852 2454 3905 in
2503 3860 2558 3906 te
2603 3851 2730 3908 ferri
2778 3853 3001 3911 minime
3043 3856 3354 3925 desierunt;
3401 3859 3578 3917 crebri

1977 3939 2226 4009 denique.
2254 3941 2361 4000 imo
2380 3941 2584 4000 assidui
2603 3957 2888 4012 insereres,
2910 3960 2976 4000 ac
3002 3946 3357 4019 lacrymarum
3380 3950 3578 4021 fontes,

1979 4047 2076 4102 per
2102 4048 2264 4088 omne
2292 4033 2416 4088 vita;
2447 4041 2656 4103 tempus
2701 4035 3004 4092 molestiam
3048 4039 3142 4094 tibi
3190 4040 3577 4098 exbibuerunt.

1982 4122 2184 4178 Horum
2226 4124 2435 4195 singula
2462 4124 2546 4180 vel
2591 4125 2703 4180 sola
2731 4141 2849 4181 eam
2880 4127 2988 4183 vim
3021 4128 3324 4186 habuerunt
3345 4174 3360 4196 ,
3393 4141 3452 4188 ut
3495 4134 3581 4188 in-

1981 4224 2197 4282 gentem
2223 4213 2311 4281 iis,
2338 4215 2426 4285 qui
2469 4231 2531 4271 ea
2557 4217 2960 4285 sustinuissent,
2991 4221 3273 4276 utilitatem
3301 4222 3576 4280 all‘errent.

1983 4304 2116 4359 Nam
2143 4315 2196 4360 et
2239 4305 2477 4362 Lazarus
2519 4307 2591 4364 ob
2633 4308 2809 4364 solum
2850 4310 3097 4368 morbum
3134 4315 3382 4370 eamdem
3422 4331 3583 4386 quam

1988 4395 2291 4464 patriarcha
2357 4398 2542 4454 sedem
2599 4411 2966 4471 consequutus
3011 4412 3097 4459 est
3141 4421 3154 4458 :
3202 4415 3257 4460 et
3301 4406 3586 4475 publicano

1988 4490 2288 4544 convicium
2317 4490 2573 4546 Pharisaei
2596 4507 2716 4547 eam
2753 4493 3013 4560 justitiam
3040 4498 3236 4562 attulit,
3264 4515 3381 4568 qua
3406 4499 3587 4556 Phari-

1990 4581 2083 4634 saei
2130 4581 2392 4650 justitiam
2451 4593 2731 4652 superaret
2775 4601 2790 4638 :
2841 4594 2894 4640 et
2941 4585 3176 4658 denique
3221 4591 3584 4658 apostolorum

1993 4672 2244 4742 princeps
2267 4673 2444 4742 gravis
2486 4674 2627 4730 illius
2654 4675 2877 4730 sceleris
2905 4678 3055 4732 ulcus
3082 4678 3330 4750 lacrymis
3356 4683 3586 4736 sanavit.

1995 4764 2126 4817 Cum
2179 4762 2351 4834 igitur.
2385 4763 2576 4818 horum
2627 4766 2913 4836 unicuique
2961 4783 3124 4823 unam
3188 4773 3590 4839 perpessionem

1997 4853 2271 4909 suffecisse
2317 4864 2563 4920 constet,
2611 4858 2888 4928 perpende
2924 4859 3036 4930 jam
3085 4872 3214 4931 quot
3257 4874 3594 4934 quantasque

2000 4948 2110 5017 ipsa
2143 4948 2419 5005 mercedes
2449 4961 2767 5020 perceptura
2809 4953 2885 5006 sis
2907 4995 2924 5020 ,
2966 4964 3023 5008 ut
3051 4970 3170 5024 quae
3199 4957 3378 5009 omnia
3410 4957 3593 5023 simul,

2000 5047 2056 5096 et
2097 5039 2312 5110 quidem
2359 5056 2482 5096 cum
2529 5041 2732 5112 ingenti
2780 5043 3072 5099 acerbitate
3120 5045 3384 5110 subieris.
3437 5046 3596 5117 idque

2002 5148 2099 5202 per
2143 5148 2304 5188 omne
2332 5135 2456 5189 vita:
2486 5143 2715 5204 tempus.
2761 5135 2945 5206 Neque
2991 5138 3135 5193 enim
3177 5140 3282 5194 ulla
3326 5155 3413 5196 res
3441 5155 3598 5210 atque

2001 5224 2312 5293 splendidos
2353 5235 2409 5281 et
2435 5226 2786 5284 admirandos
2828 5231 3074 5285 homines
3101 5232 3296 5296 reddit,
3341 5242 3596 5303 tantoque

2004 5315 2265 5370 bonorum
2293 5331 2490 5372 acervo
2514 5319 2773 5382 cumulat,
2806 5327 2864 5373 ut
2892 5322 3247 5376 tentationum
3274 5322 3597 5393 frequentia,

2005 5405 2263 5476 pericula,
2295 5409 2525 5476 labores,
2559 5426 2840 5476 maerores,
2873 5422 2928 5468 et
2957 5424 3228 5484 perpetua
3259 5417 3463 5471 insidiae
3482 5459 3498 5482 ,
3527 5418 3601 5472 ab

2009 5502 2109 5568 iis,
2141 5515 2171 5556 a
2199 5502 2393 5571 quibus
2423 5503 2647 5558 minime
2675 5503 2930 5572 decebat,
2975 5514 3193 5562 structte
3224 5525 3237 5561 :
3267 5507 3394 5562 dum
3425 5518 3599 5566 tamen

2008 5593 2186 5648 omnia
2208 5609 2364 5663 aequo
2383 5594 2564 5648 animo
2585 5594 2842 5650 ferantur.
2865 5596 3074 5667 Quippe
3099 5614 3166 5654 ne
3192 5600 3358 5653 lilium
3386 5600 3601 5670 quidem

2011 5684 2176 5741 Jacob
2203 5686 2492 5756 quidquam
2520 5687 2744 5762 perinde
2769 5687 2974 5743 clarum
3003 5703 3065 5744 ac
3093 5690 3306 5747 beatum
3341 5693 3603 5760 reddidit,

2013 5787 2073 5834 ut
2098 5778 2185 5834 illa
2214 5789 2326 5835 tum
2366 5781 2422 5836 in
2463 5795 2588 5836 eum
2628 5791 2829 5836 structa
2874 5782 3162 5851 calumnia,
3208 5794 3264 5839 et
3304 5800 3504 5850 carcer,
3549 5791 3599 5842 et

2016 5877 2240 5938 catena,
2280 5881 2335 5927 et
2379 5870 2504 5930 hinc
2546 5881 2822 5930 contracta
2869 5886 3127 5930 aerumna.
3174 5874 3362 5946 Magna
3389 5876 3606 5948 quidem
