4172 6506
602 567 865 638 pudicitia
895 564 1057 634 ipsius
1087 562 1254 616 virtus
1297 570 1410 613 erat
1435 599 1450 622 ,
1481 573 1602 613 cum
1631 556 2000 627 Egyptiaeam
2041 553 2165 607 libi-

601 656 778 711 dinem
807 653 1112 723 superavit,
1142 664 1205 704 ac
1230 650 1480 704 miseram
1511 647 1656 700 illam
1683 644 1930 700 feminam
1956 641 2023 696 ad
2049 654 2166 695 sce-

602 749 826 803 leratum
853 743 1187 800 concubitum
1211 756 1332 796 eum
1355 747 1631 795 vocantem
1658 734 1986 806 propulsavit
2009 730 2163 803 (Gen.

600 838 691 905 39)
722 857 736 893 :
765 845 822 892 at
844 835 946 891 hoc
969 843 1146 890 tamen
1173 846 1281 887 non
1320 831 1391 883 ita
1422 843 1696 900 magnum,
1730 833 1788 881 ut
1812 839 1873 880 ea
1900 838 2017 893 quae
2042 836 2163 892 per-

597 944 785 999 pessus
808 937 912 984 est.
940 926 1192 995 Quanam
1215 922 1356 978 enim
1385 921 1502 976 laus
1527 928 1626 984 est,
1646 918 1752 984 die,
1780 929 1982 986 quaso,
2009 911 2164 968 adul-

599 1023 793 1078 terium
819 1019 1036 1074 minima
1067 1023 1424 1086 perpetrasse,
1457 1026 1554 1066 nec
1579 1010 1810 1065 alienum
1849 1016 2021 1060 torum
2049 1003 2162 1059 vio-

598 1111 756 1174 lasse,
780 1121 878 1172 nec
897 1106 1090 1162 lectum
1112 1101 1328 1160 nihilad
1348 1117 1406 1156 se
1423 1101 1733 1156 attinentem
1753 1095 2161 1156 contaminasse,

596 1215 697 1256 nec
725 1196 926 1254 homini
972 1195 1109 1252 bene
1151 1193 1219 1250 de
1263 1207 1323 1248 se
1367 1191 1560 1247 merito
1604 1187 1852 1258 injuriam
1899 1184 2161 1249 intulisse,

599 1303 700 1344 nec
727 1285 931 1356 patroni
959 1286 1040 1339 sui
1069 1283 1284 1338 domum
1311 1281 1363 1336 in
1393 1279 1641 1349 probrum
1666 1284 1719 1333 et
1746 1275 2013 1331 infamiam
2037 1287 2164 1328 con-

592 1381 828 1452 jecisse?
851 1382 922 1435 At
941 1377 1080 1449 quod
1102 1391 1221 1431 eum
1247 1375 1507 1428 illustrem
1530 1370 1776 1436 reddidit,
1801 1367 1929 1422 illud
1949 1367 2161 1421 demum

597 1477 703 1534 est,
747 1470 996 1524 nimirum
1046 1464 1377 1536 periculum,
1425 1460 1666 1524 insidiae,
1715 1459 1863 1513 furor
1903 1454 2158 1522 mulieris,

591 1575 752 1632 quam
784 1557 945 1614 libido
969 1557 1230 1626 captivam
1257 1552 1491 1616 tenebat,
1520 1551 1674 1604 allata
1703 1549 1783 1603 vis
1801 1589 1816 1614 ,
1846 1544 2160 1602 inevitabilis

594 1649 813 1706 thalami
855 1661 1072 1711 carcer,
1116 1659 1274 1714 quem
1313 1641 1550 1696 adultera
1597 1639 1694 1710 ipsi
1737 1642 2157 1707 comparaverat,

592 1737 756 1801 retia,
802 1751 920 1806 quas
963 1734 1110 1788 omni
1155 1748 1223 1788 ex
1271 1741 1422 1802 parte
1462 1729 1823 1799 expanderat,
1871 1726 2156 1790 accusatio,

595 1826 902 1892 calumnia,
951 1839 1172 1890 carcer,
1220 1831 1426 1887 catena,
1473 1819 1598 1874 illud
1639 1819 1798 1874 etiam
1844 1817 1986 1887 quod
2029 1815 2158 1870 nihil

593 1919 728 1988 equi
757 1918 1068 1986 impetrans,
1094 1925 1211 1982 post
1238 1921 1437 1966 tantum
1465 1919 1754 1976 certamen,
1785 1908 1854 1962 ob
1874 1907 2014 1978 quod
2035 1922 2156 1962 eum

589 2023 785 2064 corona
825 2005 1012 2062 donari
1057 2020 1151 2075 par
1195 2012 1344 2070 erat,
1389 2011 1657 2072 tamquam
1702 2015 1825 2056 reus
1866 2014 2064 2054 nocens
2103 1999 2155 2053 in

590 2098 799 2152 vincula
824 2096 1135 2160 ducebatur,
1161 2109 1224 2149 ac
1262 2108 1381 2148 eum
1423 2093 1488 2146 iis
1512 2093 1601 2162 qui
1626 2091 1936 2161 gravissima
1963 2089 2156 2160 ﬂagitia

588 2200 1047 2261 perpetraverant,
1070 2187 1457 2252 includebatur,
1481 2185 1694 2256 squalor
1713 2185 1838 2240 item
1860 2194 1914 2239 et
1935 2184 2152 2249 ferrum,

587 2280 820 2337 carceris
861 2278 1094 2334 afﬂictio.
1141 2277 1276 2332 Tum
1326 2276 1531 2332 scilicet
1572 2291 1695 2331 eum
1744 2273 2154 2344 splendidiorem

586 2384 772 2434 cerno.
801 2385 962 2441 quam
984 2383 1105 2424 cum
1132 2369 1185 2423 in
1205 2365 1421 2438 Egypti
1445 2365 1580 2421 solio
1603 2365 1796 2420 sedens
1834 2365 2152 2420 frumentum

585 2459 868 2531 egentibus
912 2457 1206 2525 tribuebat,
1245 2458 1438 2513 famem
1479 2455 1723 2525 pellebat,
1767 2463 1820 2511 et
1859 2455 2153 2510 communis

583 2551 832 2608 omibus
856 2559 1040 2622 portus
1079 2557 1216 2604 erat.
1262 2547 1419 2611 Tum,
1461 2547 1695 2618 inquam,
1725 2561 1846 2601 eum
1873 2547 2150 2602 clariorem

585 2657 783 2707 cerno,
822 2655 946 2696 cum
985 2655 1106 2695 eum
1145 2639 1427 2709 compedes
1470 2648 1524 2692 et
1567 2637 1790 2692 manicae
1832 2636 2147 2702 vinciebant,

581 2748 741 2805 quam
784 2747 906 2789 cum
945 2733 996 2788 in
1040 2733 1317 2788 luculentis
1341 2733 1577 2788 vestibus
1615 2741 1813 2786 tantam
1858 2733 2148 2802 potentiam

581 2824 873 2880 obtinebat.
927 2823 1136 2879 Etenim
1172 2822 1300 2878 illud
1345 2824 1574 2878 carceris
1616 2832 1863 2892 tempus,
1909 2822 2148 2891 negotia-

582 2914 741 2970 tionis
766 2923 923 2985 atque
948 2915 1174 2983 ingentis
1193 2923 1425 2984 quastus
1447 2923 1561 2968 erat
1584 2930 1598 2966 :
1626 2913 1727 2968 hoc
1748 2921 1946 2975 autem,
1971 2914 2145 2977 luxus,

581 3005 1015 3075 remissionisque
1040 3004 1233 3070 animi,
1259 3015 1416 3075 atque
1445 3007 1682 3069 honoris,
1715 3006 1906 3059 multas
1935 3006 2146 3076 quidem

581 3095 882 3166 voluptates
908 3095 1137 3160 habens,
1179 3103 1236 3149 at
1278 3110 1382 3149 non
1425 3096 1650 3149 multum
1678 3095 1832 3151 lucri.
1881 3094 2001 3149 ideo
2041 3109 2146 3150 non

579 3199 687 3246 tam
714 3205 832 3246 eum
860 3189 1098 3259 suspicio
1123 3228 1136 3253 ,
1180 3203 1302 3243 cum
1348 3189 1517 3243 honor
1559 3189 1608 3243 ei
1643 3202 1670 3240 a
1710 3196 1859 3257 patre
1901 3189 2142 3253 habetur,

578 3294 740 3351 quam
780 3294 900 3333 cum
931 3279 1157 3333 fraterna
1194 3277 1386 3332 invidia
1417 3278 1710 3346 exagitator
1732 3317 1747 3342 ,
1774 3286 1933 3346 atque
1961 3287 2146 3331 contu-

579 3368 826 3424 bernales
870 3368 1050 3422 hostes
1091 3367 1268 3423 habet.
1312 3367 1442 3422 Nam
1480 3367 1624 3422 domi
1670 3367 1770 3436 ipsi
1809 3368 1920 3436 jam
1965 3366 2085 3422 inde
2112 3382 2143 3421 a

578 3461 764 3531 primis
809 3459 963 3513 annis
1004 3473 1162 3528 grave
1199 3458 1397 3514 bellum
1444 3459 1816 3514 excitabatur:
1849 3467 1904 3514 et
1931 3459 2142 3530 quidem

577 3550 647 3605 ab
690 3551 754 3604 iis
797 3549 1038 3604 hostibus
1079 3549 1208 3619 qui,
1252 3549 1390 3619 quod
1432 3549 1529 3619 ipsi
1573 3560 1966 3617 succenserent,
2013 3549 2143 3605 nihil

579 3639 883 3703 habebant;
928 3654 1110 3694 verum
1151 3654 1268 3694 eam
1305 3640 1375 3694 ob
1417 3654 1632 3696 causam
1675 3640 2045 3708 'abescebant,
2081 3657 2143 3697 ac

574 3731 762 3792 dolore
800 3729 1294 3800 disrumpebantur,
1340 3729 1480 3798 quod
1524 3729 1778 3800 majorem
1822 3731 1938 3801 ipse
1981 3733 2143 3801 patris

576 3822 1001 3878 benevolentiam
1027 3820 1310 3876 obtineret.
1340 3820 1504 3876 Porro
1523 3821 1794 3893 legislator
1812 3822 1985 3878 Moses
2006 3823 2142 3878 hanc

573 3913 684 3967 vim
715 3912 931 3974 amoris,
963 3926 1067 3964 non
1095 3925 1123 3963 a
1156 3910 1309 3980 pueri
1335 3911 1550 3977 virtute,
1579 3911 1673 3966 sed
1698 3912 1763 3966 ab
1788 3927 1854 3967 eo
1880 3922 2138 3982 tempore,

573 4009 1012 4075 quo_procreatus
1034 4008 1137 4064 est,
1166 4010 1338 4055 ortum
1368 4001 1582 4056 duxisse
1610 4003 1818 4057 asserit.
1851 4002 1981 4058 Nam
2008 4019 2140 4075 quo.

577 4071 717 4146 niam
745 4091 914 4145 serius
939 4105 1095 4159 quam
1121 4090 1207 4144 alii
1237 4091 1290 4144 in
1316 4091 1486 4144 lucem
1515 4091 1688 4146 editus
1713 4092 1917 4160 fuerat,
1951 4071 2135 4165 inquit,

573 4194 734 4252 atque
775 4181 827 4235 in
878 4191 1112 4236 extrema
1158 4190 1426 4236 senectute
1467 4181 1650 4254 (cordi
1693 4193 1867 4240 autem
1913 4189 2140 4244 maxime

574 4281 702 4328 sunt
742 4271 1038 4341 hujusmodi
1083 4270 1195 4336 filii,
1242 4271 1381 4341 quod
1428 4282 1620 4340 praeter
1659 4288 1807 4342 spem
1835 4276 1936 4329 orti
1979 4278 2135 4346 sint),

575 4363 774 4417 idcirco
820 4361 954 4431 patri
995 4375 1150 4415 carus
1191 4369 1325 4416 erat.
1371 4359 1620 4432 Ditigebat
1648 4363 1788 4417 enim
1832 4381 1943 4417 eum
1973 4376 2134 4436 pater,

575 4452 762 4522 inquit,
791 4451 925 4520 quod
949 4468 1060 4504 eum
1087 4467 1237 4505 senex
1264 4452 1511 4522 genuisset
1533 4449 1680 4522 (Gen.
1711 4455 1797 4509 57.
1821 4455 1896 4523 3).

648 4545 731 4597 ll.
777 4543 899 4596 Haec
941 4551 1137 4604 autem.
1183 4557 1300 4597 mea
1331 4542 1539 4612 quidem
1586 4546 1843 4599 sententia
1868 4587 1883 4608 ,
1926 4547 2136 4617 scripsit

574 4634 843 4704 legislator
863 4673 878 4697 ,
908 4647 1012 4686 nou
1040 4632 1090 4686 id
1131 4631 1270 4701 quod
1298 4647 1386 4686 res
1413 4641 1526 4686 erat
1555 4648 1804 4698 narrans,
1831 4651 2012 4689 verum
2041 4652 2133 4705 pa-

576 4727 672 4780 tris
699 4732 1006 4793 prretextum
1053 4731 1106 4776 et
1147 4722 1439 4776 obtentum.
1490 4723 1746 4789 Quoniam
1791 4727 1930 4779 enim
1958 4728 2137 4783 adole-

573 4825 810 4871 scentem
839 4813 975 4883 apud
1001 4813 1190 4868 fratres
1217 4814 1406 4867 invidia
1439 4814 1657 4884 ﬂagrare
1685 4816 2048 4886 perapicicbat,
2079 4829 2136 4873 ut

575 4905 700 4963 huic
743 4921 926 4962 eorum
955 4905 1138 4960 morbo
1175 4904 1494 4972 mederetur,
1538 4922 1653 4961 eam
1700 4909 1894 4962 amoris
1921 4925 2132 4964 causam

572 4999 818 5060 efﬂuxit,
848 5012 964 5065 quas.
993 5011 1096 5050 non
1142 5010 1384 5066 magnum
1427 4998 1522 5066 ipsi
1564 4999 1777 5053 livorem
1814 5011 2130 5068 procrearet.

572 5088 704 5146 Nam
735 5087 869 5155 quod
896 5087 1086 5156 alioqui
1117 5102 1219 5140 non
1249 5101 1312 5140 ea
1341 5088 1535 5141 amoris
1563 5102 1717 5142 causa
1748 5099 1917 5154 esset,
1949 5106 2130 5144 verum

575 5180 917 5235 efﬂorescens
957 5177 1114 5230 animi
1159 5178 1322 5231 virtus
1363 5189 1520 5246 atque
1565 5187 1718 5232 aetate
1762 5182 2034 5247 maturior,
2067 5197 2131 5235 ex

576 5269 849 5339 Benjamin
897 5267 1090 5337 liquido
1134 5269 1355 5338 perspici
1403 5277 1594 5338 potest.
1641 5269 1770 5323 Nam
1817 5271 1859 5324 si
1906 5287 2020 5325 eam
2064 5273 2132 5326 ob

570 5376 784 5417 causam
808 5359 893 5413 ille
914 5357 1206 5421 amabatur,
1229 5357 1392 5412 multo
1411 5359 1592 5428 utique
1614 5361 1779 5428 magis
1802 5360 1942 5415 hunc
1964 5362 2131 5415 amari

570 5451 877 5519 Oportebat,
907 5449 995 5516 qui
1025 5457 1147 5501 natu
1185 5448 1358 5501 minor
1385 5457 1517 5503 erat.
1554 5449 1824 5518 Siquidem
1857 5450 2127 5520 Benjamiu

575 5549 692 5610 post
716 5538 999 5606 losephum
1028 5547 1172 5591 satus
1197 5545 1312 5604 est,
1340 5549 1494 5606 atque
1522 5554 1550 5590 a
1576 5539 1785 5593 seniore
1825 5549 1971 5609 patre
2009 5556 2133 5610 pro-

571 5640 798 5687 creatus.
835 5628 1022 5684 Verum
1044 5669 1060 5693 ,
1089 5636 1146 5682 ut
1166 5627 1274 5696 jam
1301 5644 1330 5681 a
1358 5644 1442 5683 me
1467 5628 1662 5683 dictum
1691 5638 1806 5693 est,
1839 5631 1999 5699 patris
2028 5631 2130 5686 hoc

574 5727 876 5791 figmentum
907 5727 1038 5781 erat,
1071 5719 1360 5775 fraternum
1388 5721 1580 5776 bellum
1607 5723 1896 5790 reprimere
1923 5722 2130 5778 studen-

570 5823 675 5874 tis:
702 5828 764 5871 ac
790 5828 854 5869 nc
874 5812 952 5868 sic
975 5812 1185 5884 quidem
1210 5815 1262 5869 id
1288 5814 1494 5884 assequi
1513 5816 1680 5884 potuit
1706 5833 1716 5869 :
1749 5829 1930 5871 verum
1956 5818 2129 5872 acrius

1226 447 1284 504 s.
1322 445 1600 504 JOANNIS
1620 441 2088 501 cuuvsosrom
2128 436 2441 494 ABCHIEP.
2467 409 3004 492 ‘cousnrmuov.

2273 547 2481 604 ﬂamma
2506 546 2902 603 exardescebat.
2932 545 3000 602 Et
3019 545 3138 617 quia
3169 545 3300 602 nihil
3328 545 3468 602 aliud
3498 554 3605 601 tum
3626 544 3839 598 efficere

2271 646 2553 710 poterant,
2595 637 2788 694 fmdam
2819 637 2990 693 labem
3035 637 3133 707 ipsi
3160 647 3540 708 asperserunt,
3583 651 3646 691 ac
3685 645 3840 703 turpe

2272 728 2474 784 crimen
2503 736 2556 783 in
2579 742 2699 783 eum
2739 727 3114 797 conjeeerunt,
3149 729 3424 784 barbaram
3451 726 3700 782 videlicet
3725 740 3842 780 mu-

2271 819 2457 876 lierem
2483 818 2676 875 fratres
2711 828 3133 884 antevertentes,
3172 833 3238 875 ac
3275 819 3442 874 multo
3467 817 3841 873 sceleratiores

2270 924 2334 966 ea
2362 924 2423 966 se
2448 909 2762 980 pmbeutes.
2800 909 2894 964 illa
2917 909 3059 965 enim
3084 909 3136 964 in
3167 908 3430 976 alienum,
3462 907 3515 963 hi
3544 909 3596 962 in
3622 906 3840 962 fratrem

2271 999 2498 1069 improbi
2531 1008 2588 1054 et
2613 999 2860 1055 scelerati
2897 1008 3068 1061 erant.
3100 999 3176 1054 Ac
3206 1013 3273 1054 ne
3301 997 3384 1052 his
3407 996 3619 1068 quidem
3644 995 3842 1052 finibus

2272 1089 2661 1160 improbitatem
2685 1103 2834 1144 suam
2859 1087 3386 1156 circumscripserant
3412 1103 3426 1140 :
3457 1100 3662 1150 verum,
3691 1093 3751 1140 ut
3771 1084 3840 1141 ad

2271 1181 2449 1251 priora
2473 1193 2686 1249 semper
2713 1179 2910 1250 aliquid
2936 1179 3212 1245 adderent,
3254 1179 3399 1234 omni
3427 1177 3602 1234 studio
3629 1177 3841 1233 labora-

2270 1273 2398 1329 bant
2418 1293 2436 1327 :
2457 1287 2686 1343 eumque
2708 1273 2758 1327 in
2783 1272 2996 1328 deserto
3020 1272 3136 1326 loco
3153 1272 3324 1327 solum
3346 1271 3486 1326 nacti
3506 1271 3836 1342 jugularunt,

2268 1375 2323 1420 et
2349 1363 2703 1420 vendiderunt
2728 1373 2886 1434 atque
2915 1377 2985 1418 ex
3015 1363 3182 1418 libero
3209 1377 3421 1418 servum
3447 1361 3754 1426 eﬂecerunt,
3783 1370 3838 1416 et

2266 1455 2478 1526 quidem
2527 1455 2871 1510 acerbissimo
2911 1455 3178 1509 servitutis
3222 1468 3438 1524 genere.
3482 1453 3664 1523 Neque
3689 1453 3836 1508 enim

2265 1547 2502 1618 ejusdem
2535 1548 2764 1602 nationis
2794 1547 3118 1614 hominibus,
3150 1562 3332 1601 verum
3361 1545 3622 1612 barbaris,
3661 1545 3836 1600 aliena

2265 1638 2440 1708 lingua
2467 1636 2754 1700 utentibus,
2788 1636 3020 1706 ipsisque
3048 1637 3206 1691 etiam
3239 1637 3290 1691 in
3333 1634 3610 1690 barbaram
3655 1634 3837 1705 regio-

2265 1743 2386 1782 nem
2412 1728 2725 1784 abeuntibus
2755 1726 2968 1782 fratrem
3009 1727 3325 1784 dediderunt
3355 1744 3368 1780 :
3399 1728 3538 1782 Deus
3563 1743 3691 1782 vero
3717 1727 3833 1782 cla-

2262 1820 2459 1874 riorem
2485 1833 2606 1873 eum
2652 1827 2710 1873 ut
2738 1818 3021 1883 redderet,
3053 1818 3351 1886 patiebatur
3377 1832 3439 1874 ea
3468 1833 3588 1889 qua
3615 1817 3828 1880 ﬂebant.

2264 1918 2317 1964 et
2341 1925 2462 1966 cum
2495 1909 2743 1978 periculis
2787 1908 3132 1964 succederent
3173 1909 3429 1980 pericula,
3460 1909 3834 1980 longanimiter

2265 1999 2545 2056 tolerabat.
2576 2000 2824 2055 Invidiam
2845 2001 2985 2054 enim
3011 2016 3076 2057 ac
3101 2000 3292 2057 fmdam
3315 2002 3631 2058 calumniam
3655 2003 3833 2059 ardes

2261 2090 2488 2156 excepit,
2512 2100 2565 2144 et
2586 2089 2733 2145 cmde
2759 2090 2986 2146 atrocior
3005 2091 3247 2149 servitus.
3271 2090 3455 2162 Neque
3476 2093 3619 2148 enim
3644 2092 3832 2148 leviter

2259 2197 2288 2236 a
2323 2192 2372 2236 te
2401 2182 2452 2236 id
2477 2181 2614 2250 quod
2644 2181 2757 2236 dixi
2786 2182 3207 2254 praetereundum
3242 2200 3256 2238 :
3285 2197 3465 2238 verum
3501 2184 3554 2238 in
3595 2192 3827 2239 mentem

2259 2271 2351 2326 tibi
2375 2273 2567 2336 veniat,
2602 2281 2855 2341 quantum
2879 2281 3028 2339 erat,
3059 2271 3290 2328 nobilem
3329 2273 3744 2338 adolescentem,
3773 2274 3826 2329 iu

2260 2372 2478 2432 paterna
2522 2363 2685 2418 domo
2730 2380 2849 2420 cum
2879 2365 3022 2419 omni
3070 2364 3317 2421 libertate
3357 2379 3420 2421 ac
3464 2374 3612 2421 tanto
3660 2367 3828 2436 patris

2257 2469 2439 2509 amore
2480 2453 2780 2518 educatum,
2826 2455 3002 2509 subito
3039 2469 3068 2508 a
3110 2455 3380 2522 fratribus,
3411 2456 3499 2528 qui
3527 2456 3658 2511 nihil
3684 2458 3826 2528 quod

2260 2545 2360 2615 ipsi
2406 2544 2699 2615 objicerent
2740 2544 3023 2610 habebant,
3052 2547 3227 2612 vendi,
3277 2556 3434 2619 atque
3478 2549 3714 2604 barbaris
3739 2548 3825 2604 di-

2256 2651 2409 2691 versa
2441 2636 2617 2707 lingua
2645 2637 2932 2699 utentibus,
2962 2637 3300 2703 immanibus,
3327 2639 3623 2710 belluisque
3647 2641 3826 2711 potius

2255 2743 2413 2798 quam
2445 2727 2746 2783 hominibus
2789 2727 2942 2795 dedi,
2991 2738 3045 2784 et
3073 2739 3338 2785 extorrem
3375 2739 3533 2800 atque
3560 2731 3822 2794 exsulem,

2254 2832 2318 2874 ac
2347 2833 2558 2874 servum
2601 2829 2654 2874 et
2700 2820 3038 2890 peregrinum
3087 2820 3358 2876 liberalem
3383 2822 3631 2891 juvenem
3657 2821 3822 2886 effici,

2253 2923 2318 2964 ac
2355 2917 2473 2978 post
2515 2916 2714 2963 tantam
2746 2908 3073 2976 felicitatem,
3115 2910 3181 2966 ad
3218 2919 3510 2967 extremam
3554 2913 3826 2968 servitutis

2253 2996 2643 3065 calamitatem,
2685 3000 2835 3066 cujus
2878 3015 3094 3069 prorsus
3123 3001 3358 3056 insolens
3395 3010 3548 3067 erat,
3590 3001 3822 3070 devolvi,

2252 3087 2752 3159 crudelissimosque
2776 3089 3018 3145 dominos
3045 3091 3308 3160 accipere,
3332 3101 3491 3162 atque
3516 3094 3570 3149 in
3593 3094 3822 3150 alienam

2250 3189 2305 3234 et
2332 3179 2608 3235 barbaram
2641 3189 2836 3235 terram
2863 3181 3074 3237 abduci.
3102 3182 3239 3250 Quin
3267 3199 3334 3238 ne
3359 3183 3443 3238 hic
3471 3184 3683 3252 quidem
3711 3201 3826 3240 ma-

2251 3269 2420 3324 lorum
2446 3269 2569 3326 ﬂnis
2590 3281 2725 3337 erat,
2751 3286 2932 3326 verum
2957 3280 3076 3342 post
3091 3272 3399 3328 admiranda
3422 3273 3507 3328 illa
3535 3275 3821 3342 insomnia,

2250 3374 2366 3429 qua:
2391 3361 2817 3430 praenuntiabant
2859 3361 2973 3417 fore
2998 3373 3056 3418 ut
3091 3363 3203 3432 ipse
3227 3378 3256 3417 a
3285 3363 3538 3420 fratribus
3565 3365 3821 3422 adorare-

2250 3461 2364 3516 tur,
2413 3453 2618 3509 insidiis
2662 3470 2872 3510 rursum
2917 3454 3122 3510 insidia:
3170 3456 3544 3512 succedebant.
3593 3457 3723 3512 Nam
3753 3474 3824 3514 ne

2251 3545 2348 3614 ipsi
2371 3546 2584 3616 quidem
2612 3556 2935 3602 mercatores
2961 3547 3048 3616 qui
3073 3559 3408 3617 acceperant.
3438 3564 3560 3603 eum
3588 3550 3824 3606 retinue-

2248 3646 2393 3702 runt,
2428 3653 2612 3692 verum
2639 3638 3047 3706 improbioribus
3068 3654 3276 3693 rursum
3305 3639 3544 3696 barbaris
3571 3641 3824 3698 vendideo

2248 3736 2388 3782 runt.
2433 3727 2550 3783 Non
2592 3737 2642 3782 te
2669 3727 2821 3799 fugit,
2864 3729 3046 3799 quanti
3075 3729 3143 3784 ad
3169 3730 3525 3787 calamitatem
3565 3733 3822 3788 momenti

2247 3819 2336 3884 sit,
2381 3819 2514 3874 tales
2551 3819 2796 3876 dominos
2829 3820 3020 3876 talibus
3061 3821 3291 3876 dominis
3317 3833 3667 3879 commutare.
3708 3824 3823 3880 Hoc

2246 3909 2387 3962 enim
2431 3909 2789 3964 molestiorem
2831 3911 3140 3966 servitutem
3191 3912 3401 3978 reddit,
3449 3928 3569 3969 cum
3611 3919 3820 3972 externi

2247 4011 2458 4053 rursum
2478 4007 2603 4052 sunt
2628 3999 2717 4068 qui
2744 4008 2948 4064 emunt,
2979 4015 3042 4056 ac
3065 4002 3329 4071 prioribus
3355 4005 3664 4060 atrociores.
3692 4006 3822 4061 Post

2247 4090 2298 4143 in
2323 4088 2610 4161 Egyptum
2642 4091 2952 4161 ingreditur,
2977 4099 3095 4149 tum
3125 4110 3245 4150 cum
3273 4096 3383 4162 Deo
3407 4097 3600 4151 bellum
3625 4112 3822 4168 geren-

2247 4189 2374 4243 tem.
2418 4189 2473 4236 et
2515 4180 2694 4237 furore
2741 4181 3103 4251 laborantem,
3149 4187 3288 4242 unde
3331 4187 3652 4258 impudentia
3696 4203 3815 4256 ora,

2245 4271 2382 4325 unde
2416 4271 2591 4342 impiae
2614 4273 2804 4344 lingua:
2835 4275 3216 4345 promanabant
3236 4277 3312 4351 (α)
3336 4295 3349 4332 :
3378 4282 3515 4349 apud
3540 4279 3819 4351 Egyptios

2243 4361 2374 4426 fuit,
2402 4377 2626 4431 quorum
2652 4365 2735 4418 vel
2767 4379 2901 4419 unus
2931 4367 3099 4436 potuit
3124 4383 3371 4439 magnum
3395 4369 3595 4425 Mosem
3634 4370 3818 4442 fugiti-

2242 4466 2364 4504 vum
2401 4461 2454 4504 et
2479 4452 2714 4508 exsulem
2745 4454 2990 4510 reddere.
3017 4457 3094 4512 Ac
3120 4467 3461 4530 posteaquam
3488 4460 3816 4531 aliquantum

2242 4541 2353 4596 illic
2379 4543 2692 4612 respiravit;
2734 4547 2875 4616 quod
2907 4547 3152 4605 videlicet
3180 4551 3438 4621 benignus
3466 4553 3607 4607 Deus
3633 4568 3718 4608 res
3745 4553 3818 4609 ab

2243 4632 2518 4688 hominum
2547 4637 2797 4704 opinione
2825 4647 3059 4694 remotas
3084 4639 3459 4698 administrans
3480 4683 3496 4710 ,
3527 4643 3814 4700 immanem

2243 4721 2386 4774 illam
2432 4722 2620 4790 feram,
2662 4743 2779 4795 qua:
2819 4727 2989 4798 ipsum
3030 4740 3251 4796 emerat,
3292 4731 3344 4786 in
3389 4748 3542 4788 ovem
3583 4749 3818 4790 conver~

2243 4815 2395 4869 tisset
2429 4833 2441 4868 :
2481 4817 2755 4872 confestim
2796 4820 2894 4889 ipsi
2941 4837 3146 4877 rursum
3187 4837 3344 4877 arena
3385 4825 3812 4894 comparabatur,

2240 4921 2450 4961 rursum
2494 4909 2757 4976 stadium,
2803 4927 3010 4965 rursum
3051 4929 3240 4982 pugna:
3282 4929 3344 4969 ac
3388 4917 3676 4978 certamina
3701 4957 3718 4982 ,
3758 4927 3813 4974 et

2241 4995 2464 5052 sudores
2518 4999 2780 5067 prioribus
2824 5002 3078 5057 acriores.
3123 5002 3406 5059 Sceleratts
3449 5007 3591 5060 enim
3640 5007 3815 5063 oculis

2242 5103 2361 5143 eum
2393 5088 2517 5143 hera
2561 5091 2884 5159 conspicata,
2928 5092 3197 5163 ipsiusque
3241 5094 3630 5164 pulchritudine
3652 5106 3814 5166 atque

2240 5179 2503 5248 elegantia
2550 5191 2813 5248 superata,
2861 5197 3185 5252 prorsusque
3230 5186 3428 5238 amoris
3455 5184 3642 5240 affectu
3685 5201 3811 5240 cor-

2241 5279 2407 5337 repta,
2448 5285 2556 5338 prae
2599 5271 2859 5340 impudica
2888 5273 2985 5328 hac
3012 5274 3299 5343 cupiditate
3327 5276 3544 5330 lemnam
3573 5290 3692 5332 sese
3713 5292 3812 5348 pro

2241 5359 2434 5414 femina
2461 5361 2752 5428 praebebat.
2781 5362 2853 5415 ita
2886 5378 3094 5417 rursum
3130 5364 3451 5420 domesticus
3477 5365 3643 5421 hostis
3671 5375 3813 5431 erat.

2238 5449 2508 5503 contrario
2535 5457 2708 5504 tamen
2735 5461 2787 5504 et
2810 5451 2944 5517 alio,
2973 5467 3128 5522 quam
3155 5455 3380 5524 priores,
3408 5455 3587 5508 animo
3613 5455 3816 5525 praedi-

2240 5550 2323 5593 tus
2348 5557 2362 5592 :
2388 5539 2464 5594 illi
2491 5539 2632 5594 enim
2659 5541 2782 5595 odio
2811 5541 3023 5596 adducti
3054 5554 3198 5609 sunt,
3229 5553 3284 5598 ut
3309 5559 3432 5599 eum
3459 5544 3619 5600 domo
3645 5545 3819 5619 ejice-

2237 5639 2392 5696 rcnt;
2439 5630 2555 5685 haec
2587 5640 2769 5685 contra
2799 5647 3005 5697 amans,
3046 5647 3108 5687 ac
3145 5636 3354 5703 juvenis
3396 5635 3684 5704 cupiditate
3725 5635 3818 5690 in-

2299 5763 2369 5831 (a_)
2401 5763 2574 5811 Eadem
2592 5762 2870 5831 fergverba
2893 5773 3092 5828 usurpat
3111 5766 3466 5831 Chrysotstomns
3497 5768 3630 5818 ωηο
3646 5771 3812 5821 uomi-

2241 5823 2318 5874 κω
2342 5825 2390 5874 in
2414 5833 2648 5889 martyres
2661 5825 2922 5890 Aﬁgyptios,
2949 5823 3080 5877 'roin.
3105 5834 3156 5878 tt.
