4216 6486
281 445 388 505 δατ)

279 561 390 636 ρία.
431 559 592 628 Μέγα
643 557 742 629 μέν
770 556 876 631 γὰρ
924 558 1088 613 αὐτοῦ
1142 558 1233 611 καὶ
1270 556 1331 611 :6
1380 557 1477 627 τῆς
1511 557 1865 628 σωφροσύνης

274 646 633 718 κατόρθωμα,
658 646 747 699 ὅτε
766 647 867 715 τῆς
892 646 1027 714 Αίγυ
1037 645 1271 716 πτιακῆς
1293 643 1591 707 ἀκολασίας
1621 644 1869 716 περιεγέ-

273 750 413 797 νετο,
445 733 543 785 καὶ
570 732 670 804 τὴν
698 732 891 786 ἀθλίαν
917 734 1147 800 γυναῖκα
1186 731 1405 801 ἐκείνην
1443 731 1536 783 ἐπὶ
1562 731 1661 802 τὴν
1684 729 1867 783 ἄδικον

272 819 439 874 αὐτὸν
462 817 733 872 καλοῦσαν
758 805 974 887 ὁμιλίαν
1011 818 1386 891 διεκρούσατο⁸
1427 816 1542 871 ἀλλ’
1582 816 1681 887 οὐχ
1723 814 1870 869 οὕτω

275 908 423 977 μέγα
447 905 631 971 τοῦτο,
663 908 740 970 ὡς
769 906 837 960 τὰ
863 906 1183 977 παθήματα.
1238 907 1399 960 Ποῖον
1420 906 1529 976 γὰρ
1568 902 1865 974 ἐγκώμιον,

270 994 391 1047 είπέ
420 1011 535 1064 μοι,
563 994 626 1047 τὸ
657 992 731 1064 μὴ
785 992 1090 1063 μοιχεῦσαι,
1143 992 1279 1064 μηδέ
1308 991 1590 1062 ἀλλότριον
1623 989 1868 1061 διορύξαι

270 1080 475 1149 γάμον,
520 1080 656 1151 μηδέ
699 1080 888 1149 μιᾶναι
938 1077 1099 1149 εὐνὴν
1150 1078 1450 1149 οὐδαμόθεν
1498 1076 1647 1147 αὐτῷ
1692 1092 1867 1147 προσ-

268 1168 539 1234 ήκουσαν,
598 1165 733 1236 μηδὲ
762 1165 1016 1235 ἀδικῆσαι
1073 1165 1163 1217 τὸν
1218 1166 1679 1235 εὐεργετήσαντα,
1729 1163 1868 1234 μηδέ

271 1254 508 1326 αἰσχύνῃ
536 1254 848 1325 περιϐαλεῖν
871 1252 966 1306 τοῦ
1002 1254 1306 1320 προστάτου
1334 1253 1430 1323 τὴν
1457 1252 1669 1317 οίκίαν;
1705 1251 1868 1304 Ἀλλὰ

268 1340 331 1392 :6
370 1341 605 1410 ποιῆσαν
628 1340 793 1393 αὐτὸν
829 1341 1002 1410 μέγαν
1029 1341 1203 1393 ἐκεῖνο
1228 1340 1465 1409 μάλιστά
1498 1340 1667 1404 ἐστιν,
1697 1338 1726 1389 6
1753 1338 1867 1391 xiv-

269 1425 446 1489 δυνος,
487 1430 521 1499 ἡ
556 1426 838 1497 ἐπιϐουλὴ,
869 1430 900 1498 ἡ
941 1428 1107 1497 μανία
1148 1427 1251 1497 τῆς
1296 1426 1671 1497 αἰχμαλώτου,
1709 1427 1744 1495 ἡ
1767 1428 1866 1478 ἐπ-

271 1512 561 1583 ενεχθεῖσα
591 1514 700 1584 βία,
726 1514 787 1567 :6
810 1515 1050 1583 ἄφυκτον
1076 1514 1446 1584 δεσμωτήριον
1466 1513 1560 1566 τοῦ
1600 1512 1863 1582 θαλάμου,

271 1603 412 1673 ὅπερ
444 1602 596 1672 αὐτῷ
651 1602 1055 1655 κατεσκεύασεν
1082 1603 1116 1671 ἡ
1154 1601 1424 1672 μοιχαλὶς,
1474 1601 1537 1654 τὰ
1583 1601 1795 1661 δίκτυα,
1830 1601 1866 1654 6

273 1690 611 1759 πανταχόθεν
640 1690 993 1751 ἀνεπέτασεν,
1016 1692 1047 1758 ὴ
1074 1689 1398 1760 κατηγορία,
1439 1691 1472 1758 ἡ
1510 1689 1863 1757 συκοφαντία,

270 1777 333 1829 :6
381 1776 779 1846 δεσμωτήριον,
825 1778 857 1846 ἡ
888 1767 1097 1838 ἅλυσις,
1134 1776 1193 1828 τὸ
1240 1776 1465 1846 μηδενὸς
1504 1776 1733 1844 τυχόντα
1755 1776 1865 1829 τῶν

270 1862 499 1916 δικαίων
528 1863 664 1933 μετά
687 1862 778 1915 τὸν
812 1863 1065 1915 τοσοῦτον
1100 1858 1281 1927 ἆθλον,
1321 1863 1461 1933 ὑπὲρ
1486 1854 1546 1915 οὗ
1572 1863 1867 1931 στεφανοῦ-

272 1949 396 2002 σθαι
437 1950 624 2019 ἐχρῆν,
662 1949 737 2011 ὡς
771 1948 1062 2001 κατάδικον
1094 1948 1189 2001 καὶ
1220 1948 1517 2003 ὑπεύθυνον
1538 1950 1630 2003 ἐπὶ
1649 1950 1710 2003 :6
1735 1950 1865 2020 ὀχύ-

276 2054 437 2107 ρωμα
482 2037 731 2105 ἄγεσθαι,
761 2038 856 2090 καὶ⁸
890 2037 1027 2106 μετά
1066 2036 1174 2089 τῶν
1208 2037 1279 2090 τά
1315 2037 1516 2107 ἔσχατα
1548 2039 1866 2109 ἡμαρτηκό-

268 2140 379 2175 των
410 2123 849 2185 κατακλείεσθαι,
888 2126 916 2176 6
942 2123 1171 2193 αὐχμὸς,
1212 2122 1273 2175 τὸ
1303 2123 1564 2196 σιδήριον,
1591 2126 1622 2195 ὴ
1657 2124 1749 2177 τοῦ
1780 2126 1865 2178 δε-

272 2211 590 2284 σμωτηρίου
631 2210 994 2281 ταλαιπωρία.
1037 2211 1169 2264 Τότε
1214 2212 1377 2266 αὐτὸν
1423 2212 1533 2283 ὁρῶ
1580 2213 1865 2283 λάμποντα

272 2297 560 2368 μειζόνως,
590 2299 624 2366 ἢ
660 2298 747 2350 ὅτε
785 2298 879 2350 ἐπὶ
904 2296 998 2350 τοῦ
1029 2297 1220 2369 θρόνου
1251 2298 1351 2368 τῆς
1387 2297 1663 2366 Αἰγύπτου
1728 2300 1863 2353 καθ-

270 2386 474 2455 ήμενος
492 2385 585 2439 τὸν
602 2388 747 2440 σῖτον
779 2386 992 2456 διένεμε
1022 2389 1134 2450 τοῖς
1162 2386 1457 2456 δεομένοις,
1473 2387 1567 2439 καὶ
1594 2387 1685 2440 τὸν
1706 2388 1863 2459 λιμὸν

268 2472 413 2535 ἔλυε,
435 2474 531 2525 καὶ
570 2473 748 2536 κοινὸς
776 2471 939 2543 λιμὴν
970 2473 1173 2526 ἅπασιν
1197 2474 1425 2541 ἐγίνετο.
1461 2473 1594 2526 Τότε
1620 2474 1734 2543 δρῶ
1762 2475 1861 2527 αύ-

248 2561 360 2625 τδν
389 2561 634 2630 φαιδρὸν,
660 2562 747 2615 ὅτε
774 2561 923 2631 αὐτῷ
951 2563 1009 2615 αί
1035 2562 1191 2615 πέδαι
1225 2562 1318 2615 καὶ
1342 2561 1653 2633 χειροπέδαι
1707 2579 1863 2636 περι-

269 2648 550 2720 έκειντο,ἣ
585 2651 673 2703 ὅτε
695 2652 752 2702 ἐν
786 2650 1021 2720 ἱματίοις
1058 2651 1328 2721 λαμπροῖς
1345 2649 1443 2721 τὴν
1472 2649 1743 2719 τοσαύτην
1771 2651 1860 2703 δυ-

269 2736 531 2789 ναστείαν
561 2734 973 2807 περιεϐέϐλητο.
1015 2738 1075 2787 '0
1106 2737 1203 2807 μὲν
1233 2737 1340 2805 γὰρ
1380 2736 1766 2806 πραγματείας
1792 2734 1860 2808 ἦν

271 2822 464 2894 καιρὸς
486 2834 580 2876 και
606 2824 869 2894 ἐμπορίας
898 2823 1117 2893 πολλῆς,
1170 2825 1199 2875 ό
1230 2824 1324 2876 τοῦ
1364 2822 1739 2893 δεσμωτηρίου
1774 2823 1862 2877 λέ-

270 2925 376 2978 γω⁶
404 2912 433 2962 6
461 2909 517 2962 δέ
547 2912 758 2981 τρυφῆς
785 2910 877 2963 καὶ
908 2910 1147 2971 ἀνέσεως
1178 2908 1272 2962 καὶ
1304 2909 1488 2979 τιμῆς,
1519 2910 1717 2982 πολλὴν
1763 2912 1861 2981 μὲν

269 2996 411 3065 ἔχων
444 2995 543 3066 τὴν
560 2996 771 3065 ἡδονὴν,
804 2996 865 3048 06
895 2995 1027 3049 πολὺ
1068 2996 1203 3047 δὲτὸ
1233 2996 1442 3066 κέρδος.
1468 2996 1567 3049 Διὰ
1592 2995 1751 3050 τοῦτο
1771 2998 1858 3050 06-

268 3081 324 3135 δὲ
358 3082 534 3145 οὕτως
556 3082 716 3136 αὐτὸν
735 3083 1021 3154 μακαρίζω
1042 3081 1350 3153 τιμώμενον
1376 3082 1479 3135 ὑπὸ
1510 3082 1603 3135 τοῦ
1636 3084 1859 3154 πατρὸς,

270 3170 348 3233 ὡς
387 3169 750 3240 φθονούμενον
782 3172 887 3224 ὑπὸ
917 3171 1023 3223 τῶν
1058 3170 1324 3239 ἀδελφῶν,
1361 3173 1455 3224 καὶ
1492 3170 1643 3243 [564]
1684 3174 1861 3227 συνοί-

270 3276 399 3323 κους
425 3258 615 3328 έχοντα
646 3262 771 3323 τοὺς
792 3259 1101 3327 πολεμίους.
1136 3260 1245 3313 Καὶ
1280 3260 1388 3330 γὰρ
1417 3262 1482 3313 ἐκ
1512 3260 1738 3333 πρώτης
1756 3263 1865 3333 ηλι-

269 3348 397 3411 κίας
412 3346 625 3401 οἴκοθεν
642 3347 876 3419 χαλεπὸς
902 3347 1051 3418 αὐτῷ
1074 3348 1451 3420 ἀνερριπίζετο
1483 3349 1739 3419 πόλεμος,
1756 3350 1863 3405 τῶν

269 3435 658 3505 πολεμούντων
686 3435 936 3503 ἐγκαλεῖν
966 3435 1066 3504 μέν
1092 3434 1323 3505 ἐχόντων
1350 3435 1522 3502 οὐδὲν,
1546 3436 1865 3507 τηκομένων

269 3519 325 3571 δὲ
380 3521 478 3573 καὶ
511 3520 996 3592 διαρρηγνυμένων
1031 3520 1121 3574 διὰ
1168 3521 1230 3574 :6
1275 3520 1518 3585 πλείονος
1569 3523 1865 3577 ἀπολαύειν

270 3607 434 3658 αὐτὸν
464 3606 620 3678 παρὰ
643 3607 736 3661 τοῦ
765 3607 970 3678 πατρὸς
990 3606 1304 3671 διαθέσεως.
1332 3609 1525 3661 Καίτοι
1563 3626 1625 3676 γε
1655 3612 1716 3663 τὸ
1742 3610 1866 3680 φίλ-

268 3710 397 3763 τρον
420 3696 449 3746 6
474 3694 773 3764 νομοθέτης
813 3696 1019 3767 Μωσῆς
1054 3697 1153 3749 οὐκ
1191 3695 1393 3767 ἔφησεν
1424 3697 1484 3761 ἐξ
1520 3698 1721 3769 ἀρετῆς
1770 3699 1864 3753 τοῦ

270 3782 465 3845 παιδὸς
510 3781 655 3852 ἔχειν
705 3783 805 3854 τὴν
854 3782 1049 3854 ἀρχὴν.
1088 3781 1202 3836 ἀλλ’
1238 3782 1347 3837 ἀπὸ
1385 3781 1480 3836 τοῦ
1527 3782 1717 3855 καιροῦ
1756 3785 1866 3838 τῶν

268 3868 500 3923 ώδίνων.
552 3869 770 3941 Ἐπειδὴ
812 3870 920 3941 γὰρ
964 3869 1190 3941 ὕστερον
1230 3869 1339 3923 τῶν
1384 3871 1559 3926 ἄλλων
1593 3884 1618 3912 ι
1646 3873 1864 3945 ἐτέχθη,

272 3956 369 4009 καὶ
396 3957 457 4007 ἐν
511 3956 727 4027 ἐσχάτῳ
771 3957 919 4027 γήρᾳ
950 3956 1198 4026 (ποθεινὰ
1227 3956 1281 4010 δὲ
1311 3958 1382 4010 τὰ
1407 3956 1628 4012 τοιαῦτα
1658 3960 1866 4024 παιδία,

270 4042 368 4096 ἅτε
422 4042 554 4113 παρ’
604 4042 794 4096 ἐλπίδα
844 4041 1215 4115 γεννώμενα),
1271 4044 1362 4097 διὰ
1403 4045 1562 4099 τοῦτο
1610 4046 1862 4115 ἐφιλεῖτο.

284 4128 511 4198 Ὴγάπα
539 4129 651 4198 γὰρ
669 4129 858 4184 αὑτὸν
875 4132 909 4184 ό
940 4129 1158 4199 πατὴρ,
1179 4132 1365 4201 φησὶν,
1400 4132 1489 4186 ὅτι
1516 4133 1647 4200 υίὸς
1674 4134 1867 4204 γήρως

272 4210 353 4285 ἦν
370 4214 553 4280 αὐτῷ.
1228 4227 1229 4231 ‘

346 4302 438 4357 ια’.
464 4303 647 4356 Ταῦτα
670 4303 727 4356 δέ
748 4303 776 4355 6
798 4304 1095 4376 νομοθέτης
1112 4304 1369 4375 ἔγραψεν,
1393 4307 1469 4370 ὼς
1488 4306 1661 4377 έγωγε
1688 4302 1865 4380 οἴμαι,

275 4391 337 4443 06
362 4389 423 4442 :6
438 4390 499 4441 ὃν
521 4388 893 4460 διηγούμενος,
918 4390 1054 4444 ἀλλὰ
1072 4391 1166 4445 τοῦ
1203 4394 1405 4464 πατρὸς
1421 4394 1519 4465 τὴν
1551 4396 1749 4465 σκῆψιν
1772 4398 1868 4450 καὶ

275 4477 375 4546 τὴν
435 4477 734 4547 πρόφασιν.
788 4478 1007 4550 Ἐπειδὴ
1061 4479 1169 4550 γάρ
1219 4479 1367 4551 ἐώρα
1403 4480 1765 4552 φθονούμενον
1809 4484 1870 4537 :6

282 4565 591 4635 μειράκιον,
636 4564 1137 4635 παραμυθήσασθαι
1175 4567 1235 4619 :6
1277 4566 1449 4629 πάθος
1485 4568 1595 4621 τῶν
1626 4569 1869 4639 ἀδελφῶν

281 4652 628 4722 βουλόμενος,
647 4651 882 4703 ἔπλασεν
911 4652 1131 4723 ἀγάπης
1152 4653 1331 4707 αἰτίαν
1359 4654 1420 4707 οὐ
1455 4655 1622 4708 πολὺν
1650 4658 1871 4711 τίκτου-

281 4756 382 4794 σαν
423 4741 575 4809 αὐτῷ
627 4741 717 4794 τὸν
744 4742 957 4810 φθόνον.
1012 4743 1135 4795 Ὅτι
1164 4743 1272 4813 γὰρ
1319 4744 1375 4796 οὐ
1410 4744 1566 4798 τοῦτο
1597 4747 1770 4800 αἴτιον
1802 4744 1870 4818 ῆν

278 4828 376 4881 τοῦ
423 4827 671 4900 φίλτρου,
716 4828 851 4882 ἀλλά
885 4830 918 4897 ή
966 4828 1289 4899 ἀκμάζουσα
1337 4830 1435 4901 τῆς
1464 4831 1642 4903 ψυχῆς
1675 4836 1868 4905 ἀρετὴ,

282 4918 378 4968 καὶ
425 4916 525 4985 τῆς
581 4916 797 4987 ἡλικίας
845 4917 1184 4987 ἀκμαιοτέρα
1231 4914 1398 4981 οὖσα,
1458 4920 1613 4990 δῆλον
1663 4924 1726 4975 ἐκ
1777 4923 1871 4977 τοῦ

284 5001 572 5071 Βενιαμίν.
631 5002 689 5055 Εἰ
717 5002 824 5075 769
858 5003 947 5055 διὰ
980 5002 1138 5056 τοῦτο
1172 5005 1377 5068 ἐκεῖνος
1407 5008 1660 5076 ἐφιλεῖτο,
1692 5009 1871 5080 πολλῷ

287 5090 490 5159 μᾶλλον
530 5089 621 5142 τὸν
663 5090 925 5163 νεώτερον
960 5090 1122 5143 αὐτοῦ
1178 5092 1449 5160 φιλεῖσθαι
1488 5096 1676 5166 ἐχρῆν.
1718 5096 1874 5149 Μετὰ

285 5182 395 5251 γὰρ
418 5181 510 5233 τὸν
533 5181 732 5250 Ἰωσὴφ
762 5184 965 5244 ἐκεῖνος
994 5182 1209 5253 ἐτέχθη,
1240 5183 1334 5236 καὶ
1358 5177 1514 5247 οὗτος
1544 5185 1744 5255 μᾶλλον
1760 5186 1873 5252 υίὸς

286 5268 479 5338 γήρως
508 5264 577 5339 ἦν
606 5268 773 5339 αὐτῷ.
823 5269 984 5333 Ἀλλ’,
1018 5272 1158 5341 ὅπερ
1176 5269 1333 5341 ἔφην,
1363 5270 1457 5323 τοῦ
1492 5274 1696 5343 πατρὸς
1719 5268 1787 5341 ἦν
1814 5274 1875 5326 τὸ

290 5355 538 5425 πλάσμα,
571 5356 897 5426 βουλομένου
943 5358 1245 5412 καταλῦσαι
1280 5360 1370 5410 τὸν
1404 5359 1688 5428 ἀδελφικὸν
1717 5361 1876 5414 πόλε-

293 5461 414 5514 μον
442 5444 557 5497 ἀλλ’
587 5444 709 5496 οὐδέ
737 5445 909 5509 οὕτως
936 5448 1175 5515 ἴσχυσεν,
1213 5445 1325 5498 ἀλλ’
1353 5446 1630 5511 ἐξεκαίετο
1655 5450 1878 5520 σφοδρο-

288 5535 423 5602 τέρα
453 5532 488 5602 ἡ
532 5530 685 5602 φλόξ.
713 5532 821 5585 Καὶ
849 5533 1034 5603 ἐπειδὴ
1068 5532 1218 5587 οὐδὲν
1253 5535 1433 5603 ἴσχυον
1466 5535 1687 5605 ποιῆσαι
1718 5537 1874 5600 τέως,

292 5620 645 5698 κατῆυιτκαν
669 5618 817 5689 αὐτῷ
847 5620 1014 5689 ψόγον
1044 5621 1297 5690 πονηρὸν,
1330 5624 1531 5693 αἰσχρᾷ
1558 5624 1878 5692 περιέϐαλον

293 5708 464 5781 αἰτίᾳ,
496 5708 596 5779 τὴν
626 5709 900 5781 βάρϐαρον
926 5712 1160 5771 γυναῖκα
1197 5712 1611 5782 προφθάσαντες
1650 5715 1697 5767 οἱ
1723 5713 1870 5768 ἀδελ-

358 5880 388 5913 ⁸
408 5876 563 5930 [idem
575 5892 695 5931 mss.
715 5881 913 5945 ὕστερος
929 5882 1024 5928 τῶν
1066 5880 1237 5928 ἄλλων.

1721 436 2108 494 EPISTOL/E.

3457 427 3564 486 535

1972 556 2083 625 φοὶ,
2116 556 2209 608 καὶ
2239 552 2418 624 πολλῴ
2450 554 2664 624 χείρους
2705 550 2962 621 φανέντες
2990 547 3180 618 αὐτῆς.
3221 546 3287 600 Ἦ
3324 544 3426 616 μέν
3456 549 3566 616 γὰρ

1970 652 2052 714 είς
2081 648 2386 720 ἀλλότριον,
2403 652 2452 702 οἱ
2482 649 2539 701 δέ
2564 649 2642 713 είς
2666 647 2897 716 ἀδελφὸν
2922 645 3163 713 ἐγίνοντο
3195 643 3439 714 πονηροί.
3454 640 3570 696 Καὶ

1966 746 2087 799 οὐδὲ
2113 744 2349 799 ἐνταῦθα
2380 743 2615 815 ἔστησαν
2648 744 2745 813 τῆς
2774 743 2989 805 κακίας*
3026 740 3143 794 ἀλλ’
3166 737 3571 808 ἐπηγωνίζοντο

1966 843 2079 903 τοῖς
2105 839 2397 911 προτέροις
2421 839 2530 902 ἀεὶ,
2559 839 2653 893 καὶ
2685 838 2943 902 λαϐόντες
2971 840 3132 906 μόνον
3151 835 3209 888 ἐν
3240 833 3448 906 ἐρημίᾳ
3473 832 3571 887 καὶ

1967 935 2229 1005 ἔσφαξαν,
2246 934 2343 990 καὶ
2354 934 2634 998 ἀπέδοντο,
2654 933 2752 987 καὶ
2762 932 2948 987 δοῦλον
2961 931 3076 985 ἀντ’
3092 928 3376 999 ἐλευθέρου
3387 928 3571 997 ἐποίη-

1969 1046 2093 1095 σαν,
2128 1029 2225 1084 καὶ
2257 1028 2503 1083 δουλείαν
2531 1030 2632 1101 τὴν
2664 1029 2903 1099 ἐσχάτην
2952 1028 3003 1081 ι).
3054 1024 3193 1080 Οὐτε
3233 1024 3342 1095 769
3368 1022 3571 1095 ὀμοφύ’

1958 1124 2082 1189 λοις
2120 1126 2286 1191 τισὶν,
2328 1124 2467 1179 ἀλλὰ
2507 1122 2808 1196 βαρϐάρρις
2858 1102 3301 1193 ἑτερογλώσσοις,
3334 1118 3569 1180 καὶτοῖς

1971 1222 2051 1285 είς
2074 1219 2352 1292 βάρϐαρον
2372 1219 2597 1274 ἀπιοῦσι
2626 1219 2811 1291 χώραν
2830 1217 3103 1284 ἐξέδωκαν
3140 1215 3231 1269 τὸν
3258 1212 3509 1282 ἀδελφόν·
3537 1213 3569 1265 6

1964 1314 2021 1369 δέ
2071 1315 2205 1378 Θεὸς
2249 1314 2631 1386 λαμπρότερον
2688 1313 2853 1366 αὐτὸν
2914 1310 3108 1370 ποιῶν.
3160 1308 3407 1379 ἠνείχετο
3456 1305 3568 1360 τῶν

1964 1411 2286 1481 γινομένων,
2316 1411 2413 1463 καὶ
2444 1408 2845 1481 ἐμακροθύμει,
2874 1406 3139 1461 κινδύνων
3162 1402 3441 1464 κινδύνους
3460 1401 3569 1454 δια-

1962 1504 2288 1576 δεχομένων.
2325 1504 2486 1560 Μετὰ
2536 1504 2647 1575 γὰρ
2702 1503 2795 1557 τδν
2830 1502 3025 1571 φθόνον
3074 1502 3170 1554 καὶ
3204 1499 3301 1571 τὴν
3331 1498 3567 1570 αίσχράν

1963 1600 2215 1671 διαϐολὴν
2241 1604 2423 1673 σφαγῇ
2444 1600 2808 1670 παρέδωκαν,
2836 1598 2929 1651 καὶ
2974 1596 3193 1667 δουλεία
3226 1594 3441 1664 σφαγῆς
3465 1610 3566 1664 χα-

1964 1694 2267 1765 λεπωτέρᾳ.
2304 1696 2551 1766 Μῖνι-γάρ
2584 1712 2674 1765 μοι
2716 1693 3088 1764 παραδράμῃς
3124 1691 3311 1754 ἀπλῶς
3332 1690 3392 1743 τὸ
3413 1690 3567 1760 εἰρη-

1968 1791 2145 1861 μένον·
2172 1790 2287 1844 ἀλλ’
2317 1790 2571 1861 ἐννόησον
2605 1789 2791 1861 ἡλίκον
2811 1785 2879 1859 ἦν
2908 1786 3193 1859 μειράκιον
3222 1784 3461 1852 εὐγενὲς,
3508 1784 3568 1836 ἐν

1963 1889 2110 1959 οίκίᾳ
2141 1891 2379 1961 πατρικῇ
2404 1887 2613 1959 τραφὲν
2642 1886 2781 1958 μετὰ
2812 1886 3125 1957 ἐλευθερίας
3153 1885 3393 1951 ἀπάσης,
3428 1880 3569 1952 μετὰ

1962 1984 2185 2053 ἀγάπης
2210 1983 2421 2055 πατρὸς
2454 1983 2747 2053 τοσαύτης,
2767 1981 2965 2053 ἀθρόον
2984 1981 3089 2033 ὑπὸ
3110 1979 3354 2047 ἀδελφῶν
3384 1978 3566 2046 ἀπεμ-

1964 2079 2286 2151 ποληθῆναι,
2323 2079 2478 2133 οὐδὲν
2527 2080 2761 2149 ἐχόντων
2791 2075 3069 2145 ἐγκαλεῖν,
3120 2074 3217 2127 καὶ
3267 2071 3569 2144 βαρϐάροις

1961 2180 2248 2251 ἐκδοθῆναι
2271 2176 2718 2250 ἑτερογλώσσοις,
2754 2178 2853 2231 καὶ
2882 2176 3072 2247 ῆθεσιν
3103 2173 3437 2239 ἀλλοκότοις,
3472 2168 3570 2224 καὶ

1961 2280 2309 2352 αὐτοθηρίοις
2363 2279 2585 2351 μᾶλλον,
2620 2277 2653 2348 ἢ
2695 2275 3027 2349 ἀνθρὼποις’
3089 2273 3185 2328 καὶ
3234 2271 3447 2335 ἄπολιν,
3471 2269 3570 2323 καὶ

1963 2381 2328 2451 μετανάστην,
2382 2381 2478 2433 x61
2508 2378 2750 2447 οίκέτην,
2811 2376 2905 2429 καὶ
2942 2375 3092 2439 ξένον
3135 2373 3247 2428 ἀντ’
3278 2369 3568 2441 ἐλευθέρου

1961 2470 2058 2533 καὶ
2088 2479 2305 2533 πολίτου
2340 2478 2618 2547 γενέσθαι,
2643 2479 2737 2531 καὶ
2768 2476 3037 2546 τοσαύτης
3064 2473 3448 2529 ἀπολαύσαντα
3468 2470 3568 2555 τῆς

1960 2582 2284 2654 εὐημερίας,
2325 2581 2465 2652 πρὸς
2507 2578 2607 2651 τὴν
2663 2580 2901 2650 ἐσχάτην
2945 2576 3342 2648 κατενεχθῆναι
3381 2574 3579 2627 ταλαιῆ

1962 2683 2177 2752 πωρίαν
2209 2681 2456 2745 δουλείας
2486 2680 2631 2751 ἀήθη
2667 2678 2798 2732 δντα
2828 2678 2947 2749 μεθ’
2989 2675 3297 2749 ὑπερϐολῆς
3321 2672 3568 2744 ἀπάσης,

1966 2781 2117 2855 [565]
2153 2783 2244 2836 καὶ
2301 2780 2669 2852 πικροτάτους
2726 2778 2915 2833 λαϐεῖν
2962 2777 3255 2839 δεσπότας,
3302 2772 3569 2844 καὶπρὸς

1961 2886 2249 2957 ἀλλοτρίαν
2278 2884 2373 2937 καὶ
2413 2883 2688 2955 βάρϐαρον
2752 2879 3146 2952 μετενεχθῆναι
3179 2890 3201 2917 ο
3258 2877 3380 2947 γῆν.
3426 2873 3568 2929 Ἀλλ’

1967 2988 2090 3041 οὐδέ
2115 2986 2351 3041 ἐνταῦθα
2385 2986 2573 3039 ἵστατο
2618 2985 2687 3037 τὰ
2715 2984 2885 3045 δεινὰ,
2932 2982 3047 3035 ἀλλ’
3083 2979 3370 3035 ἐπιϐουλαὶ
3400 2979 3568 3043 πάλιν

1962 3088 2255 3153 ἐπιϐουλὰς
2291 3087 2589 3157 διεδέχοντο
2614 3086 2752 3152 μετὰ
2781 3084 2852 3137 τὰ
2877 3083 3131 3152 ὀνείρατα
3162 3083 3344 3134 ἐκεῖνα
3359 3080 3429 3134 τὰ
3445 3079 3570 3134 θαυο

1970 3188 2152 3259 μαστὰ
2202 3188 2297 3241 καὶ
2338 3187 2439 3259 τὴν
2495 3185 2605 3239 τῶν
2659 3184 2908 3253 ἀδελφῶν
2964 3182 3134 3237 αὐτοῦ
3192 3180 3571 3251 προσκύνησιν

1964 3288 2484 3361 πρωναφωνοῦντα.
2512 3287 2785 3349 Λαϐόντες
2820 3284 2929 3355 γὰρ
2955 3283 3119 3337 αὐτὸν
3146 3276 3291 3337 οὗτοι
3316 3283 3366 3334 οί
3406 3281 3575 3351 ἐμπο-

1968 3407 2051 3461 ροι
2097 3389 2159 3441 06
2198 3388 2487 3457 κατέσχον,
2541 3385 2657 3439 ἀλλ’
2696 3386 2905 3456 ἐτέροις
2942 3384 3105 3436 αὐτὸν
3136 3382 3300 3436 πάλιν
3328 3382 3571 3453 χείροσιν

1965 3488 2226 3543 ἀπέδοντο
2252 3486 2570 3559 βαρϐάροις.
2608 3480 2782 3537 Οἶσθα
2825 3483 2882 3536 δέ
2917 3482 3104 3552 ἡλίκον
3138 3479 3298 3533 τοῦτο
3320 3483 3400 3543 είς
3426 3495 3570 3550 συμ-

1968 3589 2141 3657 φορᾶς
2157 3587 2336 3655 λόγον,
2358 3586 2419 3639 τὸ
2442 3584 2709 3647 δεσπότας
2737 3581 3013 3643 τοιούτους
3044 3582 3107 3633 ἐκ
3136 3564 3393 3632 τοιούτων
3408 3576 3571 3648 ἀμεί-

1967 3690 2104 3742 ϐειν.
2158 3687 2331 3741 Τοῦτο
2369 3687 2479 3759 γὰρ
2523 3686 2938 3756 δυσκολωτέραν
2989 3686 3133 3737 ποιεῖ
3172 3683 3273 3752 τὴν
3305 3680 3565 3744 δουλείαν,

1965 3789 2094 3842 ὃταν
2122 3790 2217 3842 καὶ
2237 3789 2381 3854 ξένοι
2420 3786 2581 3841 πάλιν
2614 3788 2665 3840 οί
2701 3787 2992 3856 ντώμενοι,
3028 3782 3123 3838 καὶ
3149 3782 3256 3837 τῶν
3285 3783 3571 3855 προτέρων

1964 3888 2065 3945 ῶσι
2087 3888 2478 3961 χαλεπώτεροι.
2509 3888 2620 3941 K61
2660 3887 2873 3957 γίνεται
2924 3888 2984 3939 ἐν
3026 3885 3290 3955 Αἰγύπτῳ
3340 3886 3407 3955 τῇ
3449 3882 3572 3937 θεο-

1973 3991 2130 4061 μάχῳ
2163 3988 2287 4042 τότε
2317 3987 2505 4059 ἐκείνῃ
2533 3988 2629 4040 καὶ
2657 3986 2980 4059 μαινομένῃ,
3004 3986 3127 4039 ὅθεν
3157 3984 3225 4038 τὰ
3240 3982 3573 4053 ἀναίσχυντα

1965 4088 2231 4157 στόματα,
2263 4085 2388 4141 ὃθεν
2415 4088 2472 4141 αί
2510 4086 2822 4157 βλάσφημοι
2839 4085 3085 4156 γλῶσσαι
3116 4085 3167 4139 ά.
3202 4084 3314 4138 Καὶ
3342 4083 3554 4152 γίνεται

1971 4189 2100 4259 παρ’
2132 4187 2476 4257 Αἰγυπτίοις,
2506 4182 2581 4243 ὧν
2608 4187 2704 4241 καὶ
2736 4181 2817 4251 εἷς
2846 4187 3050 4259 ῆρκεσε
3088 4177 3251 4255 μόνος
3275 4182 3367 4236 τὸν
3397 4182 3572 4254 μέγαν

1972 4290 2212 4345 Μωῦσέα
2233 4289 2515 4360 δραπέτην
2550 4289 2645 4342 καὶ
2673 4287 2891 4359 φυγάδα
2924 4288 3170 4357 ποιῆσαι.
3213 4284 3324 4336 K61
3379 4283 3569 4355 ἐπειδὴ

1975 4389 2170 4461 μικρὸν
2204 4389 2535 4442 ἀνέπνευσεν
2574 4388 2709 4451 ἐκεῖ,
2738 4387 2834 4441 τοῦ
2870 4386 3256 4457 φιλανθρώπου
3292 4384 3450 4448 Θεοῦ,
3474 4383 3569 4439 τοῦ

1968 4492 2038 4545 τὰ
2090 4490 2369 4561 παράδοξα
2419 4489 2854 4561 οἰκονομοῦντος,
2912 4488 3005 4541 τὸν
3046 4488 3239 4558 ἄγριον
3286 4487 3429 4557 θῆρα
3477 4486 3570 4539 τὸν

1970 4592 2320 4663 ὠνησάμενον
2360 4591 2523 4644 αὐτὸν
2552 4592 2879 4661 ποιήσαντος
2907 4589 3203 4661 πρόϐατον,
3232 4589 3435 4651 εὐθέως
3467 4588 3569 4640 αύ-

1971 4693 2051 4763 τῷ
2082 4693 2383 4763 σκάμματα
2413 4690 2855 4762 παρεσκευάζετο
2885 4690 3069 4754 πάλιν,
3101 4691 3196 4744 καὶ
3228 4688 3571 4751 στάδιον,καὶ

1974 4792 2350 4862 παλαίσματα,
2402 4791 2496 4845 x61
2540 4792 2773 4858 ἀγῶνες,
2829 4790 2923 4844 καὶ
2955 4789 3177 4861 ἱδρῶτες
3222 4788 3571 4858 σφοδρότεροι

1973 4894 2083 4947 τῶν
2107 4893 2411 4965 προτέρων,
2458 4890 2662 4945 ἰδοῦσα
2696 4891 2807 4961 γάρ
2838 4892 3003 4944 αὐτὸν
3045 4891 3250 4953 ἀδίκοις
3269 4889 3569 4960 ὀφθαλμοῖς

1976 4994 2009 5063 η
2033 4993 2368 5063 κεκτημένη,
2398 4964 2492 5045 καὶ
2521 4991 2599 5062 τῷ
2630 4991 2817 5045 κάλλει
2850 4991 2953 5061 τῆς
2974 4991 3150 5061 ὅψεως
3176 4989 3339 5045 αὐτοῦ
3374 5004 3571 5062 χειρω-

1974 5092 2148 5158 θεῖσα,
2171 5094 2266 5145 καὶ
2299 5091 2440 5146 κατά
2466 5092 2665 5163 κράτος
2695 5092 2899 5146 ἀλοῦσα
2932 5092 3012 5162 τῷ
3034 5092 3217 5153 πάθει,
3242 5091 3427 5145 λέαινα
3451 5093 3571 5145 ἀντὶ

1976 5192 2235 5263 γυναικὸς
2272 5192 2378 5245 61:6
2418 5192 2520 5262 τῆς
2560 5192 2858 5246 ἀκολάστου
2894 5192 3098 5261 ταύτης
3128 5191 3424 5262 ἐπιθυμίας
3450 5191 3572 5259 ἐγέ-

1976 5310 2117 5347 νετο.
2156 5294 2265 5345 K61
2312 5291 2477 5345 πάλιν
2528 5292 2776 5356 σύνοικος
2830 5294 2858 5346 6
2908 5293 3172 5363 πολέμιος
3222 5288 3289 5363 ἦν
3322 5290 3571 5346 ἐναντίαν

1975 5394 2089 5456 τοῖς
2121 5393 2409 5464 προτέροις
2462 5392 2561 5463 τὴν
2608 5392 2863 5445 ὑπόθεσιν
2903 5392 3059 5461 ἔχων·
3098 5393 3294 5444 ἐκεῖνοι
3343 5390 3449 5460 γάρ
3484 5409 3573 5461 μι-

1980 5491 2197 5556 σοῦντες
2232 5492 2395 5545 αὐτὸν
2446 5493 2543 5563 τῆς
2570 5494 2750 5555 οἰκίας
2812 5491 3087 5556 ἐξέϐαλονο
3123 5490 3261 5563 αὓτη
3305 5491 3360 5544 δέ
3391 5491 3572 5562 ἐρῶσα

2038 5634 2067 5714 ξ
2271 5636 2352 5714 καὶ
2373 5634 2554 5714 δούλων
2576 5634 2790 5683 δουλείαν
2812 5635 2898 5692 τὴν
2916 5631 3206 5698 πικροτάτην
3229 5633 3475 5691 ἐποίησαν.

2045 5699 2068 5727 ο
2093 5696 2244 5745 Iidem
2267 5697 2596 5759 ἀπενεχθῆναι.
3009 5696 3015 5698 '

2042 5756 2164 5832 ing.
2208 5758 2390 5832 ῌριῃη.
2438 5771 2489 5805 In
2508 5762 2774 5832 _maﬁrtyrgs
2810 5756 3070 5832 Αζεεχρὶίοε
3122 5756 3275 5827 (ἱιιίι.)
3325 5751 3570 5832 Τοηξᾞίί,

1980 5833 2029 5893 p1
2174 5840 2184 5868 :
2212 5820 2450 5891 Αἰγύπτου
2467 5825 2556 5894 ,τῇς
2596 5818 2835 5894 θεομάχου
2857 5816 2950 5866 καί
2980 5816 3327 5894 μανικωτῶης,
3364 5816 3445 5865 καί
3468 5816 3569 5865 ὅθεν

1979 5882 2040 5928 τὰ
2066 5882 2180 5930 ἄθεα
2203 5882 2438 5943 στόματα,
2463 5882 2566 5929 ὅθεν
2589 5884 2636 5928 αί
2663 5882 2933 5944 βλάσφημοι
2952 5882 3187 5941 γλῶσσαι.
