4172 6484
259 411 362 467 535

255 537 451 589 censa;
494 529 550 577 et
575 518 787 591 quidem
821 517 1041 590 duplex,
1073 517 1182 571 imo
1209 513 1420 585 triplex,
1462 527 1526 568 ac
1566 511 1843 581 multiplex

257 615 359 670 hoc.
395 612 596 668 bellum
637 619 772 668 erat.
801 608 988 680 Neque
1012 607 1157 664 enim
1185 606 1309 677 quia
1340 604 1474 660 retia
1515 601 1656 658 saltu
1681 617 1845 671 supe-

257 709 414 772 ravit,
462 722 528 763 ac
552 707 700 762 brevi
729 704 994 775 temporis
1036 710 1235 773 puncto
1278 700 1526 769 laqueum
1569 696 1843 758 dissecuit,

255 800 454 855 idcirco
502 813 625 854 eum
671 797 774 853 hoc
817 806 1091 852 certamen
1141 793 1259 848 sine
1321 789 1507 845 labore
1550 786 1846 843 confecisse

253 891 533 946 existimes
581 907 595 944 :
642 887 907 959 siquidem
960 889 1227 956 ingentem
1277 879 1532 937 sudorem
1580 879 1631 933 itt
1678 892 1742 934 ea
1789 892 1848 931 re

253 983 438 1038 subiit.

328 1073 422 1128 η.
464 1075 541 1128 Ac
565 1073 610 1128 si
647 1071 702 1127 id
742 1071 1025 1142 perspicue
1051 1068 1190 1124 scire
1215 1064 1309 1121 tibi
1336 1063 1486 1119 cordi
1514 1070 1618 1126 est,
1643 1061 1846 1130 cogites

253 1167 412 1222 velim
451 1163 749 1236 cujusmMi
788 1178 878 1218 res
906 1163 976 1217 sit
996 1161 1270 1230 juventus,
1297 1171 1360 1212 ac
1384 1153 1682 1227 juventutis
1723 1152 1842 1208 ﬂos.

252 1258 382 1314 Nam
424 1267 538 1312 tm
580 1255 634 1312 in
665 1256 782 1326 ipso
806 1252 1103 1324 juventutis
1128 1249 1258 1305 ﬂore
1286 1258 1438 1304 erat:
1469 1260 1576 1317 quo
1606 1254 1847 1314 tempore

253 1347 428 1404 acrior
453 1356 658 1403 natura
685 1346 900 1400 ﬂamma
926 1343 1216 1407 excitatur,
1253 1355 1360 1410 quo
1396 1339 1582 1408 ingens
1612 1335 1846 1390 libidinis

255 1433 565 1509 tempestas,
609 1451 716 1508 quo
759 1435 990 1504 denique
1036 1442 1280 1503 tempore
1331 1426 1650 1484 imbecillior
1686 1426 1842 1481 ratio.

253 1530 514 1586 Juvenum
551 1529 690 1584 enim
720 1525 888 1580 animi
931 1539 1037 1579 non
1066 1521 1354 1578 admodum
1382 1533 1578 1588 magno
1606 1517 1843 1588 pruden-

254 1626 337 1680 ti:c
382 1622 638 1694 praesidio
677 1620 1008 1686 muniuntur,
1034 1632 1136 1674 nec
1179 1631 1430 1687 magnum
1479 1613 1688 1669 virtutis
1725 1621 1844 1668 stu-

252 1716 397 1772 dium
422 1722 616 1785 gerunt
643 1730 656 1766 :
689 1727 873 1769 verum
903 1720 957 1766 et
985 1709 1267 1764 aﬂ'ectuum
1302 1719 1589 1777 tempesus
1614 1705 1846 1760 atrocior

253 1816 350 1871 est,
379 1815 438 1861 et
477 1805 634 1869 ratio,
656 1819 778 1875 quae
805 1817 898 1859 eas
924 1801 1188 1872 gubernat
1229 1814 1293 1855 ac
1334 1797 1662 1863 moderatur,
1692 1796 1842 1852 infir-

254 1901 407 1954 mior.
441 1899 522 1953 Ad
553 1909 796 1952 naturam
823 1905 1002 1950 autem
1041 1903 1097 1948 et
1136 1902 1347 1948 aetatem
1389 1892 1517 1946 illttd
1559 1892 1718 1946 etiam
1751 1906 1840 1945 nc-

253 1991 495 2063 calebaot,
530 1991 672 2061 quod
718 1991 905 2060 ingens
940 1987 1184 2043 mulieris
1222 1985 1548 2055 impudicitia
1594 1995 1729 2040 erat.
1777 1985 1844 2039 Et

254 2083 386 2139 sicut
412 2081 647 2138 Persica:
679 2080 783 2135 illa;
807 2094 994 2134 manus
1020 2077 1401 2149 Babylonicam
1430 2075 1698 2131 fornacem
1725 2091 1844 2131 ma-

253 2188 354 2244 gae
395 2172 579 2229 studio
613 2169 1010 2236 accendebant,
1051 2169 1321 2237 copiosam
1374 2166 1483 2238 igni
1533 2167 1840 2222 alimoniam

252 2265 572 2336 pnebeutes,
617 2278 682 2320 ac
732 2263 908 2318 varios
947 2263 1176 2317 flammae
1206 2259 1420 2314 fomites
1459 2259 1841 2316 admoventes:

253 2358 440 2412 eodem
476 2370 694 2427 quoque
722 2353 882 2410 modo
912 2363 1039 2410 tunc
1077 2352 1265 2409 infelix
1309 2353 1396 2407 illa
1441 2360 1497 2408 et
1537 2367 1841 2408 terumnOSa

253 2448 445 2504 mulier
472 2447 740 2506 ﬂammam
769 2447 987 2502 fornace
1011 2444 1101 2501 illa
1138 2445 1440 2517 graviorem
1465 2459 1529 2500 ac
1570 2445 1840 2515 periculo-

253 2540 443 2594 siorem
484 2537 835 2597 accendebat.
868 2544 1135 2607 unguenta
1173 2535 1423 2591 nimirum
1472 2535 1645 2601 olens,
1671 2550 1839 2607 gena-

255 2646 368 2687 rum
393 2630 701 2702 pigmentis,
729 2631 1002 2686 oculorum
1039 2628 1278 2699 picturis,
1311 2628 1475 2684 fracta
1501 2640 1558 2685 et
1584 2641 1840 2686 enervata

253 2736 398 2789 voce,
430 2722 685 2784 motibus,
724 2721 1050 2791 ingressibus
1098 2721 1399 2789 lasciviens,
1431 2720 1577 2777 molli
1621 2721 1836 2789 vestitu,

252 2827 362 2868 auri
387 2813 614 2878 ambitu,
641 2827 705 2868 ac
746 2813 1012 2868 sexcentis
1053 2811 1170 2868 aliis
1208 2812 1450 2882 ejusdem
1478 2814 1692 2885 generis
1719 2814 1839 2872 ille-

253 2903 423 2960 cebris
450 2914 507 2959 et
535 2903 841 2973 itnpnsturis
868 2902 1262 2960 adolescentem
1283 2918 1313 2958 a
1341 2914 1520 2960 mente
1541 2905 1834 2962 deducens.

253 2994 319 3052 lt
339 2996 787 3066 quemadmodum
817 2995 1018 3067 peritus
1043 2995 1259 3066 quidam
1273 3009 1518 3061 venator,
1538 2998 1648 3052 fera
1678 3007 1838 3068 captu

252 3087 447 3144 difficili
494 3087 650 3158 potiri
678 3087 918 3152 studens,
950 3087 1128 3143 omnia
1171 3087 1303 3142 artis
1344 3088 1699 3144 instrumenta
1736 3089 1836 3145 ad-

253 3189 464 3234 movet:
497 3180 576 3234 sic
603 3179 737 3250 ipsa,
763 3178 978 3249 juvenis
1019 3178 1326 3249 pudicitiam
1369 3189 1702 3250 perspectam
1743 3180 1840 3236 ha-

253 3267 379 3323 bens
404 3267 422 3338 (
443 3281 546 3324 nec
568 3268 710 3324 enim
737 3282 800 3324 ea
837 3267 935 3337 ipsi
962 3276 1110 3324 tanto
1139 3278 1380 3339 tempore
1410 3270 1679 3340 incognita
1716 3287 1836 3330 esse

253 3358 528 3432 poterat),
570 3359 770 3430 ingenti
809 3358 911 3414 sibi
959 3358 1026 3415 ad
1067 3359 1320 3429 juvenem
1370 3360 1424 3415 in
1472 3363 1834 3432 captivitatem

254 3448 592 3519 redigendum
611 3458 869 3518 apponte
903 3463 1037 3520 epos
1061 3462 1184 3506 esse
1211 3449 1487 3520 judicavit,
1513 3452 1584 3508 ob
1610 3468 1836 3526 eamque

252 3553 458 3595 causam
485 3539 628 3594 nulla
673 3539 906 3595 libidinis
949 3540 1195 3597 machina
1222 3550 1341 3597 erat
1377 3557 1536 3612 quam
1564 3560 1670 3600 non
1715 3562 1832 3600 mo-

253 3638 412 3686 veret.
443 3630 527 3685 Ac
567 3644 635 3685 ne
664 3630 780 3690 haec
801 3630 1018 3699 quidem
1057 3633 1188 3686 satis
1212 3647 1332 3688 csse
1369 3633 1596 3698 ducens,
1626 3646 1834 3708 tempus

253 3720 462 3789 insuper
488 3729 544 3777 et
577 3721 750 3777 locum
795 3721 862 3777 ad
907 3721 1140 3790 praedam
1177 3738 1478 3793 appositum
1508 3727 1828 3797 requirebat.

252 3809 602 3879 Quamobrem
636 3811 773 3867 haud
803 3813 981 3868 statim
1024 3823 1184 3884 atque
1225 3829 1285 3870 se
1325 3817 1492 3885 ipsius
1534 3832 1719 3873 amore
1747 3834 1834 3873 ca-

257 3911 390 3970 ptam
417 3917 540 3957 esse
576 3903 765 3969 sensit,
792 3918 914 3958 eum
940 3902 1127 3958 adorta
1156 3913 1238 3959 est
1265 3922 1278 3958 :
1309 3921 1491 3960 verum
1517 3906 1608 3962 diu
1635 3923 1830 3980 exSpe-

252 3994 424 4055 ctavit.
452 3993 749 4062 improbam
781 3994 920 4050 hanc
948 3994 1291 4064 cupiditatem
1333 3998 1652 4066 parturiens,
1675 4015 1739 4055 ac
1774 3995 1834 4058 se

253 4100 565 4158 comparans
592 4106 605 4141 :
639 4087 782 4157 quod
821 4098 1118 4154 vereretur,
1153 4104 1240 4151 ne,
1261 4089 1308 4144 si
1328 4090 1654 4146 celeritatem
1681 4093 1833 4148 adbi-

253 4175 412 4242 beret,
433 4193 498 4232 ac
527 4178 866 4233 tumultuarie
907 4177 1126 4234 insidias
1163 4180 1460 4249 moliretur,
1492 4182 1672 4254 praeda
1695 4184 1830 4240 eﬂ'u-

252 4280 411 4336 geret.
439 4270 574 4324 Cum
604 4278 780 4325 autem
807 4270 1093 4338 aliquando
1122 4285 1244 4326 eum
1272 4272 1416 4328 domi
1457 4275 1628 4330 solum
1681 4276 1830 4332 inve-

253 4369 409 4413 nisset
437 4359 608 4414 solitis
652 4369 924 4415 vacantem
974 4360 1156 4426 rebus,
1184 4361 1389 4416 foveam
1430 4364 1828 4434 profundiorem

248 4447 351 4520 jam
393 4450 548 4515 fodit,
579 4466 641 4504 ac
691 4450 976 4520 voluptatis
1033 4452 1220 4520 pennis
1274 4452 1506 4524 undique
1557 4457 1828 4526 expansis,

253 4553 511 4616 tamquam
556 4547 746 4601 mediis
785 4547 986 4602 retibus
1034 4548 1388 4614 interceptum
1431 4547 1682 4616 juvenem
1732 4551 1828 4603 lia-

253 4635 398 4704 hens,
426 4641 632 4709 irrepit,
663 4654 726 4694 ac
768 4639 879 4695 sola
923 4640 1095 4694 solum
1142 4651 1331 4704 nacta;
1380 4642 1487 4695 imo
1532 4657 1636 4696 non
1676 4643 1825 4698 sola:

253 4744 365 4784 nam
393 4739 447 4786 et
474 4741 685 4787 aetatem
726 4742 780 4786 et
817 4740 1062 4787 naturam
1107 4745 1170 4785 ac
1205 4731 1436 4802 denique
1484 4748 1634 4787 suas.
1661 4735 1832 4804 ipsius

254 4822 518 4880 machinas
563 4825 735 4879 socias
761 4823 1026 4887 habebat;
1077 4838 1398 4893 generosum
1445 4825 1590 4878 illum
1643 4825 1826 4879 adole-

254 4927 479 4971 scentem
503 4914 568 4970 ad
601 4915 860 4970 nefarium
892 4915 1095 4968 facinus
1117 4929 1212 4983 per
1233 4915 1337 4968 vim
1365 4915 1622 4984 deinceps
1643 4915 1824 4970 trahit.

253 5004 381 5071 Quid
423 5006 522 5061 hac
568 5006 860 5061 tentatioue
900 5006 1153 5075 gravius?
1201 5006 1325 5073 quid
1364 5005 1463 5060 hac
1505 5006 1719 5063 fornace
1764 5023 1829 5062 ac

253 5093 454 5152 ﬂamma
498 5096 865 5153 vehementius
905 5105 962 5150 et
1005 5097 1197 5160 acrius,
1240 5097 1488 5162 juvenem
1538 5098 1824 5167 vigentem,

253 5197 482 5254 servum,
519 5188 852 5252 destitutum,
880 5185 1010 5240 urbe
1038 5195 1332 5250 carentem,
1364 5197 1697 5253 extraneum,
1730 5206 1825 5244 cx-

254 5274 435 5342 sulem,
461 5277 531 5332 ab
559 5278 686 5331 hera
715 5291 882 5346 usque
909 5275 1044 5330 adeo
1072 5274 1354 5330 libidinosa
1372 5285 1425 5330 et
1452 5275 1680 5341 furente,
1711 5289 1827 5333 tan-

256 5365 319 5420 tis
341 5366 530 5436 opibus
569 5374 821 5436 lautaque
847 5365 1082 5435 potentia
1128 5364 1550 5434 circumﬂuente,
1584 5367 1634 5422 in
1683 5380 1825 5424 tanta

253 5459 529 5516 solitudine
575 5458 730 5530 (nam
759 5460 860 5512 hoc
888 5473 1099 5528 quoque
1132 5457 1197 5511 ad
1225 5457 1526 5528 hujusmodi
1553 5471 1826 5530 capturam

254 5550 546 5623 conducit),
577 5559 882 5618 correptum
913 5549 1083 5604 teneri
1110 5559 1269 5618 atque
1314 5549 1579 5605 illecebris
1616 5551 1823 5612 deliniri

255 5651 304 5697 et
337 5643 400 5697 ad
423 5642 647 5699 herilem
676 5641 870 5697 lectum
897 5641 1041 5703 duci,
1073 5640 1230 5710 idque
1268 5649 1386 5709 post
1413 5652 1488 5696 tot
1515 5641 1747 5711 pericula
1775 5653 1822 5698 ct

258 5731 504 5790 insidias?
550 5730 665 5788 Non
704 5733 847 5788 enim
891 5740 945 5787 te
973 5731 1102 5801 fugit
1152 5733 1436 5802 plerosque
1480 5746 1825 5804 posmaquam

257 5824 633 5882 calamitatibus
661 5837 726 5878 ac
750 5838 924 5879 rerum
950 5821 1330 5878 acerbitatibus
1360 5824 1586 5880 confecti
1612 5835 1754 5894 sunt,
1779 5827 1822 5881 si

566 5922 835 5986 l’naoa.
881 5923 998 5988 (in.
1049 5927 1176 5990 LII.

1715 393 2092 455 EPISTOLE.

3458 400 3571 457 586

1959 509 2026 564 ad
2056 509 2237 564 luxum
2261 507 2533 578 animique
2573 507 2964 577 remissionem,
2996 520 3051 567 et
3091 510 3252 568 molle
3286 524 3352 568 ac
3385 513 3558 568 disso-

1955 600 2123 655 lutum
2153 602 2275 656 vita:
2297 615 2466 672 genus
2501 610 2779 667 vocentur,
2824 603 3120 674 promptius
3161 619 3447 661 accurrere
3475 621 3562 660 so-

1955 690 2092 746 lere.
2127 693 2197 747 At
2225 707 2331 747 non
2365 692 2454 747 ille
2484 708 2497 746 :
2529 707 2714 747 verum
2767 694 3102 749 tolerantiam
3150 704 3460 752 constanter
3505 697 3562 752 in

1955 782 2206 837 omnibus
2234 783 2397 839 rebus
2424 798 2533 852 pne
2558 799 2617 838 se
2645 784 2781 838 tulit.
2813 784 3075 856 Equidem
3101 786 3244 843 hunc
3263 786 3558 844 thalamum

1954 884 2009 929 ct
2036 874 2412 945 Babylonicam
2444 875 2736 940 fornacem,
2764 886 2818 931 ct
2845 877 3079 934 Danielis
3105 879 3275 935 lacum
3317 881 3559 946 leonum,

1953 975 2009 1020 et
2035 969 2257 1022 marinae
2285 967 2482 1022 bellum
2508 980 2772 1034 ventrem,
2798 969 2852 1024 in
2875 985 3034 1041 quem
3059 973 3318 1044 prOpheta
3348 975 3557 1043 incidit,

1954 1058 2225 1125 appellare
2271 1057 2413 1113 haud
2444 1059 2686 1116 dubitem
2722 1077 2736 1113 :
2784 1061 2892 1116 imo
2917 1063 3078 1117 etiam
3108 1063 3192 1118 his
3237 1065 3394 1138 longe
3435 1083 3558 1138 gra-

1955 1148 2180 1204 viorem.
2206 1149 2316 1204 lllic
2338 1150 2482 1204 enim
2500 1151 2745 1220 corporis
2772 1150 3020 1208 interitus
3047 1154 3360 1212 insidiarum
3389 1160 3559 1214 victo-

1957 1238 2032 1292 ria
2061 1247 2176 1293 erat
2209 1257 2222 1293 :
2253 1238 2339 1294 hic
2365 1250 2543 1296 autem
2572 1242 2768 1297 anima:
2797 1245 3042 1308 exitium,
3069 1256 3126 1301 et
3165 1263 3309 1304 mors
3353 1251 3560 1322 sempi-

1955 1342 2124 1391 terna.
2150 1339 2204 1385 et
2229 1332 2507 1387 calamitas
2542 1333 2719 1387 omnis
2754 1335 3141 1392 consolationis
3195 1353 3408 1408 expers.
3452 1342 3564 1398 Nec

1950 1437 2081 1477 vero
2104 1423 2382 1478 dumtaxat
2411 1423 2514 1478 hoc
2543 1426 2760 1481 nomine
2786 1429 2963 1498 gravis
2993 1443 3057 1484 ac
3097 1431 3436 1501 periculosus
3472 1433 3563 1491 hic

1953 1511 2099 1567 lacus
2125 1522 2261 1580 erat,
2293 1513 2388 1569 sed
2417 1515 2580 1571 etiam
2611 1517 2730 1586 quia
2761 1526 2959 1587 praeter
3006 1520 3107 1574 vim
3148 1536 3212 1576 ac
3260 1522 3442 1579 dolum
3473 1526 3558 1579 in-

1955 1603 2102 1672 genti
2129 1617 2342 1673 quoque
2372 1604 2594 1662 libidine
2625 1607 2817 1678 plenus
2851 1619 2985 1675 erat,
3021 1613 3300 1684 multoque
3328 1630 3394 1672 ac
3424 1617 3564 1673 mul-

1951 1693 2117 1762 tiplici
2142 1695 2282 1765 igne,
2319 1711 2421 1750 non
2453 1711 2650 1767 corpus
2679 1711 2888 1768 urente,
2924 1718 3106 1758 verum
3129 1705 3363 1762 animam
3388 1709 3561 1780 ipsam

1951 1787 2336 1848 inﬂammante.
2389 1789 2445 1845 ld
2491 1792 2631 1862 quod
2681 1794 2842 1849 etiam
2897 1796 3182 1863 Salomon,
3231 1801 3356 1870 qui,
3397 1819 3560 1871 quam

1953 1879 2314 1948 periculosum
2356 1884 2577 1938 sitcum
2621 1885 2846 1941 muliere
2887 1888 3231 1945 matrimonio
3273 1907 3395 1948 cum
3443 1894 3562 1950 viro

1954 1972 2199 2038 copulata
2225 1973 2502 2044 congredi,
2537 1976 2770 2031 maxime
2797 1992 3140 2048 perspectum
3187 1980 3439 2049 habebat,
3477 1985 3563 2044 ltis

1948 2062 2127 2118 verbis
2167 2073 2393 2120 testatur
2439 2084 2452 2121 :
2501 2067 2628 2134 Quis
2658 2069 2890 2141 alligabit
2934 2072 3102 2143 ignem
3133 2073 3184 2128 in
3226 2076 3342 2129 sinu
3371 2093 3484 2144 suo,
3509 2087 3564 2135 et

1948 2154 2242 2210 vestimenta
2283 2158 2395 2229 ejus
2439 2175 2542 2212 non
2585 2160 2880 2215 ardebant?
2924 2164 3037 2232 quis
3079 2167 3360 2222 ambulabit
3405 2185 3562 2241 super

1951 2262 2164 2313 prunas,
2193 2256 2242 2302 et
2270 2247 2420 2317 pedes
2445 2250 2557 2318 ejus
2585 2266 2686 2304 non
2713 2251 3116 2310 comburantur?
3157 2258 3248 2312 Sic
3277 2261 3443 2315 omnis
3468 2262 3559 2332 qui

1948 2335 2232 2406 ingreditur
2256 2337 2324 2390 ad
2352 2338 2616 2395 mulierem
2661 2344 2882 2411 proximi
2912 2345 3012 2411 sui,
3041 2363 3144 2401 non
3187 2351 3283 2403 erit
3313 2351 3553 2420 mundus,

1947 2441 2064 2478 cum
2093 2429 2308 2498 tetigerit
2338 2446 2449 2482 eam
2481 2430 2662 2501 (Prov.
2707 2432 2760 2488 6.
2789 2433 3007 2508 27-29).
3050 2438 3205 2506 Quod
3247 2453 3429 2499 autem
3459 2447 3552 2512 ait,

1947 2515 2084 2570 hanc
2133 2520 2456 2574 sententiam
2490 2521 2678 2578 habet:
2707 2523 3168 2592 Quemadmodum
3198 2532 3312 2589 fieri
3349 2538 3556 2608 nequit,

1947 2618 2004 2661 ttt
2027 2608 2115 2678 qui
2147 2609 2200 2663 in
2233 2611 2356 2680 igne
2378 2621 2643 2678 versatur,
2679 2630 2785 2670 non
2814 2620 3132 2677 exardescat
3161 2640 3174 2677 :
3202 2625 3280 2680 sic
3310 2642 3410 2682 nec
3439 2630 3556 2687 fieri

1947 2708 2143 2767 poxest,
2171 2707 2228 2755 ut
2267 2701 2356 2772 qui
2385 2705 2831 2761 consuetudinem
2874 2724 2996 2765 cum
3029 2710 3243 2772 feminis
3272 2716 3450 2786 habet,
3474 2722 3557 2777 in.

1943 2787 2191 2884 cendium
2221 2792 2363 2861 quod
2393 2793 2518 2848 hinc
2549 2797 2724 2852 oritur
2759 2797 2998 2870 cﬂ‘ugiat.
3032 2802 3130 2858 ilic
3181 2817 3362 2864 autem
3408 2815 3551 2884 quod

1946 2881 2113 2973 multo
2141 2884 2356 2952 gravius
2386 2893 2504 2940 erat
2548 2889 2820 2944 sustinuit.
2850 2891 2966 2947 Non
2993 2895 3136 2951 enim
3169 2913 3289 2955 eam
3321 2881 3444 2973 ipse
3465 2916 3552 2960 at-

1945 2972 2080 3043 tigit,
2109 2988 2296 3032 verum
2339 2975 2409 3031 ab
2457 2993 2520 3033 ea
2559 2979 2924 3051 detinebatur,
2969 2987 3119 3042 solus
3164 3005 3193 3044 a
3239 2972 3354 3048 sola
3397 3011 3551 3052 com-

1946 3066 2238 3133 prehensus
2263 3087 2278 3122 :
2303 3068 2483 3140 idque,
2516 3087 2638 3126 cum
2678 3074 2788 3144 jam
2819 3086 2896 3132 tot
2934 3079 3326 3142 calamitatibus
3369 3093 3554 3147 confe-

1941 3165 2080 3222 ctus,
2104 3168 2181 3214 tot
2207 3161 2412 3218 insidiis
2440 3161 2673 3221 afﬂictus
2698 3178 2862 3236 esset,
2891 3185 2954 3227 ac
2983 3175 3242 3245 requietis
3267 3189 3320 3235 et
3345 3185 3552 3240 securi-

1943 3247 2066 3302 tatis
2090 3250 2380 3322 cupiditate
2413 3263 2710 3311 teneretur.

2016 3342 2100 3397 i5.
2141 3342 2205 3396 Et
2248 3351 2448 3410 tamen,
2491 3360 2614 3401 cum
2655 3349 2797 3404 inter
2828 3359 2905 3406 tot
2947 3355 3082 3410 retia
3128 3371 3456 3430 versaretur,
3482 3380 3548 3423 ac

1941 3435 2289 3506 multiplicem
2320 3436 2490 3494 feram
2519 3440 2780 3510 impetum
2822 3445 2874 3500 in
2903 3462 2962 3503 se
2990 3447 3193 3517 facere,
3226 3465 3281 3510 et
3303 3460 3448 3513 omni
3479 3477 3548 3518 ex

1941 3537 2090 3593 parte
2118 3541 2179 3619 se
2199 3527 2400 3584 laniare
2429 3531 2791 3600 conspiceret,
2823 3551 2917 3605 per
2947 3546 3169 3608 tactum,
3203 3560 3300 3615 per
3335 3565 3545 3619 vocem,

1943 3633 2036 3686 per
2055 3617 2264 3684 oculos,
2294 3635 2389 3688 per
2414 3619 2595 3675 fucum
2636 3632 2691 3678 et
2729 3626 3022 3696 pigmenta,
3055 3646 3151 3701 per
3177 3649 3340 3691 aurea
3383 3617 3545 3694 orna?

1941 3719 2141 3804 menta,
2173 3725 2268 3779 per
2298 3722 2588 3782 unguenta,
2618 3730 2713 3784 per
2744 3717 3076 3784 indumenta.
3102 3739 3197 3792 per
3222 3743 3423 3798 mores,
3453 3749 3542 3804 per

1943 3801 2264 3894 verba,_rper
2290 3805 2548 3859 mundum
2584 3811 2898 3865 muliebrem
2940 3829 3100 3884 quem
3140 3821 3404 3889 gestabat,
3451 3801 3542 3894 per

1939 3888 2284 3948 solitudinem
2317 3910 2437 3963 qua:
2468 3896 2518 3950 id
2561 3897 2818 3955 all‘erebat
2861 3913 2921 3958 ut
2970 3921 3129 3962 nemo
3159 3910 3208 3964 id
3240 3888 3397 3970 scire
3422 3888 3545 3986 pos-

1940 3992 2040 4048 set,
2067 3998 2165 4077 per
2189 4000 2340 4055 opes,
2370 4002 2469 4057 per
2493 3991 2785 4057 potentiam
2812 4008 2828 4058 ;
2855 4009 2920 4050 ac
2968 4009 3166 4066 praeter
3207 4019 3270 4057 ea
3318 4007 3451 4077 ipsa,
3486 4021 3542 4066 ut

1938 4073 2182 4142 superius
2211 4091 2241 4128 a
2277 4091 2364 4132 me
2390 4077 2592 4134 dictum
2616 4091 2718 4146 est,
2750 4091 2987 4154 aetatem,
3020 4100 3285 4158 naturam,
3307 4073 3542 4154 servitu-

1941 4174 2068 4226 tem.
2096 4176 2258 4238 atque
2278 4169 2331 4223 in
2361 4170 2533 4225 aliena
2563 4173 2781 4242 regione
2807 4183 3308 4253 commorationem,
3341 4191 3416 4244 rei
3446 4208 3541 4262 ge-

1938 4259 2117 4312 renda:
2144 4259 2319 4316 socias
2346 4261 2565 4318 haberet
2599 4282 2612 4318 :
2651 4282 2867 4323 omnem
2896 4270 3040 4327 illam
3072 4271 3340 4332 ﬂammam
3371 4259 3538 4356 supe-

1939 4347 2091 4401 ravit.
2128 4348 2239 4419 Ego
2265 4366 2394 4405 vero
2422 4351 2559 4406 hanc
2591 4357 2942 4414 tentatiouem
2969 4371 3023 4415 et
3052 4362 3278 4422 fratrum
3307 4347 3534 4440 invidia,

1936 4449 1990 4493 et
2020 4441 2440 4513 propinquorum
2466 4444 2614 4511 odio,
2643 4458 2698 4502 et
2739 4450 3062 4520 venditione,
3093 4466 3146 4510 et
3186 4458 3535 4522 barbarorum

1937 4531 2238 4599 dominatu,
2267 4546 2320 4590 et
2367 4537 2524 4607 longa
2555 4541 3010 4611 peregrinatione,
3043 4556 3097 4601 et
3137 4548 3188 4603 itt
3233 4553 3404 4607 aliena
3452 4574 3539 4612 re-

1935 4624 2092 4695 gione
2111 4628 2555 4694 commoratione,
2575 4641 2627 4683 et
2648 4647 2887 4702 carcere,
2906 4645 2959 4690 et
2982 4646 3189 4706 catena,
3209 4652 3260 4696 et
3281 4645 3536 4704 diuturno

1938 4727 2198 4788 tempore,
2229 4728 2286 4775 et
2319 4721 2570 4777 omnibus
2599 4727 2874 4792 aerumnis,
2903 4729 3098 4800 quibus
3127 4734 3233 4790 illic
3258 4739 3538 4796 conﬂicta-

1938 4819 2019 4864 tus
2051 4819 2154 4877 est,
2179 4812 2347 4866 multo
2376 4814 2677 4883 graviorem
2708 4831 2829 4872 esse
2848 4821 3110 4878 confirmo
3134 4841 3147 4878 :
3177 4828 3440 4899 siquidem
3467 4837 3536 4891 de

1935 4904 2190 4955 extremis
2235 4904 2528 4972 perieulum
2570 4907 2669 4975 ipsi
2714 4911 3017 4967 creabatur.
3052 4915 3403 4989 Posteaquam
3435 4941 3534 4981 au-

1938 5004 2043 5049 tem
2087 4996 2187 5049 hoc
2232 5011 2443 5065 quoque
2488 4998 2686 5056 bellum
2729 5003 2970 5074 eﬂ'ogit‘,
3015 5018 3174 5080 atque
3223 5014 3309 5070 ltic
3344 5020 3531 5089 etiam,

1936 5098 2046 5142 tum
2103 5089 2195 5143 Dei
2247 5091 2436 5159 gratia,
2485 5102 2594 5146 tum
2643 5093 2858 5164 juvenis
2891 5100 3104 5167 virtute,
3146 5103 3234 5162 ltic
3288 5112 3534 5169 roscidus

1934 5181 2152 5249 Spiritus
2178 5181 2408 5249 perflans
2430 5181 2565 5238 fuit:
2598 5194 2740 5240 tanta
2774 5188 2920 5244 enim
2951 5191 3003 5246 in
3031 5209 3097 5248 eo
3129 5201 3533 5269 tranquillitatis

1935 5272 2098 5326 animi
2127 5283 2180 5326 et
2201 5272 2470 5342 pudicitiae
2491 5277 2643 5347 cepia
2674 5288 2812 5345 erat,
2843 5291 2899 5334 ut
2925 5283 3084 5338 etiam
3127 5287 3268 5343 illius
3292 5291 3526 5350 furorem

1935 5365 2289 5433 comprimere
2328 5374 2383 5420 et
2428 5368 2771 5439 exstinguere
2814 5373 3111 5441 studuerit;
3159 5391 3529 5454 posteaquam,

1937 5455 2174 5525 inquam,
2205 5457 2319 5524 ipse
2363 5458 2592 5514 intactus
2631 5463 2893 5533 excessit,
2925 5482 3029 5521 non
3085 5484 3241 5526 secus
3284 5476 3534 5534 videlicet

1933 5557 2094 5616 atque
2120 5548 2490 5605 adolescentes
2539 5552 2613 5606 illi
2655 5555 2744 5623 qui
2798 5555 3066 5615 Persicam
3097 5561 3364 5622 ﬂammam
3391 5570 3529 5626 eﬂ‘tt-

1934 5649 2127 5708 gerunt
2157 5638 2373 5710 (Neque
2420 5645 2592 5707 enim,
2625 5646 2813 5716 inquit,
2855 5650 2987 5720 ignis
3029 5655 3156 5708 odor
3199 5658 3250 5711 in
3281 5660 3383 5714 illis
3422 5673 3531 5717 erat

1937 5775 2186 5901 milia“;
2341 5784 2864 5898 ggmui'iifm
2909 5786 2996 5837 hoc
3031 5802 3215 5854 Ψ¹⁰¹Ῐ¹¹ε
3253 5793 3531 5857 Ρτνὲεισιυεη

3111 5938 3183 5995 i3
