4172 6496
689 433 790 488 587

687 547 844 618 tua...
866 547 916 601 3.
945 545 1032 600 28.
1056 543 1120 598 In
1142 543 1274 614 vulg.
1298 541 1387 614 94]
1416 542 1457 612 ),
1481 549 1805 612 mnusque
1827 538 2086 594 castitatis
2113 534 2252 605 pugil

683 637 922 705 emicuit,
953 646 1112 704 atque
1140 634 1474 688 adamantem
1513 631 1748 686 imitatus
1769 640 1890 696 est:
1921 628 2046 698 quid
2076 626 2253 680 statim

685 732 754 784 sit
780 738 1161 798 consequutus,
1191 736 1244 781 ct
1273 739 1515 796 quamam
1548 723 1763 794 prazmia
1806 722 2057 775 victorem
2093 730 2252 772 exce-

683 825 875 893 perint,
916 821 1209 876 videamus.
1256 817 1463 873 insidiae
1511 832 1744 882 rursum,
1785 824 1838 868 et
1876 811 2170 880 voragines,
2201 815 2256 861 et

683 934 844 979 mors,
876 927 930 972 et
959 916 1209 985 pericula,
1242 923 1298 968 et
1315 912 1615 975 calumniae,
1640 921 1690 964 et
1719 909 1898 963 odium
1926 907 2162 974 iniquum
2189 917 2252 955 ac

681 1008 950 1063 stolidum.
984 1007 1172 1062 Misera
1205 1008 1346 1062 enim
1378 1004 1466 1059 illa
1506 1002 1700 1058 mulier
1722 999 1872 1070 gravi
1903 996 2079 1051 furore
2106 1007 2251 1047 amo-

681 1117 791 1156 rem
821 1101 1040 1163 solatur,
1075 1097 1432 1164 all’eetumque
1455 1091 1662 1146 κισθοιυὶ
1692 1088 1925 1158 copulat,
1958 1093 2116 1155 atque
2155 1084 2251 1136 im-

681 1191 884 1260 pudica:
913 1187 1186 1259 cupiditati
1226 1185 1538 1240 sceleratam
1571 1183 1701 1235 iram
1745 1176 2001 1246 adiungit,
2035 1185 2090 1228 et
2132 1180 2252 1242 post

675 1280 994 1336 adulterium
1025 1273 1540 1354 carnifeynﬂicitur.
1575 1273 1746 1340 Atque
1775 1270 2038 1338 ingentem
2065 1263 2248 1354 l‘erita-A

681 1384 788 1426 tem
833 1371 1064 1440 spirans,
1095 1352 1449 1437 sanguinariis
1474 1361 1644 1417 oculis
1671 1358 1981 1428 respiciens,
2023 1352 2248 1438 tribunal

674 1461 972 1524 Constituit,
1012 1466 1429 1526 corruptumque
1471 1452 1701 1523 iudicem
1741 1449 1982 1509 collocat,
2031 1444 2131 1498 hoc
2167 1451 2250 1498 est

676 1552 821 1606 illius
867 1551 1075 1614 herum,
1124 1549 1294 1602 virum
1335 1559 1513 1611 suum,
1553 1543 1858 1607 barbarum,
1902 1535 2246 1608 Egyptium;

675 1642 982 1711 crimenque
1005 1640 1120 1694 sine
1162 1646 1298 1692 teste
1327 1635 1545 1690 inducit.
1576 1635 1652 1687 Ac
1687 1647 1752 1684 ne
1783 1628 2012 1684 tribunal
2035 1624 2246 1697 quidem

675 1731 1001 1802 ingrediendi
1031 1736 1346 1804 potestatem
1371 1741 1464 1780 reo
1500 1724 1644 1788 facit,
1669 1736 1848 1776 verum
1876 1733 2066 1774 secure
2092 1731 2249 1770 accu-

674 1823 811 1887 sat‘,
843 1821 1036 1891 iudicis
1061 1819 1308 1874 nimirum
1353 1816 1576 1870 stultitia
1620 1823 1673 1866 ct
1715 1810 2105 1872 benevolentia,
2151 1821 2249 1861 suo

673 1914 821 1984 quasi
854 1913 955 1968 nde
983 1912 1142 1981 digno
1182 1909 1502 1972 testimonio.
1530 1922 1593 1961 ac
1635 1905 1865 1973 denique
1902 1903 2017 1972 ejus
2044 1901 2134 1970 qui
2161 1914 2244 1954 ac-

673 2005 957 2060 cusabatur
983 2004 1236 2058 servitute
1265 2001 1398 2056 freta
1427 2019 1441 2056 :
1469 2014 1531 2054 ac
1555 2014 1667 2053 rem
1696 2007 1878 2052 contra
1907 2009 2064 2066 quam
2098 2002 2244 2063 gesta

677 2095 848 2151 fuerat
885 2110 1106 2150 namus
1130 2093 1362 2164 iudicem
1405 2091 1696 2161 superavit,
1739 2101 1966 2158 eumque
2004 2084 2243 2148 adduxit,

676 2196 733 2239 ut
778 2185 1066 2241 secundum
1108 2199 1167 2238 se
1208 2183 1488 2253 iudicaret,
1534 2181 1902 2248 insontemque
1946 2175 2243 2238 damnaret,

678 2280 832 2348 eique
857 2276 1223 2348 gravissimam
1257 2288 1466 2346 pmnam
1497 2273 1810 2341 imponeret,
1835 2283 1899 2322 ac
1925 2267 2102 2322 statim
2129 2281 2247 2320 caro

673 2386 785 2436 cer,
835 2379 890 2424 et
934 2369 1202 2434 abduCIio,
1244 2375 1300 2420 et
1329 2365 1556 2418 vincula.
1601 2366 1677 2417 Ac
1718 2377 1785 2416 ne
1829 2360 2006 2428 iudice
2031 2357 2242 2427 quidem

673 2463 788 2516 viso
833 2459 1285 2516 coudemnabatur
1311 2455 1536 2510 eximius
1565 2453 1653 2507 ille
1697 2452 1797 2505 vir.
1837 2450 1921 2514 Et,
1953 2448 2093 2518 quod
2122 2463 2242 2518 gra-

673 2556 788 2609 vius
813 2562 915 2618 est,
951 2562 1008 2606 ut
1049 2551 1257 2605 adulter
1293 2545 1764 2611 condemnabatur,
1805 2553 1863 2598 ut
1901 2541 2084 2597 herilis
2127 2540 2243 2595 lecti

673 2645 958 2716 appetitor,
1012 2651 1068 2697 ut
1086 2642 1243 2696 alieni
1273 2639 1592 2695 matrimonii
1621 2637 1865 2701 violator,
1893 2643 1950 2688 ut
1973 2634 2246 2688 convictus

673 2746 728 2790 et
755 2733 1142 2805 deprehensus.
1169 2731 1299 2786 Nam
1336 2739 1390 2785 et
1412 2728 1596 2799 index,
1628 2735 1682 2783 et
1720 2725 2038 2790 accusatrix,
2062 2737 2124 2778 ac
2147 2723 2244 2778 de-

673 2825 832 2894 nique
861 2838 1015 2894 pmna
1042 2838 1161 2893 qua:
1189 2820 1629 2890 subsequebatur,
1662 2816 1802 2886 apud
1841 2817 2036 2872 multos
2069 2829 2131 2869 ac
2155 2829 2241 2868 ve-

673 2916 846 2970 ritatis
883 2915 1094 2985 ignaros
1119 2913 1221 2967 hoc
1245 2911 1564 2972 efﬁciebant,
1597 2917 1654 2964 ut
1682 2907 1854 2971 fabula
1895 2907 2052 2962 iidem
2101 2907 2246 2961 inve-

673 3008 831 3062 niret.
860 3008 928 3060 At
951 3005 1079 3059 nihil
1113 3001 1300 3057 horum
1332 2989 1564 3054 animum
1591 2999 1731 3052 illius
1763 2997 2120 3061 conturbavit,
2143 3011 2243 3050 nec

673 3095 806 3150 dixit
839 3112 852 3148 :
887 3093 1130 3148 Haecine
1153 3091 1480 3146 somniorum
1514 3087 1874 3142 remuneratio
1899 3086 2016 3140 est?
2041 3084 2246 3140 hiccine

674 3187 903 3240 visorum
928 3184 1139 3238 illorum
1158 3180 1414 3236 eventus?
1439 3167 1673 3234 haiccine
1699 3177 1964 3246 pudicitia
1989 3176 2244 3246 praemia?

673 3276 918 3344 Praeceps
940 3288 1004 3328 ac
1041 3271 1288 3328 stolidum
1325 3269 1607 3340 iudicium,
1641 3268 1816 3338 iniqua
1855 3268 2138 3330 sententia,
2165 3275 2245 3320 at-

673 3382 780 3437 que
810 3365 1046 3435 improba
1083 3376 1292 3418 rursum
1321 3359 1660 3418 existimatio.
1688 3358 1975 3427 Tamquam
2014 3357 2244 3412 amasius

671 3459 833 3514 domo
872 3455 1039 3524 patria
1076 3467 1247 3523 nuper
1287 3451 1488 3521 eiectus
1528 3464 1684 3504 sum:
1719 3459 1988 3519 tamquam
2033 3447 2244 3502 adulter

670 3558 728 3602 et
783 3543 1054 3602 muliebris
1101 3543 1366 3613 pudicitia:
1407 3541 1635 3596 violator
1679 3539 1732 3593 in
1773 3553 2044 3594 carcerem
2103 3552 2244 3592 nunc

670 3640 861 3702 ducor,
890 3645 1046 3706 atque
1087 3647 1275 3690 omnes
1319 3632 1387 3687 de
1427 3647 1515 3687 me
1555 3632 1870 3686 sententiam
1920 3629 2117 3688 ferunt.
2166 3631 2241 3683 Ac

669 3728 863 3782 fratr.
887 3724 1123 3796 quidem,
1145 3738 1175 3777 a
1197 3723 1388 3794 quibus
1415 3721 1718 3776 adorandus
1742 3735 1887 3774 eram
1932 3720 2074 3788 (hoc
2097 3720 2238 3774 enim

669 3818 874 3872 somnia
908 3813 1314 3881 ostendebant),
1355 3813 1407 3868 in
1453 3811 1698 3867 libatate
1737 3820 1803 3868 et
1831 3809 2137 3875 securitate,
2178 3825 2242 3864 ae

670 3907 894 3971 deliciis,
922 3918 1080 3976 atque
1117 3905 1169 3958 in
1199 3904 1366 3973 patria
1396 3911 1449 3958 et
1479 3911 1696 3972 paterna
1726 3901 1887 3957 domo
1923 3909 2049 3955 sunt
2079 3919 2093 3954 :
2142 3915 2242 3971 ego

668 4009 867 4063 autem,
891 3998 944 4050 in
969 3999 1124 4064 cujus
1153 3994 1376 4064 imperio
1399 4008 1460 4048 ac
1481 4003 1742 4062 potestate
1771 3993 1847 4047 illi
1877 3992 2038 4046 futuri
2064 4001 2238 4058 erant,

668 4105 788 4145 cum
833 4088 1194 4157 sepulcrorum
1256 4083 1599 4140 ell‘ossoribus
1623 4124 1639 4148 ,
1696 4098 1814 4138 cum
1881 4084 2239 4153 praedonibus,

668 4197 788 4235 cum
818 4178 1022 4233 furibus
1053 4178 1138 4232 hic
1161 4178 1369 4231 vinctus
1392 4186 1604 4240 teneor;
1633 4189 1696 4230 ac
1721 4191 1788 4229 ne
1818 4177 2004 4246 patriis
2025 4175 2239 4242 quidem

669 4271 886 4324 sedibus
922 4269 1251 4331 exturbatus,
1281 4266 1593 4320 tumultibus
1636 4267 1968 4335 negotiisque
2009 4265 2235 4320 liberor:

671 4377 852 4424 verum
881 4361 1041 4414 etiam
1071 4360 1123 4413 in
1149 4368 1337 4413 extera
1359 4358 1574 4427 regione
1601 4357 1846 4411 barathra
1892 4371 1990 4412 nos
2028 4373 2236 4412 rursum

669 4470 730 4506 ac
780 4454 1025 4522 prmacuti
1076 4465 1356 4506 mucrones
1396 4451 1684 4519 excipiunt.
1729 4449 1968 4520 Cumque
2010 4465 2070 4504 ea
2119 4466 2237 4518 qua:

672 4544 794 4595 talia
821 4541 1137 4610 designavit,
1160 4539 1586 4610 calumniamque
1615 4540 1826 4604 struxit,
1856 4549 2016 4608 atque
2045 4541 2239 4593 utrius-

672 4650 776 4703 que
805 4631 1020 4687 sceleris
1067 4631 1281 4686 nomine
1307 4631 1619 4700 supplicium
1643 4640 1936 4685 extremum
1985 4641 2236 4695 meretur,

587 4744 594 4746 -
671 4724 865 4777 choros
889 4737 1027 4776 nunc
1056 4732 1174 4791 agat
1199 4730 1254 4777 et
1277 4722 1527 4788 exsultet,
1551 4736 1614 4776 ac
1642 4722 1784 4780 velut
1811 4721 2024 4790 tropaeis
2052 4732 2235 4776 ornata

672 4816 1014 4883 victorimque
1041 4813 1204 4882 signis
1230 4831 1243 4867 :
1269 4828 1368 4884 ego
1394 4822 1602 4878 contra,
1629 4815 1716 4884 qui
1746 4814 1875 4868 nihil
1902 4816 2118 4869 sceleris
2145 4817 2237 4870 ad-

668 4907 810 4970 misi,
840 4904 1202 4974 gravissimam
1246 4919 1450 4973 pmnam
1495 4903 1688 4973 pendo.
1736 4902 1876 4958 Nihil
1926 4904 2112 4958 borum
2153 4906 2236 4958 ille

667 5004 756 5048 aut
793 4996 1038 5064 loquutus
1067 5003 1169 5058 est,
1198 5005 1286 5046 aut
1312 5003 1487 5048 mente
1513 4994 1761 5063 agitavit:
1786 5009 1990 5059 verum,
2011 5005 2067 5048 ut
2097 4997 2234 5064 pugil

671 5101 760 5153 per
785 5098 1008 5140 coronas
1029 5085 1294 5151 gradiens,
1313 5085 1390 5137 sic
1419 5085 1531 5153 ipse
1555 5085 1678 5139 laeto
1703 5097 1860 5154 atque
1886 5085 2037 5140 bilari
2059 5088 2236 5140 animo

671 5184 804 5239 erat,
835 5183 994 5243 atque
1020 5175 1090 5228 ita
1115 5183 1441 5242 comparato,
1470 5183 1527 5227 ut
1555 5174 1884 5243 iniuriarum,
1911 5191 2044 5244 quas
2072 5191 2099 5230 a
2133 5176 2235 5230 fra-

670 5267 838 5320 tribus
881 5275 928 5319 et
959 5263 1026 5318 ab
1050 5263 1286 5318 adultera
1333 5275 1631 5332 acceperat,
1677 5266 1984 5320 memoriam
2037 5269 2233 5321 nullam

670 5359 938 5411 retineret.
971 5354 1116 5409 Unde
1143 5365 1318 5409 autem
1340 5355 1390 5408 id
1417 5356 1669 5409 constat?
1709 5355 1784 5408 Ex
1817 5357 1879 5409 iis
1907 5373 2097 5428 nempe
2118 5375 2235 5412 ver-

670 5450 750 5502 bis
773 5464 891 5519 qute
921 5450 1032 5518 ipse
1056 5447 1121 5502 ad
1164 5449 1389 5517 aliquem
1420 5462 1629 5513 eorum,
1659 5449 1747 5518 qui
1782 5449 1888 5503 illic
1917 5450 1970 5503 in
2012 5451 2234 5506 vinculis

665 5545 840 5606 erant,
859 5539 1056 5593 habuit.
1087 5539 1310 5592 Tantum
1337 5539 1478 5593 enim
1507 5538 1576 5593 ab
1600 5555 1666 5594 eo
1697 5541 1897 5606 aberat,
1927 5551 1982 5595 ut
2006 5557 2236 5600 maerore

666 5641 967 5698 caperetur,
997 5639 1054 5686 ut
1096 5631 1212 5685 aliis
1247 5632 1403 5686 etiam
1445 5632 1723 5688 mmstitias
1771 5634 2073 5690 discuteret.
2102 5637 2230 5691 Nam

667 5736 786 5773 eum
813 5721 918 5773 illic
959 5721 1214 5789 quosdam
1252 5721 1584 5789 perturbatos
1624 5737 1686 5776 ac
1736 5739 1966 5782 maerore
2015 5726 2233 5784 affectos

716 5833 727 5846 ‘
755 5829 857 5878 Duo
881 5830 1009 5890 Mss,
1040 5829 1272 5882 absentem
1295 5839 1501 5883 accusat.

1392 428 1446 485 S.
1487 425 1764 485 JOANNIS
1799 419 2270 482 CllRYSOSTOMl
2309 418 2621 476 ARCllIEP.
2649 419 3182 482 CONSTANTINOP.

3837 416 3945 470 588

2364 533 2596 599 vidisset,
2628 536 2692 590 ad
2724 551 2818 592 eos
2843 539 3040 598 statim,
3065 548 3120 592 ut
3148 552 3361 593 causam
3393 539 3728 612 intelligeret.
3752 556 3936 597 acces-

2357 629 2444 682 sit.
2474 628 2712 699 Cumque
2738 629 3037 700 bujusmodi
3081 633 3531 701 perturbationem
3558 649 3588 688 a
3618 634 3934 705 quibusdam

2356 721 2577 774 somniis
2608 721 3046 790 profectam‘esse
3073 727 3424 795 cognovisset,
3456 729 3660 783 somnia
3705 729 3793 784 illa
3824 733 3935 785 sol-

2357 812 2448 862 vit.
2492 813 2571 864 Ac
2609 820 2790 880 postea
2839 826 2956 866 cum
3007 828 3114 867 uno
3156 830 3343 869 eorum
3387 831 3572 886 agens,
3602 828 3658 872 ut
3698 835 3794 889 pro
3836 836 3933 875 sua

2358 900 2667 956 liberatione
2693 901 2851 956 verba
2893 902 2959 957 ad
2987 919 3165 974 regem
3197 905 3392 961 faceret
3425 925 3440 960 :
3482 923 3603 962 nam
3638 912 3736 964 etsi
3779 910 3936 966 fortis

2354 1002 2512 1062 atque
2542 992 2882 1048 admirandus
2906 996 2985 1048 vir
3008 1005 3140 1062 erat,
3171 1007 3225 1052 at
3252 998 3412 1054 homo
3453 1008 3629 1056 tamen
3670 1015 3809 1069 erat,
3832 1019 3934 1061 nec

2356 1085 2406 1138 in
2445 1087 2647 1141 catenis
2677 1088 2780 1142 illis
2818 1090 3196 1148 contabescere
3237 1094 3516 1163 cupiebat;
3564 1111 3686 1150 cum
3733 1111 3819 1161 eo,
3849 1099 3935 1152 in-

2353 1190 2534 1244 quam,
2559 1191 2742 1245 agens,
2767 1187 2825 1232 ut
2847 1182 2926 1233 sui
2953 1179 3092 1248 apud
3121 1196 3298 1252 regem
3329 1197 3536 1238 memor
3559 1193 3718 1248 esset,
3750 1185 3931 1255 eique,

2354 1275 2410 1318 ut
2433 1281 2492 1320 se
2537 1283 2569 1321 e
2613 1267 2836 1322 vinculis
2879 1271 3168 1337 emitteret,
3220 1272 3582 1344 persuaderet,
3610 1286 3934 1348 coactusque

2351 1369 2567 1410 causam
2599 1373 2916 1424 memorare,
2944 1361 3013 1415 ob
3050 1378 3208 1432 quam
3252 1365 3303 1419 in
3347 1382 3615 1424 carcerem
3643 1370 3924 1440 coniectus

2352 1449 2558 1516 fuerat;
2601 1468 2708 1523 quo
2758 1453 3004 1510 videlicet
3051 1456 3097 1510 is
3140 1457 3228 1527 qui
3281 1473 3378 1528 pro
3429 1474 3488 1515 se
3529 1460 3929 1531 deprecaretur,

2350 1542 2644 1613 speciosam
2690 1546 2920 1614 suscepti
2967 1547 3048 1601 sui
3099 1548 3374 1616 patrocinii
3415 1565 3629 1606 causam
3673 1553 3926 1610 haberet:

2351 1635 2547 1689 nullius
2573 1651 2776 1697 eorum,
2804 1651 2834 1690 a
2856 1639 3046 1708 quibus
3073 1641 3229 1696 laesus
3269 1641 3460 1709 fuerat,
3491 1645 3817 1702 mentionem
3845 1647 3930 1702 fe-

2350 1725 2424 1779 cit
2451 1744 2464 1780 :
2499 1742 2679 1781 verum
2707 1743 2825 1783 cum
2865 1744 2924 1784 se
2960 1731 3270 1786 criminibus
3299 1733 3598 1798 liberasset,
3621 1735 3705 1790 bis
3731 1735 3931 1792 ﬁnibus

2350 1831 2409 1871 se
2453 1819 2639 1883 tenuit,
2676 1833 2773 1872 nee
2798 1833 2912 1879 eos.
2934 1835 2965 1873 a
3005 1820 3197 1891 quibus
3221 1823 3466 1892 iniuriam
3496 1837 3795 1897 acceperat,
3825 1829 3929 1882 ad-

2345 1909 2537 1980 iunxit.
2569 1909 2680 1980 Ego
2704 1913 2868 1978 enim,
2900 1913 3086 1984 inquit,
3119 1917 3293 1986 {nam
3320 1918 3545 1973 sublatus
3572 1935 3686 1974 sunt
3710 1921 3772 1974 de
3792 1932 3931 1974 terra

2351 2000 2704 2068 Heilm-oram,
2735 2013 2781 2056 el
2811 2003 2891 2057 hic
2931 2006 3083 2065 nullo,
3118 2007 3302 2061 scelere
3346 2021 3629 2080 perpetrato
3664 2015 3717 2066 in
3759 2015 3930 2066 luem

2349 2095 2562 2166 injectus
2607 2112 2716 2149 sum
2747 2095 2898 2166 (Gen.
2927 2097 3017 2152 40.
3050 2099 3160 2168 15).
3211 2099 3412 2171 Ecquid
3454 2112 3630 2158 autem
3676 2113 3819 2160 taces
3857 2106 3933 2162 de

2349 2185 2651 2248 meretrice,
2682 2185 2750 2240 de
2778 2185 3042 2252 adultera,
3073 2187 3141 2243 de
3168 2187 3473 2256 fratricidis,
3505 2193 3574 2249 de
3608 2194 3829 2263 invidia,
3856 2196 3931 2251 de

2351 2277 2673 2343 venditione,
2703 2278 2772 2333 de
2801 2279 2943 2333 bene
2988 2280 3190 2349 furore,
3221 2282 3290 2338 de
3340 2285 3561 2355 impetu,
3591 2288 3657 2343 de
3685 2289 3928 2356 libidine,
3972 2350 3976 2353 _

2346 2374 2412 2428 de
2439 2375 2662 2443 laqueis,
2685 2373 2752 2427 de
2795 2372 3076 2438 machinis,
3100 2373 3168 2428 de
3210 2377 3492 2441 calumnia,
3521 2379 3590 2434 de
3633 2380 3815 2451 iniquo
3839 2384 3932 2452 iu-

2347 2466 2509 2530 dicio,
2537 2463 2605 2519 de
2643 2473 2896 2534 corrupto
2929 2464 3131 2533 iudice,
3167 2466 3236 2521 de
3279 2466 3478 2522 nefaria
3533 2473 3811 2535 sententia.
3855 2473 3929 2528 de

2348 2556 2791 2613 condemnatione
2835 2556 2904 2611 ab
2927 2557 3072 2611 omni
3105 2557 3307 2613 ratione
3333 2560 3545 2620 aliena?
3585 2564 3772 2632 ecquid
3812 2564 3928 2619 lure

2347 2650 2472 2706 siles
2499 2659 2554 2705 et
2577 2651 2854 2705 occultas?
2894 2649 3175 2718 Quoniam.
3221 2650 3411 2722 inquit,
3455 2653 3764 2722 iniuriarum
3807 2671 3923 2708 me-

2349 2741 2570 2797 moriam
2597 2741 2831 2797 retinere
2857 2741 3071 2800 nescio:
3103 2741 3225 2810 quia
3256 2743 3373 2797 hac
3403 2743 3532 2798 mihi
3558 2758 3773 2800 corona:
3797 2757 3927 2800 sunt

2347 2844 2400 2889 et
2425 2837 2662 2913 praemia,
2694 2833 3014 2904 maiorisque
3041 2834 3168 2888 lucri
3198 2835 3426 2891 occasio.

2420 2929 2507 2982 ll.
2541 2926 2700 2982 Vides
2725 2926 2958 2980 animum
2985 2925 3404 2996 pbilosopbicnm
3423 2929 3449 2980 7
3475 2928 3621 2984 vides
3642 2944 3832 2999 purum
3857 2931 3929 2986 ab

2347 3019 2452 3082 ira,
2504 3033 2568 3073 ac
2590 3016 2746 3072 rebus
2794 3016 3032 3071 adversis
3074 3027 3234 3088 atque
3276 3019 3477 3074 retibus
3516 3020 3928 3076 sublimiorem?

2346 3111 2494 3164 vides
2533 3123 2716 3163 eorum
2762 3113 2964 3177 potius,
3011 3125 3041 3162 ε
3087 3110 3277 3179 quibus
3325 3111 3482 3166 lassus
3523 3111 3725 3178 fuerat,
3754 3115 3925 3168 vicem

2345 3201 2616 3256 dolentem
2637 3243 2651 3265 ,
2674 3215 2831 3270 quam
2860 3201 3166 3270 iniuria-um
3197 3204 3534 3257 memorem?
3559 3202 3690 3258 Nam
3721 3219 3788 3260 ne
3816 3205 3926 3260 fra-

2347 3305 2483 3360 tres,
2513 3303 2603 3348 aut
2630 3293 2930 3348 carnificem
2959 3293 3102 3348 illam
3132 3294 3186 3349 in
3213 3294 3444 3350 medium
3466 3296 3755 3367 proferret,
3781 3296 3924 3352 Fur-

2347 3386 2435 3438 tim
2462 3425 2478 3448 ,
2521 3385 2689 3455 inquit
2707 3425 2721 3448 ,
2749 3383 2974 3439 sublatus
2997 3400 3109 3438 sum
3137 3385 3202 3439 de
3224 3395 3357 3439 terra
3382 3384 3742 3454 Hebraeum,
3765 3398 3816 3443 et
3842 3390 3927 3443 hic

2347 3477 2472 3530 nihil
2508 3477 2706 3530 sceleris
2744 3477 3042 3545 perpetrari.
3069 3474 3179 3531 Nec
3209 3492 3433 3547 usquam
3463 3492 3702 3547 persona
3731 3481 3926 3534 memi-

2346 3567 2458 3632 nit,
2505 3581 2603 3620 nec
2649 3566 2827 3628 lacus,
2873 3579 2972 3620 nec
3013 3565 3428 3634 lsmaelitarum,
3476 3583 3576 3622 nec
3609 3569 3925 3639 cuiusquam

2344 3657 2560 3711 alterius
2586 3656 2680 3710 rei.
2711 3656 2778 3710 Et
2805 3667 2978 3710 tamen
3007 3666 3188 3726 postea
3216 3672 3321 3712 non
3351 3659 3581 3729 vulgaris
3603 3674 3726 3714 eum
3753 3670 3926 3716 tenta-

2347 3749 2421 3802 tio
2465 3747 2691 3817 excepit.
2738 3747 2785 3801 ls
2811 3748 2952 3801 enim
2977 3749 3065 3818 qui
3094 3731 3291 3803 tantam
3320 3748 3387 3803 ab
3415 3764 3480 3804 eo
3504 3751 3926 3826 consolationem

2345 3848 2640 3908 acceperat,
2671 3847 2827 3908 atque
2850 3840 2999 3908 iuxta
3028 3840 3193 3910 ipsius
3218 3842 3522 3896 vaticinium
3547 3844 3768 3898 vinculis
3791 3845 3926 3899 libe-

2345 3940 2518 3995 ratus,
2550 3940 2604 3984 et
2634 3931 2684 3983 in
2711 3931 2989 4000 pristinum
3020 3931 3238 3986 honoris
3262 3935 3482 4002 gradum
3515 3936 3788 3990 restitutus
3810 3937 3927 3992 fne-

2345 4030 2460 4085 rat,
2489 4031 2542 4075 et
2563 4020 2807 4079 beneficii
2828 4031 2880 4076 et
2901 4022 3217 4091 precationis
3237 4024 3474 4092 viriiusti
3497 4029 3808 4081 memoriam
3830 4029 3928 4081 ab»

2339 4113 2488 4181 iecit.
2533 4114 2610 4164 Ac
2653 4111 2880 4166 famulus
2914 4111 3125 4180 quidem
3171 4115 3223 4166 in
3267 4118 3406 4184 regia
3435 4116 3555 4170 aula
3583 4125 3701 4172 erat
3721 4117 3926 4188 ingenti

2342 4202 2594 4256 felicitate
2621 4202 2798 4257 fruens
2832 4219 2845 4254 :
2876 4202 2920 4256 is
2945 4212 3120 4256 autem
3141 4204 3231 4273 qui
3256 4205 3422 4259 solem
3450 4207 3732 4276 splendore
3759 4224 3926 4279 supe-

2342 4293 2521 4358 rabat,
2570 4303 2726 4362 atque
2763 4292 2896 4346 adeo
2936 4293 3109 4346 claros
3147 4309 3211 4347 ac
3249 4295 3477 4351 nitentes
3500 4297 3710 4352 virtutis
3746 4301 3929 4355 radios

2340 4384 2649 4449 emittebat,
2688 4398 2960 4438 carcerem
2984 4384 3157 4439 adhuc
3183 4385 3483 4450 habitabat,
3514 4403 3613 4443 nec
3637 4390 3928 4460 quisquam

2341 4484 2456 4529 emt
2481 4475 2568 4544 qui
2590 4475 2657 4529 de
2685 4489 2752 4529 eo
2775 4489 2950 4544 regem
2978 4476 3482 4534 commonefaceret.
3506 4479 3777 4550 Siquidem
3803 4485 3925 4552 plu-

2344 4582 2430 4621 res
2453 4567 2624 4621 adlmc
2654 4566 2750 4635 ipsi
2771 4581 2996 4621 coronas
3025 4568 3163 4630 texi,
3189 4569 3524 4639 maioresque
3551 4572 3754 4640 palmas
3772 4589 3928 4628 com-

2343 4659 2517 4729 parari
2570 4658 2868 4726 oportebat.
2923 4661 2999 4712 Ac
3049 4669 3328 4728 propterea
3378 4662 3615 4732 longiora
3665 4678 3926 4722 cursuum

2341 4751 2507 4820 spatia
2553 4759 2660 4804 tum
2708 4751 2998 4820 figebantur
3028 4769 3040 4804 :
3070 4752 3177 4807 Deo
3211 4753 3459 4807 nimirum
3485 4767 3772 4810 scammata
3803 4751 3924 4826 qui-

2340 4843 2460 4896 dem
2509 4857 2723 4897 manere
2770 4844 2975 4898 sinente
2999 4885 3014 4907 ,
3056 4859 3119 4898 ac
3155 4861 3276 4899 eum
3309 4855 3484 4901 tamen
3515 4847 3926 4920 haudquaquam

2341 4933 2559 4988 omnino
2603 4934 2918 5000 descrente,
2965 4951 3145 4989 verum
3192 4937 3618 5005 insidiatoribus,
3657 4957 3778 5010 qua:
3827 4958 3922 4998 sua

2341 5036 2520 5091 erant,
2548 5041 2612 5080 eo
2641 5041 2806 5097 usque
2833 5027 3115 5081 ostendere
3135 5038 3292 5099 atque
3312 5033 3529 5102 exsequi
3558 5035 3924 5101 permittente,

2342 5128 2398 5170 ut
2428 5127 2601 5173 tamen
2639 5120 2797 5188 pugili
2826 5120 3042 5172 exitium
3072 5120 3289 5174 minime
3323 5121 3558 5188 afferret,
3586 5139 3684 5178 nec
3709 5126 3926 5180 virtutis

2341 5219 2755 5278 oppugnatorem
2785 5212 2863 5280 (a)
2886 5211 2950 5264 de
2979 5213 3150 5265 medio
3180 5212 3406 5268 tolleret.
3432 5214 3641 5270 Etenim
3670 5217 3721 5270 in
3745 5217 3922 5273 lacum

2341 5301 2555 5369 quidem
2599 5318 2719 5354 eum
2758 5302 2947 5371 conjici
2969 5346 2983 5368 ,
3016 5318 3077 5357 ac
3103 5315 3304 5359 vestem
3334 5308 3601 5360 cruentari
3633 5310 3876 5377 permisit
3906 5331 3920 5364 :

2339 5404 2394 5447 at
2434 5409 2539 5448 non
2589 5395 2710 5449 item
2748 5394 2846 5465 ipsi
2875 5395 3072 5450 eaedem
3103 5396 3284 5452 inferri
3314 5398 3440 5453 sivit
3470 5417 3483 5448 .-
3514 5416 3694 5454 verum
3722 5402 3773 5456 id
3803 5405 3925 5473 qui-

2339 5487 2460 5540 dem
2485 5502 2618 5541 unus
2646 5502 2676 5541 e
2701 5487 2948 5541 fratribus
2971 5489 3166 5552 suasit,
3193 5491 3285 5544 sed
3319 5490 3366 5545 id
3391 5499 3556 5546 totum
3578 5493 3761 5548 divino
3783 5510 3919 5550 con-

2339 5581 2461 5635 silio
2499 5596 2560 5635 ac
2585 5581 2912 5652 providentia
2945 5582 3119 5637 fiebat.
3147 5582 3296 5649 Quod
3329 5585 3487 5638 etiam
3519 5585 3570 5638 in
3602 5584 3924 5657 .Egyptiaca

2402 5719 2476 5780 (a)
2507 5723 2688 5776 Graece,
2707 5731 2987 5778 ἀντιμιηέν.
3013 5718 3130 5766 uale
3153 5726 3370 5768 verterat
3394 5719 3572 5778 Billius,
3598 5697 3922 5785 propugnato-

2337 5793 2459 5850 rem,
2480 5793 2589 5850 cum
2607 5791 2636 5826 e
2651 5793 2884 5850 converso
2904 5789 3271 5850 Oppugnatorent
3292 5785 3576 5831 vertendum
3595 5793 3748 5844 emet,
3767 5794 3924 5850 atque

2341 5845 2402 5893 ita
2419 5843 2577 5891 series
2600 5841 2822 5903 postulat,
2846 5851 2898 5892 ut
2917 5841 3051 5892 recte
3076 5845 3259 5893 monuit
3289 5850 3461 5893 Fronto
3483 5851 3701 5899 Ducum.
