4216 6492
788 441 894 498 889

785 556 892 606 τῶν
913 552 1220 621 Αἰγυπτίων
1240 553 1298 606 τὸ
1328 553 1523 624 γένος),
1549 556 1578 608 ό
1610 553 1862 625 θυμώδης
1884 552 1974 606 καὶ
1999 549 2212 622 ὀργίλος
2233 547 2346 617 (καὶ

785 665 892 732 γάρ
912 662 1070 716 τοῦτο
1085 663 1218 733 μεθ’
1237 664 1538 736 ὑπερϐολῆς
1557 659 1738 728 αὐτοῖς
1759 653 2018 733 πρόσεστι
2045 659 2105 714 τὸ
2132 657 2346 723 πάθος).

784 776 842 828 ὃν
874 774 1186 829 ἐπίστευσεν
1234 772 1370 831 εἶναι
1421 746 1604 848 μοιχὸν
1633 777 1727 830 καὶ
1754 778 1988 845 γυναῖκα
2030 771 2348 864 ἠδικηκέναι

784 886 889 958 τὴν
912 886 1100 951 αὐτοῦ,
1122 887 1222 940 οὐκ
1251 888 1522 958 ἀπέτεμεν
1546 889 1768 952 εὐθέως,
1803 887 1922 941 οὐδέ
1951 886 2085 956 πυρὶ
2107 885 2350 956 παρέδω-

786 1014 901 1061 κεν,
946 997 1060 1050 ἀλλ’
1097 996 1268 1061 οὕτως
1311 998 1588 1066 ἀλόγιστος
1633 997 1738 1062 ὢν,
1772 999 1848 1062 ὡς
1886 999 1951 1051 ἐκ
1996 998 2126 1068 μιᾶς
2161 995 2352 1066 μοίρας

785 1086 1185 1157 ἀποφήνασθαι,
1220 1089 1312 1141 καὶ
1345 1089 1478 1158 μηδὲ
1531 1089 1688 1157 λόγου
1731 1088 2048 1159 μεταδοῦναι
2076 1087 2156 1159 τῷ
2184 1091 2352 1154 ἐγκα-

785 1198 1052 1271 λουμένῳ,
1098 1201 1154 1253 ἐν
1183 1200 1260 1271 τῷ
1290 1202 1464 1273 καιρῷ
1495 1203 1590 1272 τῆς
1635 1202 1900 1272 τιμωρίας
1938 1200 2138 1272 πολλὴν
2181 1199 2353 1254 ἐπιεί-

787 1327 942 1367 κειαν
969 1313 1293 1378 ἐπεδείξατο,
1323 1317 1416 1367 καὶ
1445 1316 1636 1377 ταῦτα,
1665 1316 1807 1386 ὁρῶν
1836 1315 1934 1385 τὴν
1959 1318 2191 1382 γυναῖκα
2226 1331 2354 1384 μαι-

786 1423 1018 1494 νομένην
1043 1463 1058 1489 ,
1105 1423 1254 1497 [570]
1288 1425 1595 1490 λυττῶσαν,
1653 1427 1773 1497 βίαν
1815 1426 2241 1498 ἀποδυρομένην,
2285 1427 2354 1480 τά

792 1535 979 1605 ιμάτια
1002 1537 1328 1609 διερρωγότα
1361 1540 1792 1610 περιφέρουσαν,
1827 1542 1923 1594 καὶ
1968 1539 2228 1610 μειζόνως
2261 1540 2355 1592 καὶ

790 1644 1038 1700 ἐντεῦθεν
1079 1648 1461 1719 ’ἐκκαιομένην,
1495 1649 1590 1702 καὶ
1631 1649 1931 1721 θρηνοῦσαν
1974 1652 2066 1703 καὶ
2098 1650 2355 1719 ὀλοφυρο-

797 1758 1001 1831 μένην;
1052 1759 1189 1812 Ἀλλ’
1233 1760 1382 1830 ὅμως
1409 1761 1612 1814 τούτων
1642 1761 1794 1816 οὐδὲν
1835 1762 1995 1816 αὐτὸν
2026 1765 2105 1826 είς
2142 1763 2357 1833 σφαγὴν

795 1871 978 1942 ἐξῆψε.
1007 1873 1194 1936 Πόθεν,
1212 1874 1330 1926 είπέ
1365 1891 1488 1944 μοι;
1517 1875 1629 1929 Οὐκ
1657 1874 1873 1946 εὔδηλον
1897 1876 1977 1928 ὃτι
2002 1877 2030 1928 ό
2061 1876 2186 1938 τοὺς
2205 1874 2355 1928 λέον-

793 1997 892 2044 τας
922 1981 1215 2051 χαλινώσας
1237 2023 1252 2046 ,
1286 1985 1381 2037 καὶ
1424 1985 1521 2059 τῂν
1551 1986 1779 2057 κάμινον
1821 1988 2166 2056 καταψύξας,
2205 1982 2355 2051 οὗτος

795 2095 889 2150 καὶ
916 2094 1106 2166 θηρίου
1131 2096 1317 2150 τούτου
1342 2099 1432 2153 τὸν
1458 2099 1692 2171 ἄμετρον
1708 2101 1906 2170 ἐπέσχε
1928 2100 2119 2170 θυμὸν,
2146 2103 2238 2154 καὶ
2257 2100 2356 2172 τὴν

797 2206 1001 2276 ἄφατον
1043 2209 1208 2281 ὀργὴν
1253 2210 1490 2274 ἔσϐεσεν,
1538 2212 1614 2276 ὡς
1656 2213 1983 2284 κερασθῆναι
2034 2213 2359 2284 συμμέτρως

796 2318 896 2390 τὴν
923 2320 1227 2391 τιμωρίαν;
1256 2321 1425 2374 Τοῦτο
1452 2324 1545 2375 καὶ
1573 2323 1631 2377 ἐν
1654 2322 1731 2393 τῷ
1749 2322 2103 2393 δεσμωτηρίῳ
2135 2323 2347 2392 συμϐάν

800 2427 898 2480 ἴδοι
921 2445 1006 2492 τις
1037 2430 1120 2484 ἀν.
1153 2431 1378 2502 Δεθῆναι
1415 2432 1510 2501 μέν
1536 2432 1644 2503 γὰρ
1680 2433 1840 2488 αὐτὸν
1866 2433 2226 2505 συνεχώρησε,
2265 2435 2358 2488 καὶ

803 2539 939 2609 μετά
966 2539 1076 2593 τῶν
1100 2541 1402 2595 καταδίκων
1427 2538 1588 2609 εἶναι,
1615 2543 1715 2612 τῆς
1743 2543 1800 2595 δὲ
1833 2542 1926 2595 τοῦ
1958 2542 2362 2612 δεσμοφύλακος

797 2659 1065 2729 ἀπηνείας
1102 2659 1421 2732 ἐξήρπασεν.
1457 2661 1623 2717 Οἶσθα
1663 2665 1770 2735 γὰρ
1801 2660 1912 2717 οἷόν
1945 2666 2059 2718 ἐστι
2097 2665 2362 2736 δεσμοφύ-

798 2777 928 2843 λαξ·
977 2779 1090 2831 ἀλλ’
1120 2781 1314 2851 ἐκείνῳ
1343 2782 1462 2836 τότε
1497 2785 1668 2854 πρᾶος
1700 2785 1792 2837 καὶ
1819 2785 2023 2856 ἥμερος
2053 2781 2142 2856 ἦν,
2171 2787 2265 2840 καὶ
2296 2787 2358 2840 οὐ

803 2895 959 2965 μόνον
998 2896 1097 2949 οὐκ
1129 2898 1410 2952 ἀπέτεινεν
1453 2901 1615 2954 αὐτὸν
1654 2903 1834 2964 πόνοις
1877 2901 2040 2966 τισὶν,
2089 2903 2224 2956 ἀλλά
2268 2905 2364 2958 καὶ

800 3017 1034 3089 ἄρχοντα
1062 3021 1277 3073 πάντων
1309 3021 1528 3088 ἐποίησε
1570 3020 1677 3073 τῶν
1703 3020 1887 3074 αὐτόθι
1909 3060 1923 3083 ,
1952 3022 2047 3075 καὶ
2081 3023 2253 3077 ταῦτα
2289 3023 2365 3086 ὡς

807 3138 992 3208 μοιχὸν
1021 3138 1344 3209 δεξάμενος,
1378 3140 1684 3204 κατάδικον,
1723 3141 1816 3192 καὶ
1851 3140 2036 3211 μοιχὸν
2073 3141 2360 3213 ἐπίσημον.

804 3257 879 3310 υύ
923 3258 1032 3328 γὰρ
1079 3261 1158 3321 είς
1200 3260 1377 3313 οἰκίαν
1423 3261 1643 3332 εὐτελῆ,
1687 3263 1800 3316 ἀλλ’
1851 3264 1931 3324 είς
1981 3264 2222 3336 μεγάλην
2273 3267 2368 3320 καὶ

805 3377 1059 3450 λαμπράν
1080 3380 1140 3433 τὸ
1159 3379 1342 3450 δρᾶμα
1357 3380 1512 3435 τοῦτο
1529 3381 1894 3454 τετολμῆσθαι
1913 3383 2210 3456 ἐνομίζετο.
2228 3387 2365 3441 Ἀλλ’

803 3499 955 3569 ὅμως
995 3501 1143 3554 οὐδὲν
1175 3501 1374 3556 τούτων
1418 3503 1620 3557 ἐκεῖνον
1668 3505 1934 3576 ἐφόϐησεν
1956 3543 1971 3570 ,
2001 3504 2121 3558 οὐδὲ
2155 3505 2369 3563 ἔπεισεν

811 3617 1004 3688 ἐκείνῳ
1031 3619 1272 3686 γίνεσθαι
1303 3620 1551 3691 χαλεπόν.
1583 3623 1744 3677 ’Δλλά
1775 3625 1866 3676 καὶ
1892 3624 1941 3677 οί
1979 3625 2230 3694 στέφανοι
2261 3626 2371 3682 ἀπὸ

813 3741 920 3793 τῶν
950 3741 1288 3812 παθημάτων
1321 3745 1608 3799 ἐπλέκοντο
1628 3764 1641 3777 ·
1680 3748 1775 3802 καὶ
1799 3751 1831 3819 ἡ
1857 3748 1952 3802 τοῦ
1979 3749 2116 3803 Θεοῦ
2153 3767 2371 3821 συμμα-

810 3863 901 3930 χία
938 3863 1076 3932 μετά
1111 3865 1311 3936 πολλῆς
1335 3866 1558 3938 ἐπέρρει
1592 3869 1691 3939 τῆς
1712 3869 2006 3939 δαψιλείας.
2045 3871 2374 3942 Ἐϐουλόμην

813 3983 905 4035 καὶ
924 3982 1108 4052 ἕτερον
1135 3985 1444 4052 προσθεῖναι
1473 3989 1536 4055 τῇ
1568 3987 1821 4057 ἐπιστολῇ
1853 3988 2026 4058 μῆκος
2045 4006 2059 4018 ·
2086 3988 2198 4040 ἀλλ’
2221 3988 2372 4040 ἐπει-

811 4101 876 4170 δὴ
920 4103 1014 4154 καί⁵
1047 4102 1202 4154 τοῦτο
1242 4103 1377 4172 μετά
1416 4103 1616 4172 πολλῆς
1644 4105 1740 4173 τῆς
1783 4105 2097 4175 περιουσίας
2128 4100 2277 4176 οἶμαι
2316 4107 2378 4158 τὸ

818 4221 1012 4290 μέτρον
1051 4221 1516 4291 ὑπερϐεϐηκέναι,
1559 4223 1789 4276 ἐνταῦθα
1823 4223 2142 4286 καταλύσας.
2165 4224 2256 4278 τὸν
2297 4224 2378 4278 λό-

817 4356 930 4405 γον,
970 4342 1143 4393 ἐκεῖνο
1187 4341 1487 4411 παρακαλῶ
1520 4359 1612 4394 σου
1644 4343 1742 4410 τὴν
1781 4340 2082 4408 εὐλάϐειαν,
2125 4341 2258 4412 ὅπερ
2290 4344 2376 4396 ἀεὶ

817 4459 1090 4512 διετέλεσα
1122 4460 1473 4530 παρακαλῶν,
1521 4461 1753 4531 ἀθυμίας
1785 4463 1882 4531 μὲν
1921 4461 2374 4530 ἀπαλλάττεσθαι,

817 4576 1060 4641 δοξάζειν
1109 4578 1165 4630 δὲ
1211 4581 1301 4630 τὸν
1353 4580 1512 4643 Θεὸν,
1563 4581 1697 4651 ὅπερ
1756 4583 1842 4634 ἀεὶ
1895 4583 2235 4653 πεποίηκας,
2285 4588 2378 4638 καὶ

821 4698 1048 4751 ⁴ὀιοῦσςι.
1081 4699 1357 4762 διατελεῖς,
1391 4702 1616 4769 χάριτας
1640 4700 1971 4770 ὁμολογοῦσα
2001 4703 2139 4773 ὑπὲρ
2162 4704 2379 4758 πάντων

822 4816 969 4886 αὐτῷ
1007 4816 1114 4870 τῶν
1143 4819 1392 4887 χαλεπῶν
1417 4820 1617 4872 τούτων
1641 4821 1734 4874 καὶ
1764 4821 2054 4894 ὀδυνηρῶν.
2091 4824 2247 4878 Οὕτω
2275 4827 2382 4897 γάρ

824 4940 916 4992 καὶ
945 4939 1083 5010 αὐτὴ
1111 4940 1176 4992 τὰ
1225 4941 1453 5009 μέγιστα
1484 4941 1664 5010 ἀγαθὰ
1703 4943 1968 5015 καρπώσῃ
1994 4985 2008 5008 ,
2040 4947 2132 4998 καὶ
2162 4945 2238 5016 τῷ
2263 4946 2380 4999 δια-

827 5059 964 5128 ὅόλῳ
997 5060 1213 5129 καιρίαν
1239 5060 1424 5124 δώσεις
1455 5063 1685 5134 πληγὴν,
1725 5067 1817 5118 καὶ
1846 5067 2044 5137 πολλὴν
2071 5070 2200 5138 ἡμῖν
2233 5088 2374 5140 παρ-

827 5181 967 5246 έξεις
1007 5183 1371 5252 παράκλησιν,
1423 5187 1514 5237 καὶ
1545 5186 1642 5254 τῆς
1676 5186 1922 5255 ἀθυμίας
1948 5189 2010 5242 τὸ
2055 5190 2214 5261 νέφος
2249 5194 2385 5262 μετὰ

831 5298 1028 5368 πολλῆς
1063 5300 1319 5367 ἀφανίσαι
1357 5301 1551 5373 δυνήσῃ
1581 5305 1676 5375 τῆς
1709 5305 1954 5370 εὐκολίας
1974 5348 1988 5371 ,
2025 5310 2116 5363 καὶ
2144 5310 2386 5382 καθαρᾶς

832 5417 1132 5471 ἀπολαῦσαι
1162 5420 1417 5490 γαλήνης.
1452 5423 1540 5493 Μὴ
1569 5424 1633 5494 δὴ
1660 5426 2122 5495 καταμαλακίζου,
2145 5430 2261 5484 ἀλλ’
2289 5432 2385 5485 ἀν-

835 5537 1126 5601 ενεγκοῦσα
1151 5538 1257 5590 ἀπὸ
1281 5539 1374 5591 τοῦ
1414 5540 1620 5593 καπνοῦ
1655 5543 1844 5595 τούτου
1887 5546 2112 5614 (καπνοῦ
2136 5549 2264 5618 γὰρ,
2295 5552 2388 5603 ἐὰν

837 5658 1022 5726 θέλῃς,
1062 5660 1240 5729 ῥᾴδιον
1268 5661 1632 5726 διασκεδάσεις
1663 5667 1836 5719 πᾶσαν
1866 5669 1960 5736 τὴν
1992 5669 2224 5740 ἀθυμίαν
2257 5673 2386 5724 ταύ-

839 5780 980 5848 την),
1015 5781 1169 5852 δῆλον
1215 5783 1367 5837 τοῦτο
1396 5787 1545 5840 πάλι»
1583 5787 1804 5856 ποίησον
1838 5790 1984 5857 ἡμῖν,
2030 5791 2109 5843 ἵνα
2139 5793 2229 5844 καὶ
2261 5794 2390 5860 πόρε

1482 442 1538 496 8.
1579 437 1859 499 ,ιοΑΝΝιε
1895 427 2369 494 ClIRYSOSTOII
2409 422 2724 487 ABCIIIEP.
2765 428 3313 486 CONSTANTINOP.

3915 417 4017 474 550

2451 547 2622 618 βωθεν
2645 548 2814 613 ὅντες,
2851 547 3054 619 πολλὴν
3086 547 3194 601 ἀπὸ
3231 544 3340 596 τῶν
3387 538 3641 592 τοιούτων
3671 535 4014 606 γραμμάτων

2455 663 2873 736 καρπωσώμεθα
2892 663 2990 734 τὴν
3013 659 3370 730 εὐφροσύνην.

2745 871 2902 941 Πρὸς
2928 869 3043 938 τὴν
3068 864 3263 933 αὐτὴν
3289 858 3581 926 ἐπιστολὴ
3606 863 3683 915 Δ’.

2521 1035 2595 1096 ατ
2624 1041 2736 1111 Τῆς
2765 1039 3122 1112 σφοδρότητος
3149 1036 3335 1088 ῑνεκεν
3360 1030 3452 1084 τοῦ
3476 1026 3762 1100 χειμῶνος,
3786 1024 3889 1078 καὶ
3921 1022 4021 1094 τῆς

2451 1154 2545 1207 τοῦ
2588 1152 2856 1223 στομάχου
2900 1147 3057 1220 ἡμῶν
3095 1145 3396 1205 ἀσθενείας,
3436 1140 3532 1193 καὶ
3564 1137 3674 1190 τῶν
3695 1132 4019 1206 Ἰσαυρικῶν

2459 1263 2831 1333 καταδρομῶν,
2890 1261 3056 1332 μηδὲν
3099 1259 3285 1312 ἓνεκεν
3329 1253 3533 1324 ήμῶνι
3575 1249 3832 1320 μερίμνα.
3888 1245 4023 1316 μηδὲ

2463 1377 2740 1430 κατάτεινε
2772 1374 2976 1443 σαυτὴν
3009 1370 3304 1443 φροντίσιν.
3341 1368 3400 1420 '0
3430 1365 3529 1435 μὲν
3553 1363 3662 1433 γὰρ
3702 1359 3906 1431 χειμὼν
3935 1359 4023 1427 γέο

2458 1504 2614 1555 γονεν
2653 1481 2764 1539 οἷον
2802 1485 2946 1546 είκὺς
2996 1483 3055 1534 ἐν
3088 1478 3347 1550 Ἀρμενίᾳ
3381 1471 3555 1530 εἶναι’
3591 1474 3745 1528 οὐδὲν
3786 1472 3898 1542 γὰρ
3946 1471 4025 1524 δει

2459 1603 2620 1656 πλέον
2650 1601 2823 1654 εἰπεῖν
2841 1616 2854 1628 '
2874 1599 3020 1668 ἡμᾶς
3035 1596 3091 1650 δέ
3106 1595 3166 1649 οὐ
3194 1594 3338 1665 μέγα
3350 1609 3404 1645 τι
3426 1588 3823 1661 παραδλάπτει.
3841 1582 4030 1639 Ταῦτα

2457 1719 2568 1789 γάρ
2623 1716 2986 1790 προορῶντες,
3035 1685 3208 1766 πολλά
3250 1701 3794 1782 μηχανώμεθαίπρός
3825 1703 3886 1756 τὸ
3929 1701 4031 1771 τὴν

2457 1838 2705 1893 ἐντεῦθεν
2738 1831 3160 1906 διακρούσασθαι
3190 1830 3392 1901 βλάϐην
3411 1869 3426 1892 ,
3482 1827 3578 1881 καὶ
3609 1825 3721 1896 πῦρ
3747 1823 4032 1878 ἀνακαίον-

2456 1979 2550 2026 τες
2579 1959 2817 2030 συνεχῶς
2839 1996 2855 2022 ,
2885 1957 2980 2010 καὶ
3016 1956 3076 2010 τὸ
3121 1954 3417 2024 δωμάτιον,
3465 1947 3594 2002 ἔνθα
3630 1945 4032 2016 καταμένομεν,

2458 2077 2796 2149 πανταχόθεν
2817 2074 2968 2150 [571]
2990 2074 3469 2145 περιφράττοντες,
3484 2069 3578 2122 καὶ
3598 2065 3792 2135 ἐπιδλή
3801 2080 3934 2135 μασι
3953 2078 4036 2115 κε-

2457 2199 2720 2270 χρημένοι
2737 2197 2965 2258 πλείοσι,
2986 2196 3081 2249 καὶ
3095 2194 3182 2246 διά
3201 2191 3397 2252 παντὸς
3413 2188 3559 2241 ἔνδον
3579 2182 4037 2257 μένοντες.”οπερ

2459 2314 2577 2367 ἐστὶ
2596 2315 2693 2382 μὲν
2710 2313 2841 2382 ἡμῖν
2859 2308 3112 2379 ἐπαχθὲς,
3143 2306 3280 2375 πλὴν
3296 2301 3458 2362 διὰτὸ
3481 2298 3728 2353 ἐντεῦθεν
3745 2294 3931 2365 κέρδος
3949 2309 4039 2360 φο-

2465 2431 2808 2505 ρητόν.”Εως
2843 2431 2940 2501 μὲν
2959 2429 3067 2499 γάρ
3095 2427 3239 2480 ἔνδον
3272 2424 3542 2494 μένωμεν,
3562 2420 3622 2471 οὐ
3649 2416 3851 2486 σφόδρα
3867 2430 4036 2468 κατα-

2459 2550 2747 2621 τεινόμεθα
2771 2549 2850 2618 τῷ
2879 2547 3074 2618 κρυμῷ
3094 2563 3108 2575 ·
3147 2544 3241 2597 ἐὰν
3269 2543 3324 2596 δι
3360 2537 3789 2607 ἀναγκασθῶμεν
3841 2531 4040 2604 μικρὸν

2464 2669 2759 2740 προελθεῖν,
2778 2667 2873 2722 καὶ
2899 2664 2977 2736 τῷ
2991 2665 3095 2731 ἔξω
3108 2662 3362 2734 ὁμιλῆσαι
3385 2658 3526 2728 ἀέρι,
3543 2656 3604 2709 οὐ
3630 2653 3834 2725 μικράν
3862 2667 4007 2723 προσ
4023 2679 4036 2690 -

2460 2789 2757 2862 τριϐόμεθα
2779 2789 3000 2859 βλάϐην.
3035 2785 3126 2838 Διὸ
3156 2785 3248 2837 καὶ
3270 2782 3367 2852 τὴν
3402 2777 3692 2850 τιμιότητά
3729 2793 3822 2830 σου
3856 2791 4040 2844 παρα-

2464 2910 2632 2975 καλῶ,
2675 2910 2769 2964 καὶ
2797 2911 2854 2961 ἐν
2907 2908 3167 2978 μέγιστης
3201 2903 3337 2958 αίτῶ
3373 2902 3593 2972 χάριτος
3626 2899 3802 2969 μέρει,
3836 2895 4042 2964 πολλὴν

2465 3032 2734 3086 ποιεῖσθαι
2751 3029 3084 3100 ἐπιμέλειαν,
3101 3027 3239 3079 ὥστε
3259 3025 3358 3094 τὴν
3372 3023 3467 3076 τοῦ
3495 3020 3746 3091 σώματός
3787 3035 3878 3069 σου
3894 3017 4043 3087 διορ⁴

2467 3153 2593 3206 θοῦν
2619 3152 2919 3206 ἀσθένειαν.
2943 3151 3092 3204 Ποιετ
3109 3149 3206 3220 μὲν
3224 3148 3331 3219 γὰρ
3345 3145 3498 3199 νόσον
3526 3144 3620 3197 καί⁵
3646 3140 3853 3211 ἀθυμία
3873 3157 3886 3171 ο
3906 3139 4041 3193 ὃταν

2465 3273 2522 3327 δέ
2551 3274 2646 3328 καὶ
2672 3273 2830 3343 σῶμα
2861 3269 3166 3340 πεπονηκὸς
3189 3265 3224 3339 ᾖ
3258 3267 3354 3321 καὶ
3378 3262 3828 3335 ἐξησθενημὲνον,
3863 3260 3957 3312 καὶ⁵
3981 3258 4043 3311 ἐν

2467 3392 2696 3464 ἀμελείᾳ
2716 3391 2993 3462 διακέηται
3007 3390 3034 3430 δ
3057 3388 3248 3459 πολλῇ,
3262 3388 3357 3440 καὶ
3379 3387 3513 3456 μήτε
3548 3382 3748 3454 ἰατρῶν
3768 3377 4044 3451 ἀπολαύῃ.

2473 3513 2610 3585 μήτε
2651 3512 2830 3581 ἀέρων
2869 3509 3199 3580 εὐκρασίας,
3239 3508 3375 3578 μήτε
3421 3505 3521 3575 τῆς
3561 3502 3668 3556 τῶν
3719 3497 4046 3570 ἐπιτηδείων

2471 3626 2750 3698 ἀφθονίας,
2780 3627 3052 3696 ἐννόησον,
3075 3627 3158 3678 ὄτι
3180 3625 3240 3678 οὐ
3268 3622 3440 3694 μικρά
3477 3619 3727 3675 ἐντεῦθεν
3758 3617 4050 3689 προσθήκη

2471 3755 2680 3819 γίνεται
2709 3747 2804 3802 τοῦ
2819 3747 3018 3801 δεινοῦ.
3046 3745 3137 3798 Διὸ
3165 3742 3470 3814 παρακαλῶ
3486 3758 3579 3794 σου
3609 3739 3707 3810 τὴν
3737 3737 4048 3807 τιμιότητα,

2474 3872 2569 3925 καὶ
2619 3873 2824 3941 ίατροῖς
2873 3868 3149 3940 διαφόροις
3176 3866 3271 3920 καὶ
3300 3864 3583 3936 ἐμπείροις
3616 3863 3710 3915 καὶ
3732 3859 4051 3932 φαρμάκοις

2475 3989 2729 4062 χρῆσθαι,
2752 3992 2864 4052 τοῖς
2886 3987 2954 4042 τὰ
2978 3989 3200 4042 τοιαῦτα
3228 3985 3474 4057 διορθοῦν
3508 3983 3843 4054 δυναμένοις.
3891 3981 4050 4034 Ἐπεὶ

2475 4110 2571 4162 καὶ
2595 4109 2753 4178 ἡμεῖς
2780 4107 2885 4178 πρὸ
2915 4105 3116 4159 τούτων
3136 4104 3242 4158 τῶν
3267 4103 3463 4172 ὀλίγων
3489 4100 3733 4173 ἡμερῶν,
3757 4099 4050 4168 εὐεμπτω-

2475 4243 2583 4290 τως
2610 4226 2742 4296 ἡμῖν
2768 4223 2982 4293 ἔχοντος
3017 4221 3108 4276 τοῦ
3165 4220 3436 4290 στομάχου
3475 4218 3612 4288 πρὸς
3639 4218 3762 4280 τοὺς
3797 4215 4051 4286 ἐμέτους,

2478 4347 2541 4399 ἐκ
2567 4343 2667 4414 τῆς
2689 4341 2784 4396 τοῦ
2811 4342 2973 4411 ἀέρος
3003 4339 3410 4403 καταστάσεως,
3434 4339 3499 4407 τῇ
3519 4353 3577 4389 τε
3596 4335 3733 4405 ἀλλῃ
3759 4333 4054 4404 ἐπιμελείᾳ

2478 4467 2832 4537 χρησάμενοι,
2856 4464 2948 4516 καὶ
2973 4462 3050 4533 τῷ
3077 4461 3354 4533 φαρμάκῳ
3379 4459 3457 4530 τῷ
3482 4455 3872 4526 ἀπεσταλμένῳ
3896 4453 4057 4526 παρά

2477 4588 2577 4658 τῆς
2618 4589 2809 4657 κυρίας
2845 4603 2945 4656 μου
2993 4584 3090 4653 τῆς
3129 4581 3505 4652 κοσμιωτάτης
3540 4577 3873 4647 Συτκλητίου
3897 4614 3915 4639 .
3955 4575 4055 4628 καὶ

2479 4712 2540 4763 οὐ
2562 4710 2844 4778 δεηθέντες
2877 4705 3036 4759 πλέον
3069 4705 3101 4775 ἢ
3134 4705 3300 4774 τριῶν
3333 4700 3555 4772 ἡμερῶν
3600 4700 3731 4753 αὐτὸ
3755 4697 4055 4758 ἐπιθεῖναι,

2481 4828 2866 4899 διωρθώσαμεν
2897 4824 3060 4879 αὐτοῦ
3086 4825 3184 4894 τὴν
3209 4821 3510 4876 ἀσθένειαν.
3540 4818 3848 4890 Παρακαλῶ
3874 4818 4059 4872 τοίνυν

2486 4949 2578 5000 καὶ
2605 4946 2771 5010 αὐτὴν
2803 4945 2861 4996 σε
2893 4939 3197 5012 χρήσασθαι
3243 4938 3436 5008 τούτῳ,
3489 4938 3585 4990 καὶ
3633 4936 4054 5006 παρασκευάσαι

2487 5069 2648 5121 πάλιν
2671 5068 2799 5136 ἡμῖν
2839 5065 2896 5129 ἐξ
2923 5061 3088 5117 αὐτοῦ
3115 5061 3448 5132 πεμφθῆναι.
3478 5061 3589 5112 Καὶ
3613 5058 3722 5130 γὰρ
3765 5059 3862 5113 καὶ
3889 5060 4056 5115 πάλιν

2487 5188 2859 5258 αἰσθανόμενοι
2886 5203 3027 5248 τινος
3060 5184 3388 5253 ἀνατροπῆς,
3423 5182 3587 5234 πάλιν
3616 5181 3764 5251 αὐτῷ
3813 5182 4057 5254 ἐχρησά-

2491 5309 2650 5380 μεθα,
2681 5308 2775 5361 καὶ
2804 5305 2862 5358 τὸ
2891 5305 2996 5358 πᾶν
3027 5300 3431 5373 διωρθώσαμεν.
3474 5299 3585 5352 Καὶ
3612 5299 3720 5369 γάρ
3743 5299 4052 5370 φλεγμονὰς

2490 5428 2838 5484 καταστέλλει
2864 5427 2961 5490 τὰς
3003 5427 3061 5479 ἐν
3089 5425 3167 5495 τῷ
3218 5423 3389 5494 βάθει,
3425 5423 3602 5476 νοτίδα
3639 5424 3925 5494 ἀνιμᾶται,
3959 5430 4054 5481 καὶ

2493 5551 2818 5622 συμμέτρως
2859 5550 2976 5601 ἐστὶ
3001 5546 3223 5618 θερμὸν,
3256 5545 3350 5599 καί⁸
3387 5543 3535 5598 τόνον
3569 5543 3840 5613 ἐντίθησιν
3866 5546 3928 5598 οὐ
3961 5545 4054 5599 τὸν

2554 5759 2576 5785 n
2604 5747 2683 5791 Sic
2704 5755 2873 5790 omnes
2905 5755 3014 5787 ιηςς.
3047 5741 3096 5788 In
3126 5740 3271 5788 mlilis
3294 5735 3410 5789 illud
3435 5736 3586 5784 ινικεν
3613 5738 3746 5797 ἡμῶν
3769 5737 3911 5787 decu

2555 5809 2582 5847 ιι
2608 5808 2729 5856 ’l‘res
2750 5816 2859 5854 mss.
2889 5803 3068 5862 κέηται.
