4172 6480
173 399 267 456 {>89

174 514 394 570 muliere
437 516 677 589 contigit.
705 519 840 588 Quid
870 519 1012 575 enim
1037 533 1213 575 causa!
1239 526 1353 585 est,
1380 517 1468 573 dic
1485 558 1500 584 ,
1533 531 1715 587 quaeso
1738 556 1755 583 ,

170 604 519 671 quamobrem
562 607 712 665 femx
752 611 837 668 hic
874 611 956 667 vir
990 619 1047 667 et
1070 610 1432 680 intemperans
1454 606 1761 680 (Egyptio-

171 706 282 747 rum
331 693 481 749 enim
524 711 703 754 mores
744 700 980 770 nostis);
1020 700 1139 765 hic,
1167 700 1420 771 inquam,
1449 698 1681 752 furiosus
1704 704 1763 751 et

173 782 463 839 iracundus
508 785 655 853 (nam
701 787 789 844 hic
826 804 1038 860 quoque
1064 789 1286 845 morbus
1310 786 1677 845 incredibilem
1706 786 1758 841 in

178 871 388 928 modum
413 873 546 945 ipsis
568 876 731 949 inest)
758 894 881 934 eum
897 920 913 947 ,
937 894 1097 951 quem
1118 879 1417 936 adulterum
1436 892 1578 945 esse,
1600 885 1763 947 διηυο

174 961 320 1017 uxori
367 958 621 1033 iniuriam
661 967 905 1024 intulisse
940 968 1221 1035 credebat,
1250 983 1356 1023 uou
1382 966 1561 1023 statim
1585 965 1763 1036 gladio

172 1051 441 1121 concidit,
472 1063 569 1110 aut
592 1054 822 1113 ﬂammis
847 1056 1031 1125 dedit;
1058 1073 1244 1114 verum
1272 1072 1395 1113 cum
1422 1056 1493 1112 ita
1524 1069 1763 1127 prmeeps

173 1152 329 1213 atque
371 1142 800 1205 inconsideratus
846 1159 1024 1218 esset,
1065 1158 1123 1205 ut
1155 1148 1223 1204 ad
1247 1149 1405 1204 unius
1427 1147 1596 1219 partis
1620 1145 1736 1203 arbi

177 1234 329 1288 trium
350 1238 677 1293 sententiam
706 1236 908 1308 ferret,
939 1254 1039 1311 nec
1057 1254 1273 1295 causam
1294 1237 1505 1294 dicendi
1528 1246 1765 1309 potesta-

179 1332 279 1383 tem
309 1340 404 1382 reo
430 1326 662 1406 faceret,
687 1337 864 1386 tamen
894 1331 1141 1402 supplicii
1168 1325 1409 1401 tempore
1434 1330 1665 1401 ingentis
1685 1328 1765 1385 fa-

176 1415 387 1475 cilitatis
427 1427 485 1476 et
524 1420 823 1479 clementia:
844 1423 1117 1494 specimen
1146 1423 1376 1479 ediderit
1408 1441 1422 1478 :
1454 1422 1616 1494 idque
1640 1436 1763 1479 cum

179 1504 438 1563 furentem
458 1549 476 1577 ,
505 1510 652 1566 rabie
679 1510 1035 1579 laborantem,
1062 1512 1168 1568 vim
1192 1511 1400 1573 illatam
1422 1520 1761 1584 querentem,

179 1593 432 1669 laceratae
476 1608 654 1657 vestes
690 1601 1155 1660 circumferentem
1181 1644 1197 1667 ,
1243 1612 1405 1674 atque
1444 1601 1570 1658 hinc
1595 1603 1764 1674 magis

179 1684 613 1745 exardescentem
630 1731 646 1757 ,
668 1706 733 1747 ac
759 1693 1026 1763 lugentem
1052 1702 1108 1749 et
1135 1693 1512 1749 lamentantem
1540 1708 1763 1750 uxorem

181 1778 543 1846 perspiceth
580 1779 651 1834 Et
686 1789 864 1837 tamen
892 1782 1026 1838 nihil
1050 1781 1241 1839 horum
1268 1783 1443 1855 ipsum
1468 1783 1536 1840 ad
1559 1783 1764 1841 caedem

181 1865 429 1924 incendit.
459 1868 560 1937 Qui
589 1870 804 1927 tandem
832 1873 1001 1940 istud,
1030 1873 1146 1941 die,
1173 1875 1397 1947 quaeso?
1422 1878 1615 1933 Annon
1640 1891 1765 1947 per-

181 1956 413 2026 spicuum
451 1968 572 2029 est,
611 1977 737 2019 eum
761 1965 852 2036 qui
884 1965 1070 2024 leones
1106 1978 1355 2040 tanquam
1382 1970 1581 2041 injecto
1608 1968 1765 2028 freno

180 2052 481 2123 repressit,
506 2060 563 2108 et
597 2053 830 2112 fornacis
866 2056 1116 2116 ardorem
1143 2060 1390 2129 sustulit,
1422 2062 1763 2119 immodicam

182 2150 380 2208 quoque
407 2139 568 2212 hujus
590 2142 782 2201 bellum
806 2146 1226 2218 indignationem
1241 2189 1257 2216 ,
1285 2159 1445 2223 atque
1473 2152 1763 2209 immanem

184 2227 305 2283 iram
324 2232 652 2291 esstinsisse
672 2276 690 2304 ,
718 2247 775 2292 ut
795 2240 1113 2310 supplicium
1139 2240 1374 2298 adhibita
1396 2243 1766 2303 mediocritate

184 2326 604 2411 temperantur?
648 2326 705 2384 id
741 2330 883 2400 quod
927 2334 1089 2388 etiam
1130 2334 1186 2389 in
1232 2338 1765 2411 camerecontigisse

183 2410 435 2482 quispiam
483 2418 789 2488 perspiciat.
834 2420 978 2478 Deus
1018 2425 1164 2479 enim
1202 2425 1275 2481 ita
1312 2442 1436 2483 eum
1473 2428 1529 2484 in
1553 2430 1763 2486 vincula

386 2544 404 2573 ,
444 2520 510 2562 ac
532 2522 654 2565 cum
685 2512 1006 2570 nocentibus
1030 2525 1087 2572 et
1109 2516 1429 2575 facinorosis
1468 2536 1590 2579 esse
1633 2538 1767 2595 per-

186 2593 353 2661 misit,
382 2605 441 2651 ut
470 2605 649 2656 tamen
676 2616 801 2657 eum
821 2604 889 2660 ab
907 2606 1025 2677 ejus
1047 2608 1138 2678 qui
1157 2610 1358 2667 carceri
1383 2593 1649 2684 praeerat,
1663 2616 1765 2671 im-

186 2688 504 2776 portunitate
545 2706 610 2745 ac
650 2695 852 2752 smvitia
892 2699 1170 2768 eripuerit.
1214 2701 1347 2758 Nam
1391 2719 1543 2771 cum,
1570 2707 1766 2776 quibus

185 2774 412 2833 moribus
429 2793 554 2836 esse
581 2785 815 2841 carceris
838 2786 1123 2857 prmfectus
1142 2791 1344 2861 soleat,
1369 2774 1763 2869 minime—igno-

187 2875 299 2932 res,
348 2876 529 2947 tamen
573 2872 671 2943 ipsi
707 2885 816 2931 tum
857 2879 991 2935 lenis
1018 2894 1083 2936 ac
1110 2880 1349 2952 placidus
1376 2897 1528 2955 erat,
1560 2902 1626 2945 ac
1651 2904 1762 2947 non

186 2956 336 3015 modo
370 2974 497 3017 eum
534 2964 695 3021 nullis
721 2968 990 3027 laboribus
1012 2975 1323 3045 premebat,
1353 2978 1451 3035 sed
1474 2980 1637 3038 etiam
1664 2996 1762 3040 eo-

188 3060 296 3103 rum
334 3054 609 3123 omnium,
639 3059 729 3128 qui
758 3059 867 3117 illic
894 3064 1245 3134 tenebantur,
1275 3067 1630 3142 principatum
1658 3072 1763 3145 ipsi

186 3150 547 3213 mouerat,
596 3148 756 3220 idque
792 3166 915 3207 cum
943 3168 1066 3210 eum
1096 3163 1156 3212 ut
1182 3156 1485 3216 adulterum
1512 3163 1760 3236 accepis-

188 3237 294 3297 set,
322 3241 379 3287 ut
403 3245 685 3294 nocentem
702 3281 718 3306 ,
747 3248 804 3296 et
830 3241 1090 3315 insignem
1117 3245 1438 3305 adulterum.
1468 3249 1586 3309 Non
1615 3256 1761 3312 enim

190 3317 237 3374 in
274 3330 522 3412 tenuem,
569 3330 665 3387 sed
708 3334 761 3389 in
806 3350 1053 3407 magunum
1091 3348 1147 3395 et
1182 3342 1517 3412 splendidam
1543 3344 1759 3404 domum

189 3411 350 3469 scelus
398 3417 502 3474 hoc
544 3434 825 3494 aggressus
866 3440 991 3484 esse
1037 3411 1378 3488 censebatur.
1423 3431 1536 3491 Nec
1579 3445 1757 3495 tamen

190 3500 439 3592 quidpiam
468 3507 661 3567 horum
681 3527 804 3570 eum
827 3518 1048 3584 terruit,
1070 3518 1227 3591 eique
1248 3525 1511 3592 persuasit
1533 3535 1591 3581 ut
1607 3541 1762 3585 acer-

190 3588 342 3688 bitate
385 3597 439 3655 iu
487 3602 663 3670 ipsum
703 3614 961 3663 uteretur.
996 3588 1191 3667 Verum
1222 3588 1465 3671 simulet
1493 3631 1591 3688 per
1617 3620 1761 3677 cala-

190 3684 386 3774 unitates
404 3693 524 3749 viro
538 3695 684 3765 justo
706 3712 921 3756 corona:
946 3702 1281 3774 ten-bantur,
1312 3715 1366 3764 et
1394 3684 1757 3770 Deiauxiiium

190 3772 469 3873 largissime
499 3786 599 3856 ipsi
627 3787 897 3846 aﬂluehat.
926 3792 1248 3865 Longiorem
1266 3772 1452 3856 radhuc
1478 3803 1757 3873 epistolam

190 3865 648 3966 facerecupiebam
672 3896 685 3933 :
708 3881 803 3937 sed
832 3883 955 3954 quia
986 3884 1102 3944 hanc
1126 3902 1372 3960 quoque,
1402 3865 1528 3962 qum
1541 3895 1755 3966 scripsi,

188 3960 411 4027 epistola:
434 3969 654 4025 modum
683 3972 841 4044 longe
868 3986 1158 4047 superant,
1189 3980 1275 4037 hic
1298 3960 1458 4038 linem
1488 3960 1757 4043 scribendi

190 4047 391 4146 faciam,
429 4057 561 4115 illud
588 4060 685 4117 abs
725 4071 777 4120 te
818 4075 1035 4136 petens,
1074 4069 1217 4139 quod
1258 4086 1547 4144 numquam
1573 4086 1757 4146 petere

187 4140 370 4238 destiti,
396 4165 591 4223 nempe
619 4163 677 4209 ut
702 4165 759 4212 et
783 4172 1071 4216 mmrorem
1097 4161 1339 4233 abjicias,
1364 4140 1422 4221 et
1441 4140 1589 4238 quod
1608 4183 1757 4225 sem-

189 4236 480 4332 per-fecisti,
511 4258 611 4300 nec
630 4245 806 4304 facere
831 4248 1051 4317 desinis,
1083 4251 1176 4309 Dei
1195 4254 1417 4325 gloriam
1440 4236 1753 4332 medicare,

186 4338 243 4424 ac
266 4328 331 4386 de
351 4333 602 4403 gravibus
628 4347 685 4394 et
709 4340 919 4397 acerbis
944 4344 1193 4403 omnibus
1218 4345 1302 4403 his
1328 4347 1490 4405 rebus
1508 4350 1609 4421 ipsi
1629 4328 1756 4424 gra;

190 4417 279 4475 tias
302 4435 471 4517 agere
498 4442 569 4484 ne
592 4428 930 4489 intermittas.
960 4434 1071 4493 llac
1096 4438 1241 4494 enim
1267 4440 1472 4499 ratione
1498 4417 1611 4500 tum
1632 4417 1755 4517 ipsa

187 4514 398 4572 maxima
423 4519 566 4577 bona
594 4525 853 4596 percipies
870 4566 887 4594 ,
911 4535 1023 4584 tum
1049 4531 1381 4589 mortiferum
1400 4534 1614 4594 diabolo
1632 4514 1752 4597 vul-

188 4615 277 4660 nus
308 4608 533 4682 inﬂiges,
563 4622 675 4671 tum
703 4617 859 4674 nobis
886 4619 1151 4691 ingentem
1177 4626 1601 4685 consolatibneni
1627 4632 1756 4689 εσυ-

187 4706 266 4750 l’es
282 4738 297 4762 .
323 4710 374 4755 ct
398 4706 647 4762 maeroris
673 4708 870 4765 nubem
895 4711 1042 4767 nullo
1061 4714 1277 4785 negotio
1305 4716 1576 4778 discutere
1598 4737 1665 4779 ac
1688 4724 1755 4780 de

188 4787 346 4885 taedio
386 4795 617 4865 tollere,
666 4814 901 4873 puraque
950 4808 1332 4878 tranquillitate
1375 4810 1479 4868 frui
1527 4816 1750 4885 poteris.

186 4875 425 4944 Quocirca
447 4902 552 4943 nec
576 4889 754 4946 animo
773 4875 1148 4965 elanguescas,
1174 4915 1359 4955 verum
1384 4902 1454 4957 ab
1479 4875 1580 4961 hoc
1605 4904 1753 4962 fumo

186 4982 373 5064 ﬂuens
407 4987 465 5033 et
501 4978 719 5037 liberata
745 4982 983 5057 (omnem
1019 4989 1162 5045 enim
1188 4990 1327 5049 hunc
1354 5010 1678 5064 maerorem,
1707 5002 1750 5057 si

187 5060 422 5135 Volueris,
468 5069 618 5128 fumo
641 5073 798 5131 citius
823 5076 1131 5153 dissipabis)
1152 5123 1168 5149 ,
1197 5083 1266 5139 de
1290 5084 1391 5143 hac
1419 5103 1479 5144 re
1508 5104 1606 5146 nos
1634 5060 1753 5147 rur-

187 5167 297 5249 sum
314 5164 569 5222 certiores
592 5165 755 5225 facias
787 5186 802 5225 :
838 5178 897 5226 ut
934 5171 1061 5230 licet
1082 5176 1278 5248 alioqui
1308 5182 1491 5249 procul
1519 5197 1549 5238 a
1579 5194 1631 5241 te
1659 5202 1751 5243 re-

188 5247 334 5344 moti,
373 5267 616 5325 magnam
648 5266 827 5316 tamen
850 5275 919 5318 es
944 5247 1246 5335 huiusmodi
1290 5247 1461 5328 literis
1499 5276 1748 5333 consola-

188 5343 365 5396 tionem
390 5348 680 5415 rapiamus.

370 5526 449 5582 Ad
469 5529 696 5585 eumdem
719 5541 867 5602 epist.
896 5524 1002 5590 IV.
1026 5536 1209 5607 (Anno
1234 5539 1371 5600 forte
1401 5545 1550 5615 407.)

256 5613 303 5667 l-
330 5615 402 5675 De
427 5627 621 5680 hiemis
645 5626 939 5682 acrimonia
957 5670 973 5694 ,
1004 5638 1062 5686 et
1086 5635 1345 5691 stomachi
1376 5613 1544 5696 nostri
1577 5644 1746 5702 imbe-

193 5703 390 5804 cillitate
412 5752 427 5777 ,
448 5722 610 5785 atque
634 5713 883 5774 lsauricis
903 5718 1295 5781 incursionibus
1312 5770 1326 5793 ,
1350 5729 1484 5785 nihil
1505 5736 1749 5804 estquod

194 5799 340 5857 nostri
361 5818 516 5863 causa
578 5808 806 5867 sollicita
831 5811 925 5880 sis,
944 5814 1188 5889 curisque
1208 5828 1259 5876 te
1276 5822 1543 5882 coniicias.
1566 5799 1750 5889 lli—cms

1610 397 1991 459 EPISTOLE.

3356 386 3462 446 590

1862 512 2079 585 quidem
2113 509 2249 579 fuit,
2291 508 2462 582 qualis
2488 506 2543 563 in
2570 504 2825 563 Armenia
2847 518 2968 561 esse
2993 501 3167 568 solet;
3194 515 3293 557 nee
3321 501 3465 557 enim

1864 603 2095 675 amplius
2132 599 2423 674 quidquam
2462 598 2747 656 dicendum
2784 605 2905 662 est;
2956 610 3055 651 nos
3100 602 3281 650 tamen
3325 592 3467 648 haud

1865 708 2189 766 magnOpere
2216 691 2382 749 hedit.
2429 690 2543 746 lloc
2562 689 2774 760 quippe
2814 685 3237 758 prospicientes,
3278 684 3346 739 ad
3386 684 3469 739 in-

1864 784 2244 851 commodum,
2281 784 2424 856 quod
2463 783 2589 839 hinc
2625 781 2998 847 contrahitur,
3047 777 3468 850 propulsandum

1867 879 2033 935 multa
2058 878 2353 935 molimur:
2385 876 2638 932 nimirum
2672 883 2730 931 et
2757 875 2932 945 ignem
2972 880 3231 944 perpetuo
3272 883 3469 927 accen-

1868 962 2092 1035 dentes,
2136 978 2193 1026 et
2216 968 2520 1026 cubiculum
2546 1007 2563 1034 ,
2604 968 2659 1022 in
2701 980 2811 1037 quo
2851 976 3286 1030 commoremur,
3313 956 3471 1016 undi-

1866 1076 1972 1132 que
1996 1060 2339 1132 obsepieutes
2365 1068 2419 1115 et
2441 1057 2685 1128 pluribus
2705 1055 2945 1111 vestibus
2959 1069 3023 1111 ac
3042 1052 3293 1125 stragulis
3319 1058 3467 1106 uten-

1868 1162 1950 1209 tes
1964 1191 1982 1219 ,
2010 1161 2066 1209 et
2088 1150 2234 1208 domi
2254 1164 2471 1221 semper
2488 1157 2792 1205 manentes.
2809 1144 2965 1215 Quod
2992 1144 3095 1202 etsi
3124 1145 3278 1200 nobis
3300 1139 3474 1199 mole-

1866 1251 2011 1299 stum
2029 1251 2115 1300 est
2128 1284 2145 1310 ,
2170 1251 2349 1298 tamen
2368 1239 2440 1297 ob
2458 1239 2667 1296 lucrum
2687 1237 2832 1310 quod
2855 1237 2982 1293 hinc
3000 1236 3242 1308 capimus
3271 1235 3469 1290 tolera-

1868 1334 1978 1391 bile
2001 1346 2105 1391 est.
2134 1332 2403 1402 Quamdiu
2442 1332 2588 1389 enim
2631 1331 2777 1387 domi
2813 1344 2914 1387 nos
2958 1339 3239 1396 tenemus,
3278 1328 3476 1400 frigore

1872 1426 2011 1482 haud
2030 1426 2320 1483 admodum
2340 1424 2655 1482 divexamur
2674 1439 2692 1479 :
2715 1423 2798 1479 sin
2817 1429 2997 1479 autem
3013 1422 3344 1493 aliquantum
3361 1435 3475 1492 pro-

1868 1515 2023 1587 gredi
2054 1524 2218 1586 atque
2251 1517 2309 1572 in
2356 1523 2584 1572 externo
2623 1528 2750 1571 aere
2789 1515 2992 1570 versari
3034 1527 3329 1585 cogamur,
3367 1526 3474 1567 nou

1870 1622 2038 1679 parvo
2064 1606 2190 1665 hinc
2217 1606 2547 1666 detrimento
2572 1604 2862 1662 efficimur.
2890 1604 3254 1675 Quamobrem
3294 1615 3351 1661 te
3378 1603 3475 1662 ob-

1868 1714 2048 1770 secro,
2073 1709 2236 1773 atque
2262 1699 2461 1757 summi
2486 1698 2732 1757 beneficii
2751 1701 3043 1771 gratiaeque
3069 1697 3193 1756 loco
3218 1697 3271 1753 id
3296 1696 3395 1755 abs
3420 1703 3476 1753 te

1872 1800 2032 1862 peto,
2072 1799 2133 1847 ut
2170 1790 2243 1847 ad
2280 1790 2655 1862 depellendam
2693 1789 2938 1861 corporis
2962 1789 3328 1845 inﬁmitatem
3356 1802 3474 1844 ma-

1868 1897 2028 1954 gnam
2051 1897 2237 1939 curam
2262 1892 2320 1940 et
2342 1883 2672 1955 diligentiam
2696 1882 2966 1940 conferas.
2988 1881 3202 1939 Etenim
3224 1880 3475 1937 morbum

1870 1973 2084 2046 quidem
2104 1989 2307 2032 maeror
2324 1976 2487 2031 etiam
2514 1974 2651 2045 parit
2668 1988 2820 2030 zeum
2844 1982 3023 2030 autem
3042 1987 3242 2045 corpus
3260 1988 3477 2045 quoque

1872 2068 2143 2126 laboribus
2164 2069 2506 2135 confectum,
2537 2078 2592 2124 et
2615 2068 2820 2125 morbis
2860 2067 3195 2125 debilitatum
3228 2074 3349 2135 est,
3381 2081 3473 2123 ue-

1868 2160 2101 2232 glectum
2122 2159 2288 2233 jacet,
2317 2175 2384 2217 ac
2410 2175 2511 2217 nec
2535 2160 2866 2217 medicorum
2890 2174 3015 2232 ope,
3044 2175 3145 2216 nec
3171 2159 3314 2216 aeris
3341 2170 3474 2214 tem-

1871 2250 2053 2321 perie,
2087 2265 2189 2308 nec
2214 2265 2397 2307 rerum
2423 2251 2790 2307 necessarium
2818 2250 2973 2322 copia
3001 2249 3198 2307 fruitur
3229 2268 3244 2306 :
3273 2258 3474 2323 quanta

1871 2340 1997 2396 hinc
2020 2330 2329 2398 acerbitatis
2353 2348 2407 2397 et
2432 2339 2657 2411 periculi
2680 2341 2927 2397 accessio
2952 2341 3043 2396 tiat
3058 2380 3075 2407 ,
3103 2339 3264 2396 velim
3296 2349 3475 2397 tecum

1869 2442 2107 2505 reputes.
2137 2432 2499 2503 Quamobrem
2526 2441 2580 2489 te
2623 2448 2723 2489 oro
2741 2475 2757 2500 ,
2790 2441 2849 2489 ut
2875 2442 2931 2489 et
2958 2432 3137 2489 varios
3166 2433 3475 2504 peritosque

1868 2524 2112 2583 medicos
2125 2524 2404 2593 adhibeas,
2430 2534 2488 2582 et
2504 2525 2571 2582 iis
2589 2524 2999 2582 medicamentis
3018 2524 3207 2594 utaris,
3228 2539 3352 2596 qua
3375 2529 3472 2581 htt-

1863 2614 2100 2688 jusmodi
2142 2617 2363 2674 morbos
2403 2616 2610 2689 pellere
2633 2625 2835 2689 queant
2875 2616 3345 2689 :quandoquidem
3372 2630 3475 2675 nos

1868 2708 2030 2765 etiam
2057 2712 2241 2781 paucis
2263 2718 2389 2767 ante
2406 2709 2618 2776 diebus,
2645 2724 2767 2765 cum
2793 2709 2864 2767 ob
2886 2711 3029 2767 aeris
3048 2718 3248 2767 statum
3275 2709 3473 2782 proeli-

1868 2801 1951 2857 vis
1979 2800 2135 2858 nobis
2160 2802 2231 2857 ad
2263 2802 2497 2859 vomitus
2526 2802 2836 2859 stomachus
2858 2812 3031 2871 esset,
3057 2812 3221 2875 atque
3253 2814 3311 2861 et
3349 2802 3474 2861 aliis

1869 2894 2163 2951 curationis
2189 2894 2476 2966 generibus
2500 2935 2517 2962 ,
2543 2902 2602 2951 et
2623 2895 2916 2966 phannaco
2936 2910 3033 2959 eo.
3059 2895 3203 2967 quod
3235 2912 3270 2952 a
3291 2896 3471 2954 domi-

1868 3002 1945 3044 na
1958 3002 2081 3045 mea
2106 2987 2399 3045 lectissima
2417 2996 2473 3044 et
2490 2986 2833 3045 ornatissima
2853 2986 3129 3060 Syncletio
3148 2986 3227 3062 (ο)
3246 2990 3470 3047 missum

1866 3090 1971 3147 est,
1996 3082 2361 3150 usiessemus,
2391 3096 2492 3138 nec
2514 3079 2649 3137 ultra
2672 3089 2783 3138 tres
2804 3080 2922 3137 dies
2941 3080 3072 3138 illud
3090 3080 3350 3140 adhibere
3373 3097 3469 3139 nn-

1870 3172 1956 3230 bis
1980 3187 2203 3231 necesse
2224 3172 2447 3243 fuisset,
2472 3174 2641 3245 ipsius
2668 3172 3088 3231 imbecillitatem
3109 3175 3464 3233 correximus.

1868 3263 2055 3336 Itaque
2091 3272 2143 3320 te
2160 3280 2376 3337 quoque
2401 3264 2590 3321 hortor
2615 3273 2778 3336 atque
2801 3279 2901 3322 oro
2925 3276 2984 3322 ut
3008 3266 3093 3322 his
3118 3267 3308 3337 utaris,
3337 3267 3465 3326 des-

1866 3369 1972 3427 que
1990 3369 2211 3427 operam
2236 3368 2294 3411 ut
2333 3354 2639 3427 huiusmodi
2675 3355 3125 3414 medicamentum
3145 3358 3214 3414 ad
3236 3373 3339 3416 nos
3358 3374 3469 3416 rur-

1866 3462 1986 3504 sum
2024 3448 2286 3505 mittatur.
2323 3446 2458 3505 Nam
2481 3462 2605 3504 cum
2634 3449 2922 3519 quamdam
2947 3449 3211 3506 stomachi
3238 3450 3467 3507 subver-

1865 3539 2073 3596 sionem
2099 3554 2314 3597 rursum
2345 3539 2703 3597 seusissemns
2729 3540 2964 3607 ,‘eodem
3004 3557 3217 3598 rursum
3244 3542 3466 3601 remedii

1865 3646 2067 3704 genere
2091 3631 2171 3688 usi
2191 3672 2209 3700 ,
2251 3632 2454 3689 malum
2483 3632 2704 3688 omnino
2730 3631 3148 3705 proﬂigavimus.
3179 3634 3387 3707 Quippe
3412 3646 3469 3693 et

1866 3722 2315 3781 inﬂammationes
2352 3724 2407 3779 in
2436 3723 2546 3779 imo
2573 3733 2792 3794 pectore
2817 3724 3064 3781 conditas
3086 3724 3242 3783 sedat
3260 3766 3275 3793 ,
3303 3736 3358 3784 et
3385 3727 3468 3799 pi-

1866 3814 2055 3871 tuitam
2081 3813 2356 3883 exhaurit,
2383 3826 2437 3871 et
2465 3814 2723 3872 mediocri
2744 3816 2925 3874 calore
2948 3817 3236 3889 praeditum
3265 3829 3381 3886 est,
3408 3828 3465 3876 et

1926 3995 2092 4070 (αὶ.ῐὲ
2294 3992 2500 4070 Ρὲεὲίέιέτε
2856 4011 3013 4070 ξαως
3034 4006 3285 4058 ’πμ-νάπης
3307 4007 3464 4070 Ws:

1862 4056 1961 4110 uno}
1982 4056 2057 4107 Sic
2076 4056 2265 4107 habent
2284 4056 2458 4106 ornhes
2477 4056 2675 4128 omnim
2718 4056 2825 4106 uss.
2860 4056 2998 4117 editi,
3035 4056 3301 4168 ὺῖἲλῃωκ,
3333 4056 3464 4121 quod

1862 4119 2151 4170 diuuitatem
2170 4116 2383 4170 aliquam
2402 4115 2679 4170 siumficare
2704 4124 3000 4170 putaverunt
3036 4121 3083 4168 ei
3125 4120 3201 4169 ius
3218 4126 3271 4170 et
3290 4126 3464 4170 Fronto

1861 4119 2151 4183 dignitatem
2170 4116 2383 4183 aliquam
2402 4115 2692 4183 significare,
2702 4115 3000 4183 putaverunt
3036 4115 3201 4169 Dillius
3218 4115 3271 4170 et
3290 4115 3465 4171 Fronto

1862 4178 2081 4252 micans,
2102 4180 2188 4244 qui
2212 4178 2645 4252 postremushanc
2681 4178 3070 4252 habetpotam‘:
3094 4194 3350 4252 ξηιλητειςς.
3388 4188 3463 4233 Ita

1862 4238 2187 4294 Perroniim'us
2206 4238 2255 4304 ct
2285 4239 2509 4292 Sambuci
2537 4240 2729 4291 variam
2770 4238 2911 4293 lectio
2939 4254 2959 4292 :
3000 4248 3053 4293 at
3089 4238 3191 4302 duo
3211 4238 3461 4304 ἁιϋᾟω..

1862 4302 2323 4417 magmate
2351 4314 2371 4353 ε
2393 4314 2508 4352 nam
2531 4305 2596 4351 ἰιι
2618 4314 2851 4366 animi.
2874 4311 3071 4374 senator
3092 4312 3164 4356 est
3182 4304 3316 4370 apud
3342 4302 3460 4377 plu_-'-

1860 4372 1937 4417 ιω
2121 4370 2169 4416 et
2192 4363 2470 4417 Lucianum.
2496 4370 2613 4415 teste
2651 4365 2847 4417 sum.
2886 4371 2957 4417 tta
2984 4378 3199 4417 ιντιλιτωι
3221 4374 3460 4417 senatum

1862 4376 2085 4417 (arcuum
2121 4376 2169 4416 ει
2192 4376 2470 4426 metallum,
2496 4376 2613 4415 teste
2651 4376 2847 4425 nam,
2886 4376 2957 4417 ua
2984 4378 3199 4428 Σιιτιιλητιιῆ
3221 4376 3463 4419 senatoris

1862 4441 1988 4479 mf
2015 4440 2034 4478 ἔ
2059 4425 2332 4501 ,τέριιίιρῃᾳρ
2359 4439 2426 4501 εξ
2645 4425 2934 4501 in_1_v_eraue,
2972 4446 3067 4490 μισῶ
3106 4455 3166 4487 σι,
3193 4445 3366 4499 Κεῖῳ,
3402 4440 3460 4481 ὅτι

1861 4501 2093 4553 εειτιλητωρς
2116 4488 2149 4542 ιι
2166 4502 2179 4539 :
2202 4488 2289 4553 odi
2306 4493 2378 4548 te,
2395 4496 2569 4553 caesar,
2582 4489 2715 4553 quod
2737 4496 2936 4553 senator
2952 4488 3011 4553 es
3032 4504 3044 4539 :
3066 4503 3219 4553 neque
3234 4488 3362 4542 enim
3379 4505 3461 4553 au-

1860 4548 2069 4623 dwm
2084 4548 2163 4623 ξεί
2182 4548 2591 4623 δυαῑιμταίηει-σειί
2606 4548 2811 4623 ’θηριων
2835 4548 3382 4623 (insimulauistis.
3404 4552 3461 4605 id

1860 4618 2170 4685 est,‘seualu_s
2180 4611 2489 4685 siudioéiorn:
2769 4611 2948 4685 periret
2966 4612 3103 4665 istius
3136 4614 3256 4685 dicti
3279 4613 3413 4679 lepos
3441 4628 3462 4667 :

1861 4672 1992 4727 certe
2012 4675 2147 4739 apud
2170 4672 2550 4746 Pwanisqrﬂego
2641 4672 2881 4746 Catinensi
2902 4688 3065 4739 pugna
3086 4676 3287 4741 periisse
3303 4672 3457 4746 sm,-

1996 4734 2225 4811 μάθητε,
2250 4736 2379 4799 quod
2405 4734 2662 4811 Eutropius
2685 4734 2913 4811 dixerat;
2945 4734 3209 4789 senatores
3235 4734 3370 4811 xxx.
3396 4734 3459 4791 At

1862 4799 2091 4864 existimo
2121 4799 2215 4864 hoc
2247 4811 2362 4849 esse
2399 4802 2635 4864 matronae
2663 4799 2913 4864 cujusdam
2949 4813 3130 4850 nomen
3168 4802 3415 4864 proprium
3444 4815 3455 4850 :

1853 4861 1956 4924 jam
1975 4862 2183 4925 questio
2205 4868 2283 4911 est
2299 4872 2362 4910 ex
2386 4858 2906 4925 duabusgleaiouibus,
2924 4869 3039 4925 utra
3060 4864 3126 4913 sit
3144 4858 3290 4913 iteri
3314 4872 3459 4913 ante-

1860 4922 2283 4987 iereniia.70mnes
2305 4931 2409 4973 uss.
2435 4922 2590 4987 nostri
2625 4934 2831 4987 numero
2852 4924 3088 4987 quinque,
3108 4938 3348 4987 ιυτιλητιω,
3374 4927 3459 4975 ua.

1858 4985 1998 5044 bent,
2018 4992 2071 5035 et
2086 4986 2151 5034 ita
2172 4997 2371 5048 quoque
2391 4982 2611 5048 savilius,
2638 4992 2691 5048 et
2712 4983 2810 5033 duo
2834 4982 2895 5033 ei:
3059 4982 3089 5036 τι
3111 4982 3348 5036 Frontone
3367 4994 3459 5037 liu-

1858 5058 1963 5097 czeo
1984 5045 2266 5097 memoratis
2278 5045 2304 5112 ,ξ
2323 5047 2409 5112 qui
2442 5053 2609 5112 tamen
2650 5045 2875 5112 fortasse_
2896 5060 2959 5112 ex
2996 5060 3205 5098 numero
3237 5052 3458 5112 quinque

1856 5114 1964 5158 lists.
1989 5116 2264 5159 nostrorum
2284 5107 2464 5159 fuerint
2487 5121 2500 5157 :
2528 5107 2688 5158 ethoc
2708 5122 2830 5157 vere
2853 5108 3007 5158 fuisse
3032 5107 3458 5162 Ilatl'onze'uminu

1855 5171 2081 5243 arbitror.
2095 5168 2391 5243 s‘yncletiqn,
2427 5168 2510 5243 γει
2540 5168 2861 5243 Synclgtium,
2890 5178 2945 5221 ut
2981 5170 3269 5243 glycerium,
3287 5179 3459 5224 Eusto-

1855 5232 2034 5290 chium,
2050 5240 2113 5297 et
2130 5231 2224 5297 alia
2248 5231 2709 5297 multahujusiuodi‘
2736 5236 2947 5297 nomina.
2972 5231 3080 5297 illia
3102 5231 3268 5292 lectio,
3294 5247 3454 5297 ιυπλη-

1855 5311 1981 5359 stuic,
2000 5306 2029 5344 a
2048 5294 2255 5359 librariis
2275 5295 2450 5344 Grzecis
2471 5293 2663 5345 inducta
2677 5293 2852 5359 fuerit,
2884 5296 3063 5359 quibus
3083 5297 3238 5345 notior
3254 5293 3453 5359 Syncle-

1856 5355 1967 5416 tia,
1991 5368 2103 5420 qua:
2127 5357 2176 5420 in
2198 5362 2474 5420 sanctorum
2496 5356 2736 5420 legendis
2750 5364 2803 5420 et
2815 5359 2865 5405 in
2882 5355 3077 5407 iicnmis
3095 5355 3325 5407 occurrit.
3347 5366 3455 5408 llarc

1852 5417 2023 5467 autem
2041 5419 2091 5467 in
2112 5418 2305 5468 duobus
2342 5417 2499 5468 solum
2688 5417 2913 5468 habetur.
2953 5425 3249 5469 Memoratnr‘
3280 5422 3330 5469 in
3355 5423 3456 5470 \itn

1971 5481 2168 5531 δοθιοωί

1852 5478 2168 5544 Chrysostomi
2189 5493 2278 5542 per
2299 5480 2557 5530 Palladium
2574 5493 2682 5542 mp.
2703 5480 2761 5529 li
2782 5479 3049 5544 Syncietius
3068 5484 3326 5543 episcoivus
3340 5489 3450 5531 1i~a~

1847 5541 2206 5607 janomlilanus
2231 5556 2243 5591 :
2271 5544 2363 5593 viri
2385 5555 2564 5607 nomen
2590 5551 2676 5607 est
2711 5540 2995 5607 Syntzlctius,
3038 5543 3233 5607 femina;
3257 5542 3450 5607 Synclu.

1854 5604 1989 5668 tium,
2017 5604 2221 5666 perinde
2245 5612 2395 5668 atque
2415 5605 2665 5668 Glycerius
2689 5604 3057 5668 et’_Glycerium;
3093 5604 3381 5668 Epiphanius
3402 5616 3453 5655 υι

1851 5665 2181 5730 Ειιᾷριιᾲιιὶιιῐη,
2206 5665 2350 5729 quam
2375 5665 2670 5730 postremam
2692 5665 2828 5715 inlm‘
2848 5665 3166 5730 memoratam
3180 5665 3379 5717 videbis
3402 5672 3450 5716 in

1851 5728 2055 5787 cpistola
2076 5728 2284 5793 quadam
2300 5728 2559 5793 Constantii
2584 5729 2877 5793 presbyteri.
2922 5730 3262 5779 'l‘illcxuoutius
3282 5732 3447 5793 etiam,

1842 5790 2112 5904 ἔνηλητοιάς,
2138 5798 2192 5844 ιιι
2216 5790 2473 5856 legebatur
2500 5792 2550 5842 in
2586 5790 2761 5851 illitis",
2791 5805 2877 5855 pro
2916 5794 3108 5842 nomine
3136 5794 3329 5855 proprio
3363 5792 3423 5841 lui

1880 5864 1970 5904 uit.

1880 5864 1970 5907 ωι.

2189 5493 2278 5542 per
2299 5480 2557 5530 Palladium
2574 5493 2682 5542 mp.
2703 5480 2761 5529 li
2782 5479 3053 5544 sxiiclctius,
3068 5484 3326 5543 episcoivus
3340 5489 3452 5544 11a
