4172 6494
708 388 802 442 Ei’ll
1401 398 1452 452 S.
1494 397 1768 456 JOANNIS
1804 401 2275 460 CIIRYSOSTOMI

2386 403 2626 460 lCHlEP.
2668 406 3195 466 CONSTANTINOP.

697 501 933 571 vigorem
963 503 1098 560 haud
1127 508 1391 578 vulgarem
1418 512 1602 580 affert,
1632 524 1687 569 et
1708 515 1947 572 ciborum
1975 520 2262 588 appetitum

3835 407 3948 464 899

2376 520 2426 572 in
2452 529 2720 576 certamen
2761 523 3123 590 descendenti,
3156 525 3248 580 sed
3272 526 3382 594 jam
3406 525 3780 580 continuorum
3813 525 3948 579 telu-

701 596 899 686 excitat
945 613 960 651 :
1007 607 1166 668 atque
1209 601 1395 657 barum
1433 607 1668 661 omnium
1698 623 1878 664 rerum
1910 611 2062 666 nobis
2089 612 2268 680 paucis
2373 627 2488 667 rum
2539 614 2682 669 mole
2727 615 2988 680 confecto,
3034 629 3144 670 tum
3189 617 3417 686 denique
3463 615 3795 670 mortiferum
3850 616 3945 668 hoc

702 684 889 740 diebus
935 691 1354 757 experimentum
1397 697 1643 764 praebuit.
1687 698 1793 755 Fac
1835 701 1992 771 igitur
2025 702 2270 757 dominus

706 789 858 829 meus
877 791 998 832 cum
1021 781 1203 848 primis
1225 787 1554 840 venerandus
1579 788 1899 859 Theophilus
1925 792 2117 846 Comes
2143 809 2270 847 exn-

705 873 854 919 retur
867 907 883 931 ,
911 877 967 920 ut
988 870 1139 923 nobis
1161 887 1368 928 rursum
1389 875 1528 930 idem
1547 879 1987 934 medicamentum
2004 883 2268 945 conﬁciat,

702 968 864 1026 atque
888 958 952 1011 ad
989 975 1085 1014 nos
1115 959 1307 1016 mittat.
1335 964 1443 1020 Nec
1471 982 1598 1021 vero
1622 967 1723 1023 hoc
1751 969 1963 1024 nomine
1986 971 2273 1026 discrucie-

704 1048 778 1101 ris
801 1087 820 1114 ,
859 1051 999 1119 quod
1046 1068 1144 1107 nos
1183 1053 1267 1109 hic
1311 1055 1602 1113 hiememus
1641 1076 1655 1113 :
1696 1059 1864 1115 multo
1889 1062 2026 1116 enim
2055 1064 2274 1118 meliore

706 1154 848 1195 nunc
873 1151 1031 1213 atque
1063 1147 1444 1215 commodiore,
1475 1166 1632 1219 quam
1659 1155 1915 1222 superiori
1938 1169 2097 1218 anno,
2130 1155 2274 1210 vale-

706 1229 890 1286 tudine
923 1247 1109 1288 sumus
1154 1253 1168 1289 :
1214 1252 1379 1306 quare
1399 1241 1442 1293 si
1485 1250 1539 1294 tu
1575 1257 1788 1312 quoque
1811 1285 1828 1310 ,
1857 1259 2014 1314 quam
2045 1260 2140 1316 par
2158 1255 2272 1312 est,

706 1335 888 1376 curant
933 1323 1236 1393 adhibens,
1280 1329 1446 1383 multo
1489 1331 1682 1386 melius
1709 1334 1934 1389 valeres.
1965 1335 2113 1402 Quod
2139 1337 2182 1388 si
2209 1351 2272 1389 ex

714 1412 877 1466 animi
905 1415 1153 1468 maestitia
1177 1419 1392 1472 morbos
1413 1430 1530 1475 tuos
1549 1432 1721 1476 ortum
1738 1423 1951 1480 duxisse
1970 1427 2068 1490 ais,
2089 1427 2274 1496 ecquid

710 1516 895 1557 rursus
936 1519 968 1557 a
1014 1506 1166 1558 nobis
1207 1507 1462 1575 epistolas
1490 1513 1744 1581 requiris,
1777 1529 1894 1568 cum
1926 1515 2047 1570 hinc
2074 1515 2140 1569 ad
2170 1517 2277 1569 ala-

709 1592 951 1648 rritatem
980 1596 1143 1650 animi
1169 1599 1300 1652 nihil
1330 1601 1530 1655 fructus
1557 1604 1796 1672 ceperis,
1827 1621 2006 1660 verum
2033 1607 2278 1662 maeroris

711 1683 868 1738 undis
896 1685 968 1738 ita
986 1686 1227 1741 demersa
1255 1689 1327 1743 sis
1352 1733 1367 1755 ,
1399 1700 1455 1744 ut
1483 1707 1620 1748 nunc
1639 1695 1797 1748 etiam
1827 1711 1890 1750 ex
1921 1695 2021 1751 hac
2041 1698 2146 1750 vita
2175 1699 2276 1750 mi-

712 1787 875 1840 grare
925 1777 1159 1843 cupias?
1210 1782 1290 1832 An
1346 1783 1554 1851 ignoras
1599 1797 1792 1855 quanta
1845 1787 2034 1843 anima:
2083 1790 2279 1858 gratias

711 1865 888 1932 agenti
911 1875 1126 1933 propter
1151 1868 1390 1924 morbum
1414 1888 1625 1944 quoque
1645 1890 1854 1931 merces
1871 1879 2153 1933 constituta
2175 1881 2280 1934 sit?

712 1958 906 2009 Annon
930 1957 996 2012 de
1022 1957 1119 2013 bac
1139 1976 1197 2014 re
1217 1971 1270 2015 et
1289 1977 1466 2018 coram
1488 2007 1504 2032 ,
1542 1977 1596 2020 et
1629 1983 1723 2037 per
1755 1969 1936 2025 literas
1961 1986 2196 2042 persmpe
2213 1972 2280 2027 ad

716 2055 767 2100 te
809 2047 1079 2106 disserui?
1119 2055 1188 2108 At
1232 2057 1479 2126 quoniam
1515 2069 1568 2114 te
1596 2060 1819 2118 fortasse
1843 2065 1926 2120 vel
1953 2065 2279 2134 negotiorum

715 2138 866 2192 turba
886 2181 901 2205 ,
930 2141 1011 2196 vel
1035 2142 1142 2212 ipsa
1173 2145 1341 2200 morbi
1373 2158 1585 2213 natura,
1612 2160 1667 2206 et
1691 2152 1893 2208 crebra:
1911 2155 2278 2221 adversitates,

712 2245 896 2285 eorum
935 2249 1052 2303 qua:
1094 2252 1121 2288 τι
1159 2237 1311 2294 nobis
1333 2239 1471 2296 dicta
1499 2253 1623 2298 sunt
1646 2245 1955 2300 memoriam
1983 2247 2162 2301 animo
2191 2258 2280 2302 tuo

717 2335 970 2392 perpetuo
1019 2328 1334 2385 insidentem
1375 2333 1571 2388 habere
1615 2349 1719 2390 non
1763 2336 1975 2402 sinunt,
2024 2337 2145 2392 audi
2187 2352 2282 2392 nos

715 2431 930 2470 rursum
979 2424 1225 2476 mmmris
1273 2425 1346 2476 tui
1396 2424 1654 2481 ulceribus
1696 2427 1881 2481 eadem
1927 2428 2226 2484 accinentes
2264 2446 2277 2481 :

716 2508 912 2564 Eadem
934 2513 1062 2565 enim
1084 2513 1314 2579 scribere,
1343 2517 1466 2570 mihi
1487 2519 1685 2588 quidem
1714 2536 1812 2573 non
1837 2521 2053 2590 pigrum,
2079 2522 2245 2592 inquit
2264 2563 2277 2573 .

715 2603 852 2655 “bis
878 2613 1044 2657 uallem
1073 2615 1231 2659 titiam
1259 2616 1330 2660 est
1351 2605 1601 2678 (Philipp.
1630 2612 1681 2665 3.
1718 2611 1789 2678 l).

784 2693 840 2746 9.
900 2695 1146 2749 Patientia
1206 2699 1333 2750 nillil
1382 2699 1690 2768 gloriosius;
1731 2703 1902 2756 morbo
1957 2704 2084 2757 nihil
2143 2720 2281 2758 acer-

716 2785 843 2838 bius.
865 2815 934 2826 —
953 2785 1088 2854 Quid
1134 2787 1289 2857 igitur
1331 2790 1446 2854 aio,
1482 2805 1543 2844 ac
1572 2791 1736 2845 literis
1763 2793 1988 2846 mando?
2016 2791 2152 2847 Nihil
2180 2805 2281 2858 est,

720 2876 1019 2946 tliympias,
1074 2879 1212 2945 quod
1257 2881 1321 2933 ad
1382 2882 1586 2936 Iaudem
1627 2893 1680 2937 et
1719 2885 1937 2953 gloriam
1988 2886 2280 2954 adipiscen-

716 2967 837 3020 dam
863 2982 984 3022 cum
1009 2970 1254 3037 patientia
1279 2973 1328 3024 in
1350 2971 1618 3026 doloribus
1639 2973 1966 3041 perferendis
1987 2977 2284 3044 comparari

719 3061 903 3127 possit.
936 3059 1064 3114 Nam
1091 3077 1153 3114 ea
1177 3064 1465 3130 praesertim
1487 3063 1736 3117 virtutum
1762 3065 1962 3135 regina,
1987 3075 2038 3119 et
2061 3081 2285 3120 corona-

719 3164 835 3202 rum
877 3165 1007 3219 apex
1053 3161 1134 3205 est
1158 3168 1171 3204 :
1195 3162 1247 3206 et
1275 3153 1715 3221 quemadmodum
1757 3169 1818 3209 ea
1852 3155 2131 3210 virtutibus
2165 3157 2286 3211 aliis

721 3248 968 3306 prastat,
1015 3242 1082 3294 ita
1121 3243 1171 3295 in
1210 3258 1270 3297 ea
1308 3243 1406 3296 hoc
1443 3243 1769 3312 potissimum
1798 3260 1963 3314 genus
1991 3247 2107 3300 aliis
2134 3258 2282 3302 ante-

720 3329 883 3382 tellit.
925 3330 1211 3385 Obscurius
1253 3332 1522 3402 aliquanto
1574 3332 1794 3390 fortasse
1840 3345 1922 3390 est
1960 3336 2100 3406 quod
2141 3337 2279 3402 dico,

722 3419 918 3476 idcirco
952 3423 1154 3490 planius
1187 3439 1249 3478 ac
1285 3424 1563 3480 dilucidius
1603 3426 1738 3480 istud
1781 3427 1988 3482 faciam.
2021 3429 2280 3496 Quidnam

719 3516 878 3584 igitur
919 3524 999 3569 est
1044 3514 1182 3584 quod
1228 3517 1350 3570 aiu'l
1388 3515 1504 3570 Non
1549 3518 1738 3587 opibus
1784 3519 2030 3588 spoliari,
2075 3521 2280 3574 etiamsi

718 3608 964 3662 omnibus
999 3621 1211 3676 prorsus
1237 3607 1570 3664 facultatibus
1598 3611 1852 3680 quispiam
1884 3611 2140 3678 nudetur,
2178 3627 2281 3666 non

720 3699 922 3753 honore
945 3699 1118 3766 dejici,
1153 3714 1255 3753 non
1286 3701 1465 3768 patriis
1491 3699 1706 3754 sedibus
1733 3699 2022 3767 exturbari,
2047 3711 2205 3772 atque
2230 3704 2282 3756 in

719 3789 961 3843 exsilium
991 3790 1210 3854 abduci,
1241 3805 1342 3844 non
1374 3790 1641 3846 laboribus
1685 3807 1747 3845 ac
1787 3792 2067 3847 sudoribus
2089 3795 2283 3847 distor-

719 3882 868 3948 «μυ-τὶ
888 3923 901 3944 ,
935 3896 1037 3934 non
1067 3867 1333 3936 cal-cerem
1363 3883 1592 3937 incolere
1617 3897 1680 3936 ac
1709 3885 1909 3937 catenis
1932 3885 2111 3937 vinciri
2134 3925 2148 3947 ,
2178 3899 2284 3936 nnn

722 3973 935 4041 probra,
967 3985 1019 4027 et
1049 3975 1303 4038 convicia,
1335 3984 1388 4028 et
1414 3986 1734 4038 scommata;
1783 3991 1950 4044 neque
1994 3977 2137 4031 enim
2167 3990 2287 4046 par-

719 4079 842 4116 vum
875 4064 1166 4118 tolerantia:
1212 4080 1376 4132 genus
1419 4079 1538 4119 esse
1581 4065 1856 4118 existimes
1896 4079 1980 4119 res
2027 4066 2284 4134 ejusmodi

721 4167 941 4210 strenuo
975 4156 1151 4210 animo
1195 4155 1366 4222 ferre,
1410 4158 1566 4226 idque
1608 4158 1841 4212 ostendit
1876 4157 2161 4226 Jeremias,
2207 4160 2286 4212 vir

720 4257 896 4300 tantus
927 4257 1135 4315 tantque
1154 4246 1384 4301 eximius
1406 4249 1492 4317 qui
1521 4247 1618 4300 hac
1645 4249 1934 4303 tentatione
1957 4264 2060 4303 non
2087 4249 2286 4304 medio.

722 4339 882 4390 critcr
922 4347 1221 4390 commotus
1257 4352 1318 4391 ac
1361 4337 1698 4406 perturbatus
1737 4347 1819 4392 est
1858 4335 1986 4407 (Jer.
2021 4338 2146 4408 l5);
2180 4355 2284 4392 non

721 4427 1006 4481 liberorum
1048 4428 1261 4481 amissio
1285 4468 1300 4492 ,
1339 4428 1544 4482 etiamsi
1589 4443 1774 4482 omnes
1812 4430 2084 4497 repentina
2116 4440 2287 4483 morte

722 4516 1082 4584 abripiantur,
1117 4532 1220 4571 non
1266 4517 1446 4572 hostes
1485 4518 1787 4586 frequenter
1817 4520 2148 4586 insultantes,
2182 4535 2285 4574 non

720 4606 865 4662 aliud
890 4607 1157 4676 quidpiam
1180 4608 1459 4676 ejusmodi,
1483 4623 1589 4662 non
1609 4610 1835 4677 denique
1857 4624 2000 4664 mors
2021 4611 2149 4679 ipsa,
2169 4625 2287 4679 qua:

721 4714 900 4753 rerum
929 4701 1163 4754 omnium
1188 4742 1204 4767 ,
1232 4717 1349 4772 qua:
1375 4701 1628 4756 molestiae
1653 4710 1707 4756 et
1731 4702 2030 4756 acerbitatis
2056 4704 2286 4770 speciem

723 4789 949 4855 habent,
982 4801 1138 4861 caput
1162 4803 1264 4857 est,
1293 4802 1450 4862 atque
1479 4809 1644 4862 usque
1686 4792 1821 4848 adeo
1867 4792 2208 4848 formidabilis
2235 4804 2290 4848 et

723 4880 984 4936 horrenda
1013 4892 1113 4945 est,
1154 4899 1302 4950 teque
1330 4885 1504 4954 gravis
1532 4894 1586 4939 et
1609 4885 1818 4951 acerba,
1848 4894 1904 4939 ut
1925 4885 2142 4940 adversa
2165 4900 2287 4940 cor-

723 4974 865 5042 poris
887 4975 1153 5030 valetudo.
1185 4975 1280 5028 Cui
1304 4977 1378 5030 rei
1400 4976 1701 5031 testimonio
1720 4985 1803 5030 est
1821 4991 2059 5031 summus
2079 4976 2168 5032 ille
2192 4993 2283 5046 pa-

722 5064 922 5118 tientia:
947 5059 1089 5134 pugil
1121 5063 1286 5135 (Job),
1307 5066 1394 5135 qui
1417 5075 1692 5136 postquam
1714 5067 1765 5121 in
1788 5068 2024 5136 corporis
2043 5068 2284 5123 morbum

722 5151 934 5219 incidit,
977 5155 1323 5222 prementium
1371 5154 1631 5210 malorum
1658 5155 2023 5225 depulsionem
2063 5173 2285 5218 mortem

719 5259 840 5298 esse
859 5243 1144 5312 judicavit;
1175 5255 1226 5299 et
1255 5245 1485 5314 quidem,
1513 5261 1631 5300 cum
1658 5259 1845 5302 cuncta
1865 5249 1965 5303 alia
1984 5263 2287 5320 perpetere-

721 5344 827 5398 tur,
861 5335 1079 5390 minimc
1102 5335 1386 5401 sentiebat,
1406 5337 1642 5405 quamvis
1666 5337 1825 5392 etiam
1851 5340 2066 5396 crebras
2084 5343 2288 5413 sibique

719 5425 951 5479 invicem
977 5424 1321 5481 succedentes
1350 5428 1528 5495 plagas
1552 5428 1846 5498 accipiens.
1878 5445 1940 5484 ac
1967 5443 2284 5501 postremam

720 5517 1113 5574 acerbissimam
1136 5527 1190 5572 et
1213 5517 1443 5572 letalem.
1468 5518 1647 5590 Neque
1666 5521 1806 5575 enim
1838 5521 1940 5576 hoc
1963 5524 2140 5592 exigui
2170 5541 2286 5579 mo-

725 5609 885 5664 menti
924 5624 1044 5665 esse
1085 5610 1370 5679 putandum
1409 5622 1526 5677 est,
1569 5629 1751 5668 verum
1796 5626 2047 5670 extrema:
2081 5633 2288 5687 quoque

723 5704 870 5772 ejus,
916 5701 1005 5772 qui
1044 5701 1240 5758 bellum
1270 5704 1365 5773 ipsi
1407 5704 1683 5767 inferebat,
1717 5707 2064 5776 improbitatis
2090 5718 2142 5763 ct
2167 5723 2287 5762 vcr-

727 5794 898 5856 sutiw,
936 5792 1073 5867 quod
1103 5807 1207 5851 nou
1249 5796 1447 5852 recenti
1491 5803 1544 5853 ct
1586 5804 1804 5868 vegeto,
1835 5812 1898 5855 ac
1924 5807 2030 5854 tum
2057 5800 2284 5872 primum

2376 702 2587 766 vulnus,
2631 703 2857 759 ﬁliorum
2902 720 3092 775 nempe
3135 707 3439 768 interitum,
3486 705 3740 770 inferret,
3789 705 3950 774 idque

2377 801 2481 846 tam
2508 793 2738 862 graviter
2775 804 2829 848 et
2865 796 3054 850 acerbe
3076 836 3092 862 ,
3140 806 3196 850 ut
3234 812 3299 850 ex
3342 807 3572 864 utroque
3603 810 3734 851 sexu
3760 809 3952 848 omnes

2376 883 2570 950 subito,
2601 893 2656 939 et
2689 884 2968 939 immatura
3006 895 3190 953 aitate,
3220 895 3274 941 et
3317 887 3539 941 violenta
3575 896 3746 940 morte
3771 887 3952 953 oppri-

2377 982 2561 1038 meret,
2585 987 2648 1026 ac
2667 975 2854 1028 mortis
2872 975 3087 1028 modum
3113 986 3582 1044 extemporaneum
3613 976 3741 1044 ipsis
3769 984 3951 1028 tumu-

2379 1065 2486 1118 lum
2528 1063 2784 1120 elliceret.
2832 1065 3012 1136 Neque
3059 1067 3200 1122 enim
3249 1078 3397 1138 pater
3433 1069 3672 1138 jacentes
3716 1069 3769 1121 in
3817 1068 3953 1120 lecto

2379 1153 2530 1218 vidit,
2562 1169 2659 1209 nec
2688 1170 2876 1209 manus
2903 1157 3239 1212 exosculatus
3263 1169 3366 1223 est,
3394 1172 3494 1212 nec
3519 1167 3761 1212 extrema
3789 1156 3952 1210 verba

2377 1247 2621 1314 excepit,
2658 1260 2756 1300 nec
2786 1245 2946 1315 pedes
2970 1258 3024 1302 et
3046 1263 3217 1317 genua
3259 1249 3450 1319 tetigit,
3474 1263 3574 1304 nec
3602 1246 3952 1304 moribundo-

2380 1351 2494 1389 rum
2534 1350 2625 1389 ora
2667 1338 2964 1400 contraxit,
3003 1337 3290 1407 oculosque
3331 1338 3549 1403 clausit;
3584 1353 3702 1411 qua:
3735 1337 3953 1408 quidem

2380 1427 2704 1494 parentibus,
2733 1441 2852 1480 cum
2878 1441 2906 1480 a
2936 1427 3058 1482 ﬁliis
3083 1428 3425 1494 divelluutur,
3449 1443 3553 1482 non
3581 1442 3797 1498 parvam
3826 1441 3957 1481 con-

2379 1516 2689 1570 solationem
2737 1514 2995 1580 afferunt;
3046 1533 3143 1572 nec
3185 1518 3308 1571 aliis
3355 1519 3420 1572 ad
3471 1519 3769 1587 sepulcrum
3820 1532 3956 1587 pra:-

2381 1605 2558 1660 missis
2584 1606 2716 1658 alios
2742 1605 2880 1659 domi
2914 1607 3148 1671 invenit,
3172 1623 3236 1662 ex
3261 1622 3485 1678 quorum
3510 1619 3728 1678 aspectu
3756 1621 3954 1662 mamo-

2382 1712 2516 1760 rem,
2548 1713 2706 1767 quem
2735 1698 2769 1752 ii
2797 1699 2885 1767 qui
2913 1715 2942 1754 e
2967 1701 3071 1753 vita
3101 1710 3477 1765 excesserant,
3501 1701 3599 1770 ipsi
3629 1701 3952 1764 afl'erebant,

2383 1789 2642 1842 minueret
2668 1807 2681 1842 :
2707 1803 2891 1843 verum
2934 1791 3165 1844 convivii
3198 1800 3456 1860 tempore,
3487 1801 3542 1846 et
3577 1791 3790 1861 quidem
3821 1806 3955 1845 con-

2383 1875 2526 1941 vivii,
2558 1891 2662 1932 non
2692 1878 3032 1946 temulentia,
3076 1881 3168 1933 sed
3206 1881 3426 1936 caritate
3450 1879 3709 1947 conferti,
3755 1881 3808 1934 in
3853 1881 3961 1932 fra-

2384 1969 2518 2022 terni
2565 1968 2762 2023 amoris
2798 1984 3014 2036 mensa,
3053 1985 3215 2040 super
3252 1980 3439 2025 torum-
3465 1972 3724 2040 jacentes,
3765 1985 3962 2025 omnes

2381 2058 2622 2114 defossos
2649 2070 2808 2129 atque
2840 2061 3062 2116 obrutos
3090 2076 3210 2117 esse
3233 2063 3472 2128 audivit,
3503 2065 3788 2132 omniaque
3817 2064 3962 2117 inter

2384 2166 2442 2207 se
2467 2154 2626 2206 tnixta
2653 2152 2818 2206 fuisse
2837 2195 2852 2218 ,
2879 2153 3128 2209 nimirum
3155 2169 3401 2210 cruorem
3421 2197 3436 2221 ,
3463 2155 3701 2220 domum,
3732 2153 3922 2224 pocula
3941 2195 3960 2218 ,

2385 2251 2621 2308 tectum,
2665 2259 2938 2308 mensam,
2986 2247 3294 2315 pulverem,
3337 2245 3568 2298 membra
3613 2245 3860 2298 ﬁliorum.
3893 2245 3963 2298 Et

2387 2343 2562 2390 tamen
2584 2350 2706 2390 cum
2733 2335 2845 2390 haec
2871 2335 3159 2402 audiisset,
3185 2351 3248 2390 ac
3275 2338 3420 2405 prius
3443 2337 3600 2391 etiam
3629 2337 3729 2390 alia
3758 2351 3876 2405 quae
3907 2345 3964 2390 et

2387 2427 2497 2494 ipsa
2524 2428 2702 2496 gravia
2729 2436 2784 2482 et
2806 2427 2996 2481 acerba
3027 2437 3212 2496 erant;
3254 2443 3375 2482 nam
3415 2437 3470 2482 et
3506 2429 3578 2480 illi
3619 2428 3721 2480 alia
3765 2429 3965 2482 misere

2387 2519 2685 2582 perierant;
2735 2516 2992 2586 pecudum
3043 2532 3264 2587 greges,
3311 2527 3364 2571 et
3403 2516 3644 2569 universa
3683 2525 3960 2576 armenta,

2389 2609 2575 2676 partim
2607 2609 2726 2676 igne
2755 2608 2960 2662 ca'litus
2993 2609 3140 2677 lapsu
3163 2608 3472 2677 absumpta,
3516 2608 3704 2675 partim
3733 2622 3762 2658 a
3794 2608 3963 2660 variis

2389 2700 2626 2754 hostibus
2670 2710 2885 2768 repente
2927 2701 3180 2766 abrepta,
3221 2708 3276 2753 et
3314 2714 3434 2752 cum
3477 2698 3604 2766 ipsis
3648 2699 3954 2766 pastoribus

2387 2793 2596 2846 concisa
2621 2801 2676 2845 et
2695 2791 3002 2844 obtruncata
3030 2789 3192 2844 fuisse
3219 2790 3490 2860 improbus
3513 2789 3665 2857 hujus
3687 2787 3965 2856 tragtndite

2389 2884 2602 2935 nuntius
2649 2880 2937 2944 referebat;
2991 2895 3144 2943 cum,
3175 2881 3387 2949 inquam
3409 2919 3424 2943 ,
3454 2888 3652 2932 tantam
3698 2879 3749 2931 in
3786 2878 3961 2946 agris,

2387 2972 2566 3035 domi,
2610 2973 2660 3024 in
2708 2970 3026 3040 pecudibus,
3077 2974 3129 3023 in
3173 2969 3354 3023 liberis
3402 2977 3765 3037 tempestatem
3812 2965 3965 3022 brev'i

2390 3064 2642 3133 temporis
2686 3071 2956 3116 momento
3001 3062 3318 3124 excitatam,
3373 3059 3668 3128 ﬂuctusque
3715 3057 3967 3110 ﬂuctibus

2387 3152 2764 3215 succedentes,
2808 3160 2863 3206 et
2903 3151 3188 3206 continuos
3229 3148 3494 3218 scopulos,
3548 3159 3602 3203 et
3643 3146 3966 3218 profundam

2385 3243 2698 3312 caliginem,
2738 3250 2794 3296 et
2836 3239 3195 3295 intolerandos
3229 3237 3418 3293 ﬁuctus
3463 3239 3828 3306 conspiceret:
3859 3251 3966 3290 nec

2387 3349 2616 3389 muarore
2659 3332 3024 3404 premebatur,
3077 3346 3176 3386 nec
3219 3345 3280 3386 ea
3320 3345 3437 3400 qua:
3480 3327 3779 3382 acciderant
3823 3341 3968 3379 nene

2385 3423 2668 3488 sentiebat,
2683 3423 2782 3477 hoc
2798 3431 2898 3489 est,
2917 3423 3175 3477 hactenus
3193 3421 3484 3484 dumtaxat,
3497 3428 3754 3489 quatenus
3773 3416 3963 3480 homu,

2386 3528 2438 3572 et
2469 3525 2617 3587 pater
2644 3527 2778 3570 erat.
2809 3517 2878 3569 At
2923 3524 3263 3584 posteaquam
3302 3512 3487 3567 morbo
3511 3521 3667 3580 atque
3693 3509 3968 3564 ulceribus

2387 3607 2596 3663 deditus
2637 3615 2740 3672 est,
2786 3614 2896 3660 tum
2943 3619 3073 3659 vero
3108 3615 3162 3659 et
3206 3613 3431 3658 mortem
3470 3600 3778 3671 exoptabat,
3808 3611 3863 3654 et
3909 3601 3966 3654 in

2387 3699 2532 3752 luctu
2562 3712 2624 3751 ac
2655 3697 2899 3751 lamentis
2923 3695 3249 3750 versabatur.
3284 3693 3358 3747 Ex
3387 3709 3495 3764 quo
3523 3692 3785 3762 intelligas
3813 3692 3964 3760 licet,

2391 3789 2491 3843 hoc
2510 3788 2758 3843 omnibus
2784 3787 2942 3843 rebus
2967 3788 3203 3842 adversis
3222 3787 3434 3854 gravius
3452 3799 3591 3849 eSSe,
3610 3800 3672 3838 ac
3692 3793 3962 3838 summum

2389 3879 2654 3950 patientiae
2671 3891 2859 3948 genus.
2884 3878 3056 3946 Atque
3085 3876 3187 3931 hoc
3213 3892 3279 3930 ne
3306 3890 3587 3944 pervorsus
3613 3874 3824 3944 quidem
3848 3873 3964 3928 da-

2390 3986 2513 4026 mon
2542 3970 2847 4043 ignorabat;
2877 3985 2937 4022 ac
2964 3968 3210 4038 proinde,
3241 3983 3362 4022 cum
3392 3967 3638 4022 omnibus
3667 3967 3770 4021 illis
3801 3967 3964 4021 rebus

2391 4063 2604 4116 tentatis
2629 4061 2855 4130 pugilem
2886 4061 3224 4130 tranquillum
3263 4069 3317 4113 et
3358 4073 3387 4111 a
3427 4057 3819 4127 perturbatione
3861 4056 3964 4109 im-

2393 4167 2607 4207 munem
2639 4166 2857 4206 manere
2879 4151 3220 4220 perspiceret,
3244 4150 3310 4206 ad
3365 4148 3465 4203 hoc
3487 4157 3756 4203 certamen
3773 4188 3787 4210 ,
3820 4156 3962 4200 tam-

2389 4258 2545 4313 quam
2571 4242 2805 4296 omnium
2825 4240 3134 4306 maximum,
3164 4256 3222 4295 se
3241 4239 3485 4305 contulit,
3508 4247 3694 4293 extera
3717 4236 3966 4292 videlicet

2389 4335 2563 4389 omnia
2601 4332 2891 4387 tolerabilia
2919 4345 3039 4386 esse
3075 4331 3310 4397 ducens,
3352 4330 3560 4385 etiamsi
3586 4329 3702 4398 quis
3729 4328 3964 4392 liberos,

2389 4423 2596 4478 etiamsi
2628 4421 2885 4486 fortunas,
2917 4421 3124 4475 etiamsi
3153 4421 3440 4491 quidquam
3481 4419 3622 4473 aliud
3650 4419 3857 4472 amittat
3888 4413 3968 4486 (id

2391 4517 2532 4569 enim
2562 4514 2643 4568 his
2673 4514 2847 4568 verbis
2871 4512 3204 4584 designatur,
3236 4512 3430 4566 Pellem
3459 4528 3551 4582 pro
3577 4510 3708 4582 pelle
3733 4509 3853 4583 [Job
3907 4509 3966 4564 Ξ.

2392 4606 2505 4680 4]),
2549 4615 2604 4660 at
2643 4620 2762 4660 eam
2803 4602 3016 4658 demum
3061 4603 3384 4658 mortiferam
3416 4604 3623 4674 plagam
3663 4616 3966 4665 esse,cum

2395 4699 2656 4767 quispiam
2687 4697 2740 4750 in
2768 4710 2994 4764 corpore
3020 4694 3232 4751 dolores
3274 4696 3504 4764 excepit.
3542 4695 3803 4761 Quocirca
3845 4687 3974 4763 post

2395 4791 2495 4844 hoc
2531 4797 2802 4843 certamen
2845 4799 3156 4857 superatus,
3196 4802 3266 4843 ne
3305 4788 3514 4842 hiscere
3554 4785 3764 4856 quidem
3804 4801 3972 4840 ausus

2392 4891 2476 4938 est
2504 4902 2519 4936 :
2545 4895 2668 4937 eum
2707 4880 2901 4950 alioqui
2947 4879 3091 4949 prius
3136 4878 3590 4950 impudentissime
3634 4878 3974 4934 obniteretnr

2391 4990 2454 5030 ac
2480 4984 2664 5030 contra
2692 4983 2966 5044 pugnaret.
3014 4971 3109 5027 llic
3127 5013 3142 5034 .
3176 4975 3387 5041 inquam
3409 5013 3426 5039 ,
3452 4972 3560 5041 jam
3590 4985 3658 5025 ne
3685 4970 3972 5040 impudens

2392 5067 2603 5138 quidem
2630 5066 2829 5137 aliquid
2855 5065 3088 5135 reperire
3113 5066 3300 5134 potuit,
3323 5065 3464 5136 quod
3493 5065 3718 5135 fingeret
3744 5080 3758 5117 :
3785 5078 3973 5118 verum

2395 5159 2595 5230 pudore
2619 5157 2850 5213 suffusus
2879 5156 3065 5226 pedem
3092 5156 3292 5211 retulit.

2462 5254 2516 5307 5.
2548 5252 2740 5306 Verum
2770 5266 2835 5304 ne
2865 5249 2964 5304 hoc
2991 5249 3083 5304 tibi
3125 5247 3191 5303 ad
3233 5247 3590 5304 excusandum
3617 5245 3805 5300 mortis
3827 5245 3972 5300 desi-

2397 5345 2600 5400 derium
2642 5343 2888 5397 idoneum
2925 5355 3046 5396 esse
3071 5340 3234 5395 ducas
3257 5381 3272 5406 ,
3309 5340 3448 5410 quod
3480 5338 3565 5394 ille
3583 5336 3826 5392 dolorum
3859 5336 3972 5390 vim

2392 5444 2446 5492 et
2465 5434 2806 5490 acerbitatem
2830 5447 2934 5486 non
2958 5430 3155 5496 ferens,
3174 5439 3398 5484 mortem
3419 5437 3715 5500 exoptaret.
3741 5428 3799 5482 in
3821 5442 3976 5481 men-

2393 5536 2498 5580 tem
2528 5525 2668 5578 enim
2701 5521 2795 5576 tibi
2825 5521 3036 5587 veniat,
3065 5534 3294 5590 quonam
3325 5519 3413 5574 ille
3444 5529 3686 5588 tempore
3707 5557 3726 5585 ,
3755 5529 3976 5587 quoque

2397 5632 2568 5672 rerum
2597 5624 2735 5669 statu
2759 5628 2874 5668 eam
2899 5611 3180 5682 expetebat
3199 5629 3213 5666 :
3232 5610 3334 5666 hoc
3357 5621 3458 5676 est,
3474 5625 3594 5666 cum
3617 5623 3718 5664 nec
3737 5609 3825 5664 lex
3847 5609 3972 5662 data

2394 5719 2556 5772 esset,
2577 5721 2675 5761 ucc
2698 5704 2970 5775 propheta:
2990 5703 3337 5764 exstitissent,
3366 5717 3464 5757 nec
3488 5701 3656 5772 gratia
3678 5700 3746 5754 ita
3777 5697 3973 5754 diffusa

2398 5808 2559 5866 esset,
2590 5814 2684 5854 nec
2717 5797 2828 5867 ipse
2855 5794 2956 5852 alia
2984 5793 3174 5852 divinae
3197 5791 3542 5866 philosophia:
3564 5804 3760 5864 genera
3785 5803 3974 5863 perco-
