4216 6488
251 405 341 460 53!
1679 405 2068 465 EPISTULE.

245 519 501 587 τυχόντα,
533 520 627 571 καὶ
648 518 828 590 δρεξιν
850 519 1106 590 διεγείρει
1145 519 1242 589 τὴν
1278 520 1411 589 πρὸς
1443 517 1509 571 τά
1544 518 1704 579 σιτία.
1734 518 1830 572 καὶ

248 612 457 666 τούτων
517 589 772 662 ἁπάντων
824 613 958 680 ἡμῖν
992 589 1048 661 ὲν
1102 610 1311 678 ὀλίγαις
1356 608 1593 681 ἡμέραις
1636 611 1832 678 πεῖραν

250 700 553 771 παρέσχεν.
587 702 819 771 Ποίησον
842 701 1020 763 τοίνυν
1058 700 1478 771 παρακληθῆναι
1521 700 1610 752 τὸν
1640 698 1834 752 δεσπό-

248 805 347 859 την
369 807 472 859 μου
492 788 586 842 τὸν
606 790 1031 861 αἰδεσιμώτατον
1048 791 1306 860 Θεόφιλον
1321 792 1412 844 τὸν
1436 790 1673 859 κόμητα,
1691 788 1833 843 ὥστε

249 880 412 933 πάλιν
445 880 507 944 ἐξ
530 881 697 935 αὐτοῦ
747 882 1156 934 κατασκευάσαι
1190 884 1321 951 ἡμῖν
1364 881 1460 934 καί⁸
1492 880 1833 934 ἀποστεῖλαι.

250 968 362 1021 Καὶ
400 970 475 1039 μή
505 986 566 1022 σε
586 969 825 1023 λυπείτω
855 971 916 1023 τὸ
952 970 1186 1025 ἐνταῦθα
1212 972 1358 1042 ἡμᾶς
1388 971 1700 1041 χειμάζεινο
1740 971 1833 1023 καὶ

248 1061 359 1130 γὰρ
388 1060 569 1132 πολλῷ
606 1064 735 1133 ῥᾷον
766 1062 860 1114 καὶ
905 1063 1264 1135 ὑγιεινότερον
1294 1063 1389 1117 νῦν
1422 1065 1456 1135 ῆ
1492 1064 1689 1133 πέρυσι
1721 1063 1836 1115 δια-

251 1150 518 1221 κείμεθα’
551 1151 692 1205 ῶστε
714 1153 763 1204 εί
790 1154 885 1206 καὶ
930 1154 1070 1225 αὑτὴ
1101 1153 1200 1224 τήν
1231 1156 1615 1225 προσήκουσαν
1641 1151 1837 1221 ἐπιμέ-

250 1241 400 1296 λειαν
425 1241 636 1305 ἐποιοῦ,
673 1242 853 1313 πολλῷ
897 1243 963 1297 ἂν
992 1244 1215 1313 ἄμεινον
1258 1243 1523 1315 διετέθης.
1580 1246 1643 1297 Εἰ
1692 1242 1748 1295 δὲ
1779 1240 1838 1307 ἐξ

248 1333 489 1403 ἀθυμίας
538 1335 645 1403 φῂς
673 1334 921 1403 τετέχθαι
968 1350 1049 1386 σοι
1078 1336 1145 1387 τά
1188 1336 1489 1405 νοσήματα,
1523 1333 1641 1397 πῶς
1674 1334 1837 1387 πάλιν

251 1425 547 1488 ἐπιστολάς
581 1422 762 1494 ζητεῖς
796 1427 927 1495 παρ’
961 1426 1140 1495 ἡμῶν,
1171 1428 1339 1499 μηδὲν
1363 1425 1615 1479 ἐντεῦθεν
1639 1428 1718 1489 είς
1745 1426 1829 1477 εύ-

251 1514 455 1587 θνμίαν
502 1516 937 1587 καρπωσαμένη,
965 1516 1081 1569 ἀλλ’
1113 1516 1256 1572 οὕτω
1300 1520 1365 1588 τῇ
1426 1518 1703 1588 τυραννίδι
1734 1517 1837 1587 τῆς

248 1605 494 1676 ἀθυμίας
505 1604 890 1675 βαπτισθεῖσα,
911 1606 986 1669 ὼς
1013 1606 1108 1659 καὶ
1138 1607 1428 1677 ἐπιθυμεῖν
1448 1608 1543 1661 νῦν
1568 1608 1669 1677 τῆς
1689 1605 1838 1679 [572]

253 1693 505 1748 ἐντεῦθεν
535 1693 872 1764 ἀποδημίας;
901 1695 1015 1748 06x
1047 1690 1203 1747 οῐσθα
1242 1696 1366 1759 ὅσος
1403 1697 1498 1749 καὶ
1526 1695 1839 1767 ἀρρωστίας

253 1790 434 1840 κεῖται
469 1786 659 1857 μισθὸς
693 1787 752 1838 ἐν
783 1786 1093 1857 εὐχαρίστῳ
1138 1786 1313 1859 ψυχῇ;
1351 1790 1425 1841 Οὑ
1463 1788 1719 1853 πολλάκις
1755 1806 1839 1841 σοι

250 1880 342 1931 καί
374 1878 566 1948 παρών
588 1878 684 1931 καὶ
708 1877 777 1930 δι’
792 1877 1094 1952 ἐπιστολῶν
1118 1879 1323 1951 ταύτης
1340 1880 1505 1935 ἕνεκα
1532 1881 1837 1951 διείλεγμαι

247 1970 347 2039 τῆς
376 1967 877 2033 ὑποθέσειι›ς;ἰὶλλ⁹
912 1969 1098 2041 ἐπειδὴ
1149 1969 1277 2033 ἴσως
1306 1971 1338 2043 ἢ
1368 1972 1398 2025 6
1426 1972 1534 2025 τῶν
1585 1972 1839 2043 πραγμά-

246 2074 357 2112 των
398 2057 637 2127 δχλος,ῆ
670 2058 811 2129 αὑτὴ
863 2058 962 2129 τῆς
989 2059 1304 2129 ἀρρωστίας
1336 2064 1369 2128 ἡ
1412 2062 1576 2130 φύσις
1598 2104 1613 2127 ,
1650 2064 1745 2117 καὶ
1781 2064 1837 2117 αἱ

247 2148 542 2219 ἐπάλληλοι
575 2149 927 2219 περιστάσεις
950 2161 978 2189 ι
1002 2151 1104 2202 οὑκ
1131 2149 1263 2203 ἐῶσί
1293 2166 1352 2204 σε
1382 2151 1650 2223 διηνεκῶς
1686 2152 1839 2207 ἐναυ-

250 2240 339 2293 λον
373 2240 519 2309 ἔχειν
548 2240 657 2293 τῶν
685 2241 996 2312 εἰρημένων
1030 2239 1129 2311 τὴν
1164 2242 1411 2313 μνήμην,
1457 2243 1623 2298 ἄκουε
1676 2246 1836 2299 πάλιν

245 2331 316 2385 τά
345 2330 490 2385 αύτά
526 2329 836 2401 ἐπᾳδόντων
869 2331 1028 2402 ήμῶν
1067 2335 1177 2396 τοῖς
1203 2332 1386 2386 ἐλκεσί
1422 2352 1517 2388 σου
1563 2337 1662 2407 τῆς
1704 2337 1837 2391 ἀθυ-

250 2421 381 2492 μίας
402 2438 417 2452 ·
458 2420 534 2475 Τὰ
561 2419 675 2489 γὰρ
706 2420 859 2474 αὐτὰ
892 2421 1161 2491 γράφειν,
1202 2426 1387 2494 φησὶν,
1409 2426 1539 2495 ἐμοὶ
1574 2426 1692 2497 μὲν
1723 2430 1836 2483 οὐκ

246 2513 532 2579 ὀκνηρέν.
574 2511 717 2581 ὑμῖν
745 2512 813 2565 δὲ
837 2512 1136 2583 ἀσφαλές.

319 2601 388 2670 β’.
423 2601 490 2653 Τί
512 2597 608 2655 οὖν
639 2604 735 2655 καὶ
762 2602 906 2672 λέγω
931 2604 1023 2656 καὶ
1046 2604 1243 2674 γράφω
1263 2622 1278 2670 ;
1302 2607 1488 2669 Ούδέν,
1508 2610 1832 2680 Ὀλυμπιάς,

246 2692 348 2761 τῆς
372 2693 432 2745 ἐν
461 2691 753 2763 ἀλγηδόσιν
788 2696 1066 2765 ὑπομονῆς
1115 2698 1195 2760 εἰς
1246 2699 1652 2771 εὑδοκιμήσεως
1680 2702 1837 2770 λόγον

247 2785 384 2837 [σον.
426 2783 491 2837 Ἡ
518 2784 630 2855 γάρ
658 2784 869 2854 βασιλὶς
895 2787 1003 2840 τῶν
1036 2789 1278 2858 ἀγαθῶν,
1312 2792 1405 2844 καὶ
1428 2792 1535 2845 τῶν
1558 2795 1837 2862 στεφάνων

246 2876 545 2947 ήκορωνὶς
576 2874 713 2947 αὕτη
770 2878 1010 2947 μάλιστά
1062 2883 1213 2936 ἐστι·
1246 2885 1341 2937 καὶ
1394 2886 1647 2957 καθάπερ
1695 2889 1833 2961 αὕτη

244 2966 355 3019 τῶν
400 2966 576 3019 ἄλλων
610 2971 801 3037 κρατεῖ
833 2971 1281 3044 κατορθωμάτων
1303 3016 1318 3042 ,
1379 2976 1551 3041 οὕτως
1604 2982 1661 3032 ὲν
1697 2981 1834 3052 αὑτῇ

246 3056 407 3109 τοῦτο
427 3058 663 3127 μάλιστα
690 3060 751 3112 16
781 3056 922 3125 εἶδος
946 3062 1055 3115 τῶν
1073 3064 1252 3121 ἀλλων
1287 3069 1405 3122 ἐστὶ
1431 3068 1832 3143 λαμπρότερον.

150 3162 157 3169 ‘
247 3150 403 3220 Τάχα
438 3150 647 3219 ἀσαφὲς
668 3151 730 3203 16
759 3153 1081 3223 εἰρημένον·
1116 3158 1311 3212 ούκοῦν
1336 3161 1469 3213 αὑτὸ
1498 3166 1706 3234 ποιήσω
1740 3183 1838 3230 0.1-

247 3242 531 3311 φάστερον.
553 3241 619 3294 Τί
648 3238 741 3295 οὗν
774 3244 965 3298 ἐστινὸ
991 3263 1167 3316 φημι;
1201 3249 1276 3301 Οὐ
1303 3251 1366 3303 τὸ
1390 3254 1649 3323 χρήματα
1674 3257 1837 3325 ἀφαι-

251 3331 496 3399 ρεθῆναι,
519 3330 621 3385 κάν
651 3330 869 3385 πάντων
898 3350 982 3397 τις
1012 3337 1275 3408 γυμνωθῇ
1304 3339 1414 3394 τῶν
1446 3341 1638 3409 ὄντων,
1668 3348 1729 3399 06
1774 3348 1835 3399 τὸ

244 3423 412 3493 τιμῆς
438 3426 712 3488 ἐκπεσεῖν,
743 3424 804 3477 06
823 3426 884 3479 τὸ
912 3428 1169 3497 πατρίδος
1196 3431 1553 3504 ἐκϐληθῆναι,
1585 3440 1835 3510 καὶπρὸς

246 3517 345 3586 τὴν
378 3516 679 3588 ὑπερορίαν
713 3519 1109 3591 ἀπενεχθῆναι,
1152 3526 1213 3576 ού
1254 3526 1315 3579 τὸ
1340 3529 1487 3598 πόνῳ
1516 3533 1610 3585 καὶ
1652 3533 1835 3604 ἱδρῶτι

249 3606 688 3673 κατατείνεσθαι,
717 3610 777 3661 ού
810 3610 869 3662 τὸ
902 3610 1276 3686 δεσμωτήριον
1305 3619 1495 3685 οίκεῖν,
1529 3624 1624 3675 καὶ
1644 3625 1836 3679 ἅλυσιν

248 3699 614 3768 περικεῖσθαι,
646 3701 746 3755 οὑκ
778 3703 1092 3774 ὀνειδισμοὶ,
1120 3708 1215 3761 καὶ
1236 3710 1494 3784 λοιδορίαι
1520 3717 1612 3769 καὶ⁴
1645 3719 1834 3788 σκώμ-

250 3808 434 3860 ματα·
464 3792 540 3883 μή
568 3792 676 3863 γάρ
696 3794 832 3865 μηδὲ
860 3795 1018 3849 τοῦτο
1046 3801 1242 3872 μικρὸν
1270 3806 1500 3877 νομίσῃς
1530 3804 1668 3863 εἶναι
1694 3828 1831 3883 καρ-

245 3884 437 3955 τερίας
489 3881 650 3949 εἶδος,
678 3885 740 3939 :6
768 3888 1030 3955 γενναίως
1060 3891 1127 3945 τά
1164 3895 1389 3951 τοιαῦτα
1443 3901 1708 3967 ἐνεγκεῖν,
1741 3881 1833 3955 καὶ

245 3974 521 4029 δείκνυσιν
573 3977 839 4048 Ἱερεμίας
867 3982 896 4035 6
923 3982 1175 4049 τοσοῦτος
1198 3988 1292 4040 καὶ
1323 3988 1641 4060 τηλικοῦτος
1671 3996 1832 4067 ἀνὴρ,

246 4068 343 4139 οὐχ
388 4070 466 4132 ὡς
504 4068 695 4139 ἔτυχεν
731 4070 836 4125 ὑπὸ
885 4073 1077 4128 τούτου
1118 4077 1440 4150 θορυϐηθεὶς
1496 4084 1591 4138 τοῦ
1640 4104 1832 4159 πειρα-

248 4159 421 4230 σμοῦ’
482 4162 597 4215 ἀλλ’
654 4164 776 4217 οὑδέ
831 4164 1009 4233 τοῦτο,
1041 4170 1102 4221 06
1154 4172 1359 4227 παίδων
1408 4176 1671 4250 ἀποϐολὴ,
1729 4181 1832 4234 κᾶν

246 4250 443 4323 ἀθρόον
477 4254 679 4318 πάντες
728 4256 1153 4329 ἀναρπασθῶσιν
1178 4304 1194 4328 ,
1226 4266 1326 4318 ούκ
1363 4267 1548 4339 ἐχθροὶ
1594 4275 1833 4344 συνεχῶς

244 4342 697 4413 ἐπεμϐαίνοντες,
756 4349 858 4401 οὑκ
906 4349 1035 4403 ἄλλο
1065 4353 1175 4407 τῶν
1224 4357 1483 4412 τοιούτων
1513 4362 1684 4427 οὐδὲν,
1733 4366 1833 4418 06x

244 4436 408 4499 αὐτὸς
438 4438 467 4489 6
501 4437 746 4507 κολοφὼν
802 4441 912 4495 τῶν
967 4444 1267 4502 δοκούντων
1326 4446 1465 4505 εἶναι
1500 4454 1779 4527 λυπηρῶν,
1803 4461 1832 4514 6

245 4526 499 4593 θάνατος,
532 4531 562 4583 6
612 4530 840 4601 φοϐερὸς
871 4533 1015 4588 οὕτω
1050 4538 1143 4590 καὶ
1172 4540 1474 4612 φρικώδης,
1505 4526 1678 4610 οὕτως
1705 4548 1822 4602 ἐστὶ

245 4619 439 4692 βαρὺς,
461 4622 539 4685 ώς
564 4622 814 4693 σώματος
839 4626 1141 4697 ἀρρωστία.
1172 4632 1281 4686 Καὶ
1302 4634 1476 4689 ταῦτα
1506 4638 1779 4696 δείκνυσιν
1803 4646 1833 4697 6

245 4709 507 4806 μέγιστος
526 4711 629 4806 τῆς
654 4712 933 4785 ὑπομονῆς
954 4716 1211 4790 ἀθλητὴς,
1237 4722 1297 4786 ὃς
1324 4726 1515 4799 ἐπειδὴ
1542 4737 1829 4806 σωματικῇ

241 4799 541 4871 περιέπεσε
571 4802 733 4873 νόσῳ,
780 4806 1103 4881 ἀπαλλαγὴν
1137 4813 1246 4868 τῶν
1276 4799 1832 4889 κατεχόντων-δεινῶν

239 4892 340 4961 τὴν
355 4892 614 4963 τελευτὴν
640 4890 779 4948 εἶναι
809 4898 1025 4969 ἐνόμιζε
1048 4920 1060 4932 ·
1086 4905 1180 4957 καὶ
1201 4905 1290 4960 ὅτε
1318 4909 1417 4978 μέν
1443 4910 1511 4965 τὰ
1539 4913 1672 4968 ἄλλα
1696 4917 1831 4971 ἐπα-

243 4999 373 5053 σχεν
398 4983 639 5052 ἄπαντα,
690 4988 810 5041 οὑδὲ
836 4990 1120 5060 ᾐσθάνετο,
1147 4998 1324 5053 καίτοι
1356 5002 1695 5074 ἐπαλλήλους
1741 5009 1829 5062 δε-

239 5072 473 5143 χόμενος
530 5074 630 5138 τάς
668 5076 902 5147 πληγὰς,
957 5084 1052 5136 καὶ
1100 5086 1417 5145 τελευταίαν
1454 5072 1563 5165 τὴν
1586 5099 1826 5169 καιρίαν.

241 5165 379 5218 οὐδὲ
407 5165 518 5237 γὰρ
543 5168 700 5222 τοῦτο
738 5172 934 5242 μικρὸν
956 5216 971 5241 ,
1004 5175 1142 5231 ἀλλά
1175 5180 1268 5233 καὶ
1296 5181 1398 5252 τῆς
1436 5165 1829 5264 χαλεπωτάτης

239 5257 337 5311 τοῦ
376 5258 743 5329 πολεμοῦντος
770 5264 919 5335 αὑτῷ
956 5271 1311 5341 κακουργίας,
1346 5276 1407 5331 τὸ
1448 5280 1521 5351 μὴ
1561 5283 1825 5349 νεάζοντι,

244 5349 381 5420 μηδὲ
408 5348 503 5403 νῦν
528 5352 608 5414 είς
642 5354 768 5417 τοὺς
788 5355 1006 5424 ἀγῶνας
1039 5361 1282 5417 καθιέντι
1317 5348 1554 5439 πρῶτον,
1589 5372 1701 5425 ἀλλ’
1731 5374 1825 5447 ἤδη

236 5441 307 5510 τῇ
338 5442 638 5514 πυκνότητι
672 5444 789 5499 τῶν.
810 5447 1128 5521 ἐπαλλήλων
1156 5453 1325 5523 βελῶν
1352 5441 1823 5537 κατειργασμένῳξ

236 5533 360 5584 τότε
392 5533 496 5605 τὴν
522 5536 744 5608 καιρίαν
784 5537 966 5592 δοῦναι
993 5542 1092 5613 τὴν
1118 5545 1210 5597 ἐπὶ
1258 5551 1371 5610 τοῖς
1396 5554 1552 5605 παισὶ
1588 5533 1823 5629 πληγὴν,

238 5624 335 5677 aut
362 5624 570 5697 ταύτην
593 5626 738 5683 οὕτω
776 5630 1047 5700 χαλεπῶς,
1072 5634 1166 5699 ,ὡς
1209 5640 1301 5691 καὶ
1328 5640 1388 5705 ἐξ
1426 5644 1689 5717 ἑκατέρας
1726 5652 1825 5721 τῆς

238 5714 479 5784 φύσεως,
522 5717 613 5770 καὶ
650 5720 856 5785 πάντας
888 5722 1104 5794 ἀθρόον,
1140 5728 1234 5780 καὶ
1288 5732 1346 5783 ἐν
1402 5733 1567 5810 ἀώρῳ
1592 5714 1821 5816 ῆλικίά,

303 5827 329 5857 ⁸
364 5828 551 5881 Omnes
578 5845 689 5882 mw
716 5838 789 5878 καῖ
815 5855 856 5884 αι
887 5841 1051 5887 τιυὶ).σὲ
1077 5847 1384 5905 min-1.50:“.

3416 402 3522 459 592

1938 518 2032 571 καὶ
2067 518 2219 590 βιαία
2267 519 2493 591 τελευτῇ
2542 520 2869 589 διαφθεῖραι,
2933 513 3021 569 καὶ
3048 514 3141 567 τού
3176 514 3404 568 θανάτου
3438 515 3530 570 τὸν

1934 626 2135 697 τρόπον
2156 627 2577 698 ἐσχεδιασμένον
2606 627 2791 691 αὑτοῖς
2823 622 3166 696 ἐργάσασθαι
3188 622 3379 691 τάφον.
3396 621 3532 675 Οὐδὲ

1934 733 2045 805 γάρ
2079 732 2219 789 εἶδεν
2255 736 2314 788 ἐν
2346 736 2503 807 κλίνῃ
2542 735 2861 806 κειμένους,
2902 732 3023 787 οὑδέ
3060 731 3284 803 ἐφίλησε
3316 732 3529 801 χεῖρας,

1936 844 2057 895 οὐδὲ
2111 844 2356 913 ἐσχάτων
2394 844 2594 914 ῆκουσε
2642 845 2941 916 ῥημάτων,
2994 843 3116 896 οὐδὲ
3154 841 3331 897 ποδῶν
3378 838 3529 912 [573]

1936 950 2113 1018 ἥψατο
2143 951 2240 1005 καὶ
2276 952 2543 1019 γονάτων,
2573 952 2635 1005 06
2668 951 2846 1022 στόμα
2872 950 3116 1003 συνεῖλεν
3137 990 3152 1015 ,
3187 949 3250 1003 οὑ
3281 948 3535 1003 καθεῖλεν

1938 1060 2249 1130 ὀφθαλμοὺς
2276 1061 2578 1132 μελλόντων
2618 1060 2801 1115 αὑτῶν
2828 1061 3088 1130 τελευτᾷν
3112 1100 3127 1123 ,
3168 1060 3314 1130 ἅπερ
3343 1057 3405 1111 o6
3442 1075 3503 1127 μι
3522 1087 3534 1098 -

1941 1172 2049 1243 κρά
2077 1172 2156 1234 εἰς
2188 1170 2545 1242 παραμυθίαν
2572 1173 2685 1234 τοῖς
2725 1168 2934 1224 παίδων
2978 1168 3367 1241 χωριζομένοις
3425 1184 3533 1220 παι

1940 1278 2132 1349 τράσιν
2156 1293 2170 1307 ο
2219 1277 2341 1331 οὑδὲ
2368 1278 2496 1342 τοὺς
2552 1278 2653 1349 μὲν
2682 1278 3041 1349 προέπεμψεν
3070 1279 3165 1332 ἐπὶ
3201 1278 3294 1331 τὸν
3340 1278 3533 1347 τάφον,

1940 1389 2067 1451 τοὺς
2108 1387 2163 1440 δέ
2206 1387 2518 1441 ἐπανελθὼν
2556 1381 2687 1459 εὗρε
2734 1388 3089 1460 παραμυθίαν
3126 1388 3235 1440 τῶν
3274 1387 3531 1441 ἀπελθόν·

1942 1513 2049 1548 των
2069 1513 2082 1525 ·
2118 1495 2233 1548 ἀλλ’
2258 1497 2317 1548 ἐν
2348 1496 2523 1568 καιρῷ
2546 1498 2875 1568 συμποσίου,
2910 1497 3215 1568 συμποσίου
3251 1498 3310 1550 οὑ
3341 1496 3537 1567 μέθην,

1942 1600 2058 1653 ἀλλ’
2078 1601 2302 1672 ἀγάπην
2328 1602 2606 1674 βρύοντος,
2640 1605 2698 1657 ἐν
2732 1605 2981 1678 τραπέζῃ
3029 1606 3403 1675 φιλαδελφίας,
3443 1606 3542 1660 ἐπὶ

1945 1709 2193 1775 στιϐάδος
2248 1712 2535 1782 κειμένους
2575 1713 2777 1785 ἢκουσε
2831 1715 3041 1779 πάντας
3097 1713 3538 1785 κατακεχῶσθαι,

1943 1819 2037 1872 καὶ
2069 1801 2248 1873 πάντα
2275 1820 2413 1891 όμοῦ
2443 1822 2694 1892 μιγῆναι,
2716 1824 2780 1876 τὸ
2804 1817 2966 1895 αἷμα,
2999 1825 3091 1878 τὸν
3117 1820 3278 1889 οίνον,
3315 1823 3415 1888 τὰς
3442 1823 3543 1876 κύ-

1942 1928 2121 1990 λικας,
2154 1928 2247 1981 τὸν
2274 1928 2499 2000 ὄροφον,
2528 1932 2630 2003 τὴν
2662 1932 2966 2001 τράπεζαν,
2988 1934 3087 2005 τὴν
3113 1934 3283 1998 κόνιν,
3300 1932 3371 1987 τὰ
3392 1929 3541 2004 ’μέλη

1939 2036 2050 2089 τῶν
2081 2036 2310 2091 παίδων.
2371 2040 2511 2093 Ἀλλ’
2543 2041 2696 2112 ὅμως
2730 2043 2894 2112 ἡνίκα
2950 2044 3050 2115 μέν
3103 2042 3295 2098 ταῦτᾶ
3316 2044 3542 2115 ῆκουσε,

1942 2145 2035 2198 καὶ
2073 2145 2176 2216 πρὸ
2194 2145 2404 2200 τούτων
2433 2146 2509 2200 τὰ
2541 2148 2701 2214 ἄλλα,
2742 2152 2837 2205 καὶ
2868 2151 3011 2206 αὑτά
3040 2151 3285 2221 χαλεπά·
3311 2152 3409 2205 καὶ
3435 2150 3543 2221 γάρ

1940 2254 2171 2308 κάκεῖνα
2201 2255 2453 2326 χαλεπῶς
2484 2257 2755 2313 ἀπολώλει
2779 2275 2793 2287 ·
2818 2261 2890 2315 τά
2924 2278 2982 2313 τε
3008 2261 3235 2331 ποίμνια
3253 2301 3269 2323 ,
3302 2260 3396 2314 καὶ
3422 2259 3543 2314 ὀλο-

1952 2361 2192 2433 κλήρους
2224 2362 2469 2433 ἀγέλας,
2515 2366 2617 2430 τάς
2658 2367 2760 2437 μὲν
2790 2368 2899 2422 ὑπὸ
2944 2368 3118 2441 πυρὸς
3162 2369 3368 2424 ἀνωθεν
3415 2384 3545 2420 κατ-

1945 2470 2257 2542 ενεχθέντος
2302 2475 2617 2545 ἀνηλῶσθαι
2668 2478 2855 2546 ἔλεγεν
2884 2479 2914 2532 6
2969 2477 3207 2549 πονηρὸς
3244 2478 3343 2548 τῆς
3373 2493 3535 2549 τραγ-

1940 2578 2105 2648 ῳδίας
2138 2580 2343 2651 ταύτης
2358 2584 2608 2651 ἄγγελος,
2626 2585 2726 2650 τάς
2746 2586 2802 2641 δὲ
2835 2586 2942 2641 ὑπὸ
2965 2586 3240 2657 πολεμίων
3268 2586 3544 2660 διαφόρων

1940 2686 2135 2759 ἀθρόον
2187 2691 2369 2755 πάσας
2420 2692 2831 2767 ἀναρπαγῆναι,
2866 2697 2961 2749 καὶ
3002 2695 3383 2766 κατακοπῆναι
3445 2697 3543 2751 σὺν

1939 2796 2126 2860 αὐτοῖς
2153 2800 2266 2861 τοῖς
2314 2800 2566 2870 ποιμέσιν
2592 2820 2605 2832 ·
2637 2801 2754 2855 ἀλλ’
2786 2804 2937 2873 ὅμως
2982 2806 3255 2875 τοσαύτην
3287 2804 3459 2875 ζάλην
3486 2808 3545 2858 ἐν

1943 2906 2176 2978 βραχείᾳ
2233 2911 2428 2981 καιροῦ
2473 2914 2615 2985 ῥοπῇ
2673 2912 3051 2985 διεγερθεῖσαν
3100 2914 3244 2986 ὁρῶν
3295 2915 3389 2968 ἐπὶ
3433 2912 3545 2967 τῶν

1941 3010 2149 3081 ἀγρῶν,
2182 3013 2276 3065 ἐπὶ
2302 3014 2403 3083 τῆς
2424 3018 2632 3083 οἰκίας,
2657 3020 2751 3072 ἐπὶ
2781 3020 2890 3073 τῶν
2918 3020 3276 3091 θρεμμάτων,
3312 3023 3405 3079 ἐπὶ
3431 3023 3544 3077 τῶν

1941 3115 2168 3182 παίδων,
2232 3119 2512 3192 ἐπάλληλα
2566 3123 2633 3178 τὰ
2692 3123 2950 3194 κύματα,
2986 3127 3081 3179 καὶ
3131 3129 3230 3190 τὰς
3277 3128 3542 3191 σπιλάδας

1942 3226 2208 3292 συνεχεῖς,
2247 3225 2468 3280 καὶτὸν
2520 3226 2683 3298 ζόφον
2752 3230 2943 3301 βαθὺν,
2974 3233 3070 3286 καὶ
3125 3233 3188 3287 τὸ
3246 3234 3543 3289 κλυδώνιον

1939 3328 2232 3399 ἀφόρητον,
2285 3331 2409 3385 οὔτε
2441 3333 2654 3406 ἀθυμίᾳ
2706 3338 3070 3402 κατετείνετο,
3119 3338 3245 3393 οὔτε
3279 3340 3545 3411 ᾐσθάνετο

1942 3435 2132 3505 σχεδὸν
2150 3436 2259 3488 τῶν
2288 3440 2701 3510 γεγενημένων,
2734 3442 2875 3514 πλὴν
2900 3444 3154 3499 τοσοῦτον
3183 3447 3307 3500 ὅσον
3337 3447 3545 3521 ἄνθρω-

1942 3555 2040 3602 πος
2068 3534 2137 3610 ἦν
2166 3542 2261 3594 καὶ
2302 3546 2506 3616 πατήρ.
2568 3547 2790 3620 Ἐπειδὴ
2819 3548 2875 3601 δὲ
2926 3550 3067 3621 νόσῳ
3123 3551 3394 3624 παρεδόθη
3448 3553 3543 3608 καὶ

1939 3641 2142 3709 ἕλκεσι,
2178 3645 2300 3699 τότε
2330 3649 2424 3701 καὶ
2454 3648 2685 3705 θάνατον
2718 3652 2995 3723 ἐπεζήτει,
3022 3655 3144 3707 τότε
3191 3657 3287 3709 καὶ
3319 3656 3542 3711 ἀπωδύ-

1941 3766 2087 3820 ρετο,
2123 3752 2217 3806 καὶ
2243 3753 2487 3825 ἐθρήνει,
2524 3756 2611 3809 ῖνα
2644 3758 2825 3832 μάθῃς
2856 3759 2973 3824 πῶς
2994 3760 3153 3815 τοῦτο
3178 3761 3396 3816 πάντων
3422 3763 3541 3816 ἐστὶ

1939 3856 2338 3928 χαλεπώτερον,
2375 3861 2471 3913 καὶ
2510 3861 2609 3932 τῆς
2632 3840 2911 3935 ὑπομονῆς
2945 3866 3007 3919 τὸ
3040 3865 3211 3935 ἄκρον
3243 3864 3410 3932 εἶδος.
3430 3870 3541 3923 Καὶ

1936 3958 2096 4012 10610
2153 3959 2274 4013 οὐδὲ
2334 3962 2499 4026 αὐτὸς
2532 3965 2561 4016 6
2596 3965 2831 4037 πονηρὸς
2886 3968 3073 4036 ἀγνοεῖ
3122 3970 3366 4042 δαίμων·
3422 3974 3540 4026 ἀλλ’

1937 4063 2125 4135 ἐπειδὴ
2149 4064 2326 4117 πάντα
2351 4066 2533 4119 ἐκεῖνα
2567 4070 2816 4140 κινήσας,
2841 4069 2990 4143 ἐώρα
3015 4072 3110 4127 τὸν
3138 4073 3380 4147 ἀθλητὴν
3402 4076 3537 4129 ἀτά-

1938 4184 2103 4237 ραχον
2133 4168 2365 4238 μένοντα
2395 4170 2491 4227 καὶ
2520 4172 2811 4243 ἀθόρυϐον,
2844 4176 2922 4239 ὡς
2955 4178 3048 4232 ἐπὶ
3086 4178 3342 4249 μέγιστον
3372 4177 3537 4237 ἆθλον

1936 4268 2124 4323 τοῦτον
2153 4270 2403 4344 ὥρμησε,
2438 4275 2633 4345 λέγων,
2665 4279 2748 4333 δτι
2777 4279 2844 4333 τά
2893 4283 2997 4353 μὲν
3032 4284 3169 4339 ἄλλα
3211 4288 3386 4341 πάντα
3440 4307 3536 4358 φο-

1938 4374 2098 4446 ρητὰ,
2146 4375 2253 4431 κᾶν
2304 4380 2473 4434 παῖδά
2521 4398 2605 4446 τις
2640 4384 2914 4461 ἀποϐάλῃ,
2955 4388 3058 4443 κᾶν
3117 4392 3391 4462 κτήματα,
3431 4395 3536 4449 κάν

1935 4479 2218 4535 ἀλλοτιοῠν
2272 4482 2460 4553 (τοῦτο
2490 4487 2599 4557 γάρ
2628 4460 2769 4553 ἐστι,
2802 4490 2996 4562 Δέρμα
3019 4492 3174 4563 ὑπὲρ
3191 4460 3529 4566 δέρματος),

1935 4588 1969 4659 ἡ
1997 4587 2054 4640 δὲ
2089 4590 2279 4661 καιρία
2304 4591 2511 4665 πληγὴ,
2539 4596 2671 4650 ὃταν
2704 4596 2763 4649 ὲν
2794 4596 3010 4668 σώματί
3058 4618 3143 4662 τις
3168 4602 3389 4674 δέξηται
3435 4606 3534 4666 τὰς

1935 4690 2147 4757 ὀδύνας.
2195 4694 2297 4749 Διά
2322 4712 2406 4749 τοι
2433 4698 2595 4751 τοῦτο
2621 4700 2762 4770 μετά
2803 4700 2898 4757 τὸν
2934 4698 3098 4757 ἆθλον
3130 4704 3321 4761 τοῦτον
3360 4712 3532 4781 ήττηο

1937 4795 2071 4864 θεὶς,
2104 4798 2228 4853 οὑδέ
2260 4800 2459 4871 γρῦξαι
2490 4802 2672 4873 ἔσχεν,
2711 4806 2760 4859 εί
2788 4806 2884 4860 καὶ
2931 4807 3001 4862 τὰ
3050 4809 3292 4880 μάλιστα
3336 4814 3431 4875 καὶ
3462 4814 3532 4868 τὰ

1936 4902 2177 4974 πρότερα
2220 4904 2596 4977 ἀναισχύντως
2650 4910 2961 4982 ἀντέλεγεν.
3028 4914 3294 4979 Ἐνταῦθα
3344 4918 3531 4987 μέντοι

1933 5008 2053 5062 ούδέ
2074 5010 2434 5081 ἀναίσχυντον
2474 5014 2680 5068 πλάσαι
2712 5032 2764 5069 τι
2788 5016 2976 5073 λοιπὸν
2999 5014 3178 5094 εὗρεν,
3214 5022 3331 5079 ἀλλ’
3362 5027 3529 5094 ἐγκα-

1932 5112 2245 5186 λυψάμενος
2273 5118 2652 5191 ἀνεχώρησεν.

2002 5229 2070 5290 γ’.
2098 5223 2262 5277 Ἀλλὰ
2282 5224 2357 5295 μὴ
2384 5226 2575 5296 νόμιζέ
2600 5246 2683 5282 σοι
2704 5230 2864 5286 τοῦτο
2889 5234 3186 5303 ἀπολογίαν
3207 5231 3346 5290 εἶναι
3363 5239 3443 5302 είς
3464 5238 3527 5292 τὸ

1933 5326 2028 5380 καὶ
2071 5328 2243 5399 αὐτῆς
2297 5331 2587 5402 ἐπιθυμεῖν
2613 5335 2895 5410 τελευτῆς,
2936 5342 2985 5393 εί
3012 5342 3221 5405 ἐκεῖνος
3258 5341 3523 5413 ἐπεθύμει

1931 5431 2184 5499 θανάτου,
2222 5434 2321 5496 τὰς
2351 5435 2544 5501 ὀδύνας
2589 5441 2652 5494 06
2688 5442 2890 5514 φέρων.
2938 5445 3222 5515 Ἐννόησον
3255 5445 3363 5518 γὰρ
3393 5449 3525 5501 πότε

1930 5540 2137 5603 ἐκεῖνος
2168 5542 2457 5614 ἐπεθύμει,
2480 5546 2575 5600 καὶ
2601 5548 2719 5613 πῶς
2743 5550 2853 5603 τῶν
2870 5555 3214 5624 πραγμάτων
3244 5555 3523 5629 διακειμέ-

1930 5664 2056 5711 νων,
2084 5648 2146 5700 οὑ
2186 5649 2354 5719 νόμου
2380 5651 2629 5719 δοθέντος
2650 5696 2664 5719 ,
2702 5658 2762 5710 οὑ
2792 5660 3090 5729 προφητῶν
3123 5661 3421 5731 φανέντων,
3459 5666 3521 5718 06

1927 5753 2025 5822 τῆς
2052 5752 2274 5823 χάριτος
2303 5754 2476 5820 οὕτως
2510 5759 2833 5830 ἐκχυθείσης
2860 5803 2874 5827 ,
2934 5764 3054 5817 οὐδὲ
3102 5764 3269 5836 ἄλλης
3308 5766 3521 5837 φιλοσο-

1934 5859 2055 5921 φίας
2105 5858 2407 5929 μετασχών.
2452 5862 2568 5918 Ὅτι
2616 5864 2721 5937 γὰρ
2751 5869 2911 5937 ἡμεῖς
2938 5869 3045 5925 τῶν
3080 5872 3195 5927 τότε
3248 5872 3521 5929 πολιτευο-
