4172 6474
217 429 322 491 593

219 547 401 615 pi~set.
424 545 558 602 Nam
585 547 733 618 quod
763 562 790 598 a
817 545 968 602 nobis
995 545 1165 616 plura,
1183 559 1341 614 quam
1365 543 1555 598 abillis
1577 545 1664 614 qui
1693 551 1806 599 tum

219 638 492 708 vivebant,
541 642 917 710 requirantur,
966 637 1302 707 maioresque
1346 636 1499 691 nobis
1545 638 1808 706 palmstra:

220 730 527 785 constituta:
554 731 685 796 sint,
714 729 834 784 audi
860 728 1132 784 Christum
1159 729 1427 784 dicentem
1452 744 1466 781 :
1493 727 1610 782 Nisi
1639 729 1803 782 abun-

219 821 414 873 daverit
428 821 637 890 justitia
665 829 828 874 uestra
857 820 1121 892 plusquam
1141 819 1418 872 scribarum
1439 828 1484 873 et
1511 815 1807 872 Pharisaeo-

223 925 360 976 rum,
391 925 492 964 non
519 910 770 965 iutrabitis
795 911 846 964 in
871 926 1079 982 regnum
1106 909 1342 965 actorum
1368 899 1577 978 (Fatur.
1607 909 1660 964 ὅ.
1689 907 1805 978 20).

220 998 583 1067 Quamobrem
607 1016 677 1056 ne
701 1010 924 1056 mortem
952 1016 1092 1056 nunc
1121 1012 1395 1072 exoptare,
1426 1000 1582 1072 culpa
1621 1015 1808 1056 carere

221 1090 496 1146 existimes
515 1131 532 1156 ,
573 1107 757 1147 verum
789 1092 927 1148 hanc
951 1092 1099 1148 Pauli
1129 1108 1311 1149 vocem
1337 1092 1558 1148 audias:
1585 1091 1808 1148 Dissolvi

220 1190 269 1241 rt
296 1197 405 1235 esse
430 1198 546 1236 cum
571 1181 769 1236 Christo
799 1183 960 1237 multo
998 1182 1174 1236 melius
1197 1191 1272 1236 est
1292 1198 1311 1251 ς
1332 1199 1532 1237 manere
1558 1193 1726 1237 autem
1755 1183 1808 1238 in

220 1286 396 1338 serue,
431 1276 764 1329 necessu-ium
802 1285 1006 1346 propter
1045 1290 1129 1332 vos
1170 1274 1426 1346 (Philipp.
1463 1277 1516 1331 ι.
1556 1274 1646 1330 2‘5.
1691 1275 1804 1345 2‘).

219 1363 434 1430 Quanto
453 1367 596 1422 enim
621 1367 789 1438 magis
808 1367 1125 1439 ingravescit
1151 1367 1445 1434 calamitas,
1473 1376 1622 1423 tanto
1646 1369 1805 1424 etiam

219 1455 392 1524 magis
436 1456 726 1513 exuberant
768 1465 1241 1527 coronanquanto
1284 1458 1452 1527 magis
1489 1472 1677 1511 aurum
1721 1456 1806 1510 in-

219 1544 560 1612 ﬂammatur,
589 1553 737 1601 tanto
765 1547 923 1602 etiam
952 1548 1138 1619 purius
1180 1545 1446 1602 redditur:
1467 1555 1666 1617 quanto
1687 1547 1805 1602 lon-

220 1637 343 1706 gius
371 1639 584 1709 navigat
608 1648 892 1704 mercator,
922 1647 1068 1694 tanto
1100 1638 1277 1708 plures
1302 1653 1510 1695 merces
1547 1637 1805 1693 cumulat.

217 1725 483 1792 Quocirca
506 1741 575 1782 ne
596 1742 815 1798 parvum
842 1742 981 1782 nunc
1008 1727 1098 1782 tibi
1127 1728 1457 1797 propositum
1486 1742 1608 1782 esse
1629 1735 1806 1783 certa-

219 1832 344 1872 men
375 1827 560 1888 putes,
611 1834 794 1873 verum
837 1819 1074 1874 omnium
1119 1833 1237 1889 qum
1280 1819 1576 1875 sustinuisti
1605 1818 1807 1874 altissi-

219 1923 367 1962 mum
415 1909 752 1979 maximeque
799 1908 1060 1972 sublime,
1105 1908 1174 1964 de
1223 1923 1289 1964 eo
1333 1909 1523 1980 loquor
1568 1908 1712 1980 quod
1754 1909 1806 1966 in

217 1997 467 2068 corporis
488 1997 712 2054 adversa
741 1998 1045 2055 valetudine
1070 2000 1231 2055 situm
1255 2010 1356 2056 est.
1379 1999 1511 2055 Nam
1532 2009 1584 2056 et
1607 2000 1809 2058 Lazaro

219 2091 369 2162 (licet
395 2091 540 2148 enim
567 2091 669 2147 hoc
702 2092 948 2163 exemplo
989 2107 1132 2163 saepe
1169 2093 1234 2148 ad
1275 2101 1328 2150 te
1367 2108 1494 2150 nsns
1533 2093 1671 2160 sim,
1703 2108 1809 2166 quo

219 2181 397 2237 minus
427 2191 603 2237 tamen
632 2198 774 2237 nunc
797 2183 974 2239 adhuc
1009 2198 1075 2240 eo
1109 2193 1230 2239 utar
1266 2183 1396 2239 nihil
1435 2184 1701 2256 prohibet)
1739 2184 1807 2242 ad

219 2272 446 2328 salutem
478 2271 580 2328 hoc
602 2275 733 2329 satis
761 2273 1025 2347 fuit(Luc.
1051 2275 1169 2345 16);
1200 2285 1358 2347 atque
1385 2277 1436 2331 in
1465 2277 1638 2330 sinum
1668 2275 1805 2344 ejus,

219 2365 308 2433 qui
333 2357 676 2420 communem
705 2366 950 2421 omnibus
995 2368 1437 2437 praetereuntibus
1462 2367 1678 2423 domum
1712 2367 1809 2422 ha-

221 2454 354 2522 buit,
384 2466 438 2512 et
465 2467 681 2530 propter
703 2458 795 2514 Dei
816 2458 1025 2528 jttssum
1055 2469 1215 2530 atque
1242 2459 1521 2530 imperium
1551 2468 1808 2530 perpetuo

218 2547 453 2604 extorris
504 2549 641 2614 fuit,
681 2565 745 2605 ac
790 2567 1102 2622 germanum
1143 2562 1198 2607 et
1245 2553 1457 2607 unicum
1501 2551 1707 2615 tilium,
1753 2552 1808 2612 in

217 2652 501 2699 senectute
529 2653 803 2714 acceptum
833 2645 1205 2714 obtruncavit,
1256 2644 1300 2699 is
1339 2645 1429 2715 qui
1457 2644 1588 2700 nihil
1617 2645 1810 2700 horum

217 2729 460 2800 fecerat,
482 2733 682 2789 idcirco
701 2735 959 2791 abscessit
977 2776 994 2803 ,
1029 2736 1151 2806 quia
1184 2743 1551 2806 paupertatem
1578 2744 1633 2790 et
1660 2725 1809 2788 mor-

219 2823 380 2891 bum,
409 2839 476 2880 ac
513 2836 856 2895 patronorum
897 2827 1130 2898 inopiam
1175 2840 1329 2897 aequo
1360 2835 1415 2882 et
1457 2825 1596 2881 facili
1632 2828 1813 2882 animo

217 2914 356 2970 tulit.
386 2915 617 2970 Tantum
659 2917 798 2972 enim
831 2916 1028 2972 bonum
1059 2916 1199 2972 istud
1228 2925 1311 2972 est
1338 2917 1402 2972 iis
1422 2959 1436 2982 ,
1468 2918 1556 2988 qni
1601 2915 1723 2972 forti
1749 2933 1814 2974 ac

218 3014 446 3060 strenuo
472 3006 652 3061 animo
693 3007 892 3077 aliquid
937 3007 1150 3076 ferunt,
1193 2996 1267 3064 ut-
1292 3009 1499 3063 etiamsi
1540 3007 1812 3065 hominem

217 3095 457 3166 aliquem
475 3136 494 3164 ,
518 3097 608 3166 qui
644 3098 889 3152 maximis
909 3099 1141 3169 peccatis
1169 3091 1296 3155 sese'
1318 3098 1651 3166 devinxerit,
1684 3116 1815 3154 nan-

218 3187 478 3251 ciscatur,
506 3187 820 3258 gravissima
845 3199 1184 3259 peccatorum
1210 3190 1420 3245 sarcina
1444 3205 1565 3245 eum
1595 3189 1814 3247 liberet:

219 3277 304 3333 sin
332 3286 515 3334 autem
543 3277 770 3350 probum
809 3280 981 3337 virum
1019 3296 1084 3338 ac
1130 3281 1312 3337 multis
1355 3281 1664 3338 muneribus
1692 3297 1814 3352 per-

221 3365 505 3434 functum,
550 3369 600 3425 ei
640 3384 745 3425 non
783 3371 1064 3442 exiguum,
1110 3371 1204 3428 sed
1247 3386 1504 3444 perquam
1548 3372 1816 3443 ingentem

223 3456 436 3514 fiducia:
461 3459 734 3515 cumulum
778 3461 987 3518 atl'erat.
1029 3459 1305 3534 Siquidem
1341 3463 1497 3532 justis
1539 3461 1816 3532 splendida

222 3561 423 3603 corona
451 3558 538 3605 est
558 3591 575 3616 ,
604 3550 839 3622 solisque
868 3551 1128 3624 fulgorem
1157 3551 1452 3609 incredibili
1478 3553 1704 3623 quodam
1737 3554 1820 3609 in-

224 3637 454 3694 tervallo
482 3654 776 3712 superans,
804 3653 859 3699 et
887 3644 950 3700 iis
989 3645 1078 3715 qui
1112 3645 1163 3699 in
1195 3655 1470 3715 peccatum
1496 3647 1624 3716 lapsi
1649 3657 1774 3700 sunt
1799 3688 1815 3712 ,

227 3732 465 3786 maxima
491 3734 744 3803 expiatio.
793 3735 975 3807 anue
1016 3737 1084 3792 de
1131 3753 1291 3793 causa
1335 3753 1457 3793 eum
1492 3753 1703 3809 quoque
1729 3739 1818 3809 qui

227 3830 511 3891 paternum
545 3824 940 3880 matrimonium
970 3828 1282 3890 violaverat.
1313 3828 1584 3900 ipsiusque
1622 3831 1818 3885 lectum

227 3915 659 3981 contaminaret,
692 3916 886 3974 Paulus
910 3919 962 3973 iu
1003 3919 1273 3974 interitum
1303 3922 1480 3976 carnis
1512 3921 1822 3979 traditzhac

231 4004 483 4061 videlicet
510 4021 630 4062 eum
659 4009 866 4064 ratione
895 4024 1142 4081 purgans.
1166 4010 1299 4066 Nam
1328 4012 1468 4082 quod
1497 4028 1558 4068 ca
1592 4028 1649 4068 re
1676 4025 1822 4068 tanta

231 4098 439 4150 macula
471 4109 814 4169 purgaretur,
854 4099 977 4156 audi
1017 4116 1139 4156 eum
1178 4102 1441 4156 dicentem
1472 4120 1485 4156 :
1514 4102 1581 4157 Ut
1614 4105 1825 4174 spiritus

233 4184 408 4240 salsus
435 4188 502 4241 sit
530 4187 582 4240 in
611 4188 692 4242 die
718 4187 926 4244 Domini
953 4191 1114 4245 nostri
1141 4189 1266 4246 Iesu
1295 4190 1481 4247 Christi
1513 4193 1588 4266 (1.
1618 4192 1736 4249 Cor.
1765 4195 1819 4251 5.

232 4277 311 4346 5).
340 4278 482 4348 Quin
504 4280 666 4336 etiam
687 4296 806 4336 cum
836 4280 955 4338 aliis
979 4284 1210 4339 maxime
1253 4283 1578 4342 horrendum
1620 4287 1822 4342 crimen

233 4369 519 4438 obiiceret,
544 4372 644 4425 hoc
665 4382 745 4427 est
767 4373 830 4427 iis
852 4374 939 4444 qui
962 4384 1296 4431 sacrosancta
1325 4393 1506 4431 nitensa
1535 4388 1590 4434 et
1616 4379 1825 4434 arcanis

236 4458 344 4515 illis
375 4463 645 4531 mysteriis
672 4463 884 4532 indigne
913 4463 1187 4528 fruuntur,
1223 4466 1552 4537 dixissetque
1584 4484 1705 4524 eum
1737 4470 1827 4540 qui

237 4552 287 4606 id
317 4553 538 4609 sceleris
567 4554 899 4621 admisisset,
934 4573 1082 4613 reum
1127 4558 1240 4614 fore
1270 4561 1510 4628 corporis
1534 4571 1587 4615 et
1615 4562 1830 4633 sangui-

239 4646 321 4701 nis
349 4645 559 4701 Domini
592 4645 751 4719 (Ibid.
781 4650 868 4704 11.
891 4649 1018 4721 27),
1067 4649 1190 4706 vide
1216 4666 1445 4720 quanam
1484 4651 1689 4707 ratione
1732 4651 1828 4708 hos

238 4735 398 4790 etiam
440 4735 509 4791 ab
539 4737 638 4793 hac
669 4737 807 4794 fmda
857 4751 910 4795 et
943 4740 1087 4811 gravi
1126 4741 1330 4796 macula
1369 4743 1641 4812 repurgari
1672 4752 1831 4812 atque

238 4828 471 4899 abstergi
511 4828 688 4896 diuit,
721 4831 803 4886 his
842 4833 1018 4889 verbis
1048 4842 1203 4890 utens
1225 4875 1242 4902 ,
1287 4833 1566 4905 Pmpterea
1592 4837 1720 4889 inter
1747 4852 1831 4891 vos

239 4920 386 4973 multi
434 4920 628 4989 inﬁrmi
672 4932 718 4975 et
765 4923 1034 4980 imbecilles
1077 4923 1238 4996 (Ibid.
1290 4941 1338 4980 υ.
1381 4926 1494 4998 30).
1539 4928 1618 4982 Ae
1646 4939 1832 4998 postea

243 5013 373 5068 illud
405 5013 817 5081 demonstrans,
860 5033 946 5072 res
985 5034 1168 5073 eorum
1214 5035 1324 5074 non
1353 5019 1405 5075 in
1446 5021 1548 5076 hoc
1575 5021 1834 5092 supplicio

243 5124 527 5165 mansuras
555 5125 674 5166 esse
698 5152 714 5177 ,
746 5128 930 5166 verum
963 5113 1201 5168 nonnihil
1232 5113 1375 5168 lucri.
1393 5123 1552 5184 atque
1594 5115 1835 5170 utilitatis

244 5202 367 5256 hinc
395 5200 711 5268 rediturum,
740 5220 931 5274 nempe
973 5215 1033 5260 ut
1057 5205 1272 5261 sceleris
1302 5206 1474 5276 pretiis
1505 5205 1604 5262 bac
1630 5209 1835 5263 ratiOue

244 5292 557 5364 liberemur,
607 5293 724 5350 hmo
761 5297 924 5352 verba
968 5298 1285 5368 sulijungit:
1322 5298 1382 5354 Si
1431 5300 1565 5353 enim
1607 5302 1837 5368 nosipsos

237 5386 589 5458 judicaremus
608 5428 622 5451 ,
652 5403 753 5442 non
776 5390 943 5459 utique
957 5392 1325 5460 jndicaremur.
1372 5390 1508 5444 Dum
1550 5392 1839 5457 iudicamur

244 5491 414 5534 autem
432 5521 449 5548 ,
489 5497 522 5535 α
554 5481 768 5536 Domino
795 5486 1096 5553 corripiatur
1119 5527 1134 5551 ,
1163 5493 1217 5538 ut
1257 5501 1356 5538 non
1387 5501 1502 5538 cum
1530 5486 1622 5539 hoc
1648 5487 1839 5540 mundo

246 5576 545 5631 danmemur
589 5576 750 5646 (Ibid.
795 5593 842 5630 υ.
885 5579 972 5632 3i.
1021 5577 1138 5647 δι).
1182 5579 1333 5645 Quod
1363 5589 1541 5634 autem
1571 5579 1728 5633 etiam
1762 5579 1834 5643 ii,

247 5670 334 5738 qui
364 5669 526 5723 multa
557 5679 703 5724 recte
733 5681 785 5724 et
807 5685 929 5724 cum
958 5671 1153 5726 virtute
1188 5680 1499 5738 gesserunt,
1551 5672 1837 5740 plurimum

251 5760 372 5816 hinc
424 5761 556 5817 lucri
585 5763 816 5817 referant
838 5805 850 5826 ,
893 5773 1000 5816 tum
1029 5779 1095 5818 ex
1124 5764 1224 5818 Job
1251 5763 1451 5832 liquido
1482 5765 1836 5832 perspicitur,

251 5855 335 5922 qui
366 5854 621 5925 majorem
640 5853 760 5909 hinc
786 5854 1120 5926 splendorem
1142 5864 1496 5927 consequutus
1524 5863 1624 5922 cst,
1646 5865 1753 5911 tum
1773 5872 1837 5912 cx

1705 427 2082 487 EPISTULE.

3401 435 3507 489 598

1917 541 2203 598 Timotheo
2223 583 2238 609 ,
2269 541 2392 613 qui,
2421 558 2542 599 cum
2580 553 2635 599 et
2658 558 2689 598 a
2715 543 2844 598 vitio
2869 542 3075 599 alienus
3100 551 3276 608 esset,
3309 553 3362 597 et
3392 551 3510 597 tau-
3536 553 3540 557 ‘

1917 644 2027 687 tum
2056 648 2252 688 munus
2275 633 2674 690 administraret
2692 676 2710 700 ,
2752 642 2811 688 et
2839 649 2962 689 cum
2988 631 3154 688 Paulo
3180 635 3366 687 orbem
3404 633 3510 688 cir-

1913 725 2268 792 cumvolant,
2297 741 2403 781 non
2440 726 2575 783 duos
2602 734 2697 782 aut
2725 736 2836 781 tres
2874 726 3008 791 dies,
3042 740 3147 780 non
3172 723 3358 780 decem
3378 767 3392 786 .
3419 735 3513 779 aut

1913 817 2129 888 viginti,
2161 826 2254 872 aut
2277 825 2492 874 centum
2517 858 2534 885 ,
2578 818 2675 874 sed
2719 817 2890 873 multo
2913 817 3093 887 plures
3111 859 3127 882 ,
3157 817 3267 872 imo
3295 816 3511 871 assidue

1913 908 1966 963 in
1992 907 2182 963 morbo
2212 909 2540 972 versabatur,
2574 918 2737 978 atque
2762 909 2963 979 ingenti
2992 908 3237 978 corporis
3262 907 3504 963 imbecils

1912 999 2064 1056 litate
2091 999 2387 1055 laborabat.
2410 999 2569 1067 Quod
2593 999 2810 1070 quidem
2841 1002 3000 1056 etiam
3026 999 3222 1054 Paulus
3243 999 3507 1062 indicans,

1913 1089 1998 1146 his
2030 1090 2210 1146 verbis
2237 1091 2484 1156 utebatur
2508 1109 2522 1146 :
2548 1091 2754 1147 Modico
2775 1092 2891 1147 sino
2916 1101 3055 1148 utere
3092 1101 3300 1163 propter
3320 1101 3511 1146 stoma-

1912 1183 2063 1236 chum
2106 1192 2274 1248 tuum,
2312 1194 2362 1239 et
2402 1185 2684 1255 frequentes
2709 1193 2820 1238 tuas
2843 1183 3256 1256 inﬁrmitates“.
3283 1182 3417 1238 Tini.
3451 1184 3507 1238 5.

1909 1270 2027 1343 23).
2050 1271 2159 1328 Nec
2189 1273 2357 1344 ipsius
2385 1275 2632 1329 morbum
2664 1273 2962 1345 proﬂigavit
2982 1274 3028 1330 is
3055 1255 3143 1345 qui
3173 1255 3415 1330 mortuos
3440 1273 3507 1329 ad

1913 1365 2076 1418 vitam
2102 1364 2405 1429 revocabat,
2429 1380 2611 1420 verum
2631 1379 2754 1420 eum
2779 1365 2834 1419 in
2861 1365 3032 1420 morbi
3060 1363 3280 1421 fornace
3306 1365 3508 1420 versari

1912 1455 2192 1524 permisit,
2231 1471 2339 1526 quo
2387 1456 2728 1526 amplissima:
2761 1457 3025 1512 libertatis
3052 1469 3117 1512 ac
3145 1455 3353 1513 ﬁducia:
3377 1471 3510 1526 opes

1912 1544 2038 1600 hinc
2065 1546 2164 1616 ipsi
2192 1557 2531 1618 cogerentur.
2558 1546 2690 1603 Nam
2717 1563 2838 1618 quae
2861 1563 2892 1602 a
2925 1547 3153 1603 Domino
3174 1547 3288 1618 ipse
3321 1562 3510 1618 peree-

1913 1646 2064 1707 perat
2081 1653 2306 1710 qumque
2329 1639 2398 1694 ab
2416 1653 2484 1696 eo
2505 1638 2786 1705 didicerat,
2806 1639 2994 1696 eadem
3012 1654 3225 1709 quoque
3243 1637 3512 1708 discipulo

1913 1727 2175 1782 tradebat.
2201 1729 2454 1795 Quamvis
2491 1730 2633 1785 enim
2677 1732 2791 1800 ipse
2824 1728 2875 1782 in
2906 1729 3154 1785 morbum
3180 1728 3400 1784 minime
3426 1729 3500 1781 la-

1913 1819 2158 1886 beretur,
2203 1830 2259 1876 et
2299 1821 2621 1878 tentationes
2649 1829 2828 1876 tamen
2856 1834 2978 1874 eum
3011 1835 3118 1876 non
3147 1819 3327 1874 minus
3347 1833 3508 1888 quam

1910 1911 2124 1980 morbi,
2168 1920 2439 1983 tamquam
2483 1912 2728 1984 impactis
2774 1911 3014 1982 colaphis
3061 1909 3414 1982 torquebant,
3455 1921 3512 1964 et

1910 2003 2138 2058 multum
2161 2004 2308 2060 carni
2328 2003 2572 2060 dolorem
2597 2003 2897 2059 inurebant.
2917 2002 3073 2057 Datus
3099 2011 3171 2056 est
3192 2001 3333 2058 enim
3362 2000 3509 2065 mihi,

1912 2094 2118 2166 inquit,
2160 2097 2397 2151 stimulus
2421 2097 2590 2151 carnis
2608 2136 2624 2163 ,
2657 2097 2867 2167 angelus
2897 2095 3128 2160 Satanae,
3153 2095 3240 2166 qui
3267 2111 3345 2148 me
3369 2095 3509 2148 cola-

1912 2187 2080 2258 phiut
2101 2186 2180 2260 (2.
2203 2187 2323 2242 Cor.
2355 2187 2443 2244 i2.
2472 2188 2552 2259 7)’,
2581 2187 2663 2242 his
2690 2189 2942 2242 nimirum
2968 2187 3146 2242 verbis
3175 2186 3386 2241 vincula
3404 2224 3422 2252 ,
3457 2194 3512 2241 et

1912 2287 2168 2346 catenas,
2214 2288 2271 2336 et
2310 2293 2581 2335 carcerem
2627 2277 2970 2348 intelligens,
3030 2277 3268 2348 illudque
3311 2278 3510 2341 etiam,

1914 2369 2059 2439 quod
2085 2379 2387 2441 raptaretur
2406 2411 2422 2436 ,
2453 2385 2516 2424 ac
2551 2370 2906 2434 laceraretur,
2941 2368 3213 2438 virgisque
3241 2383 3271 2421 a
3296 2366 3513 2421 carniﬁ-

1913 2460 2066 2516 cibus
2083 2450 2279 2531 sapius
2297 2459 2716 2517 excruciaretur.
2731 2459 3089 2529 Quamobrem
3114 2461 3276 2513 etiam
3295 2457 3512 2512 dolores

1914 2567 2045 2619 eos,
2079 2554 2167 2622 qui
2215 2553 2340 2608 hinc
2382 2553 2532 2607 carni
2563 2551 2926 2618 accedebant,
2983 2567 3088 2605 non
3123 2549 3300 2605 ferens
3324 2591 3337 2612 ,
3372 2548 3514 2603 hunc

1914 2659 2217 2701 sermonem
2251 2645 2516 2702 habebat:
2551 2645 2768 2714 Propter
2809 2645 2902 2698 hoc
2934 2653 3007 2697 ter
3040 2642 3310 2696 Dominum
3340 2644 3512 2712 rogavi

1917 2734 2023 2808 (ter
2046 2747 2224 2793 autem
2251 2736 2353 2793 hoc
2380 2737 2497 2792 loco
2524 2752 2666 2807 szepe
2693 2736 3002 2806 signiIiCat),
3027 2745 3077 2788 ut
3099 2735 3160 2789 ab
3188 2735 3282 2789 hoc
3307 2734 3513 2788 stimqu

1915 2827 2155 2883 liberarer
2199 2827 2361 2897 (Ibid.
2402 2845 2452 2882 υ.
2512 2827 2589 2896 8).
2650 2827 2934 2897 Postquam
2985 2837 3161 2880 autem
3202 2825 3250 2879 id
3292 2823 3516 2880 minimo

1917 2917 2165 2982 obtinuit,
2185 2929 2490 2989 quantaque
2516 2917 2672 2988 hujus
2701 2918 2779 2972 rei
2809 2917 3012 2971 utilitas
3035 2925 3197 2978 esset.
3227 2915 3513 2982 intellexit,

1919 3017 2030 3062 tum
2056 3022 2185 3064 vero
2212 3008 2538 3080 conquievit,
2566 3016 2728 3079 atque
2749 3022 2812 3063 ex
2838 3007 2902 3062 iis
2923 3021 3040 3077 quze
3058 3007 3259 3062 fiebant
3275 3005 3516 3077 volupta-

1919 3105 2024 3153 tem
2054 3100 2216 3168 cepit.

1992 3189 2203 3246 Morbus
2231 3208 2333 3247 non
2360 3203 2431 3247 est
2453 3193 2635 3246 otium.
2664 3191 3052 3263 Clirysostomus
3083 3198 3224 3259 putat
3248 3189 3312 3244 ab
3339 3189 3518 3244 exsilio

1921 3301 1974 3340 se
2000 3284 2278 3339 rediturum
2307 3299 2448 3348 esse;
2486 3286 2538 3337 in
2564 3283 2804 3337 Armenia
2828 3281 3026 3336 exsulat
3073 3280 3337 3352 Chrysost.
3357 3309 3429 3321 —-
3454 3280 3520 3335 Et

1923 3385 1978 3431 tu
2019 3389 2253 3446 quoque,
2285 3373 2495 3430 etiamsi
2521 3373 2665 3427 domi
2707 3387 2926 3428 maneas
2953 3371 3195 3442 lectoque
3219 3369 3376 3425 affixa
3405 3371 3480 3425 sis
3501 3410 3518 3435 ,

1922 3482 1990 3523 ne
2014 3474 2295 3537 propterea
2324 3466 2551 3520 inertem
2581 3463 2745 3519 vitam
2773 3463 2970 3519 ducere
3001 3474 3052 3518 te
3091 3461 3387 3518 existimes.
3429 3461 3517 3518 Si-

1923 3559 2137 3629 quidem
2165 3558 2231 3614 lis
2252 3598 2266 3623 ,
2308 3557 2396 3629 qui
2423 3572 2453 3611 a
2482 3556 2819 3612 carniﬁcibus
2849 3565 3147 3627 raptantur,
3180 3555 3518 3622 lacerantur,

1924 3653 2320 3718 excruciantur,
2362 3660 2523 3720 atque
2567 3649 2821 3704 extremis
2862 3649 3140 3719 suppliciis
3192 3657 3520 3713 mactantur,

1924 3743 2168 3811 graviora
2221 3749 2276 3797 et
2321 3739 2586 3794 atrociora
2638 3740 2906 3803 sustines,
2959 3725 3224 3792 nimirum‘
3256 3752 3521 3792 summam

1928 3833 2085 3902 hujus
2113 3831 2283 3886 morbi
2308 3831 2650 3885 acerbitatem
2672 3829 2950 3886 domestici
2971 3838 3131 3900 atque
3152 3829 3390 3884 intestini
3414 3838 3525 3884 tor-

1930 3927 2062 3983 toris
2083 3927 2199 3980 loco
2227 3925 2450 3980 habens.

2000 4020 2054 4075 ι.
2086 4018 2218 4087 Quae
2246 4032 2365 4073 cum
2394 4017 2465 4071 ita
2485 4015 2615 4084 sint,
2647 4029 2779 4072 cave
2805 4024 2898 4070 ant
2925 4022 3156 4070 mortem
3187 4029 3328 4070 nunc
3356 4028 3524 4082 expe-

1931 4118 2033 4174 tas,
2063 4117 2156 4164 aut
2179 4123 2374 4178 corpus
2399 4120 2593 4163 curare
2620 4105 2857 4176 negligas
2883 4123 2897 4160 :
2927 4120 3100 4176 neque
3134 4104 3277 4159 enim
3307 4105 3409 4158 hoc
3439 4114 3525 4158 ιιι-

1934 4213 2045 4259 tum
2072 4202 2248 4258 fuerit.
2274 4203 2351 4256 Ae
2380 4207 2661 4270 propterea
2692 4199 2887 4254 Paulus
2915 4212 3127 4268 quoque
3155 4195 3524 4260 Timotheum,

1932 4304 1992 4349 ut
2029 4291 2317 4348 valetudini
2345 4305 2456 4346 sua:
2483 4283 2766 4361 diligenter
2809 4289 3073 4355 consulat,
3106 4286 3379 4342 admonet.
3421 4286 3525 4342 Sed

1932 4386 2002 4442 de
2027 4385 2216 4442 morbo
2244 4384 2376 4440 satis
2406 4384 2572 4439 multa
2602 4399 2632 4438 a
2661 4383 2813 4438 nobis
2844 4382 3003 4438 verba
3032 4381 3172 4437 facta
3201 4390 3344 4436 sunt.
3374 4379 3527 4446 Quod

1931 4479 1976 4533 si
2006 4478 2101 4534 tibi
2146 4477 2395 4534 maeroris
2435 4491 2651 4532 causam
2693 4475 2744 4531 id
2785 4474 2959 4540 affert,
3004 4473 3147 4544 quod
3191 4488 3222 4527 a
3253 4473 3410 4527 nobis
3436 4486 3526 4525 se-

1930 4570 2113 4640 juncta
2135 4569 2230 4636 sis,
2256 4568 2413 4640 hujus
2434 4568 2596 4623 etiam
2624 4568 2702 4623 rei
2730 4548 2908 4621 laetum
2943 4565 3102 4620 tinem
3130 4573 3401 4634 exspecta.
3436 4566 3530 4617 At-

1934 4678 2037 4730 que
2077 4661 2180 4718 hoe
2205 4675 2312 4716 nou
2339 4659 2654 4716 consolandi
2685 4659 2849 4713 animi
2880 4658 2954 4712 tui
2985 4672 3144 4712 causa
3187 4671 3329 4711 nutu:
3371 4655 3492 4711 dico
3512 4697 3528 4720 ,

1935 4754 2030 4809 sed
2060 4754 2182 4824 quia
2211 4753 2551 4824 exploratum
2583 4749 2711 4805 mihi
2750 4749 2931 4804 estita
2973 4747 3108 4803 fore.
3149 4747 3280 4802 Nam
3312 4747 3414 4801 nisi
3455 4746 3527 4801 ita

1940 4847 2172 4900 futurum
2200 4853 2365 4911 esset,
2387 4843 2728 4914 jampridem.
2761 4843 2860 4896 nisi
2885 4856 2968 4894 me
2984 4839 3165 4909 Opinio
3187 4838 3337 4903 fallit,
3359 4855 3534 4908 quau-

1941 4947 2048 4992 tum
2077 4937 2293 5008 quidem
2320 4936 2386 4990 ad
2417 4936 2590 4990 illatas
2619 4933 2749 4987 mihi
2775 4932 3108 4986 calamitates
3134 4931 3343 4993 attinet,
3370 4943 3401 4982 e
3430 4932 3533 4981 vita

1940 5030 2248 5085 cessissem.
2275 5027 2346 5084 Ut
2369 5029 2512 5083 enim
2544 5026 2704 5082 etiam
2729 5025 2909 5078 omnia
2934 5039 3052 5092 qua:
3073 5021 3534 5088 Constantinopoli

1942 5136 2227 5192 perpessus
2266 5135 2408 5185 sum,
2442 5129 2777 5190 praeteream,
2815 5123 3038 5186 quanta,
3083 5121 3428 5183 posteaquam
3469 5125 3536 5167 cx

1941 5216 2074 5270 urbe
2093 5214 2323 5281 excessi,
2366 5213 2420 5268 in
2453 5223 2560 5266 tam
2588 5211 2746 5281 longo
2771 5224 2834 5264 ac
2861 5208 3091 5264 molesto
3131 5206 3319 5260 itinere
3347 5215 3533 5274 pertu-

1945 5307 2130 5372 lerim;
2184 5320 2413 5376 quorum
2457 5306 2623 5358 multa
2668 5312 2823 5356 erant
2868 5298 3155 5370 ejusmodi,
3199 5305 3258 5351 ut
3308 5306 3537 5350 mortem

1943 5398 2136 5453 aﬂ‘erre
2164 5407 2416 5468 possent;
2463 5402 2659 5466 quanta
2689 5403 2970 5463 postquam
3019 5389 3122 5444 huc
3149 5387 3290 5452 veni,
3343 5395 3538 5455 quanta

1946 5500 2227 5560 postquam
2255 5489 2466 5543 Cucuso
2497 5485 2739 5557 migravi,
2767 5492 2967 5554 quanta
2993 5480 3224 5549 denique
3253 5491 3533 5548 postquam

1947 5582 2184 5638 Arahissi
2233 5589 2599 5635 commoratus
2638 5592 2780 5643 sum,
2829 5573 3126 5644 intelligere
3161 5572 3255 5626 tibi
3297 5572 3439 5625 licet.
3472 5571 3538 5624 At

1949 5673 2065 5726 lure
2091 5672 2267 5726 omnia
2309 5670 2609 5740 cll'ugimns,
2660 5683 2723 5723 ac
2770 5682 2912 5722 nunc
2942 5662 3317 5735 percommode
3341 5664 3538 5718 valetu-

1949 5765 2075 5820 dine
2102 5764 2323 5828 ntiumr,
2348 5771 2508 5833 atque
2536 5762 2586 5814 in
2622 5773 2812 5831 magna
2839 5758 3124 5814 securitate
3153 5770 3338 5810 sumus
3362 5771 3377 5808 ε
3410 5755 3544 5809 adeo

1953 5866 2005 5911 ut
2035 5855 2270 5910 Armenii
2303 5854 2366 5909 ad
2407 5864 2676 5924 stuporem
2715 5865 2883 5923 usque
2930 5850 3209 5917 mirentur,
3244 5863 3330 5906 me
3357 5850 3407 5906 iu
3439 5859 3545 5903 tam
