4172 6486
661 402 762 453 505

660 513 903 567 imbecilli
933 521 984 567 et
1010 514 1187 582 gracili
1217 528 1439 582 corpore
1467 524 1570 568 tam
1601 515 1980 571 intolerandam
2011 516 2224 586 frigoris

662 605 766 655 vim
808 603 1058 671 perferre,
1084 618 1144 656 ac
1169 604 1410 672 spiritum
1439 605 1630 659 ducere
1659 620 1835 674 posse,
1867 621 1984 660 cum
2012 606 2045 658 ii
2067 605 2225 658 etiam

661 697 750 764 qui
778 693 935 748 hiemi
963 699 1157 748 assueti
1187 705 1328 758 sunt,
1362 695 1482 749 hinc
1503 711 1607 750 non
1637 697 1904 767 vulgarem
1935 697 1985 749 in
2012 695 2224 749 modum

662 783 974 838 afficiantur.
1005 786 1074 838 At
1114 800 1211 839 nos
1240 786 1305 838 ad
1349 785 1488 841 hunc
1528 803 1690 856 usque
1719 787 1857 844 diem
1887 788 2032 842 illmsi
2071 797 2228 855 atque

657 876 954 947 incolumes
1001 877 1325 930 mansimus:
1373 887 1425 933 et
1463 878 1770 948 pra'donum
1819 894 2003 932 manus
2039 879 2227 946 effugi-

664 981 802 1028 mus,
829 966 915 1035 qui
943 981 1084 1036 saepe
1107 968 1156 1020 in
1189 983 1285 1021 nos
1306 968 1556 1036 impetum
1581 969 1832 1030 fecerunt,
1861 979 1914 1022 et
1938 985 2114 1023 rerum
2141 984 2231 1020 ue—

664 1058 1013 1112 cessariarum
1056 1059 1229 1127 inepia
1260 1058 1579 1126 laboramus,
1607 1075 1668 1114 ac
1693 1076 1760 1113 ne
1802 1060 1989 1114 balneo
2017 1061 2228 1129 quidem

641 1151 738 1223 .uti
771 1148 922 1203 nobis
946 1149 1084 1204 licet.
1118 1151 1294 1219 Atqui,
1326 1165 1443 1204 cum
1476 1151 1591 1204 istic
1625 1150 1955 1220 degeremus.
1987 1166 2052 1206 eo
2080 1151 2232 1204 nobis

664 1239 875 1293 assidue
901 1254 1033 1309 opus
1059 1250 1171 1293 erat
1196 1258 1208 1292 :
1241 1257 1379 1294 nunc
1403 1252 1576 1295 autem
1601 1242 1651 1296 in
1689 1259 1808 1296 eum
1837 1252 2028 1297 statum
2076 1253 2232 1309 atque

667 1329 899 1383 habitum
938 1329 1222 1392 evasimus,
1273 1339 1331 1383 ut
1369 1347 1434 1384 ne
1474 1331 1770 1399 hujusmodi
1799 1331 2013 1401 quidem
2061 1333 2230 1386 solatii

665 1421 951 1490 cupiditate
982 1431 1276 1487 teneamur,
1307 1438 1488 1476 verum
1515 1424 1767 1490 majorem
1795 1425 2070 1478 sanitatem
2101 1439 2230 1478 ccu-

667 1513 872 1582 sequuti
900 1515 1065 1567 simus
1081 1555 1094 1576 ,
1120 1528 1276 1583 quam
1301 1523 1358 1566 ut
1380 1513 1504 1567 illud
1528 1514 1778 1568 adhibere
1803 1529 2022 1569 necesse
2044 1515 2234 1569 habea-

669 1617 807 1656 mus.
838 1605 910 1656 Ac
932 1617 1030 1657 nec
1056 1604 1171 1657 caeli
1203 1604 1570 1672 intemperies,
1599 1620 1695 1659 nec
1718 1605 1953 1660 locorum
1983 1606 2232 1670 solitudo,

670 1710 767 1747 nec
810 1710 986 1748 rerum
1020 1695 1276 1749 venalium
1308 1697 1577 1765 angustia,
1613 1713 1709 1750 nec
1743 1713 1947 1760 eorum,
1988 1713 2016 1750 a
2045 1697 2235 1767 quibus

667 1801 933 1849 curentur,
967 1777 1160 1854 inopia,
1186 1800 1280 1838 nec
1301 1785 1622 1840 medicorum
1646 1787 1873 1853 inscitia,
1899 1803 1996 1842 nec
2021 1787 2236 1842 balneo-

670 1891 784 1930 rum
807 1877 1043 1946 penuria,
1074 1891 1172 1931 nec
1195 1875 1334 1946 quod
1362 1887 1612 1946 perpetuo
1633 1879 1684 1932 in
1709 1878 1950 1933 cubiculo
1971 1887 2234 1947 tamquam

667 1969 932 2038 ergastulo
955 1969 1118 2023 clausi
1147 1979 1438 2032 teneamur,
1459 1985 1555 2024 nec
1578 1970 1716 2040 quod
1741 1970 1984 2040 progredi
2008 1985 2239 2040 nequea-

670 2075 820 2124 mus;
843 2061 981 2130 quod
1009 2061 1220 2131 quidem
1247 2062 1397 2116 nobis
1421 2062 1633 2118 assidue
1659 2063 1831 2118 facere
1853 2079 2071 2118 necesse
2091 2071 2236 2126 erat;

672 2165 768 2204 nec
790 2150 930 2220 quod
970 2166 1180 2220 semper
1225 2167 1343 2206 cum
1388 2151 1531 2206 fumo
1573 2161 1730 2221 atque
1772 2157 1891 2223 igne
1916 2154 2103 2222 simus,
2141 2168 2239 2208 nec

670 2241 976 2310 pradonnm
1008 2251 1200 2306 metus,
1233 2257 1328 2296 nec
1352 2252 1601 2313 perpetua
1627 2242 1852 2306 obsidio,
1885 2258 1982 2297 nec
2009 2242 2239 2312 denique

669 2331 950 2401 quidquam
993 2332 1130 2387 aliud
1174 2333 1472 2402 huiusmodi
1514 2349 1612 2388 nos
1643 2332 1794 2403 fregit
1832 2349 1894 2388 ac
1930 2337 2234 2401 superavit:

674 2438 856 2477 verum
899 2424 1086 2478 melius
1115 2425 1567 2495 commodiusque,
1598 2441 1752 2496 quam
1781 2441 1899 2480 cum
1933 2427 2048 2481 istic
2090 2442 2237 2480 esse-

672 2528 821 2578 mus,
867 2514 1096 2569 adbibita
1144 2526 1318 2571 tamen
1370 2518 1566 2587 ingenti
1614 2534 1772 2580 cura.
1811 2519 2075 2574 valemus.
2117 2519 2241 2574 Haec

669 2604 826 2672 igitur
862 2605 1039 2658 omnia
1087 2614 1258 2662 tecum
1301 2617 1568 2676 reputans,
1611 2623 1914 2671 mmmrem,
1945 2610 2034 2679 qui
2063 2610 2142 2663 his
2171 2609 2240 2664 de

669 2695 842 2748 causis
867 2710 1006 2749 nunc
1035 2703 1086 2750 te
1115 2704 1290 2761 tenet,
1323 2698 1579 2767 propelle,
1610 2714 1707 2752 nec
1735 2713 2155 2767 supervacaneas
2186 2709 2240 2754 et

669 2799 857 2853 graves
901 2801 928 2836 a
957 2794 1009 2840 te
1038 2786 1150 2854 ipsa
1193 2801 1377 2854 pcenas
1417 2789 1586 2858 exige.
1632 2788 1778 2842 Mitto
1815 2789 1880 2842 ad
1922 2798 1971 2842 te
2006 2789 2056 2843 id
2097 2790 2238 2858 quod

671 2890 839 2944 nuper
881 2876 1045 2930 literis
1084 2878 1324 2931 mandavi
1361 2877 1454 2948 (α),
1500 2893 1689 2947 nempe
1729 2893 1850 2933 eum
1895 2879 1982 2948 qui
2010 2881 2238 2946 scipsum

673 2981 778 3018 non
829 2965 1040 3026 laeserit,
1088 2981 1118 3018 a
1147 2967 1356 3022 nemine
1385 2969 1488 3021 alio
1525 2968 1644 3022 lzedi
1678 2983 1860 3038 posse:
1904 2969 2003 3023 hoc
2047 2971 2241 3038 quippe

673 3057 959 3122 contendit,
991 3067 1150 3126 atque
1173 3059 1226 3112 in
1252 3074 1317 3114 eo
1341 3060 1576 3115 elaborat
1605 3077 1666 3116 ea
1693 3062 1891 3126 oratio,
1923 3078 2078 3131 quam
2103 3078 2242 3116 nunc

671 3148 737 3204 ad
769 3159 820 3203 te
855 3150 1022 3204 mitto.
1051 3150 1224 3217 Quare
1265 3151 1344 3206 fac
1380 3167 1497 3206 eam
1543 3152 1753 3208 assidue
1796 3153 2096 3222 pervoivas,
2132 3155 2241 3209 imo

672 3240 851 3303 etiam,
904 3242 948 3294 si
1004 3257 1099 3310 per
1149 3242 1497 3298 valetudinem
1538 3244 1679 3308 licet,
1734 3244 1944 3298 recites.
1995 3243 2048 3299 Id
2098 3246 2239 3301 enim

674 3328 1031 3398 pharmacum,
1059 3333 1103 3386 si
1128 3331 1336 3401 quidem
1367 3333 1611 3398 volueris,
1653 3334 1744 3388 tibi
1774 3334 1985 3389 suflicit.
2028 3335 2120 3389 Sin
2147 3352 2242 3388 au-

673 3433 781 3475 tcm
825 3423 976 3478 nobis
1023 3425 1336 3492 pertinacius
1373 3425 1676 3491 oblucteris,
1709 3441 1772 3481 ac
1811 3442 1981 3496 neque
2020 3428 2239 3496 teipsam

673 3528 848 3580 cures,
889 3529 1004 3580 nec,
1035 3515 1272 3583 quamvis
1311 3515 1613 3570 innumeras
1651 3515 2038 3571 admonitiones
2073 3527 2128 3571 et
2152 3531 2242 3571 co-

675 3603 1000 3658 hortationes
1041 3613 1234 3673 przesto
1272 3604 1485 3670 habeas,
1527 3622 1559 3661 e
1599 3607 1841 3660 mmroris
1882 3617 2054 3662 tamen
2087 3623 2242 3663 caeno

674 3709 946 3764 emergere
979 3695 1210 3750 aninmm
1249 3696 1503 3751 inducas:
1550 3712 1647 3752 nos
1687 3713 1894 3768 quoque
1923 3698 2058 3753 haud
2091 3698 2242 3753 facile

676 3787 766 3839 tibi
799 3801 997 3840 morem
1026 3802 1293 3856 geremus,
1324 3803 1493 3858 neque
1535 3788 1857 3843 adducentur
1886 3797 1942 3842 ut
1980 3790 2161 3860 longas
2189 3801 2242 3843 et

675 3877 886 3930 crebras
911 3877 1159 3945 epistolas
1189 3877 1476 3944 mittamus,
1496 3878 1539 3932 si
1567 3877 1695 3932 nihil
1717 3880 1783 3932 ad
1811 3879 1970 3932 animi
1993 3879 2242 3934 alacrita-

678 3977 782 4022 tem
811 3966 932 4020 hinc
954 3966 1154 4020 fructus
1181 3977 1337 4035 atque
1362 3968 1600 4021 utilitatis
1631 3979 1941 4036 perceptura
1977 3984 2055 4022 es.
2095 3969 2241 4034 Quo—

676 4072 796 4109 nam
825 4057 982 4125 igitur
1002 4066 1152 4126 pacto
1177 4057 1226 4112 id
1252 4057 1517 4112 sciemus?
1542 4056 1657 4111 Non
1683 4059 1725 4110 si
1747 4057 1965 4120 dixeris,
1987 4058 2079 4112 sed
2102 4059 2144 4111 si
2176 4073 2242 4110 ex

676 4146 832 4200 rebus
871 4145 998 4214 ipsis
1035 4147 1350 4212 declararis,
1389 4147 1814 4216 quandoquidem
1856 4162 1994 4202 nunc
2031 4163 2242 4216 quoque

677 4236 775 4290 hoc
795 4236 1136 4301 confirmasti,
1164 4234 1291 4289 nihil
1319 4237 1456 4290 aliud
1485 4252 1640 4306 quam
1671 4251 1950 4292 humorem
1984 4236 2122 4290 hunc
2151 4237 2240 4292 tibi

676 4327 918 4382 morbum
934 4326 1261 4384 conflavisse.
1285 4328 1542 4397 Quoniam
1571 4330 1726 4398 igitur
1742 4328 1844 4383 hoc
1862 4329 1970 4400 ipsa
1999 4329 2239 4384 confessa

675 4432 754 4482 cs,
788 4418 888 4471 nisi
929 4418 1113 4471 morbo
1159 4419 1418 4484 libereris,
1465 4420 1678 4474 minime
1709 4419 1860 4474 nobis
1892 4419 2048 4474 fidem
2081 4420 2242 4474 facies

677 4520 729 4562 te
752 4509 910 4563 animi
957 4525 1235 4564 maerorem
1276 4511 1562 4580 depulisse.
1604 4511 1733 4566 Nam
1773 4526 1891 4566 cum
1929 4511 2012 4566 hic
2051 4514 2139 4576 sit,
2189 4522 2246 4565 ut

678 4601 901 4666 ipsamet
925 4601 1198 4668 scripsisti,
1230 4601 1317 4669 qui
1344 4602 1583 4656 morbum
1605 4613 1860 4667 accersat,
1891 4617 1992 4656 non
2014 4611 2095 4657 est
2125 4618 2244 4672 pro-

679 4694 817 4746 fecto
855 4691 1087 4755 dubium,
1133 4693 1258 4760 quin
1303 4707 1369 4746 eo
1414 4694 1618 4746 sublato
1666 4693 1880 4747 morbus
1925 4708 2134 4763 quoque
2176 4692 2247 4747 de

683 4781 856 4836 medio
894 4781 1124 4847 tollatur,
1169 4783 1456 4852 evulsaque
1498 4783 1675 4837 radice
1724 4798 1822 4835 una
1871 4785 2028 4837 etiam
2081 4783 2245 4852 ipsius

680 4877 810 4929 rami
848 4883 1080 4944 pereant.
1118 4875 1248 4930 Nam
1277 4875 1524 4945 quamdiu
1555 4876 1746 4930 florere
1781 4891 1842 4931 ac
1890 4880 2098 4947 vigere,
2130 4877 2242 4932 fru-

678 4976 944 5035 clumque,
967 4981 1122 5035 quem
1149 4967 1365 5020 minime
1396 4981 1488 5035 par
1515 4967 1602 5031 sit,
1621 4967 1856 5035 proferre
1888 4969 2241 5035 perstiterint,

680 5058 731 5112 id
763 5057 914 5112 nobis
957 5057 1260 5126 persuaderi
1292 5073 1394 5111 non
1425 5059 1635 5126 poterit,
1669 5066 1720 5111 te
1748 5057 1927 5112 radice
1970 5059 2242 5112 liberatam

680 5165 818 5205 esse.
851 5149 1125 5216 Quocirca,
1155 5163 1221 5202 ne
1247 5149 1373 5202 mihi
1401 5149 1578 5214 verba,
1606 5147 1700 5201 sed
1728 5163 1813 5201 res
1837 5147 2088 5202 ostende:
2116 5163 2179 5202 ac
2201 5149 2245 5202 si

680 5241 954 5294 sanitatem
985 5239 1291 5302 obtinueris,
1338 5237 1514 5292 literas
1557 5251 1790 5304 rursum,
1831 5253 1950 5306 qum
1992 5239 2246 5293 orationis

680 5329 894 5383 modum
915 5329 1190 5392 excedant,
1219 5329 1282 5382 ad
1311 5337 1359 5382 te
1383 5328 1517 5382 mitti
1545 5328 1764 5383 videbis.
1789 5327 1897 5383 Nec
1924 5344 2050 5383 vero
2077 5330 2244 5384 levem

683 5423 814 5476 hanc
842 5423 1252 5477 consolationem
1282 5423 1582 5477 existimare
1611 5422 1793 5488 debes,
1834 5423 1971 5490 quod
2000 5425 2242 5490 vivimus,

681 5516 818 5584 quod
846 5516 1102 5582 valemus,
1137 5514 1300 5585 quod,
1330 5529 1448 5569 cum
1486 5515 1538 5568 in
1565 5517 1722 5571 tantis
1755 5531 1930 5569 rerum
1962 5515 2243 5571 difficulta-

681 5607 819 5662 tibus
860 5623 922 5663 ac
937 5607 1203 5662 molestiis
1227 5622 1522 5673 versemur,
1566 5623 1596 5662 a
1647 5608 1832 5662 morbo
1855 5617 2029 5663 tamen
2073 5620 2124 5664 et
2148 5610 2235 5662 ad-

681 5714 825 5752 versa
867 5695 1160 5750 valetudine
1198 5695 1347 5750 liberi
1391 5711 1605 5750 sumus:
1634 5696 1774 5766 quod
1811 5697 2021 5764 quidem
2067 5699 2246 5755 hostes

745 5813 811 5870 (at
853 5809 1004 5869 Liber,
1030 5809 1156 5868 quod
1181 5821 1314 5859 nunc
1337 5807 1528 5861 (inditur
1556 5806 1644 5861 nisi
1666 5824 1695 5858 rt
1716 5808 1867 5873 seipse

1358 401 1415 456 S.
1453 402 1727 458 JOANNIS
1764 402 2233 460 CliRYSOSTOMl
2273 401 2584 457 ARCHIEP.
2628 402 3155 458 (ZONSTANIINOP.

3801 402 3904 456 595

2335 529 2562 579 nostrOs,
2590 527 2646 571 ut
2685 519 2939 585 comperi,
2974 533 3076 568 non
3109 513 3358 568 mediocri
3392 513 3598 566 tristitia
3631 520 3684 566 et
3718 513 3904 570 dolore

2332 610 2513 664 afficit.
2561 610 2732 676 Quare
2770 618 3179 662 consentaneum
3219 617 3298 660 est
3328 623 3422 659 vos
3450 607 3612 660 etiam
3660 620 3903 675 magnam

2333 699 2748 754 censolationem
2780 698 2931 760 hanc,
2956 707 3112 765 atque
3133 695 3264 750 adeo
3293 695 3714 749 consolatiouum
3747 705 3904 763 caput

2332 793 2650 846 existimare.
2671 791 2872 845 Curatum
2897 799 3072 854 tuum,
3101 790 3187 857 qui
3213 803 3353 841 nunc
3383 803 3477 857 per
3502 803 3592 841 eas
3621 801 3752 856 quas
3782 801 3907 855 per-

2335 883 2453 944 fert,
2477 883 2800 936 calamitates
2821 883 2986 948 magis
3003 883 3051 932 in
3079 881 3220 934 cmlis
3239 879 3496 947 ascriptus
3515 887 3618 946 est,
3639 877 3906 931 desertum

2334 991 2395 1028 ac
2413 975 2720 1030 destitutum
2746 990 2808 1027 ne
2835 987 2984 1026 voca.
3007 973 3077 1024 De
3099 972 3308 1042 Pelagio
3328 971 3402 1040 (α)
3433 967 3692 1023 monacho
3715 982 3908 1037 magno

2332 1067 2515 1120 dolore
2535 1064 2753 1118 affectus
2776 1078 2912 1116 sum.
2938 1061 3118 1130 Cogita
3145 1061 3300 1128 igitur
3325 1069 3453 1128 quot
3479 1058 3794 1128 quantisque
3815 1071 3908 1110 co-

2336 1157 2478 1210 ronis
2499 1155 2638 1224 digni
2682 1155 2781 1208 sint
2800 1155 2890 1222 qui
2911 1151 3029 1207 forti
3054 1153 3230 1206 animo
3260 1151 3312 1204 in
3341 1150 3455 1204 acie
3481 1156 3759 1209 steterunt,
3782 1162 3904 1201 cum

2335 1249 2476 1300 viros
2502 1247 2590 1315 qui
2623 1256 2728 1300 tam
2757 1247 2840 1314 pie
2877 1260 2941 1298 ac
2975 1252 3175 1308 sancte,
3206 1252 3452 1312 tantaque
3474 1256 3591 1316 cum
3632 1239 3909 1293 tolerantia

2337 1337 2613 1401 vixerunt,
2644 1336 2842 1404 abripi,
2865 1346 3021 1404 atque
3050 1335 3102 1388 in
3126 1332 3360 1387 fraudem
3389 1331 3587 1399 impelli
3615 1330 3909 1382 videamus.

2480 1425 2560 1478 Ad
2583 1425 2806 1478 eamdem
2837 1426 2980 1494 epist.
3016 1422 3076 1476 V.
3105 1424 3299 1492 (Anno,
3331 1431 3387 1475 ut
3416 1431 3646 1490 putatur,
3676 1419 3826 1486 L06.)

2313 1520 2338 1546 ‘
2410 1519 2460 1572 l.
2482 1515 2681 1570 Vestrae
2707 1527 2873 1569 aucta:
2898 1526 3017 1568 sunt
3033 1530 3303 1578 :crumnm,
3329 1513 3512 1566 latiora
3535 1527 3744 1566 rursum
3764 1511 3913 1564 vobis

2338 1617 2644 1671 scammata,
2662 1621 3016 1674 cursuumque
3030 1605 3262 1674 longiora
3279 1604 3446 1672 spatia
3462 1603 3744 1656 constituta
3756 1611 3878 1655 sunt
3897 1619 3909 1654 :

2338 1709 2494 1768 atque
2519 1713 2702 1752 eorum
2726 1697 2815 1766 qui
2838 1697 2988 1752 vobis
3013 1696 3228 1750 insidias
3249 1695 3539 1749 moliuntur
3565 1693 3834 1747 iracundia
3862 1693 3912 1746 in

2340 1791 2594 1859 majorem
2637 1788 2902 1844 ﬂammam
2958 1787 3201 1856 assurgit.
3248 1788 3318 1840 At
3363 1785 3581 1839 minime
3635 1794 3913 1853 propterea

2339 1879 2662 1934 commoveri
2690 1894 2752 1934 ac
2773 1877 3063 1948 perturbari
3090 1876 3312 1939 debetis,
3338 1891 3522 1931 verum
3551 1876 3650 1930 hoc
3676 1876 3791 1944 ipso
3821 1889 3916 1943 po-

2343 1972 2600 2027 tissimum
2619 1971 2831 2025 nomine
2854 1969 3018 2024 laztari
3043 1978 3097 2024 et
3117 1969 3402 2034 exsultare,
3423 1967 3742 2036 coronisque
3756 1976 3916 2036 caput

2343 2062 2622 2126 redimire,
2670 2075 2733 2115 ac
2771 2061 2962 2114 choros
3013 2060 3231 2129 agitare.
3285 2058 3414 2112 Nam
3470 2058 3568 2112 nisi
3615 2055 3916 2111 mortiferas

2344 2155 2488 2224 prius
2529 2152 2739 2207 diabolo
2767 2152 2947 2222 plagas
2985 2151 3313 2216 intulissetis,
3344 2164 3450 2204 non
3478 2163 3645 2218 usque
3668 2147 3805 2202 adeo
3832 2147 3912 2202 fu-

2342 2255 2484 2300 reret
2511 2243 2624 2299 bzec
2649 2243 2843 2309 bellua,
2876 2253 2932 2296 ut
2965 2244 3099 2296 ultra
3153 2240 3394 2312 progredi
3441 2239 3677 2294 auderet.
3717 2237 3916 2307 Quam-

2342 2339 2525 2392 obrem
2542 2345 2650 2389 tum
2669 2344 2856 2389 vestra:
2878 2332 3200 2387 fortitudinis
3219 2340 3272 2386 et
3292 2330 3546 2393 victoris,
3565 2340 3670 2384 tum
3693 2330 3922 2400 ingentis

2344 2429 2483 2482 illius
2527 2425 2691 2482 cladis
2735 2425 2836 2481 hoc
2882 2435 2964 2480 est
3003 2434 3389 2495 argumentum,
3437 2422 3578 2493 quod
3619 2422 3706 2476 ille
3745 2423 3922 2475 acrius

2345 2536 2483 2574 nunc
2504 2521 2555 2573 in
2583 2535 2679 2573 vos
2702 2519 2952 2587 impetum
2976 2517 3132 2570 faciat
3153 2527 3309 2585 atque
3337 2515 3576 2581 insultet,
3598 2512 3920 2581 majorisque

2346 2611 2684 2685 impudentia:
2710 2609 3083 2664 documentum
3110 2608 3251 2672 edat,
3275 2623 3337 2662 ac
3365 2605 3632 2676 profusius
3653 2618 3938 2686 venenum

2343 2702 2595 2758 effundat.
2622 2699 3054 2769 Quandoquidem
3099 2699 3258 2752 etiam
3287 2699 3337 2750 in
3377 2697 3532 2750 beato
3560 2694 3678 2758 Joh,
3709 2703 3921 2764 postea-

2343 2811 2499 2865 quam
2538 2795 2590 2848 in
2639 2793 2896 2847 bonorum
2939 2791 3223 2846 amissione
3263 2805 3326 2844 ac
3370 2789 3597 2843 filiorum
3643 2787 3921 2854 ereptione

2344 2886 2512 2941 victus
2535 2894 2636 2950 est,
2675 2894 2785 2938 tum
2831 2898 3041 2952 quoque
3089 2897 3146 2936 se
3171 2881 3419 2950 gravibus
3447 2878 3755 2933 volneribus
3789 2877 3922 2931 alle-

2344 2987 2485 3030 ctum
2528 2991 2648 3031 esse
2676 2976 2951 3046 perspicue
2978 2975 3261 3028 ostendens
3279 3014 3293 3036 ,
3320 2972 3386 3026 ad
3414 2972 3463 3027 id
3491 2970 3631 3039 quod
3659 2971 3923 3024 malorum

2345 3077 2501 3137 caput
2518 3077 2652 3133 erat,
2687 3067 2787 3120 hoc
2814 3077 2895 3120 est
2923 3065 2988 3118 ad
3010 3069 3183 3119 carnis
3221 3064 3688 3133 oppugnationem,
3715 3070 3771 3114 et
3799 3077 3919 3114 ver-

2347 3164 2508 3214 mium
2547 3159 2938 3229 scaturiginem,
2981 3169 3034 3214 et
3065 3158 3300 3212 ulcerum
3327 3156 3548 3210 chorum
3575 3169 3636 3209 se
3659 3153 3918 3217 contulit;

2345 3253 2564 3306 chorum
2586 3253 2728 3304 enim
2750 3259 2803 3304 et
2820 3263 3094 3314 coronam,
3117 3258 3172 3302 et
3189 3255 3555 3301 sexcentarum
3580 3244 3919 3298 victoriarum

2344 3360 2565 3399 examen
2595 3341 2824 3411 appello.
2853 3343 2928 3395 Ac
2967 3354 3034 3394 ne
3063 3337 3150 3393 hic
3176 3336 3388 3407 quidem
3433 3336 3706 3391 constitit:
3735 3349 3924 3388 verum

2345 3434 2590 3502 quoniam
2618 3432 2757 3485 nulla
2785 3431 2886 3484 alia
2913 3429 3054 3500 paris
3078 3429 3330 3483 momenti
3371 3425 3611 3481 machina
3639 3426 3687 3480 ei
3717 3426 3919 3495 reliqua

2344 3535 2459 3581 erat
2487 3525 2702 3591 (etenim
2729 3523 2871 3577 velut
2894 3530 3184 3576 extremam
3212 3519 3566 3572 calamitatum
3599 3517 3792 3570 lineam
3816 3518 3916 3584 ipsi

2347 3617 2588 3670 morbum
2621 3615 2765 3667 illum
2797 3613 3113 3680 invexerat),
3142 3610 3241 3663 alia
3272 3623 3482 3662 rursum
3515 3616 3778 3661 tormenta
3805 3606 3919 3662 bel—

2349 3709 2446 3762 lica
2479 3705 2743 3769 movebat,
2791 3718 3010 3758 uxorem
3051 3701 3294 3754 videlicet
3337 3712 3572 3764 armans,
3617 3698 3819 3752 amicos
3868 3697 3923 3752 in

2346 3816 2467 3854 eum
2518 3796 2882 3861 exstimulans,
2936 3795 3161 3848 famulos
3207 3793 3478 3848 concitans
3525 3800 3681 3862 atque
3727 3789 3921 3846 eﬂeros

2349 3889 2598 3953 reddens,
2639 3896 2793 3957 atque
2833 3885 2976 3940 omni
3018 3883 3222 3938 ratione
3267 3883 3431 3952 ipsius
3458 3882 3672 3936 vulnera
3699 3881 3918 3937 exulce-

2349 3998 2505 4038 rans:
2538 3982 2588 4036 id
2611 3980 2749 4050 quod
2776 3980 2934 4034 etiam
2963 3992 3103 4032 nunc
3125 3985 3325 4031 tentare
3350 3989 3454 4030 non
3484 3974 3707 4040 desinit;
3735 3990 3921 4029 verum

2353 4091 2400 4128 tn
2438 4087 2589 4128 suum
2621 4072 2785 4139 ipsius
2813 4078 2998 4137 caput;
3043 4067 3465 4138 quandoquidem
3509 4065 3631 4120 hinc
3657 4064 3712 4118 lit
3751 4074 3809 4118 ut
3837 4081 3921 4120 res

2350 4176 2538 4220 vestrae
2569 4165 2735 4232 magis
2772 4160 3104 4230 splendeant,
3138 4159 3576 4227 sublimioresque
3619 4157 3669 4210 in
3715 4156 3830 4210 dies
3859 4171 3924 4210 ac

2349 4257 2719 4312 luculentiores
2751 4257 2871 4308 fiant
2895 4271 2906 4306 :
2942 4253 3168 4321 majores
3189 4252 3328 4305 enim
3352 4261 3478 4305 tunc
3499 4250 3645 4303 vobis
3673 4263 3803 4318 Opes
3827 4263 3922 4303 ex-

2346 4352 2558 4411 sistunt,
2593 4347 2805 4400 uberior
2838 4343 3058 4407 fructus,
3097 4344 3298 4398 crebra:
3323 4353 3479 4412 atque
3519 4341 3787 4394 continua:
3829 4353 3917 4393 co-

2348 4456 2525 4506 rouaa;
2573 4455 2817 4510 magnum
2857 4440 3013 4493 etiam
3063 4451 3156 4505 per
3195 4435 3335 4504 ipsas
3379 4449 3554 4488 rerum
3605 4431 3926 4486 acerbitates

2351 4532 2498 4587 vobis
2526 4528 2842 4584 fortitudinis
2871 4529 3256 4581 incrementqu
3279 4523 3514 4587 affertur,
3543 4536 3606 4575 ac
3638 4536 3731 4589 per
3757 4519 3927 4574 hosti-

2353 4626 2428 4679 les
2455 4622 2673 4678 insidias
2698 4621 2900 4674 acuitur
2930 4628 3108 4672 vestra
3140 4616 3433 4670 tolerantia.
3467 4615 3538 4668 Ea
3568 4613 3710 4668 enim
3739 4621 3823 4666 est
3849 4612 3927 4666 af-

2349 4715 2594 4770 ﬂictionis
2633 4722 2840 4776 natura,
2882 4718 2939 4762 ut
2964 4723 3058 4764 eos
3082 4708 3169 4778 qui
3198 4721 3315 4761 eam
3356 4705 3563 4774 placido
3591 4719 3656 4758 ac
3705 4713 3928 4758 strenuo

2348 4806 2524 4858 animo
2573 4802 2780 4864 ferunt,
2810 4800 2966 4854 rebus
3005 4798 3209 4853 acerbis
3245 4794 3568 4863 superiores,
3618 4808 3679 4847 ac
3726 4792 3923 4846 diaboli

2352 4898 2468 4952 telis
2513 4894 2848 4949 sublimiores
2890 4890 3094 4952 reddat,
3146 4888 3465 4956 insidiasque
3511 4885 3784 4953 aspernari
3822 4882 3912 4938 do-

2349 4999 2487 5044 ceat.
2539 4985 2808 5057 Siquidem
2849 4995 2902 5038 et
2943 4983 3158 5036 arbores
3206 4995 3322 5049 qua:
3351 4979 3402 5032 in
3450 4977 3652 5032 umbris
3687 4975 3902 5030 aluntur

2352 5083 2605 5149 majorem
2649 5077 2916 5132 mollitiem
2961 5071 3297 5137 contrahunt,
3346 5081 3505 5136 atque
3544 5068 3609 5121 ad
3659 5067 3927 5121 fructuum

2351 5170 2767 5242 procreationem
2799 5167 2970 5221 minus
2997 5163 3290 5218 commoda:
3320 5161 3643 5214 redduntur:
3676 5174 3794 5228 qua:
3825 5173 3923 5212 au-

2352 5274 2454 5315 tem
2504 5260 2645 5315 aeris
2688 5256 3086 5312 inconstantiam
3137 5254 3499 5322 experiuntur,
3551 5264 3614 5303 ac
3645 5257 3923 5304 ventorum

2352 5355 2597 5422 impetus,
2626 5348 2975 5416 ardentesque
3002 5346 3127 5399 solis
3163 5343 3342 5398 radios
3371 5343 3661 5411 excipiunt,
3695 5341 3812 5411 plus
3839 5358 3898 5395 ro

2353 5446 2494 5500 boris
2523 5444 2644 5496 hinc
2670 5440 2942 5508 colligunt,
2975 5448 3026 5492 et
3065 5436 3202 5490 foliis
3245 5434 3532 5495 abundant,
3559 5447 3623 5487 ac
3661 5434 3924 5486 fructumn

2351 5538 2499 5602 copia
2530 5543 2832 5589 curvantur.
2885 5531 2973 5585 Sic
3014 5530 3259 5582 nimirum
3308 5527 3360 5578 in
3409 5525 3539 5578 mari
3568 5538 3782 5591 quoque
3827 5538 3922 5575 ttsu

2353 5630 2530 5682 venire
2567 5624 2873 5680 consuevit:
2906 5637 3024 5676 nam
3051 5622 3139 5690 qui
3181 5620 3405 5689 primum
3445 5632 3633 5672 navem
3659 5631 3920 5672 consesti.

2381 5747 2484 5858 ll(a)
2519 5752 2648 5794 llunc
2685 5743 2926 5806 Pelagium
2961 5739 3263 5802 suspicantur
3299 5733 3494 5796 quidam
3530 5745 3637 5782 csse
3663 5733 3912 5781 haeresiar-

2415 5821 2504 5858 am.

2353 5821 2504 5858 cnam.
