4216 6488
305 412 409 469 593

302 524 521 579 ἀσθενεῖ
549 522 763 596 σώματι
789 524 883 580 καὶ
908 526 1205 597 ἀραχνὼδει
1234 528 1407 591 οὕτως
1427 528 1700 601 ἀφόρητον
1725 529 1878 599 φέρω

301 622 534 695 κρυμὸν,
550 624 633 678 δτι
658 626 915 678 ἀναπνεῖν
928 624 1182 697 δύναμαι,
1202 626 1311 680 τῶν
1332 626 1535 681 ἐθάδων
1562 626 1656 680 τοῦ
1673 624 1879 696 χειμῶ-

302 740 390 788 νος
421 722 575 797 [576]
607 726 669 778 οὺ
697 726 769 780 τά
792 726 1022 796 τυχόντα
1058 726 1309 780 ἐντεῦθεν
1353 728 1690 798 πασχόντων.
1737 726 1881 779 Ἀλλ’

303 821 465 891 ἡμεῖς
491 821 791 893 ἐμείναμεν
813 823 1070 888 ἀϐλαϐεῖς
1098 826 1257 896 μέχρι
1272 827 1371 895 τῆς
1400 829 1661 899 σήμερον,
1683 826 1776 878 καὶ
1795 826 1885 897 λη-

307 921 447 973 στῶν
483 924 671 992 χεῖρας
713 921 1063 991 διαφυγόντες
1115 926 1373 991 πολλάκις
1400 928 1754 990 ἐπελθόντων,
1786 929 1883 982 καὶ

306 1017 509 1089 ἀπορία
528 1020 841 1088 ἀναγκαίων
868 1022 1154 1090 συζῶντες,
1174 1027 1269 1078 καὶ
1301 1028 1438 1097 μηδὲ
1470 1027 1735 1097 βαλανείῳ
1756 1028 1884 1097 χρῆ-

307 1117 428 1170 σθαι
442 1118 730 1190 δυνάμενοι
745 1138 759 1152 ’
779 1123 957 1176 καίτοι
980 1124 1143 1193 ἡνίκα
1161 1125 1347 1179 αὐτόθι
1370 1126 1734 1198 διετρίϐομεν,
1756 1143 1883 1179 συνι-

303 1215 443 1286 εχῶς
472 1217 664 1273 τούτου
695 1220 956 1291 δεόμενοι,
987 1222 1083 1275 νῦν
1113 1223 1170 1278 δέ
1221 1224 1279 1277 ἐν
1324 1226 1551 1300 τοιαύτῃ
1605 1227 1716 1291 ἐξει
1745 1244 1879 1279 κατ-

304 1318 650 1388 έστημεν,ὠς
668 1320 803 1390 μηδὲ
818 1320 1105 1393 ἐπιθυμεῖν
1124 1323 1223 1393 τῆς
1238 1324 1486 1378 ἐντεῦθεν
1506 1325 1880 1395 παραμυθίας,

302 1418 440 1472 ἀλλά
461 1420 555 1474 καὶ
574 1420 928 1491 ὑγιεινότεροι
953 1422 1126 1494 ταύτῃ
1167 1423 1442 1491 γενέσθαι.
1488 1426 1597 1477 Καὶ
1633 1425 1758 1477 οὔτε
1793 1423 1885 1477 ἀέ-

306 1532 415 1588 ρων
437 1519 718 1586 δυσκολία,
739 1520 800 1572 ού
832 1520 1014 1576 τόπων
1045 1522 1273 1593 ἐρημία,
1297 1522 1397 1576 οὐκ
1422 1523 1600 1577 ὠνίων
1622 1541 1883 1594 στενοχω-

306 1617 418 1687 ρία,
445 1619 506 1670 οὐ
536 1617 644 1673 τῶν
672 1618 1116 1690 θεραπευσόντων
1143 1622 1368 1692 ἐρημία,
1390 1623 1492 1677 οὐκ
1514 1623 1712 1694 ίατρῶν
1741 1625 1885 1693 ἀμα-

304 1716 416 1781 θία,
449 1717 510 1770 ού
543 1718 841 1789 βαλανείων
879 1719 1101 1792 ἀπορία,
1136 1721 1197 1773 οὐ
1222 1720 1285 1774 τὸ
1312 1721 1509 1788 διόλου,
1535 1722 1790 1793 καθάπερ
1824 1724 1884 1773 ἐν

286 1816 695 1899 δεσμωτηρίῳ,
729 1820 789 1871 ἐν
823 1819 902 1872 ἐνὶ
949 1821 1208 1891 οἰκήματι
1238 1822 1580 1895 καθεῖρχθαι,
1621 1824 1682 1876 ού
1714 1825 1774 1875 τὸ
1808 1824 1883 1895 μὴ

302 1916 595 1981 κινεῖσθαι,
635 1913 806 1987 οὗπερ
842 1918 930 1971 ἀεὶ
955 1921 1194 1991 συνεχῶς
1230 1921 1481 1994 ἐδεόμην,
1518 1922 1578 1976 ού
1606 1922 1668 1975 τὸ
1692 1922 1885 1992 καπνῴ

301 2020 396 2070 καὶ
424 2018 557 2087 πυρὶ
577 2018 840 2088 διηνεκῶς
866 2020 1097 2091 ὁμιλεῖν,
1127 2022 1187 2074 οὐ
1216 2021 1432 2094 λῃστῶν
1469 2022 1654 2092 φόϐος,
1691 2024 1752 2076 οὐ
1786 2041 1884 2075 πο-

300 2116 515 2188 λιορκία
547 2118 822 2191 διηνεκὴς,
848 2121 948 2173 οὐκ
981 2120 1108 2175 ἄλλο
1128 2121 1235 2173 τῶν
1265 2122 1523 2176 τοιούτων
1550 2122 1703 2175 οὐδὲν
1726 2122 1883 2193 ἡμῶν

302 2216 679 2286 περιγέγονενο
710 2218 825 2269 ἀλλ’
852 2216 1216 2289 ὑγιεινότερον
1233 2231 1259 2260 ι
1278 2218 1600 2290 διακείμεθα
1629 2219 1661 2291 ἢ
1689 2220 1881 2273 αὐτόοι

304 2310 469 2385 ἦμεν,
504 2314 672 2385 πολλῇ
705 2315 887 2384 μέντοι
914 2317 1243 2387 κεχρημένοι
1270 2320 1337 2389 τῇ
1359 2318 1666 2389 ἐπιμελείᾳ.
1694 2318 1881 2373 Ταῦτα

299 2406 393 2463 οὖν
426 2411 605 2466 πάντα
644 2412 989 2482 λογιζομένη.
1013 2413 1302 2483 διακρούου
1325 2413 1423 2485 τὴν
1452 2415 1785 2485 κατέχουσαν
1821 2432 1880 2467 σε

300 2508 395 2562 νῦν
433 2509 577 2580 ὺπέρ
613 2510 822 2563 τούτων
874 2512 1248 2581 ἀθυμίαν,κα“ι
1301 2512 1374 2581 μὴ
1415 2512 1617 2584 σαυτὴν
1661 2513 1880 2567 ἀπαίτει

299 2610 456 2673 δίκας
514 2610 779 2682 περιττάς
817 2611 913 2663 καὶ
969 2610 1230 2681 χαλεπάς.
1282 2612 1547 2681 Ἐπεμψά
1601 2629 1685 2665 σοι
1734 2612 1879 2685 ἆπερ

301 2712 516 2781 ἐγραψα
538 2710 753 2783 πρώην,
775 2711 856 2764 δτι
885 2710 975 2763 τδν
1013 2711 1205 2764 ἐαυτὸν
1236 2712 1336 2765 οὐκ
1382 2711 1669 2766 ἀδικοῦντα
1708 2714 1881 2777 οὐδεὶς

299 2806 486 2877 ἕτερος
505 2804 706 2877 παραΓ
741 2805 860 2860 ’κιαι
884 2807 1172 2877 δυνήσεται
1196 2824 1209 2839 ·
1242 2808 1335 2861 καὶ
1357 2808 1547 2862 τοῦτον
1574 2811 1879 2880 ἠγωνίσατο

298 2905 390 2958 τὸν
416 2904 605 2972 ἀγῶνα
641 2907 669 2957 ό
912 2905 972 2957 δν
998 2905 1314 2960 ἀπέσταλκά
1357 2924 1451 2959 σου
1504 2910 1569 2978 τῇ
1604 2909 1879 2980 τιμιότητι

302 3004 415 3057 νῦν.
450 3004 699 3073 Συνεχῶς
724 3003 789 3073 δὴ
820 3021 913 3057 ουν
932 3003 1095 3057 αὐτὸν
1121 3005 1353 3075 ἐπέρχου
1376 3023 1388 3037 ⁸
1420 3007 1469 3058 εί
1508 3007 1566 3059 δὲ
1590 3008 1874 3075 ὑγιαίνοις,

300 3104 395 3158 καί⁵
426 3104 523 3155 ἐπὶ
544 3102 792 3171 γλώττης
822 3103 974 3174 φέρε.
1012 3103 1217 3157 Ἱκανὸν
1241 3103 1351 3175 γάρ
1373 3103 1528 3158 ἔσται
1550 3122 1634 3157 σοι
1659 3108 1879 3177 φάρμα-

298 3221 415 3268 κον,
442 3202 538 3256 ἐάν
570 3201 797 3265 ἐθέλοις.
833 3202 896 3255 El
935 3201 993 3255 δέ
1028 3202 1389 3275 φιλονεικοίης
1421 3206 1569 3275 ἡμῖν,
1607 3208 1702 3260 καὶ
1739 3209 1877 3279 μήτε

300 3300 625 3374 θεραπεύοις
653 3300 878 3371 σαυτὴν,
915 3302 1051 3373 μήτε
1078 3303 1279 3373 μυρίας
1310 3304 1658 3361 ἀπολαύουσα
1686 3326 1887 3380 παραι-

299 3405 356 3459 νέ
368 3403 501 3467 τεώς
514 3420 575 3456 τε
590 3403 686 3456 καὶ
706 3402 1119 3474 παρακλήσεως,
1141 3404 1455 3476 βουληθείης
1475 3410 1787 3478 ἀνενεγκεῖν
1815 3412 1880 3465 ἐκ

300 3504 409 3557 τῶν
441 3500 727 3573 τελμάτων
759 3502 861 3570 τῆς
912 3500 1171 3572 ἀθυμίας,
1207 3503 1268 3555 οὐ
1324 3504 1520 3574 ῥᾳδίως
1563 3507 1682 3561 ούδέ
1720 3511 1879 3573 ἡμεῖς

300 3600 725 3671 ὑπακουσόμεθα
759 3599 895 3671 πρὸς
918 3600 980 3653 τὸ
1010 3602 1218 3663 πυκνάς
1258 3618 1339 3655 σοι
1368 3603 1462 3655 καὶ
1490 3606 1707 3677 μακράς
1738 3608 1880 3678 πέμ-

298 3717 426 3756 πειν
457 3698 767 3763 ἐπιστολάς,
792 3700 841 3751 εί
870 3698 1035 3769 μηδὲν
1064 3698 1278 3768 μέλλοις
1312 3701 1559 3757 ἐντεῦθεν
1577 3706 1878 3777 κερδαίνειν

301 3803 382 3864 είς
414 3799 699 3870 εὐθυμίαν.
724 3797 851 3861 Πῶς
877 3793 972 3852 οὖν
1006 3798 1165 3851 τοῦτο
1202 3800 1490 3870 είσόμεθας
1527 3804 1640 3857 Οὐκ
1672 3806 1767 3859 ἐάν
1794 3807 1877 3861 λέ-

299 3919 423 3975 γῃς.
445 3901 561 3955 ἀλλ’
591 3900 686 3954 ἐάν
715 3899 804 3953 διά
831 3898 940 3953 τῶν
966 3901 1302 3971 πραγμάτων
1333 3902 1605 3976 δεικνύῃς,
1636 3909 1758 3961 ἐπεὶ
1786 3910 1880 3963 καὶ

298 4001 395 4057 νῦν
418 4001 556 4072 ἐφης
583 4001 749 4071 μηδὲν
777 3999 886 4052 τῶν
915 3998 1111 4065 ἄλλων,
1134 3999 1272 4054 ἀλλά
1292 4001 1391 4071 τὴν
1415 4003 1654 4075 ἀθυμίαν
1676 4024 1758 4060 σοι
1779 4009 1879 4081 τὴν

298 4101 453 4155 νόσον
479 4098 766 4170 εἰργάσθαι
788 4097 1012 4169 ταύτην.
1044 4099 1194 4151 Ἐπεὶ
1211 4095 1305 4153 οὖν
1332 4101 1469 4173 αὐτὴ
1495 4104 1653 4157 τοῦτο
1673 4107 1879 4176 ὡμολό-

296 4214 495 4269 γησας,
522 4196 589 4251 ἂν
624 4197 701 4267 μὴ
742 4196 840 4265 τῆς
880 4194 1191 4267 ἀρρωστίας
1217 4197 1557 4271 ἀπαλλαγῇς,
1592 4204 1654 4255 οὐ
1686 4208 1874 4259 πεισό-

300 4294 465 4367 μεθα,
498 4296 579 4349 δτι
620 4294 715 4347 καὶ
741 4293 842 4363 τῆς
866 4293 1105 4363 ἀθυμίας
1148 4294 1475 4365 ἀπήλλαξαι.
1505 4297 1569 4350 El
1597 4299 1707 4367 γὰρ
1735 4300 1876 4373 αὕτη

297 4396 446 4449 ἐστὶν
472 4396 506 4463 ἡ
529 4396 629 4467 τὴν
654 4396 808 4451 νόσον
842 4393 1091 4460 ποιοῦσα,
1119 4395 1299 4461 καθὼς
1331 4398 1427 4451 καὶ
1458 4399 1597 4471 αὕτη
1626 4401 1878 4456 catam}-

296 4511 423 4559 κας,
456 4493 677 4564 εῦδηλον
710 4494 790 4547 ὅτι
818 4494 1072 4567 λυθείσης
1094 4496 1263 4567 αὐτῆς
1300 4499 1527 4570 κάκείνη
1558 4518 1876 4575 συναναιρε-

297 4594 543 4666 θήσεται,
566 4595 661 4648 καὶ
683 4595 783 4666 τῆς
817 4595 971 4668 ῥίζης
999 4599 1461 4671 ἀνασπασθείσης,
1490 4603 1581 4656 καὶ
1606 4606 1654 4656 οἱ
1675 4605 1878 4676 ταύτης

298 4691 723 4745 συναπόλλυνται
744 4691 945 4745 κλάδοι.
982 4693 1068 4757 Ὠς
1100 4692 1195 4746 ἐὰν
1225 4694 1459 4766 μένωσιν
1479 4698 1767 4765 ἀνθοῦντες
1785 4694 1880 4755 καὶ

296 4787 659 4859 ἀκμάζοντες,
686 4788 782 4841 καὶ
821 4788 1029 4859 καρπὸν
1060 4789 1317 4861 φέροντες
1350 4792 1440 4845 τὸν
1477 4794 1539 4847 οὐ
1572 4796 1876 4866 πρέποντα,

294 4882 356 4935 οὐ
410 4880 685 4952 δυνάμεθα
716 4880 1023 4950 πεισθῆναι,
1055 4883 1135 4936 ὅτι
1162 4884 1263 4953 τῆς
1301 4886 1457 4958 ῥίζης
1481 4889 1873 4962 ήλευθέρωσαι.

294 4979 390 5049 Μὴ
410 4978 592 5032 τοίνυν
623 4996 715 5049 μοι
751 4979 994 5050 ῥήματα,
1028 4979 1162 5033 ἀλλά
1195 4982 1495 5053 πράγματα
1540 4986 1732 5053 δεῖξον,
1770 4991 1876 5045 κᾶν

295 5077 569 5148 ὑγιαίνῃς,
599 5075 721 5146 ὄψει
756 5075 917 5130 πάλιν
953 5077 1240 5142 ἐπιστολὰς
1270 5082 1627 5150 πεμπομένας
1664 5101 1747 5138 σοι
1791 5087 1879 5139 λόο

294 5189 408 5241 γων
431 5173 870 5243 ὑπερϐαινούσας
902 5174 1120 5245 μέτρον.
1145 5175 1235 5246 Μὴ
1260 5175 1324 5245 δὴ
1349 5177 1553 5247 μικρὰν
1576 5181 1764 5251 νόμιζέ
1795 5201 1877 5239 σοι

293 5267 643 5338 παράκλησιν
670 5265 944 5333 εἶναι,ιὸτι
968 5268 1172 5338 ζῶμεν.
1205 5270 1286 5322 ὅτι
1327 5272 1659 5345 ὑγιαίνομεν,
1698 5278 1779 5331 ὅτι
1819 5282 1876 5332 ἐν

294 5362 587 5428 τοσαύταις
614 5364 954 5435 πραγμάτων
984 5364 1135 5427 ὄντες
1164 5367 1567 5436 περιστάσεσιν,
1592 5374 1749 5428 νόσου
1784 5377 1876 5429 καὶ

292 5457 606 5529 ἀρρωστίας
633 5458 1046 5529 ἀπηλλάγμεθα,
1079 5459 1108 5513 ὃ
1139 5462 1263 5524 τοὺς
1285 5461 1511 5533 ἐχθροὺς
1537 5468 1873 5544 ήμῶν,[577]

292 5550 370 5616 ὡς
398 5552 591 5621 ἐγνων,
624 5554 832 5624 σφόδρα
860 5554 1021 5608 λυπεῖ
1072 5558 1166 5609 καὶ
1192 5557 1373 5628 ὀδυνᾷ.
1434 5560 1747 5619 Ἀκόλουθον
1779 5564 1874 5621 οὖν

294 5649 390 5702 καὶ
416 5649 562 5720 ὑμᾶς
593 5650 856 5721 μεγίστην
884 5653 1088 5724 ταύτην
1114 5655 1365 5725 ἡγεῖσθαι
1389 5661 1751 5733 παράκλησιν,
1780 5667 1874 5721 καὶ

358 5797 385 5826 ⁸
407 5795 516 5849 Duo
535 5810 651 5849 mss.
670 5799 773 5848 ἀλλ’
794 5802 1089 5864 ὑγιεινότεροι

1719 408 2110 468 EI‘ISTOLASJ.

3460 402 3565 458 590

1986 527 2278 597 κεφάλαιον
2333 526 2708 600 παραμυθίας.
2761 524 2854 595 Μὴ
2882 523 3035 578 κάλει
3060 515 3165 585 τὴν
3192 514 3438 570 συνοδίαν
3469 536 3565 572 σου

1986 622 2211 693 ἔρημον,
2252 624 2350 694 τὴν
2375 623 2470 679 νῦν
2501 622 2762 693 μειζόνως
2793 622 2852 673 ἐν
2898 617 3148 689 οὐρανοῖς
3177 613 3566 683 ἐγγεγραμμέ-

1984 735 2081 788 νην
2110 719 2199 773 διά
2214 718 2323 773 τῶν
2341 719 2705 791 παθημάτων,
2725 711 2800 771 ὧν
2815 714 3102 786 ὑπομένει.
3124 711 3335 782 Σφόδρα
3350 708 3569 779 ἤλγησα

1984 815 2125 886 ὑπὲρ
2146 815 2411 884 Πελαγίου
2440 814 2536 868 τοῦ
2562 815 2905 885 μονάζοντος.
2936 809 3218 879 Ἐννόησον
3233 804 3410 860 τοίνυν
3424 805 3569 856 ὅσων

1983 910 2122 976 ἄξιοι
2150 911 2429 980 στεφάνων
2457 911 2595 964 εἰσὶν
2621 912 2671 963 οί
2720 910 2983 978 γενναίως
3014 906 3260 967 στάντες,
3288 904 3418 955 ὅταν
3468 900 3566 953 ἀν-

1983 1004 2108 1075 δρες
2143 1006 2202 1057 ἐν
2226 1005 2464 1077 τοσαύτῃ
2494 1006 2727 1076 ἀσκήσει
2753 1004 3107 1072 διαγαγόντες
3150 999 3245 1053 καλ⁸
3275 994 3564 1067 καρτερίᾳ,

1984 1098 2126 1154 οὕτω
2160 1101 2399 1169 φανῶσιν
2431 1101 2849 1171 ὑποσυρόμενοι.

2301 1253 2458 1321 Πρὸς
2488 1254 2599 1320 τὴν
2628 1250 2825 1319 αὐτὴν
2853 1246 3148 1315 ἐπιστολὴ
3170 1251 3253 1309 E'.

2054 1388 2123 1443 α’.
2171 1386 2438 1457 Ἐπετάθη
2476 1386 2544 1439 τά
2571 1385 2672 1456 τῆς
2694 1383 2926 1453 θλίψεως
2948 1381 3101 1451 ὑμῖν,
3129 1378 3224 1430 καὶ
3256 1372 3567 1443 πλατύτερα

1986 1486 2146 1540 πάλιν
2162 1485 2318 1555 ἐτέθη
2334 1484 2404 1538 τά
2426 1483 2575 1552 σκάμ
2582 1498 2748 1554 ματα,
2768 1480 2864 1532 καὶ
2881 1476 3206 1551 μακρότεροι
3218 1473 3330 1525 τῶν
3348 1468 3569 1541 δρόμων

1985 1585 2033 1635 οἱ
2060 1582 2284 1647 δίαυλοι,
2316 1581 2409 1636 καὶ
2441 1580 2579 1652 πρὸς
2613 1578 2835 1649 μείζονα
2854 1575 3029 1646 φλόγα
3056 1575 3165 1627 τῶν
3185 1566 3567 1624 ἐπιϐουλευόν-

1985 1696 2092 1732 των
2126 1680 2254 1749 ὑμῖν
2286 1677 2501 1749 αἴρεται
2520 1678 2549 1731 ό
2572 1675 2765 1746 θυμός.
2802 1672 2942 1727 Ἀλλ’
2961 1673 3023 1724 οὐ
3050 1665 3417 1739 θορυϐεῖσθαι,
3445 1660 3571 1715 om

1985 1773 2368 1844 ταράττεσθαι,
2402 1772 2541 1826 ἀλλά
2569 1771 2659 1825 διά
2684 1768 2858 1824 ταῦτα
2887 1768 2985 1840 μὲν
3015 1761 3113 1820 οὖν
3166 1762 3403 1835 μάλιστα
3445 1756 3566 1827 χαί-

1988 1886 2102 1939 ρειν
2134 1869 2235 1930 δεῖ,
2297 1868 2388 1921 καὶ
2430 1869 2680 1939 σκιρτᾷν,
2739 1865 2836 1918 καὶ
2886 1858 3305 1932 στεφανοῦσθαι,
3334 1854 3430 1908 καὶ
3479 1865 3571 1922 χο-

1987 1966 2186 2037 ρεύειν.
2223 1966 2286 2019 Et
2312 1970 2418 2035 γὰρ
2444 1963 2521 2035 μὴ
2545 1962 2767 2034 καιρίας
2787 1961 2847 2013 ἐν
2866 1962 2979 2021 τοῖς
3000 1952 3311 2028 ἔμπροσθεν
3329 1948 3569 2005 ἐδώκατε

1985 2062 2062 2131 τῷ
2092 2061 2323 2132 διαϐόλῳ
2355 2060 2452 2123 τάς
2486 2058 2722 2129 πληγάς,
2760 2056 2860 2109 οὐκ
2888 2053 2955 2108 ἂν
3010 2051 3182 2114 οὕτως
3213 2044 3465 2119 ηγριώθη
3508 2038 3577 2094 τὸ

1986 2158 2172 2227 θηρίον
2224 2158 2300 2222 ὡς
2329 2158 2424 2210 καὶ
2462 2154 2780 2226 περαιτέρω
2808 2150 3115 2223 προελθεῖν.
3147 2149 3358 2216 Δεῖγμα
3385 2142 3577 2195 τοίνυν

1986 2254 2079 2306 καὶ
2107 2252 2209 2323 τῆς
2240 2252 2515 2323 ὑμετέρας
2538 2248 2793 2321 ἀνδρείας
2823 2247 2917 2299 καὶ
2945 2244 3122 2315 νίκης,
3149 2241 3243 2295 καὶ
3267 2239 3373 2331 ,τῆς
3397 2238 3571 2331 ἥττης

1984 2346 2193 2400 ἐκείνου
2226 2347 2326 2417 τῆς
2369 2347 2592 2417 πολλῆς,
2634 2346 2695 2398 τὸ
2754 2342 3021 2414 μειζόνως
3067 2328 3419 2410 ἐφάλλεσθαι,
3473 2328 3571 2384 καὶ

1984 2441 2277 2512 ἐπιπηδᾷν,
2308 2442 2401 2494 καὶ
2435 2442 2652 2495 πλείονα
2702 2436 3110 2493 ἐπιδείκνυσθαι
3141 2434 3241 2505 τὴν
3271 2432 3569 2496 ἀναισχυν-

1982 2538 2124 2601 τίαν,
2161 2540 2256 2592 καὶ
2286 2538 2670 2609 δαψιλέστερον
2696 2526 2878 2606 ἐκχεῖν
2902 2535 2994 2587 τὸν
3023 2534 3121 2587 ίόν.
3172 2528 3327 2584 Ἐπεὶ
3347 2528 3442 2579 καὶ
3470 2521 3567 2576 ἐπὶΙ

1981 2633 2074 2687 τοῦ
2112 2635 2382 2704 μακαρίου
2439 2632 2579 2696 Ἰὼϐ,
2638 2630 2825 2701 ἐπειδὴ
2881 2632 2939 2683 ἐν
2994 2631 3061 2700 τῇ
3117 2625 3227 2680 τῶν
3270 2622 3572 2695 χρημάτων

1982 2729 2224 2801 ἀποϐολῇ
2252 2730 2482 2801 ἡττήθη,
2510 2731 2606 2783 καὶ
2627 2733 2693 2800 τῇ
2725 2727 2834 2780 τῶν
2867 2726 3073 2780 παίδων
3106 2720 3416 2792 ἀφαιρέσει,
3459 2716 3569 2769 δεῖ·

1982 2843 2097 2894 γμα
2146 2826 2239 2878 καὶ
2268 2825 2388 2877 τότε
2418 2823 2666 2893 ἐκφέρων
2699 2823 2792 2876 τοῦ
2846 2820 3061 2893 χαλεπά
3088 2818 3376 2890 τραύματα
3414 2812 3570 2879 δέξα-

1983 2921 2127 2981 σθαι,
2166 2922 2260 2974 ἐπὶ
2277 2920 2339 2973 τὸ
2368 2920 2661 2988 κεφάλαιον
2690 2918 2920 2989 ὥρμησε
2952 2916 3063 2969 τῶν
3092 2914 3298 2977 κακῶν,
3341 2912 3441 2981 τὴν
3467 2908 3571 2977 τῆς

1985 3017 2185 3086 σαρκὸς
2213 3015 2555 3085 πολιορκίαν,
2586 3015 2685 3083 τὴν
2732 3012 2841 3067 τῶν
2898 3011 3197 3082 σκωλήκων
3243 3006 3446 3078 πηγὴν,
3477 3004 3568 3057 τὸν

1980 3111 2090 3163 τῶν
2119 3111 2451 3182 τραυμάτων
2506 3110 2665 3181 χορόν
2686 3126 2701 3140 ·
2739 3107 2900 3179 χορὸν
2945 3106 3053 3177 γάρ
3084 3103 3246 3159 αὐτὸν
3293 3100 3425 3171 ἐγὼ,
3475 3099 3571 3153 καὶ

1983 3207 2247 3275 στέφανον
2268 3204 2439 3270 καλῶ,
2467 3204 2560 3258 καὶ
2583 3202 2796 3275 μυρίων
2822 3202 3090 3273 βραϐείων
3106 3200 3295 3273 ἐσμόν.
3317 3198 3429 3252 Καὶ
3446 3194 3568 3248 οὐδὲ

1981 3300 2215 3355 ἐνταῦθα
2250 3300 2379 3370 ἔστη
2401 3317 2415 3330 ·
2460 3298 2577 3353 ἀλλ’
2604 3298 2799 3365 ἐπειδὴ
2823 3298 2978 3351 οὐδὲν
3028 3295 3352 3349 ὑπελείπετο
3381 3291 3569 3361 ἕτερον

1981 3398 2131 3469 αὐτῷ
2165 3398 2465 3468 μηχάνημα
2497 3394 2739 3448 τοιοῦτον
2756 3394 2854 3465 (ὡς
2872 3393 2980 3464 γάρ
3007 3393 3234 3463 ἔσχατον
3262 3391 3388 3461 ὅρον
3426 3403 3569 3457 συμ-

1980 3495 2185 3566 φορῶν,
2205 3495 2375 3558 οὕτως
2393 3493 2493 3564 τὴν
2508 3493 2662 3547 νόσον
2684 3493 2968 3563 ἐπήγαγεν
2989 3488 3250 3560 ἐκείνην),
3280 3486 3377 3541 καὶ
3400 3485 3569 3555 ἔτερα

1982 3592 2145 3647 πάλιν
2204 3591 2375 3645 ἐκίνει
2421 3591 2823 3662 μηχανήματα,
2877 3589 3113 3658 γυναῖκα
3144 3581 3401 3647 ὁπλίζων,
3440 3582 3568 3643 τοὺς

1980 3689 2167 3761 φίλους
2186 3686 2523 3759 παροξύνων,
2543 3688 2669 3749 τοὺς
2692 3685 2910 3749 οίκέτας
2932 3683 3218 3754 διεγείρων
3250 3680 3346 3735 καὶ
3366 3677 3570 3751 θηριῶ-

1979 3783 2089 3847 δεις
2119 3783 2310 3848 ποιῶν,
2341 3783 2439 3836 καὶ
2466 3782 2557 3837 διά
2584 3781 2802 3862 πάντων
2822 3780 2893 3834 τά
2914 3778 3206 3851 τραύματα
3237 3774 3564 3845 ἀκναξαίνων.

1986 3882 2052 3933 '0
2079 3879 2144 3951 δὴ
2165 3880 2260 3932 καὶ
2290 3879 2387 3933 νῦν
2415 3877 2712 3950 ἐπιχειρῶν
2740 3878 2803 3933 οὐ
2843 3876 3096 3931 παύεται·
3128 3874 3266 3928 ἀλλά
3289 3872 3429 3927 κατά
3466 3871 3570 3940 τῆς

1980 3974 2172 4028 ἐαυτοῦ
2204 3974 2466 4045 ’κεφαλῆς
2485 3992 2501 4006 ’
2544 3975 2620 4038 ὡς
2647 3973 2719 4027 τά
2752 3990 2817 4043 γε
2865 3973 3111 4043 ὑμέτερα
3148 3968 3400 4024 ἐντεῦθεν
3428 3966 3571 4038 λαμ-

1978 4071 2220 4142 πρότερα
2244 4071 2339 4125 καὶ
2382 4068 2607 4141 μείζονα
2649 4071 2743 4124 καὶ
2786 4067 3118 4140 φαιδρότερα
3162 4066 3285 4120 καθ’
3326 4064 3568 4135 ἑκάστην

1977 4157 2188 4238 γίνεται
2236 4166 2335 4238 τὴν
2368 4165 2602 4238 ἡμέραν,
2649 4166 2852 4220 πλείων
2885 4166 3016 4237 ὑμῖν
3051 4166 3081 4217 ό
3125 4162 3377 4227 πλοῦτος,
3408 4159 3567 4230 δαψι-

1978 4263 2210 4333 λεστέρα
2247 4265 2282 4333 ή
2313 4263 2573 4334 ἐμπορία,
2613 4262 2907 4335 ἐπάλληλοι
2940 4262 3036 4316 καὶ
3071 4260 3317 4331 συνεχεῖς
3351 4259 3401 4311 οί
3445 4255 3568 4310 στέ-

1980 4376 2160 4429 φανοι,
2190 4358 2360 4430 πολλὴ
2382 4359 2448 4411 δι’
2474 4360 2654 4413 αὐτῶν
2677 4358 2787 4413 τῶν
2814 4358 3002 4413 δεινῶν
3029 4357 3133 4427 τῆς
3156 4357 3409 4429 ἀνδρείας
3437 4356 3566 4425 ὑμῖν

1977 4458 2012 4528 ὴ
2043 4455 2348 4528 προσθήκη,
2382 4456 2478 4509 καὶ
2523 4456 2582 4510 αί
2610 4454 2898 4529 ἐπιϐουλαὶ
2924 4455 3032 4508 τῶν
3071 4452 3283 4525 ἐχθρῶν
3322 4451 3567 4523 ἄλειμμα

1979 4552 2215 4621 γίνονται
2244 4552 2344 4622 τῆς
2375 4552 2675 4623 καρτερίας
2703 4551 2804 4622 τῆς
2853 4534 3140 4621 ὑμετέρας.
3182 4547 3419 4618 Τοιαύτη
3454 4546 3565 4616 γὰρ

1977 4649 2077 4718 τῆς
2105 4648 2339 4714 θλίψεως
2364 4649 2397 4718 ἡ
2432 4646 2613 4716 φύσιςτ
2634 4648 2762 4711 τοὺς
2783 4648 2973 4718 πράως
2994 4647 3166 4716 αὐτὴν
3190 4647 3280 4698 καὶ
3302 4642 3567 4713 γενναίως

1979 4745 2241 4816 φέροντας
2266 4746 2569 4813 ἀνωτέρους
2598 4745 2744 4796 ποιεῖ
2771 4743 2880 4795 τῶν
2921 4741 3111 4795 δεινῶν
3130 4782 3145 4806 ,
3197 4739 3564 4811 ὑψηλοτέρους

1976 4842 2087 4896 τῶν
2120 4841 2214 4894 τοῦ
2248 4839 2492 4894 διαϐόλου
2530 4838 2701 4909 βελῶν
2722 4878 2738 4902 ,
2782 4839 2875 4892 καὶ
2910 4838 3157 4892 παιδεύει
3205 4837 3565 4908 καταφρονεῖν

1979 4938 2087 4990 τῶν
2115 4934 2438 4991 ἐπιϐουλῶν.
2476 4934 2630 4987 Ἐπεὶ
2651 4933 2748 4987 καὶ⁵
2773 4932 2843 4986 τά
2862 4933 3056 5003 δένδρα
3084 4932 3154 4986 τά
3186 4932 3286 5003 μὲν
3310 4947 3565 5001 σκιατρο-

1980 5034 2245 5105 φούμενα,
2276 5030 2635 5103 μαλακώτερα
2660 5031 2893 5097 γίνεται,
2927 5032 3024 5084 καὶ
3049 5030 3186 5101 πρὸς
3213 5028 3312 5099 τὴν
3334 5026 3564 5100 καρπῶν

1979 5130 2191 5198 γένεσιν
2225 5126 2381 5200 [578]
2415 5127 2813 5199 ἀχρηστότερα’
2851 5126 2920 5179 τά
2963 5126 3022 5178 δὲ
3066 5126 3247 5197 ἀέρων
3277 5122 3564 5195 ἀνωμαλίᾳ

1977 5226 2307 5298 ὁμιλοῦντα,
2343 5226 2437 5280 καὶ
2464 5224 2793 5295 πνευμάτων
2839 5224 3108 5296 δεχόμενα
3162 5221 3423 5295 ἐμϐολάς,
3467 5222 3565 5275 καὶ

1979 5324 2189 5395 θέρμην
2218 5323 2459 5386 ἀκτῖνος,
2488 5320 2629 5374 αὑτά
2649 5337 2711 5374 τε
2746 5322 3073 5393 ἰσχυρότερα
3098 5319 3442 5382 καθίσταται,
3467 5317 3566 5373 καὶ

1976 5422 2089 5480 τοῖς
2122 5417 2340 5488 φύλλοις
2372 5418 2540 5489 κομᾷ,
2586 5418 2679 5471 καὶ⁴
2718 5414 2795 5486 τῷ
2842 5415 3041 5489 καρπιῖ)
3094 5414 3358 5485 βρίθεται.
3406 5412 3566 5466 υῦτω

1978 5516 2072 5568 καὶ
2100 5515 2193 5570 ἐπὶ
2219 5514 2315 5584 τῆς
2349 5512 2627 5585 θαλάσσης
2656 5513 2978 5585 συμϐαίνειν
3010 5512 3220 5567 είωθεν·
3248 5514 3298 5564 οί
3329 5511 3428 5581 μὲν
3454 5509 3566 5581 γάρ

1977 5613 2193 5686 πρῶτον
2248 5612 2539 5676 ἐπιϐάντες
2586 5611 2735 5683 νηὸς,
2766 5611 2870 5665 κᾶν
2900 5610 3109 5682 σφόδρα
3137 5610 3373 5679 γενναῖοί
3415 5624 3562 5672 τινες

1976 5708 2317 5779 τυγχάνωσιν
2362 5707 2537 5774 ὄντες,
2587 5706 2692 5760 ὑπὸ
2734 5707 2834 5778 τῆς
2875 5706 3133 5779 ἀπειρίας
3167 5705 3561 5779 ταράττονται,

1979 5804 2332 5878 θορυῢῑῦνται
2359 5847 2371 5871 ,
2403 5804 2727 5869 σκοτοδίνοις
2778 5804 3006 5874 ἰλίγγοις
3058 5803 3391 5875 κατέχονται·
3423 5802 3474 5856 oi
3501 5799 3560 5856 ὸδ
