4216 6500
640 426 746 480 591

638 539 807 591 πολλὰ
839 538 1117 602 διαϐάντες
1150 538 1379 607 πελάγη,
1422 539 1516 592 καὶ
1548 538 1772 602 πολλοὺς
1810 539 2196 609 ὑπομείναντες

637 629 930 699 χειμῶνας,
959 631 1048 682 καὶ
1076 629 1311 696 ὑφάλους
1340 629 1432 682 καὶ
1465 629 1781 692 σκοπέλους,
1801 631 1896 683 καὶ
1921 630 2199 693 σπιλάδας,

642 721 736 771 καὶ
757 719 961 789 θηρίων
1001 719 1242 786 ἐφόδους,
1293 719 1386 772 καὶ
1431 718 1708 789 πειρατῶν
1755 719 2063 783 ἐπιϐουλάς,
2110 719 2204 772 καὶ

642 806 1103 868 καταποντιστῶν,
1127 807 1221 860 καὶ
1248 805 1487 875 συνεχῶν
1513 807 1872 877 ἀνασχόμενοι
1899 807 2202 877 χειμώνων,

639 894 747 947 τῶν
790 896 881 947 ἐπὶ
913 895 1016 963 γῆς
1052 895 1240 949 λοιπὸν
1285 895 1604 965 βαδιζόντων
1647 895 2086 968 θαρραλεώτερον
2115 898 2208 950 ἐπὶ

641 983 740 1052 τῆς
772 984 899 1054 νηδς
921 985 1205 1055 κάθηνται,
1240 988 1340 1040 οὐκ
1368 987 1514 1041 ἐνδον
1542 989 1691 1058 παρά
1711 990 1807 1058 τὴν
1835 990 2045 1057 τρόπιν,
2071 990 2206 1043 ἀλλά

642 1076 740 1126 καὶ
767 1076 947 1138 αὐτοῖς
978 1076 1309 1140 ἐνιζάνοντες
1348 1081 1457 1140 τοῖς
1481 1078 1678 1146 τοίχοις
1700 1077 1798 1147 τῆς
1821 1078 1968 1147 νηὸς,
1998 1080 2091 1132 καὶ
2116 1079 2207 1130 ἐπὶ

642 1162 870 1232 πρώρας
901 1167 991 1218 καὶ
1015 1167 1106 1217 ἐπὶ
1132 1165 1384 1236 πρύμνης
1402 1165 1572 1228 ἀδεῶς
1597 1167 1892 1234 ἰστάμενοι·
1919 1167 2010 1219 καὶ
2031 1168 2078 1219 οἰ
2103 1166 2208 1237 πρὸ

640 1253 829 1306 τούτου
878 1257 964 1308 ἐπ’
996 1256 1117 1325 ὄψιν
1163 1257 1299 1326 μετά
1344 1257 1544 1326 τρόμου
1591 1258 1684 1309 καί⁵
1728 1257 1894 1324 φόϐου
1929 1258 2164 1326 κείμενοι
2189 1298 2204 1321 ,

645 1343 784 1412 μετὰ
812 1345 912 1414 τὴν
941 1345 1141 1416 πολλὴν
1176 1345 1268 1399 τοῦ
1323 1346 1589 1416 χειμῶνος
1634 1347 1852 1416 πεῖραν,
1882 1348 1976 1399 καὶ
2002 1349 2208 1417 σχοῖνον

642 1433 879 1497 ἐλκουσι,
911 1437 1004 1489 καὶ
1039 1437 1179 1490 ἰστία
1210 1437 1490 1504 ἀνάγουσι,
1537 1437 1632 1490 καὶ
1681 1436 1882 1490 κωπῶν
1918 1439 2207 1503 ἀπτονται,

647 1524 739 1577 καὶ
769 1527 1042 1597 πανταχοῦ
1073 1527 1174 1597 τῆς
1202 1528 1330 1598 νηὸς
1358 1529 1496 1598 μετά
1523 1529 1770 1593 εὐκολίας
1806 1530 2206 1601 περιτρέχουσι.

645 1616 827 1685 Μηδέν
872 1619 1050 1672 τοίνυν
1089 1621 1232 1688 ὑμᾶς
1278 1619 1572 1690 θορυϐείτω
1617 1621 1729 1673 τῶν
1770 1622 2207 1690 συμπιπτόντων.

643 1704 742 1768 Εἰς
769 1705 924 1758 τοῦτο
961 1706 1068 1778 γάρ
1097 1709 1243 1776 ἡμᾶς
1283 1708 1622 1779 κατέστησαν
1649 1709 1699 1762 οί
1740 1708 1926 1779 ἐχθροὶ
1963 1711 2209 1775 ἄκοντες,

646 1796 726 1858 είς
741 1795 803 1848 τὸ
820 1796 894 1866 μή
913 1796 1176 1851 δύνασθαι
1201 1797 1384 1860 κακῶς
1404 1798 1599 1851 παθεῖν
1617 1799 1791 1852 πάντα
1815 1799 1914 1871 μέν
1930 1800 2108 1854 αὐτῶν
2130 1819 2213 1855 κε-

646 1884 917 1947 νώσαντες
935 1883 1004 1937 τά
1021 1884 1171 1955 βέλη,
1195 1885 1348 1939 οὐδέν
1371 1884 1427 1938 δέ
1445 1885 1605 1939 πλέον
1627 1887 1875 1941 ἐντεῦθεν
1894 1889 2212 1953 ἀνύσαντες,

648 1971 682 2042 ἢ
702 1973 762 2026 τδ
785 1976 1258 2044 καταισχύνεσθαι,
1276 1976 1369 2029 καὶ
1386 1976 1666 2043 γελᾶσθαι,
1691 1978 1784 2032 καὶ
1798 1978 1987 2049 ὥσπερ
2003 1980 2214 2042 κοινοὺς

644 2064 747 2133 τῆς
773 2066 1096 2138 οἰκουμένης
1120 2068 1526 2139 ἐχθροῦς,οὐτω
1551 2069 1827 2139 πανταχοῦ
1852 2070 2139 2140 φαίνεσθαι
2161 2082 2211 2122 ι.

648 2153 833 2209 Ταῦτα
861 2158 968 2210 τῶν
993 2156 1445 2214 ἐπιϐουλευόντων
1493 2160 1560 2212 τά
1590 2159 1840 2230 ἐπίχειρα
1859 2199 1874 2221 ,
1917 2159 2075 2213 τοῦτο
2105 2159 2215 2213 τῶν

648 2243 899 2315 πολέμων
928 2246 989 2300 τὸ
1032 2247 1204 2310 τέλος.
1241 2249 1436 2313 Βαϐαὶ,
1486 2248 1716 2318 πηλίκον
1757 2249 1904 2302 ἐστὶν
1950 2250 1984 2319 ἡ
2014 2249 2215 2320 ἀρετὴ,

650 2336 746 2388 καὶ
773 2334 880 2388 τῶν
914 2337 1196 2406 παρόντων
1219 2338 1488 2409 ὑπεροψία
1515 2339 1873 2409 πραγμάτων·
1896 2339 1962 2392 δι’
1993 2341 2217 2394 ἐπιϐου·

652 2412 763 2477 λῶν
783 2425 1072 2494 κερδαίνει,
1103 2427 1191 2480 διὰ
1216 2427 1325 2481 τῶν
1352 2427 1806 2486 ἐπιϐουλευόντων
1841 2427 2216 2496 στεφανοῦται,

649 2513 738 2569 διά
759 2515 868 2569 τῶν
915 2517 1097 2580 κακῶς
1124 2518 1418 2572 ποιούντων
1467 2518 1760 2588 διαλάμπει
1804 2519 2064 2588 μειζόνως
2089 2559 2104 2582 ,
2132 2520 2220 2573 διὰ

650 2601 760 2656 τῶν
787 2603 1065 2675 ἐπισύρειν
1083 2606 1500 2677 ἐπιχειρούντων
1523 2607 1902 2678 ἰσχυροτέρους
1932 2610 2075 2660 ποιεί
2094 2610 2220 2672 τούς

655 2690 931 2759 μετιόντας
960 2692 1148 2762 αὐτὴν,
1187 2693 1570 2765 ὑψηλοτέρους,
1603 2693 1957 2765 ἀχειρώτους,
2007 2695 2219 2750 ἀναλώ-

649 2797 797 2847 τους,
832 2785 929 2853 οὐχ
961 2785 1161 2850 δπλων,
1193 2786 1254 2837 οὐ
1286 2786 1528 2857 δοράτων
1556 2786 1876 2856 δεομένους,
1907 2788 1968 2840 οὐ
2001 2789 2219 2857 τειχῶν,

652 2874 713 2926 οὐ
741 2875 982 2946 τάφρων,
1003 2876 1063 2930 οὐ
1095 2877 1339 2948 πύργων,
1369 2877 1431 2931 οὐ
1470 2876 1788 2948 χρημάτων,
1821 2878 1882 2930 οὐ
1918 2880 2220 2950 στρατοπέ-

653 2959 779 3024 δων,
814 2963 948 3016 ἀλλά
974 2964 1204 3034 γνώμης
1231 2966 1465 3036 στερρᾶς
1485 2965 1667 3034 μόνον,
1700 2966 1796 3018 καὶ
1820 2967 2222 3038 ἀπεριτρέπτου

653 3051 849 3123 ψυχῆς,
875 3054 968 3106 καί
994 3057 1173 3108 πᾶσαν
1203 3053 1549 3126 ἀνθρωπίνην
1570 3054 1860 3127 ἐπιϐουλήν
1884 3056 2116 3128 ἐλέγχει.

721 3143 787 3213 β’.
802 3144 986 3210 Ταῦτα
999 3141 1379 3209 οὗν,δέσποινά
1399 3162 1500 3216 μου
1519 3145 1926 3218 θεοφιλεστάτη,
1943 3150 2037 3202 καὶ
2054 3152 2222 3222 σαυτῇ

657 3237 751 3290 καὶ
781 3239 902 3301 ταῖς
936 3237 1073 3308 μετά
1094 3259 1101 3265 ·
1120 3235 1214 3291 σοῦ
1259 3237 1350 3290 τὸν
1387 3237 1547 3290 καλὸν
1576 3237 1765 3291 τοῦτον
1796 3239 1986 3307 ἀγῶνα
2023 3241 2225 3310 ἀγωνι-

656 3325 907 3400 ζομέναις
938 3329 1234 3399 ἐπᾴδουσα,
1269 3329 1460 3399 ἀνίστη
1499 3329 1527 3369 δ
1559 3328 1628 3381 τά
1661 3331 1984 3404 φρονήματα
2014 3333 2223 3396 πασῶν,

663 3415 1036 3494 συγκροτοῦσα
1080 3437 1173 3474 σου
1217 3419 1312 3490 τὴν
1361 3420 1684 3493 παράταξιν,
1717 3421 1856 3475 ὥστε
1887 3422 2106 3476 διπλοῦν
2135 3425 2244 3476 καὶ.

661 3508 922 3581 τριπλοῦν
955 3508 1048 3562 καὶ
1078 3507 1510 3562 πολλαπλασίονα
1559 3510 1810 3578 γενέσθαι
1863 3527 1944 3562 σοι
1979 3511 2068 3564 τὸν
2100 3514 2227 3564 στέ-

658 3614 826 3669 φανον
861 3597 959 3669 τῆς
993 3597 1214 3668 ἀρετῆς,
1259 3597 1325 3652 δι’
1363 3590 1438 3652 ῶν
1478 3614 1538 3650 τε
1579 3598 1716 3669 αὐτὴ
1755 3599 2017 3668 πάσχεις,
2057 3600 2122 3652 δι’
2151 3594 2229 3655 ὧν

657 3703 719 3740 τε
756 3687 947 3758 ἐτέρας
965 3699 995 3740 ο,
1029 3690 1108 3753 εἰς
1146 3687 1318 3742 ταῦτα
1353 3688 1587 3755 ἐνάγεις·
1618 3691 1714 3743 καὶ
1741 3689 2000 3744 πείθουσα
2045 3692 2230 3748 πάντα

661 3778 853 3848 πράως
877 3779 1084 3847 φέρειν,
1116 3779 1210 3832 καὶ
1245 3779 1526 3853 ὐπερορᾷν.
1551 3780 1659 3834 τῶν
1687 3778 1885 3844 σκιῶν,
1921 3783 2016 3835 καὶ
2064 3800 2230 3836 κατα-

661 3868 878 3936 φρονεῖν
919 3867 1016 3936 τῆς
1042 3866 1150 3920 τῶν
1173 3867 1461 3937 ὀνειράτων
1489 3868 1726 3940 ἀπάτης,
1764 3871 1858 3922 καὶ
1889 3874 2225 3925 καταπατεῖν

661 3956 753 4008 τὸν
785 3957 974 4026 πηλὸν,
1007 3956 1216 4010 καὶτοῦ
1245 3957 1452 4010 καπνοῦ
1497 3957 1701 4028 μηδένα
1749 3959 2020 4012 ποιεῖσθαι
2052 3958 2234 4029 λόγον,

664 4048 761 4102 καὶ
796 4048 895 4111 τὰς
937 4049 1177 4119 ἀράχνας
1225 4049 1300 4119 μὴ
1334 4049 1574 4117 νομίζειν
1626 4050 1754 4118 ὑμῖν
1789 4048 2097 4118 διενοχλεῖν,
2143 4051 2237 4103 καὶ

664 4119 1030 4213 παρατρέχειν
1047 4140 1137 4193 τὸν
1155 4140 1455 4210 σηπόμενον
1475 4140 1683 4211 χόρτον.
1696 4139 1883 4194 Ταῦτα
1899 4140 2004 4210 γάρ
2020 4139 2236 4194 ἅπαντα

662 4235 762 4302 τῆς
791 4232 1138 4303 ἀνθρωπίνης
1173 4231 1473 4303 εὐημερίας
1497 4233 1530 4301 ή
1562 4231 1881 4302 ματαιότης,
1913 4230 2235 4286 καὶτούτων

665 4325 720 4378 δέ
754 4324 1124 4394 εὐτελέστερα.
1163 4325 1273 4376 Καὶ
1312 4323 1412 4376 οὐκ
1448 4323 1514 4378 ἀν
1542 4341 1626 4387 τις
1656 4323 1853 4393 ῥᾳδίως
1876 4323 2058 4376 εἰκόνα
2085 4322 2234 4394 εὕροι

665 4415 904 4486 ἀκριϐῶς
933 4415 1100 4485 αὐτῆς
1141 4415 1238 4486 τὴν
1276 4417 1614 4486 ματαιότητα
1657 4414 2028 4486 παριστῶσαν.
2081 4416 2236 4469 Μετά

669 4504 778 4575 γάρ
809 4504 906 4574 τῆς
933 4505 1203 4568 οὐδενείας
1232 4505 1435 4576 ταύτης
1463 4506 1524 4558 οὐ
1552 4504 1753 4574 μικρὰν
1777 4504 1932 4573 φέρει
1965 4504 2059 4557 καὶ
2083 4504 2233 4577 [579]

673 4595 874 4667 βλάϐην
889 4599 1001 4658 τοῖς
1018 4596 1152 4665 πρὸς
1178 4595 1318 4648 αὐτά
1330 4593 1356 4631 ά
1384 4595 1689 4664 κεχηνόσιν,
1706 4595 1804 4646 οὐκ
1822 4595 1879 4646 ἐν
1894 4593 1971 4663 τῷ
1995 4594 2239 4664 μέλλοντι

674 4686 832 4755 μόνον
859 4686 1036 4750 αἰῶνι,
1071 4686 1205 4740 ἀλλά
1234 4686 1327 4740 καὶ
1357 4687 1416 4738 ἐν
1453 4684 1533 4754 τῷ
1560 4685 1784 4755 παρόντι
1814 4683 1935 4754 βίῳ,
1972 4686 2066 4737 καὶ
2101 4687 2241 4740 κατά

674 4775 872 4839 ταύτας
900 4777 996 4840 τάς
1018 4775 1252 4847 ἡμέρας,
1280 4777 1336 4829 ἐν
1363 4771 1450 4839 αἷς
1461 4775 1709 4829 δοκοῦσιν
1733 4775 1922 4838 αὑταῖς
1945 4777 2236 4847 ἐντρυφᾷν.

673 4869 938 4940 Καθάπερ
958 4869 1066 4938 γάρ
1092 4870 1124 4939 ἡ
1150 4867 1340 4939 ἀρετὴ,
1363 4867 1454 4921 καὶ
1474 4867 1593 4920 κατ’
1611 4867 1772 4920 αὐτὸν
1793 4867 1882 4919 τὸν
1905 4867 2095 4937 καιρὸν
2117 4868 2241 4923 καθ’

670 4962 730 5014 ὃν
761 4961 1100 5030 πολεμεῖται,
1131 4963 1325 5030 σκιρτᾷ
1344 4961 1436 5014 καὶ
1462 4959 1663 5020 θάλλει,
1682 4960 1774 5012 καὶ
1792 4960 2116 5032 φαιδροτέρα
2132 4962 2241 5016 δεί-

674 5069 884 5107 κνυται·
911 5053 1054 5106 οὕτω
1082 5054 1222 5122 καὶή
1251 5053 1437 5116 κακία,
1471 5053 1562 5104 καὶ
1589 5053 1707 5105 κατ’
1738 5053 1901 5106 αὐτὸν
1930 5055 2020 5106 τὸν
2050 5055 2242 5126 καιρὸν

678 5146 799 5200 καθ’
828 5146 886 5198 δν
917 5145 1275 5216 θεραπεύεται
1303 5145 1395 5198 καὶ
1433 5143 1808 5208 κολακεύεται,
1836 5146 2105 5201 δείκνυσιν
2147 5147 2244 5200 αὑ-

674 5243 775 5312 τῆς
803 5240 900 5311 τὴν
929 5239 1234 5302 ἀσθένειαν,
1271 5238 1366 5291 καὶ
1397 5238 1486 5290 τὸν
1530 5236 1696 5290 πολὺν
1731 5236 1974 5301 γέλωτα,
2019 5239 2112 5292 καὶ
2146 5238 2244 5309 τὴν

675 5335 880 5401 ἄφατον
937 5327 1252 5398 κωμῳδίαν.
1303 5327 1367 5378 Τί
1424 5325 1568 5396 γάρ,
1629 5324 1751 5377 εἰπὲ
1801 5341 1915 5393 μοι,
1964 5324 2056 5377 τοῦ
2105 5326 2245 5378 Κάῖν

676 5423 1028 5494 ἐλεεινότερον
1057 5420 1269 5491 γέγονε,
1297 5420 1394 5472 καὶ
1426 5419 1547 5472 κατ’
1580 5418 1740 5472 αὑτὸν
1767 5418 1859 5471 τδν
1887 5417 2099 5487 καιρὸν,
2125 5417 2243 5471 καθ’

739 5586 765 5656 ξ
790 5584 1034 5656 Quoumss.
1061 5579 1302 5656 πανταχοῦ
1324 5581 1609 5643 φονεύεσθαι.

743 5644 772 5686 δ
797 5647 945 5710 Savil.
965 5645 1089 5710 conj.
1105 5644 1289 5710 ἀνίστα.

744 5710 771 5769 ⁸-
795 5709 942 5756 Iidem
969 5708 1168 5769 ἐτέρους.
1199 5708 1213 5769 '_
1290 5764 1319 5769 ῃ
1391 5763 1402 5769 _
1608 5763 1620 5769 _
1859 5763 1876 5769 _
1974 5761 1990 5769 _

746 5767 773 5807 ό
802 5769 945 5816 [idem
965 5761 1078 5829 προς
1100 5765 1260 5829 αὐτήν.
1289 5763 1438 5829 l_’_a_I_Ilo
1461 5763 1685 5829 msl_duu
1708 5777 1818 5812 mss.
1856 5761 2072 5810 δοκοῦσι-ί
2102 5761 2183 5809 αὐι
2197 5769 2252 5819 ῆς

689 5835 926 5894 έντρνφᾷν,
951 5825 1075 5877 udus
1099 5826 1256 5882 αὐτοῖς
1301 5825 1425 5875 Edit.
1451 5825 1624 5878 αὐταῖς.

1303 425 1363 480 8.
1399 423 1679 480 JOANNIS
1714 422 2200 481 CHRYSOSTOII
2236 423 2551 482 ABCIIIEP.
2587 419 3127 481 CONSTANTiNOP.
3762 425 3868 480 2:98

2307 541 2366 594 δν
2399 539 2571 594 ἐδόκει
2597 540 2819 610 κρατεῖν
2845 537 2939 591 τοῦ
2965 537 3217 602 ἀδελφοῦ,
3251 535 3344 588 καὶ
3375 533 3828 604 περιγεγενῆσθαι
3850 572 3866 593 ,

2307 636 2400 688 καὶ
2426 634 2520 687 τοῦ
2553 633 2725 703 θυμοῦ
2755 635 2849 687 καὶ
2876 637 2975 702 τῆς
2998 632 3166 701 ὀργῆς
3187 626 3621 700 ἐμπεφορῆσθαι,
3652 627 3870 696 ἐκείνης

2305 730 2408 800 τῆς
2444 729 2630 784 ἀδίκου
2664 731 2758 782 καὶ
2791 730 3067 799 μυσαρᾶςι
3120 726 3172 779 τί
3219 725 3274 778 δὲ
3312 725 3412 793 τῆς
3443 722 3619 788 δεξιᾶς
3655 723 3870 789 ἐκείνης

2307 825 2761 897 ἀκαθαρτότερον,
2785 829 2883 895 τῆς
2897 823 3159 892 δοκούσης
3176 819 3534 891 νενικηκέναι,
3556 819 3652 888 τῆς
3666 815 3868 881 δεξιᾶς.

2307 922 2341 991 ἢ
2370 921 2466 992 τήν
2501 921 2710 991 πληγὴν
2735 921 3034 990 ἐπήγαγεν,
3085 917 3178 970 καὶ
3212 915 3305 968 τὸν
3338 916 3496 982 φόνον
3539 911 3834 981 εἰργάσατο
3854 947 3872 972 .

2309 1019 2400 1072 καὶ
2431 1018 2530 1087 τῆς
2554 1018 2834 1087 αἰσχίστης
2859 1015 3123 1084 γλώττης,
3157 1012 3192 1083 ἢ
3219 1012 3308 1064 τὸν
3330 1011 3478 1064 δόλον
3520 1009 3744 1080 ἐρῤαψε,
3776 1007 3874 1059 καὶ

2307 1113 2374 1166 τά
2401 1113 2590 1167 δίκτυα
2603 1113 2853 1184 ἥπλωσεν
2873 1128 2888 1176 ;
2918 1111 3026 1165 Καὶ
3041 1110 3092 1163 τί
3113 1109 3254 1175 λέγω
3273 1105 3343 1158 τά
3363 1105 3496 1176 μέλη
3511 1107 3580 1158 τά
3601 1104 3692 1157 τὸν
3711 1103 3876 1172 φόνον

2311 1208 2690 1278 ἐργασάμενας
2734 1208 2842 1260 Καὶ
2880 1206 2988 1276 γὰρ
3014 1205 3133 1258 ὅλον
3161 1204 3220 1257 τὸ
3255 1203 3414 1274 σῶμα
3454 1199 3760 1263 ἐκολάζετο,
3793 1195 3876 1269 τῷ

2313 1303 2620 1372 στεναγμῷ,
2637 1301 2714 1372 τῷ
2745 1301 2932 1373 τρόμῳ
2959 1300 3221 1370 διηνεκῶς
3242 1297 3564 1368 παραδοθὲν.
3587 1297 3653 1348 Ὦ
3673 1293 3876 1349 καινῶν

2310 1398 2682 1467 πραγμάτωνί
2715 1396 2759 1449 ῶ
2783 1395 3085 1466 παραδόξου
3127 1395 3311 1464 νίκηςί
3333 1392 3378 1446 ῶ
3400 1392 3552 1459 ξένου
3591 1389 3877 1459 τροπαίουί

2323 1493 2380 1546 '0
2415 1495 2511 1564 μέν
2533 1494 2760 1561 σφαγεὶς
2792 1493 2886 1544 καὶ
2911 1491 3102 1563 νεκρὸς
3123 1490 3373 1562 κείμενος
3405 1487 3764 1558 ἐστεφανοῦτο
3784 1486 3879 1539 καὶ

2311 1589 2726 1660 ἀνεκηρύττετο·
2749 1591 2777 1644 ό
2795 1588 2851 1641 δέ
2881 1589 3106 1659 νικήσας
3132 1587 3224 1640 καὶ
3257 1584 3646 1657 περιγεγονὼς,
3679 1583 3740 1636 οὐ
3783 1579 3878 1651 μό-

2311 1702 2400 1738 νον
2440 1685 2816 1754 ἀστεφάνωτος
2861 1683 3050 1754 ἐμενεν
3091 1694 3138 1748 ο,
3187 1682 3321 1736 ἀλλὰ
3375 1681 3442 1734 m'
3476 1680 3607 1732 αὐτὸ
3649 1677 3747 1748 μὲν
3784 1668 3880 1729 οὖν

2311 1781 2467 1853 τοῦτο
2485 1781 2793 1846 ἐκολάζετο,
2817 1780 2911 1833 καὶ
2927 1780 3220 1850 ἀφορήτοις
3239 1776 3553 1850 παρεδίδοτο
3564 1773 3878 1845 τιμωρίαις,

2312 1879 2406 1949 καὶ
2426 1877 2662 1947 διηνεκεῖ
2689 1875 2924 1946 βασάνῳ·
2958 1877 3048 1928 καὶ
3076 1872 3171 1927 τοῦ
3205 1871 3523 1943 κινουμένου
3555 1871 3648 1924 καὶ
3680 1869 3882 1933 ζῶντος

2313 1974 2408 2027 καὶ
2433 1973 2801 2044 φθεγγομένου
2836 1974 2865 2026 δ
2893 1969 3189 2040 πεπληγὼς
3221 1970 3315 2024 καὶ
3360 1967 3614 2033 τεθνεὼς,
3663 1965 3756 2020 καὶ
3786 1961 3883 2018 τοῦ

2316 2071 2686 2142 φθεγγομένου
2722 2074 2751 2124 ό
2791 2069 3004 2140 ἄφωνος
3038 2069 3354 2139 κατηγόρει·
3392 2065 3594 2136 μᾶλλον
3621 2063 3677 2117 δέ
3705 2059 3829 2115 οὐδδ
3854 2061 3886 2112 δ

2313 2145 2576 2233 τεθνεὼς,
2605 2167 2742 2220 άλλά
2765 2165 2828 2219 τδ
2861 2166 2958 2236 μὲν
2991 2157 3130 2233 αἷμα
3158 2162 3336 2232 ψιλὸν,
3370 2161 3465 2214 καὶ
3499 2157 3593 2212 τοῦ
3629 2156 3888 2226 σώματος

2315 2262 2604 2333 χωρισθέν,
2623 2263 2857 2332 ἢρκεσεν
2888 2262 2966 2322 εἰς
2993 2258 3151 2312 τοῦτο
3169 2257 3350 2328 μόνον.
3371 2252 3619 2324 Τοσαύτη
3647 2252 3756 2305 τῶν
3802 2249 3881 2303 ἐν-

2315 2376 2349 2412 α
2357 2358 2528 2429 ρέτων
2553 2359 2586 2426 ή
2612 2355 2923 2426 περιουσία,
2943 2355 3036 2408 καὶ⁵
3055 2352 3512 2422 τελευτησάντων·
3531 2343 3888 2415 τοσαύτητῶν

2318 2451 2568 2522 πονηρῶν
2605 2452 2638 2521 ὴ
2675 2450 2947 2520 ἀθλιότης,
2978 2449 3072 2502 καὶ
3095 2446 3331 2512 ζώντων.
3359 2446 3422 2498 Εἰ
3443 2443 3500 2497 δέ
3518 2444 3576 2496 ἐν
3599 2440 3679 2510 τῷ
3709 2439 3887 2510 σκάμο

2321 2565 2447 2619 ματι
2479 2546 2703 2600 τοιαῦτα
2729 2545 2797 2599 τά
2825 2542 3072 2616 βραδεῖα,
3089 2542 3342 2610 ἐννόησον
3363 2540 3499 2610 μετά
3520 2538 3646 2601 τούς
3672 2535 3890 2604 ἀγῶνας

2319 2643 2500 2713 ήλίκαι
2532 2643 2586 2695 αἰ
2618 2640 2865 2710 ἀμοιϐαὶ,
2901 2641 2958 2693 ἐν
2989 2637 3069 2708 τῷ
3103 2634 3282 2706 καιρῷ
3312 2635 3413 2706 τῆς
3455 2631 3800 2694 ἀντιδόσεως,
3830 2629 3892 2682 ἐν

2318 2740 2383 2806 τῇ
2420 2737 2651 2807 χορηγία
2672 2735 2780 2788 τῶν
2804 2733 3025 2802 ἀγαθῶν
3040 2733 3285 2793 ἐκείνων,
3300 2729 3408 2784 τῶν
3425 2727 3605 2782 πάντα
3625 2723 3892 2797 ὑπερϐαιο

2317 2833 2516 2886 νόντων
2549 2830 2726 2900 λόγον.
2755 2830 2836 2884 Τά
2864 2830 2964 2900 μέν
2993 2828 3102 2898 γὰρ
3135 2825 3385 2896 λυπηρά,
3417 2819 3509 2878 οἷα
3540 2823 3607 2877 ἀν
3696 2862 3712 2886 ,
3743 2818 3892 2892 παρά

2319 2927 2625 3000 ἀνθρώπων
2659 2927 2946 2992 ἐπάγεται,
2974 2925 3070 2977 καὶ
3110 2924 3355 2992 μιμεῖται
3390 2919 3498 2972 τῶν
3525 2916 3894 2986 ἐπιφερόντων

2320 3023 2418 3095 τὴν
2442 3024 2738 3078 εὐτέλειαν·
2778 3021 2847 3074 τά
2876 3020 2932 3073 δέ
2957 3018 3106 3090 δῶρα
3140 3016 3234 3070 καὶ
3260 3017 3316 3070 αἰ
3355 3013 3582 3084 ἀμοιϐαὶ
3614 3011 3765 3081 παρὰ
3796 3009 3894 3064 τοῦ

2321 3121 2456 3176 Θεοῦ
2490 3121 2745 3176 δίδονται·
2771 3117 2850 3171 διὸ
2881 3115 2977 3170 καὶ
3003 3112 3230 3167 τοιαῦτά
3261 3113 3432 3175 ἐστιν,
3462 3104 3550 3163 οἷα
3568 3107 3716 3171 εἰκὸς
3743 3106 3896 3177 παρά

2321 3189 2658 3288 τῆς-ἀφάτου
2683 3214 2894 3286 δωρεάς
2934 3210 3147 3278 ἐκείνης
3181 3208 3454 3278 διδόμενα.
3509 3203 3682 3274 Χαῖρε
3717 3200 3896 3256 τοίνυν

2323 3314 2419 3369 καὶ
2470 3313 2764 3382 εὐφραίνου
2791 3349 2807 3374 ,
2844 3304 3346 3376 στεφανηφοροῦσα,
3384 3299 3743 3372 πομπεύουσα
3765 3337 3778 3358 .
3828 3295 3899 3352 τά

2324 3411 2525 3482 κέντρα
2555 3409 2664 3462 τῶν
2710 3405 2919 3478 ἐχθρῶν
2949 3400 3341 3458 καταπατοῦσα
3379 3396 3599 3469 μᾶλλον,
3649 3396 3683 3466 ἢ
3731 3393 3898 3465 πηλὸν

2323 3505 2522 3576 ῑτεροι.
2546 3506 2658 3559 Καὶ
2681 3503 2842 3574 δήλου
2868 3497 3106 3570 συνεχῶς
3138 3499 3274 3568 ἡμῖν
3301 3493 3371 3548 τά
3402 3493 3532 3564 περὶ
3556 3492 3656 3562 τῆς
3689 3491 3899 3558 ὑγιείας

2327 3619 2444 3668 σου,
2478 3603 2565 3655 ῖνα
2592 3600 2686 3654 καὶ
2713 3596 2963 3650 ἐντεῦθεν
2993 3591 3192 3662 πολλὴν
3219 3586 3645 3661 καρπωσώμεθα
3677 3589 3776 3658 τὴν
3811 3587 3900 3641 εὑ·

2327 3697 2624 3769 φροσύνην.
2659 3689 2834 3746 υἰσθα
2856 3691 2966 3762 γάρ
2995 3687 3152 3752 ώςόὐ
3183 3685 3352 3757 μικρά
3380 3687 3514 3756 ήμῖν
3542 3683 3697 3736 ἐσται
3721 3698 3900 3753 παρα·

2332 3792 2520 3864 μυθία,
2553 3791 2644 3844 καὶ
2667 3790 2725 3842 ἐν
2759 3785 2961 3856 ἐρημία
2985 3780 3336 3852 καθημένοις,
3363 3779 3494 3832 ὅταν
3516 3776 3755 3848 συνεχῶς
3779 3792 3904 3847 μαν-

2330 3888 2580 3957 θάνωμεν
2604 3883 2732 3953 περὶ
2758 3883 2856 3952 τῆς
2912 3878 3130 3950 ῥώσεως
3149 3876 3247 3947 τῆς
3278 3875 3398 3945 σῆς.
3429 3873 3702 3944 Ἐρῤωσο.

2574 4028 2578 4032 ·
2639 4012 2794 4078 Πρὸς
2819 4003 2935 4075 τὴν
2950 4005 3146 4073 αὐτὴν
3169 4002 3465 4072 ἐπιστολὴ
3498 3997 3594 4064 εἷ’.

2403 4154 2473 4202 α’.
2501 4146 2619 4199 Ἀπ’
2641 4143 2821 4197 αὐτῶν
2841 4140 3043 4204 ἀναϐάς
3060 4139 3167 4193 τῶν
3191 4137 3285 4193 τοῦ
3307 4138 3538 4192 θανάτου
3560 4134 3764 4200 πυλῶν,
3786 4135 3911 4190 ταῦ-

2331 4267 2400 4303 τα
2415 4245 2712 4302 ἐπιστέλλοι
2735 4243 2868 4314 πρὸς
2883 4242 2980 4312 τὴν
3001 4241 3099 4310 σὴν
3116 4239 3451 4310 κοσμιότητα
3466 4253 3480 4268 ·
3497 4237 3577 4290 διὸ
3594 4237 3689 4290 καὶ
3703 4235 3910 4307 σφόδρα

2331 4350 2529 4421 ἥσθην,
2546 4347 2628 4400 ὅτι
2653 4342 2748 4398 νῦν
2773 4343 3151 4411 ἀπηντήκασιν
3171 4340 3219 4391 οἰ
3242 4338 3430 4402 παῖδες
3447 4338 3527 4399 εἰς
3544 4333 3910 4408 λιμένα

2332 4449 2522 4503 λοιπὸν
2538 4445 2855 4518 όρμίζουσιν
2875 4445 3026 4513 ήμῖν.
3042 4441 3104 4494 Εἰ
3125 4439 3235 4510 γάρ
3255 4438 3498 4508 πελαγίῳ
3521 4455 3612 4508 μοι
3635 4435 3914 4490 σαλεύοντι

2337 4549 2438 4614 ἐτι,
2470 4548 2561 4600 καὶ
2593 4544 2662 4597 τά
2711 4541 2923 4614 χαλεπὰ
2959 4543 3056 4612 τῆς
3094 4538 3403 4612 ἀρρωστίας
3441 4537 3782 4607 ἐκδεχομένῳ
3816 4533 3915 4589 κύ·

2340 4666 2487 4721 ματα
2518 4647 2878 4716 συνήντησαν,
2915 4642 3034 4696 οὐδὲ
3074 4641 3351 4712 ἀπατῆσαί
3389 4658 3479 4712 μοι
3510 4639 3690 4711 ῥᾴδιον
3715 4633 3786 4708 ἦν
3817 4636 3914 4710 τὴν

2340 4750 2442 4820 σὴν
2475 4746 2780 4808 εὐλάϐειαν,
2806 4740 3018 4815 χρηστά
3045 4741 3166 4794 ἀντὶ
3191 4739 3466 4809 δυσχερῶν
3496 4737 3912 4808 ἀπαγγέλλοντι.

2339 4849 2454 4904 Καὶ
2486 4847 2593 4919 γάρ
2627 4847 2656 4899 ό
2703 4843 2908 4915 χειμὼν
2948 4843 3040 4895 τοῦ
3076 4842 3337 4911 συνήθους
3363 4839 3655 4910 γενόμενος
3690 4836 3916 4909 σφοδρό-

2339 4969 2520 5021 τερος,
2555 4946 2931 5019 χαλεπώτερον
2965 4945 3095 5014 ἡμῖν
3129 4941 3222 4995 καὶ
3254 4941 3342 4994 τοῦ
3383 4941 3652 5010 στομάχου
3685 4938 3774 4992 τὸν
3803 4956 3918 5009 χει-

2345 5050 2503 5123 μῶνα
2530 5050 2803 5118 ἐπήγαγε·
2832 5048 2924 5098 καὶ
2973 5042 3182 5114 νεκρῶν
3224 5041 3375 5095 οὐδὲν
3413 5041 3634 5110 ἄμεινον
3665 5040 3790 5103 τοὺς
3823 5038 3918 5092 δύο

2341 5151 2626 5206 διετέλεσα
2660 5147 2831 5216 μῆνας
2851 5144 3094 5209 τούτους,
3114 5141 3249 5196 ἀλλὰ
3273 5142 3368 5195 καὶ
3393 5139 3794 5211 χαλεπιίιτερον.
3817 5140 3916 5193 Το-

2343 5256 2537 5309 σοῦτον
2567 5251 2675 5320 γάρ
2708 5248 2870 5313 ἐζων,
2906 5247 3028 5300 ὅσον
3061 5243 3484 5298 ἐπαισθάνεσθαι
3512 5244 3619 5298 τῶν
3656 5243 3916 5299 πάντοθεν

2343 5354 2691 5413 κυκλούντων
2725 5369 2791 5421 με
2829 5348 3044 5412 δεινῶν,
3075 5348 3168 5401 καὶ
3218 5346 3394 5400 πάντα
3426 5363 3516 5417 μοι
3545 5347 3641 5414 νῦξ
3684 5343 3781 5417 ἦν,
3823 5349 3917 5399 καὶ

2343 5457 2553 5526 ἡμέρα,
2576 5452 2670 5506 καὶ
2695 5451 2908 5522 ὄρθρος,
2933 5449 3028 5502 καὶ
3060 5445 3375 5518 μεσημϐρία
3411 5446 3574 5518 μέση,
3607 5446 3701 5500 καὶ
3725 5445 3914 5516 διημέ-

2355 5576 2507 5630 ρευον
2540 5557 2607 5624 τῇ
2652 5553 2806 5622 κλίνη
2848 5548 3295 5621 προσηλωμένος·
3333 5549 3426 5602 καὶ
3463 5547 3633 5618 μυρία
3665 5545 3917 5617 μηχανώ-

2357 5675 2536 5730 μενος,
2570 5655 2669 5708 οὐκ
2701 5655 2878 5722 ἴσχυον
2909 5651 3004 5719 τήν
3035 5652 3097 5701 ἐκ
3128 5648 3220 5700 τοῦ
3252 5647 3460 5718 κρ·›μοῦ
3499 5645 3701 5716 βλάϐην
3732 5647 3920 5699 amtt-

2421 5812 2441 5840 τ
2473 5809 2576 5859 Ι)υο
2599 5819 2695 5854 mss
2739 5801 3232 5864 ἀσιεφόνωιοεὸπῄιο.
