4172 6482
305 426 406 482 597
1776 411 2152 470 EPISTOLE.

303 539 458 600 dunt,
502 531 715 588 tametsi
757 531 1042 588 admodum
1083 531 1284 587 strenui
1330 530 1470 596 sint,
1502 528 1572 584 ob
1613 525 1892 596 navigandi

304 626 646 682 insolentiam
677 625 1054 696 perturbantur
1077 667 1095 693 ,
1125 624 1533 688 tumultuantur,
1563 621 1893 677 tenebricosa

305 717 564 786 vertigine
594 717 990 786 corripiuntur:
1033 725 1088 769 at
1112 715 1201 785 qui
1230 714 1394 770 multa
1442 713 1604 767 maria
1642 725 1893 780 peragra-

305 816 446 868 rnnt,
470 821 536 861 ac
565 807 756 861 multas
788 813 1148 873 tempestates,
1171 814 1228 860 et
1261 818 1389 858 saxa
1418 804 1630 858 latentia
1661 802 1760 855 sub
1790 817 1892 854 nn-

303 897 407 963 dis,
434 905 488 950 et
518 895 786 966 scapulas,
822 905 874 949 et
903 895 1199 950 belluarum
1227 893 1477 962 impetus,
1506 902 1559 947 et
1586 891 1894 960 pra'donum

304 1001 366 1043 ac
407 987 702 1056 piratarum
750 985 966 1040 insidias
992 983 1343 1054 pertulerunt,
1373 991 1428 1038 et
1457 982 1738 1038 continuas
1771 997 1892 1048 pro-

303 1079 470 1135 cellas
499 1078 887 1144 sustinuerunt,
915 1076 1191 1130 fidentiore
1217 1076 1468 1145 deinceps
1493 1075 1694 1138 animo,
1731 1089 1893 1142 quam

305 1169 391 1238 qui
417 1167 474 1222 in
496 1176 639 1222 terra
659 1165 953 1229 ambulant,
983 1165 1037 1220 in
1065 1167 1182 1218 navi
1205 1164 1414 1230 scient,
1445 1179 1550 1218 non
1573 1164 1717 1219 intus
1743 1164 1896 1216 ιΙυιιιο

308 1269 450 1313 taxat
486 1258 555 1313 ad
583 1257 842 1322 carinam,
882 1256 976 1311 sed
1003 1257 1162 1311 etiam
1196 1257 1248 1311 in
1277 1257 1405 1326 ipsis
1445 1257 1595 1309 navis
1643 1255 1895 1309 lateribus

311 1349 625 1412 insidentes,
651 1355 811 1418 atque
856 1356 965 1401 tum
1008 1348 1058 1400 in
1105 1363 1281 1416 prora,
1338 1359 1446 1401 tum
1495 1345 1546 1400 in
1581 1345 1739 1414 puppi
1779 1346 1895 1400 sine

310 1441 420 1494 ullo
461 1448 608 1494 metu
635 1448 879 1494 stantes:
909 1448 963 1492 et
1000 1440 1088 1509 qui
1121 1439 1268 1508 prius
1293 1451 1414 1494 ante
1437 1439 1674 1494 omnium
1713 1438 1896 1491 oculos

293 1546 428 1585 'cum
459 1539 611 1586 metu
650 1544 716 1585 ac
745 1539 977 1584 trettiore
1001 1529 1270 1599 jacebant,
1316 1541 1658 1600 posteaquam
1689 1529 1896 1582 diutur-

311 1637 435 1677 num
475 1622 809 1692 tempestatis
850 1622 1140 1690 periculum
1185 1620 1453 1684 fecerunt,
1478 1619 1588 1689 jam
1619 1629 1675 1674 et
1716 1617 1894 1672 funem

311 1710 525 1766 trahunt
550 1719 606 1766 et
647 1711 765 1766 vela
808 1710 1272 1781 pandunt,‘remos
1305 1716 1610 1780 capessunt,
1637 1717 1800 1777 atque
1842 1713 1895 1761 in

310 1815 498 1857 omnes
535 1800 686 1855 navis
727 1809 908 1871 partes
951 1799 1106 1855 facile
1145 1807 1486 1854 concursant.
1527 1799 1783 1864 Quocirca
1828 1811 1896 1852 ue

309 1891 435 1962 quid
462 1905 649 1948 eorum
693 1904 812 1961 qum
847 1889 1115 1955 accidunt,
1143 1903 1239 1943 vos
1278 1889 1572 1959 perturbet.
1605 1886 1716 1942 Huc
1752 1887 1894 1952 enim

311 2000 408 2040 nos
436 1984 619 2039 hostes
644 1984 725 2038 vel
770 1983 916 2038 inviti
962 1982 1303 2052 redegerunt,
1345 1990 1403 2036 ut
1429 1981 1572 2034 nullo
1613 1979 1722 2049 jam
1755 1978 1897 2032 malo

311 2074 448 2130 allici
478 2088 759 2144 queamus.
789 2073 984 2144 quippe
1010 2074 1098 2142 qui
1125 2072 1309 2127 effusis
1337 2071 1584 2127 omnibus
1613 2071 1723 2125 suis
1753 2071 1893 2135 telis,

312 2168 514 2223 nullum
546 2168 670 2222 hinc
711 2166 852 2222 aliud
885 2166 1302 2222 emolumentum
1338 2163 1693 2233 perceperint,
1736 2175 1894 2230 quant

311 2268 370 2315 ut
397 2259 684 2328 ignominia
714 2256 1114 2329 perfunduntur,
1164 2265 1220 2310 et
1245 2254 1582 2318 irrideautur,
1629 2257 1789 2321 atque
1841 2259 1898 2305 ut

308 2365 626 2408 cuinmnnes
639 2349 784 2405 orbis
805 2348 1036 2403 universi
1059 2347 1242 2402 hostes
1262 2345 1457 2415 ubique
1477 2343 1893 2414 conSpiciantur.

311 2443 436 2498 llaec
481 2441 847 2505 insidiatorum
875 2440 1089 2510 prazmia
1127 2447 1288 2494 sunt:
1335 2437 1421 2493 hic
1451 2438 1710 2492 bellorum
1754 2436 1898 2490 finis.

311 2535 490 2603 Papze,
534 2540 728 2602 quanta
773 2546 859 2586 res
907 2540 990 2587 est
1035 2529 1223 2591 virtus,
1251 2538 1304 2585 et
1347 2528 1686 2598 praesentium
1717 2542 1896 2582 rerum

308 2622 664 2692 contemmio!
695 2637 786 2691 per
808 2620 1027 2675 insidias
1053 2620 1198 2674 lucra
1229 2627 1524 2688 comparat,
1559 2633 1652 2687 per
1674 2615 1898 2672 insidia-

311 2728 455 2772 tores
505 2729 758 2772 ooronam
805 2712 1166 2783 consequitur;
1201 2727 1294 2782 per
1338 2726 1432 2766 eos
1461 2725 1490 2765 a
1523 2710 1712 2779 quibus
1760 2708 1900 2764 male

308 2808 612 2872 mulctatur,
642 2805 900 2860 illustrius
945 2803 1222 2873 splendet;
1255 2817 1350 2871 per
1377 2815 1472 2856 eos
1494 2800 1583 2871 qui
1607 2801 1707 2854 hoc
1739 2807 1900 2869 agunt

309 2911 372 2951 ac
413 2895 726 2961 moliuntur,
770 2905 826 2947 ut
863 2893 1030 2962 ipsam
1061 2892 1332 2961 dejiciant,
1379 2891 1626 2946 homines
1667 2891 1749 2945 sui
1779 2899 1895 2944 stu-

308 2987 492 3041 diosos
524 2985 805 3049 firmiores,
850 2984 1207 3046 sublimiorcs,
1239 2983 1462 3038 invictos
1487 2993 1539 3038 et
1565 2984 1898 3052 inexpugna-

311 3080 445 3135 biles
472 3078 665 3143 reddit,
719 3093 826 3132 non
868 3077 1086 3140 lanceis,
1127 3092 1232 3130 non
1273 3075 1564 3143 mamilius,
1594 3092 1697 3129 non
1739 3076 1896 3144 vallo,

310 3185 416 3227 non
470 3169 726 3237 turribus,
753 3185 859 3224 non
905 3169 1164 3238 pecuniis,
1206 3183 1310 3222 non
1343 3167 1659 3222 militaribus
1702 3167 1895 3236 copiis,

309 3261 405 3318 sed
430 3262 586 3316 firma
613 3268 817 3316 tantum
841 3260 1112 3316 voluntate
1139 3261 1409 3327 animique
1434 3261 1736 3313 constantia
1764 3271 1900 3327 opus

313 3352 570 3408 habentes
590 3367 610 3406 :
637 3367 700 3407 ac
721 3350 950 3421 denique
974 3350 1234 3405 humanas
1259 3363 1444 3404 omnes
1471 3348 1692 3402 insidias
1712 3348 1893 3402 vincit.

377 3443 434 3498 2.
465 3442 623 3499 Illam
647 3445 729 3498 cui
747 3444 944 3509 scribit,
971 3452 1027 3496 ut
1060 3445 1180 3513 forti
1215 3443 1385 3493 animo
1412 3441 1475 3494 sit
1499 3443 1747 3493 hortatur.
1786 3438 1897 3492 llu-

313 3551 479 3590 πωπω
509 3535 765 3608 fclicitatis
789 3536 1004 3588 vanitas.
1033 3562 1104 3573 —-
1133 3534 1257 3588 Haec
1289 3533 1466 3599 igitur,
1499 3531 1896 3600 religiosissima

311 3628 530 3680 domina
557 3639 708 3691 mea,
740 3634 851 3679 tum
883 3625 972 3679 tibi
1001 3625 1128 3694 ipsi.
1159 3633 1269 3678 tum
1295 3623 1360 3677 iis
1397 3639 1515 3692 qua:
1556 3632 1728 3676 tecum
1759 3637 1898 3691 pra-

311 3720 516 3774 clarum
543 3717 642 3772 hoc
672 3729 940 3772 certamen
970 3718 1188 3783 obeunt,
1216 3716 1488 3779 accinens,
1512 3716 1576 3768 da
1604 3729 1821 3783 Operam
1843 3723 1899 3767 ut

309 3810 548 3863 omnium
577 3810 782 3862 animos
811 3808 983 3876 erigas
1000 3851 1014 3870 ,
1041 3817 1290 3875 tuamque
1309 3807 1477 3861 aciem
1505 3807 1734 3858 instruas
1755 3845 1769 3868 ,
1790 3821 1897 3873 quo

313 3902 407 3955 tibi
449 3899 648 3969 duplex
679 3908 732 3954 et
764 3900 952 3968 triplex
973 3940 987 3962 ,
1017 3914 1080 3953 ac
1105 3900 1274 3953 multo
1299 3899 1458 3954 etiam
1491 3898 1758 3966 copiosior
1786 3899 1893 3950 vir-

312 3993 439 4046 tutis
461 4005 658 4045 corona
686 3999 1040 4058 comparetur,
1073 4000 1177 4044 tam
1208 4003 1302 4059 per
1325 4004 1388 4045 ea
1413 4005 1532 4058 qua:
1563 3990 1673 4058 ipsa
1703 4004 1892 4077 perpe-

312 4083 440 4137 teris
461 4123 477 4145 ,
505 4095 664 4151 quam
688 4079 806 4149 quia
837 4079 972 4133 alios
1008 4079 1074 4134 ad
1105 4080 1289 4134 eadem
1322 4079 1593 4134 subeunda
1626 4079 1856 4148 impellis
1878 4120 1892 4141 ,

309 4188 509 4243 eosque
533 4171 752 4225 adducis
783 4180 836 4222 ut
869 4171 1054 4224 leviter
1080 4187 1140 4222 ac
1171 4171 1371 4239 placide
1397 4171 1570 4222 omnia
1604 4170 1774 4222 ferunt
1795 4211 1809 4232 ,
1841 4179 1894 4222 et

312 4267 526 4319 mnhras
550 4271 925 4322 contemnant,
950 4272 1105 4331 atque
1137 4262 1519 4315 insomniorum
1546 4263 1892 4330 imposturam

307 4362 682 4426 aspernentur,
727 4369 790 4408 ac
832 4355 998 4410 lutum
1057 4353 1395 4422 procnleent,
1431 4354 1736 4420 nullamque
1766 4353 1892 4405 fumi

310 4449 568 4502 rationem
618 4445 878 4504 habeant,
926 4459 1024 4498 nec
1076 4459 1389 4497 aranearum
1443 4445 1574 4497 telas
1633 4444 1892 4496 molestia:

307 4539 596 4608 quidquam
619 4537 770 4590 vobis
788 4536 980 4590 afl'erre
1001 4536 1338 4601 existiment,
1370 4536 1675 4606 fumumque
1708 4547 1890 4604 putre-

306 4631 412 4683 dini
444 4628 732 4682 obnoxium
781 4636 1121 4696 prmtereant.
1169 4627 1298 4680 Nam
1343 4628 1585 4680 humanze
1629 4627 1893 4682 filieitatis

311 4721 518 4774 vanitas
545 4719 597 4774 id
622 4734 780 4773 omne
809 4727 890 4773 est
911 4760 924 4782 ,
974 4729 1132 4788 atque
1160 4719 1294 4772 adeo
1339 4719 1419 4773 his
1445 4721 1692 4774 omnibus
1735 4722 1893 4776 rebus

306 4816 480 4866 vilior.
516 4812 623 4866 Nec
653 4811 804 4867 facile
833 4814 1110 4882 quisquam
1162 4813 1502 4867 simulacrum
1536 4815 1699 4869 ullum
1736 4833 1891 4886 repe-

307 4905 410 4956 rire
431 4913 625 4973 queat,
647 4903 786 4972 quod
805 4903 968 4971 ipsius
996 4904 1279 4957 vanitatem
1309 4916 1493 4958 exacte
1522 4918 1883 4974 reprzesentet.

304 4993 576 5063 Siquidem
623 5004 818 5063 printer
847 4995 981 5048 hane
1014 4996 1299 5048 vanitatem
1332 4995 1470 5050 haud
1499 5012 1714 5065 parvum
1749 5000 1888 5052 insn~

303 5103 398 5158 per
442 5089 508 5143 iis
549 5089 640 5157 qui
683 5089 782 5157 ipsi
823 5090 1026 5143 inhiant
1051 5081 1428 5145 detrimentum
1459 5090 1651 5157 affert,
1705 5096 1889 5147 nonin

308 5181 484 5232 futuro
523 5179 798 5234 dumtaxat
843 5197 987 5245 arvo,
1021 5182 1113 5235 sed
1160 5182 1403 5237 etiamin
1456 5186 1701 5252 prtesenti
1747 5186 1886 5248 vita,

305 5281 464 5340 atque
494 5271 734 5338 ipsismet
761 5272 920 5327 etiam
949 5273 1155 5336 diebus,
1185 5274 1374 5342 qnibns
1398 5290 1585 5341 magna
1618 5276 1714 5329 sibi
1739 5293 1801 5330 cx
1829 5279 1892 5332 iis

307 5363 577 5430 voluptate
597 5363 733 5417 allici
757 5365 1020 5419 videntur.
1044 5365 1504 5430 Quemadmodum
1528 5368 1666 5419 extitit
1699 5369 1888 5432 virtus,

306 5461 414 5506 tum
437 5452 598 5507 etiam
622 5469 741 5509 cum
772 5456 964 5510 bellum
995 5457 1250 5511 adversus
1273 5471 1390 5511 eam
1419 5458 1641 5526 geritur,
1659 5459 1893 5512 exsultat

298 5551 352 5594 et
383 5546 574 5612 floret,
603 5562 665 5601 ac
694 5549 1020 5617 splendidius
1048 5550 1188 5605 lueet
1221 5569 1234 5604 :
1279 5551 1467 5605 eodem
1499 5553 1658 5606 modo
1686 5554 1887 5622 impro-

301 5637 438 5694 bitas
459 5678 472 5701 ,
506 5648 617 5692 tum
638 5640 799 5694 etiam
827 5655 945 5694 cum
973 5643 1162 5697 colitur
1183 5651 1340 5712 atque
1360 5643 1692 5706 observatur,
1725 5645 1892 5698 imbc-

305 5727 579 5782 cillitatem
627 5743 777 5784 suam
813 5733 1016 5800 prodit,
1049 5741 1208 5803 atque
1238 5734 1503 5804 ingentem
1544 5737 1708 5788 risum
1731 5778 1743 5796 ,
1798 5752 1886 5790 co-

307 5827 670 5892 mudiamquc
714 5827 856 5878 omni
907 5828 1170 5883 sermonis
1238 5827 1486 5884 facultate
1550 5832 1879 5900 superiorem

3498 415 3604 473 533

2005 526 2260 581 ostendit.
2289 527 2426 593 Quid
2457 527 2600 583 enim
2621 568 2636 593 ,
2664 542 2877 598 qnmso,
2910 524 3077 582 αιίιιο
3103 523 3460 582 miserabilius
3481 525 3601 593 fuit,

2000 632 2066 672 eo
2091 620 2252 673 etiam
2281 628 2522 689 tempore
2548 636 2655 690 quo
2699 619 2925 674 fratrem
2965 619 3159 673 vicisse
3201 633 3266 672 ac
3313 633 3602 688 superasse

2001 719 2164 779 atque
2229 713 2463 780 iniquam
2516 713 2661 766 illam
2721 721 2778 766 et
2830 710 3222 766 exsecrandam
3273 709 3602 766 iracundiam

2001 803 2272 871 animique
2319 804 2734 859 concitationem
2779 803 3082 872 explevisse
3118 801 3445 858 videbatur?
3472 803 3603 874 quid

2003 892 2261 962 impurius
2287 894 2470 948 dextra
2496 893 2582 948 illa
2603 934 2618 956 ,
2662 909 2782 964 qua:
2807 893 3002 948 vicisse
3039 893 3150 946 visa
3191 892 3286 947 fuit
3314 891 3340 946 τ
3381 891 3602 958 dextra,

2006 985 2218 1052 inquam
2245 1025 2259 1050 ,
2293 1000 2414 1053 qua:
2456 986 2662 1054 plagam
2695 983 2961 1039 inﬂixerat
2997 993 3052 1038 et
3096 983 3298 1039 aedem
3329 994 3603 1054 perpetra-

2004 1084 2086 1128 rat
2116 1075 2284 1144 iquid
2315 1075 2604 1130 fmdissima
2639 1075 2726 1130 illa
2761 1076 2939 1144 lingua
2960 1116 2976 1139 ,
3004 1090 3122 1145 quae
3153 1075 3392 1130 fraudem
3421 1085 3608 1130 texue-

2003 1173 2117 1230 rat,
2141 1175 2196 1220 et
2230 1167 2451 1236 laqueos
2487 1166 2823 1234 expandcrat
2847 1166 2872 1218 Υ
2896 1164 3032 1231 Quid
3057 1176 3238 1219 autem
3266 1165 3509 1221 membra
3537 1180 3603 1220 ea

2000 1271 2399 1320 commemoro,
2431 1273 2552 1327 qua:
2581 1259 2781 1312 eardem
2809 1258 3136 1312 admiserant
3171 1257 3196 1311 τ
3232 1257 3364 1312 Nam
3405 1273 3603 1328 corpus

2004 1348 2313 1403 universum
2370 1349 2800 1415 excruciabatur,
2853 1358 3110 1416 perpetuo
3156 1349 3465 1417 gemituiac
3495 1357 3606 1403 tre-

2003 1440 2138 1494 mori
2169 1440 2549 1509 mancipatum.
2581 1438 2626 1494 0
2654 1435 2981 1509 singuiarein‘
3013 1453 3189 1493 rerum
3216 1438 3546 1494 novitatem!
3571 1453 3606 1489 ο

2003 1531 2372 1586 admirandam
2404 1531 2682 1585 victoriam
2720 1530 2734 1583 l
2773 1547 2806 1584 ο
2846 1545 3041 1584 novum
3089 1529 3276 1599 troptei
3317 1543 3487 1599 genus
3510 1529 3527 1582 l
3554 1527 3606 1583 Is

2002 1624 2094 1693 qui
2121 1624 2470 1677 obtruncatus
2511 1622 2683 1676 fuerat
2703 1661 2721 1682 ,
2751 1631 2914 1690 atque
2949 1620 3214 1675 exanimis
3233 1619 3485 1689 iacebat,
3512 1633 3606 1674 co-

2004 1730 2134 1770 rona
2157 1715 2456 1769 donabatur
2469 1729 2533 1768 ac
2558 1712 2968 1768 Celebrabatur:
3001 1713 3090 1781 qui
3119 1720 3298 1766 autem
3327 1710 3529 1764 vicerat
3551 1718 3608 1763 et

2003 1804 2248 1874 superior
2267 1804 2609 1869 discesserat,
2635 1815 2739 1856 non
2767 1801 2927 1856 modo
2953 1814 3169 1854 corona:
3199 1813 3394 1868 expers
3419 1813 3605 1854 mane-

2005 1897 2127 1960 bat,
2159 1911 2342 1951 verum
2376 1896 2478 1950 hoc
2505 1895 2666 1950 etiam
2695 1893 2913 1947 nomine
2943 1892 2994 1946 in
3027 1891 3266 1946 cruciatu
3290 1887 3606 1944 versabatur

2002 1996 2059 2044 et
2079 1985 2414 2042 intolerando
2434 1985 2697 2056 supplicio
2720 1994 3087 2055 perpetuoque
3104 1989 3371 2036 tormento
3389 1978 3606 2034 addice-

2005 2083 2193 2144 batur;
2219 2091 2378 2150 atque
2403 2094 2526 2133 eum
2567 2078 2656 2148 qui
2702 2086 2850 2130 motu
2877 2084 2932 2130 et
2958 2075 3063 2128 vita
3090 2071 3350 2143 prteditus
3373 2078 3525 2135 erat,
3558 2067 3607 2123 is

2003 2173 2092 2243 qui
2125 2185 2408 2242 percussus
2437 2168 2611 2224 fuerat
2637 2182 2699 2222 ac
2739 2177 2968 2222 mortem
2997 2163 3296 2234 oppetierat
3315 2203 3330 2227 ,
3359 2176 3482 2216 eum
3511 2158 3606 2230 qui

2006 2263 2344 2334 loquebatur,
2380 2262 2425 2316 is
2443 2261 2533 2331 qui
2559 2261 2707 2314 vocis
2733 2270 2926 2328 expers
2951 2263 3098 2322 erat,
3137 2252 3422 2308 accusabat
3454 2267 3468 2304 :
3493 2251 3609 2304 imo

2007 2369 2138 2408 vero
2167 2367 2236 2408 ne
2280 2364 2522 2406 mortuus
2565 2350 2782 2419 quidem
2837 2335 2950 2416 ipse
2974 2388 2990 2412 ,
3022 2359 3210 2399 verum
3252 2352 3309 2399 et
3346 2339 3602 2412 sanguis,

2004 2445 2169 2499 etiam
2187 2458 2216 2495 a
2245 2455 2472 2510 corpore
2497 2439 2773 2509 sejunctus
2793 2477 2811 2501 ,
2844 2436 2908 2491 ad
2936 2451 3056 2492 eam
3088 2449 3201 2490 rem
3224 2433 3307 2489 vel
3336 2431 3485 2488 solus
3503 2431 3606 2484 suf-

2007 2535 2241 2591 ficiebat.
2273 2534 2442 2590 Tanta
2473 2532 2747 2588 hominum
2774 2532 2976 2586 virtute
3031 2527 3376 2599 przeditorum
3396 2566 3417 2592 ,
3441 2525 3607 2582 etiam

2007 2637 2374 2692 mortuorum,
2429 2627 2510 2680 vis
2559 2633 2646 2681 est
2685 2628 2699 2680 ι
2733 2633 2878 2679 tanta
2925 2638 3143 2678 rursum
3198 2621 3603 2690 improborum,

2005 2719 2166 2775 etiam
2196 2720 2489 2774 viventium
2510 2758 2523 2780 ,
2555 2718 2770 2772 miseria
2799 2717 2812 2770 !
2847 2716 3016 2771 Porro
3041 2730 3163 2769 cum
3197 2715 3248 2768 in
3293 2713 3410 2784 ipso
3430 2719 3605 2766 certae

2006 2809 2152 2864 mine
2182 2818 2327 2863 tanta
2371 2809 2588 2879 przrmia
2635 2808 2781 2873 sint,
2821 2806 3029 2876 cogites
3067 2804 3226 2859 velim
3258 2811 3452 2871 quanta
3482 2807 3617 2871 post

2005 2899 2298 2955 certamina
2345 2913 2558 2953 merces
2601 2898 2774 2952 futura
2805 2897 2906 2962 sit,
2937 2911 3058 2950 eum
3092 2894 3193 2965 piis
3225 2893 3351 2947 viris
3381 2889 3602 2961 prazmia

2006 2988 2329 3054 referentur,
2363 3004 2424 3043 ac
2451 2989 2588 3042 bona
2617 2986 2706 3042 illa
2726 3001 2847 3056 qua:
2872 3001 3086 3040 omnem
3109 2997 3415 3038 sermonem
3440 2995 3602 3050 sape-

2004 3091 2162 3147 rant,
2193 3081 2322 3152 ipsis
2352 3080 2852 3152 suppeditabuntur.
2886 3077 3140 3132 Molestia
3157 3090 3428 3142 namque,
3449 3086 3604 3144 quae-

2010 3189 2242 3245 cumque.
2271 3173 2484 3228 tandem
2528 3173 2633 3226 illa:
2665 3171 2893 3234 fuerint,
2921 3170 2990 3224 ab
3017 3167 3322 3224 hominibus
3368 3163 3607 3220 inferun-

2007 3277 2094 3321 tur
2131 3284 2146 3322 :
2189 3280 2252 3320 ac
2297 3264 2519 3336 proinde
2544 3261 3164 3318 inferentinmvilitatem
3212 3258 3518 3319 imitantur;
3549 3262 3605 3309 at

2005 3357 2146 3410 dona
2189 3364 2243 3410 et
2273 3353 2489 3424 pra:th
2517 3368 2549 3408 a
2598 3353 2707 3407 Deo
2736 3351 3045 3406 tribuuntur
3072 3368 3086 3404 :
3118 3349 3188 3402 0h
3240 3347 3397 3416 idque
3439 3345 3602 3400 etiam

2004 3447 2266 3518 ejusmodi
2305 3454 2462 3509 sunt,
2493 3445 2669 3515 qualia
2697 3459 2762 3499 ea
2790 3457 2914 3498 esse
2960 3456 3056 3511 par
3078 3449 3193 3504 est,
3233 3454 3353 3508 qua:
3395 3437 3463 3490 ab
3513 3435 3602 3489 illa

2007 3538 2266 3594 ineffabili
2308 3535 2672 3591 munificentia
2700 3533 3088 3590 conceduntur.
3119 3530 3301 3587 Gaude
3353 3529 3512 3598 igitur
3549 3534 3605 3580 et

2005 3629 2188 3684 iaztare
2207 3669 2222 3693 ,
2254 3629 2473 3684 corollis
2499 3613 2655 3697 caput
2678 3625 2994 3687 redimiens,
3023 3638 3086 3677 ac
3107 3619 3475 3690 triumphans,
3497 3616 3600 3670 hn-

2004 3721 2273 3790 stimnque
2303 3719 2520 3773 aculeos
2538 3718 2710 3786 magis
2739 3715 3054 3785 proculcans
3071 3753 3089 3780 ,
3112 3727 3273 3783 quam
3301 3711 3467 3765 lutum
3485 3705 3599 3763 alii.

2005 3813 2083 3866 Ac
2103 3812 2170 3865 de
2202 3820 2288 3863 tua
2319 3807 2626 3863 valetudine
2645 3822 2804 3877 quam
2848 3804 3174 3860 creberrime
3225 3801 3307 3856 fac
3357 3812 3455 3854 nos
3491 3812 3602 3852 eer-

2006 3907 2205 3969 tiores,
2252 3912 2310 3958 ut
2358 3903 2481 3956 hinc
2530 3917 2743 3971 quoque
2797 3901 3067 3969 ingentem
3130 3897 3455 3966 voluptatem
3511 3905 3601 3946 ca-

2005 4000 2239 4069 piamus.
2279 3996 2396 4051 Non
2449 3996 2592 4050 enim
2626 4004 2677 4048 te
2705 3993 2835 4063 fugit
2864 4005 3072 4062 magna:
3103 3988 3296 4053 nobis,
3345 3987 3505 4041 etiam
3548 3985 3599 4037 in

2001 4088 2290 4143 solitudine
2313 4129 2328 4151 ,
2369 4102 2489 4142 eam
2530 4100 2646 4140 rem
2683 4082 3037 4138 consolationi
3077 4082 3192 4134 fore
3215 4119 3236 4146 ,
3258 4094 3381 4134 cum
3407 4076 3474 4132 de
3507 4086 3598 4130 tua

2002 4183 2231 4238 sanitate
2274 4195 2434 4251 quam
2479 4177 2776 4248 saepissime
2825 4175 2894 4230 ad
2937 4173 3035 4228 nos
3069 4174 3239 4227 litera:
3287 4169 3598 4225 aﬂ‘erentur.

2007 4274 2154 4328 Vale.

2146 4363 2225 4415 Ad
2252 4361 2478 4416 eamdem
2504 4358 2718 4428 epistola
2754 4355 2850 4411 γι.
2878 4355 3116 4427 (Cnenso
3144 4367 3286 4408 anno
3305 4350 3458 4420 405.)

2077 4458 2128 4510 1.
2151 4457 2232 4510 Ah
2254 4455 2384 4524 ipsis
2403 4453 2590 4507 mortis
2605 4451 2785 4522 ianuis
2806 4459 3087 4505 revocatus
3101 4448 3216 4503 haec
3237 4446 3303 4500 ad
3323 4455 3372 4498 te
3389 4442 3601 4500 scribo:

2002 4565 2174 4619 eoque
2196 4549 2356 4602 etiam
2380 4546 2595 4601 nomine
2621 4556 2814 4614 [meros
2842 4551 2961 4598 tuos
2992 4555 3136 4595 nunc
3157 4539 3389 4608 denique
3414 4537 3603 4590 ad‘nos

2002 4639 2330 4701 accessisse,
2359 4637 2710 4692 vehementer
2747 4634 2961 4704 gavisus
3003 4646 3156 4696 sum,
3210 4645 3328 4684 cum
3370 4627 3479 4697 jam
3530 4625 3598 4679 ad

2003 4742 2212 4799 portum
2243 4729 2657 4798 appelleremus.
2701 4725 2836 4780 Nam
2881 4723 2924 4777 si
2969 4723 3126 4785 mihi,
3160 4737 3283 4775 cum
3331 4721 3508 4774 adhuc
3547 4721 3598 4774 in

2001 4821 2413 4889 marijactarer,
2438 4833 2731 4888 gravesque
2759 4817 2930 4870 morbi
2958 4816 3151 4870 fluctus
3193 4824 3558 4882 eaSpectaretn
3581 4852 3598 4877 ,

1999 4916 2381 4975 occurrissent,
2414 4911 2663 4978 pietatem
2710 4919 2851 4962 lnam
2895 4907 3076 4961 fallere
3119 4907 3248 4960 mihi
3291 4922 3393 4959 non
3444 4905 3600 4959 facile

2001 5003 2184 5058 luisset
2203 5045 2217 5070 ,
2247 5005 2363 5056 Item
2390 5020 2484 5070 pro
2511 5003 2749 5055 tristibus
2771 5001 3054 5054 nuntianti.
3091 5000 3271 5054 lliems
3300 4999 3439 5053 enim
3469 5013 3599 5067 gra-

2000 5097 2116 5150 vior
2139 5111 2301 5165 quam
2331 5095 2538 5148 solebat
2581 5102 2800 5155 exorta,
2843 5093 3140 5162 graviorem
3177 5107 3390 5162 quoque
3442 5090 3601 5144 nobis

2000 5191 2260 5242 Stomachi
2295 5189 2522 5239 hiemem
2548 5188 2746 5239 invexit
2782 5205 2794 5239 :
2838 5186 3107 5254 nihiloque
3136 5184 3325 5238 melius
3352 5197 3418 5237 ac
3440 5197 3594 5236 com-

2001 5279 2210 5332 modius
2230 5321 2242 5339 ,
2271 5295 2428 5346 quam
2454 5278 2543 5346 qui
2582 5288 2807 5330 mortem
2850 5275 3098 5328 obierunt
3117 5316 3132 5336 ,
3158 5276 3265 5327 into
3293 5275 3451 5328 etiam
3474 5287 3596 5341 gra-

2004 5371 2148 5435 vius,
2181 5370 2278 5422 hns
2305 5369 2438 5421 duos
2480 5383 2689 5422 menses
2715 5367 2943 5422 confeci.
2976 5367 3242 5420 Hactenus
3270 5367 3413 5419 enim
3460 5366 3596 5419 lucis

2001 5460 2156 5530 hujus
2201 5477 2357 5514 usura
2409 5460 2646 5523 fruebar,
2696 5470 2752 5515 ut
2801 5461 3091 5523 malorum,
3121 5458 3312 5528 quibus
3357 5458 3594 5528 undique

1999 5555 2269 5621 angebar,
2303 5568 2462 5606 sensu
2478 5550 2754 5618 afticerer;
2777 5550 3060 5630 omniaque
3084 5549 3210 5603 mihi
3237 5549 3591 5603 noctisinstar

1999 5658 2149 5703 erant
2171 5689 2184 5711 ,
2212 5649 2310 5699 hoc
2337 5657 2416 5700 est
2441 5657 2544 5700 tam
2571 5645 2686 5700 dies
2705 5688 2718 5707 ,
2749 5662 2906 5714 qnam
2937 5642 3260 5704 diluculum,
3289 5650 3446 5710 atque
3479 5641 3593 5709 ipsa

2001 5740 2287 5793 meridies:
2323 5749 2566 5807 totusque
2595 5737 2709 5791 dies
2731 5735 3074 5790 lectoaflixns
3099 5735 3375 5803 exigebant
3399 5749 3411 5793 ;
3437 5746 3588 5784 cum-

2007 5847 2108 5902 que
2133 5833 2439 5886 innumeras
2483 5830 2719 5884 rationes
2763 5828 3218 5890 comminiscerer,
3261 5832 3592 5878 contractum
