4172 6544
629 475 726 535 »νυ

624 597 799 640 tamen
851 600 914 641 ex
961 584 1219 638 acerrimo
1268 581 1462 652 frigore
1505 579 1877 633 detrimentum
1919 572 2186 641 haudqua-

625 691 780 745 quam
804 684 1058 730 .excutere
1087 683 1320 742 poteram
1350 687 1366 724 :
1398 669 1637 739 quamvis
1663 669 1804 722 enim
1828 666 1998 734 ignem
2024 662 2182 716 etiam

626 764 1006 830 accenderem,
1034 774 1088 818 et
1113 763 1474 832 gravissimum
1520 759 1718 814 fumum
1764 756 2085 827 perferrem,
2130 761 2184 806 et

627 856 872 911 cubiculo
891 856 1124 910 inclusus
1145 864 1370 916 tenerer,
1395 852 1763 919 sexcentisque
1789 846 1974 917 pannis
1993 851 2186 898 memet

625 948 966 1004 obvolverem
985 987 1000 1012 ,
1032 960 1094 1000 ac
1113 961 1179 1000 nc
1204 946 1362 998 limen
1383 941 1592 1011 quidem
1621 939 1877 994 excedere
1905 935 2185 996 auderem,

629 1039 970 1094 nihilominus
1015 1045 1281 1090 extremos
1331 1033 1594 1086 cruciatus
1649 1027 1882 1098 patiebar
1931 1041 1946 1076 ε
1995 1023 2188 1091 quippe

629 1143 750 1182 cum
781 1128 1009 1182 vomitus
1042 1125 1267 1179 subinde
1291 1124 1578 1181 orirentur,
1607 1117 1794 1184 capitis
1817 1115 2026 1169 dolores
2043 1153 2058 1176 ,
2085 1112 2185 1165 cibi

631 1215 872 1278 fastidia,
918 1223 1287 1284 perpetuaeque
1341 1211 1545 1278 vigiliae.
1599 1207 1778 1262 Noctis
1821 1219 1948 1273 ergo
1977 1202 2189 1272 pelagus

636 1323 805 1377 usque
851 1307 983 1360 adeo
1013 1307 1219 1372 longum
1265 1301 1516 1356 insomnis
1558 1297 1850 1365 exigebant.
1890 1294 2082 1349 Verum
2124 1307 2190 1346 ne

630 1395 1109 1452 commemorandis
1147 1395 1302 1448 rebus
1347 1392 1582 1445 molestis
1630 1388 1826 1442 diutius
1870 1389 2187 1448 immorans,

633 1488 864 1540 animum
890 1494 1035 1540 tuum
1065 1498 1247 1539 vexem
1266 1523 1281 1546 ,
1313 1482 1394 1536 his
1421 1479 1666 1535 omnibus
1703 1492 1839 1530 nunc
1864 1474 2067 1530 liberati
2096 1489 2190 1526 su-

637 1582 775 1630 mus.
804 1574 934 1629 Nam
960 1573 1272 1642 simulatque
1296 1587 1388 1624 ver
1412 1569 1607 1631 adfuit,
1638 1579 1792 1635 atque
1817 1567 2005 1634 exigua
2045 1578 2191 1632 quaa-

634 1668 755 1720 dam
777 1666 919 1720 aeris
947 1664 1166 1717 mutatio
1186 1662 1434 1730 contigit,
1457 1661 1628 1714 omnia
1657 1666 1846 1727 sponte
1872 1669 1965 1710 sua
1991 1653 2190 1722 dilapsa

636 1766 779 1813 sunt.
817 1759 1061 1811 Attamen
1094 1769 1279 1823 magna
1322 1752 1446 1805 mihi
1491 1751 1662 1804 adhuc
1690 1751 1738 1801 in
1781 1749 1948 1800 victus
1991 1744 2194 1798 ratione

635 1864 760 1902 cura
778 1863 912 1917 opus
937 1855 1054 1910 est»;
1078 1861 1140 1900 ac
1161 1845 1378 1914 proinde
1406 1858 1621 1912 operam
1649 1841 1718 1894 do
1748 1850 1804 1892 ut
1829 1840 1996 1893 levem
2024 1836 2192 1890 sarci-

643 1954 764 1992 nam
789 1937 1062 1994 stomacho
1107 1937 1401 2005 imponam,
1453 1950 1557 2003 quu
1603 1947 1718 1986 eam
1763 1931 1913 1985 facile
1953 1929 2194 1998 digerere

637 2038 812 2097 queat.
841 2027 972 2082 illud
997 2041 1124 2082 vero
1141 2041 1246 2081 non
1268 2025 1465 2094 vulgari
1491 2021 1844 2077 sollicitudine
1868 2034 1964 2074 nos
1987 2018 2159 2073 alfecit
2175 2059 2190 2082 ,

636 2119 776 2189 quod
799 2128 851 2174 te
877 2127 1113 2174 extremo
1138 2119 1255 2172 vita:
1281 2117 1465 2184 spiritu
1507 2114 1795 2169 conflictari
1825 2112 2193 2167 intelleximus.

639 2209 966 2280 Quamquam
989 2223 1084 2278 pro
1105 2207 1301 2276 ingenti
1329 2220 1445 2258 meo
1471 2219 1595 2274 erga
1624 2213 1674 2258 te
1701 2218 1880 2257 amore
1920 2217 1982 2255 ac
2017 2216 2193 2256 rerum

641 2308 844 2352 tuarum
865 2312 990 2352 cura
1018 2307 1069 2350 et
1114 2295 1496 2360 sollicitudine,
1525 2302 1802 2362 antequam
1829 2292 1987 2345 etiam
2016 2291 2194 2345 literas

641 2400 759 2443 tuas
777 2390 1062 2457 reciperem
1082 2426 1100 2454 ,
1123 2386 1219 2440 hac
1233 2401 1359 2440 cura
1380 2385 1582 2439 solutus
1603 2399 1718 2438 sum
1745 2402 1758 2436 :
1783 2381 2024 2451 permulti
2051 2381 2192 2435 enim

642 2480 798 2535 istinc
825 2480 889 2534 ad
921 2493 1016 2534 nos
1043 2487 1328 2544 venerunt,
1376 2487 1530 2547 teque
1579 2475 1852 2531 commoda
1896 2473 2196 2529 valetudine

639 2585 758 2625 esse
781 2570 1104 2624 nuntiarunt.

712 2655 982 2710 Praemia
1002 2659 1112 2709 vita!
1137 2657 1445 2710 calamitates
1471 2672 1607 2710 mera
1636 2655 1810 2723 fabula
1847 2664 1980 2708 sunt.
2023 2681 2094 2693 -—-
2120 2654 2196 2706 Ac

642 2762 780 2802 nunc
805 2747 1055 2814 majorem
1085 2748 1136 2800 in
1161 2745 1370 2800 modum
1411 2745 1563 2800 laetor
1590 2754 1643 2799 et
1668 2744 1872 2814 gaudeo
1890 2785 1904 2807 ,
1934 2757 2038 2796 non
2078 2751 2194 2795 tan-

641 2849 750 2890 tum
777 2837 914 2904 quod
955 2837 1140 2890 morbo
1181 2837 1396 2890 liberata
1426 2837 1500 2891 sis
1519 2879 1533 2901 ,
1561 2836 1653 2891 sed
1684 2836 2013 2905 potissimum
2054 2833 2193 2902 quod

642 2944 729 2990 ea,
766 2943 884 2997 quae
926 2927 1199 2989 accidunt,
1229 2927 1361 2980 adeo
1392 2927 1595 2980 fortiter
1631 2941 1693 2980 ac
1741 2940 1994 2995 generose
2023 2925 2189 2986 feras,

643 3019 869 3072 fabulam
919 3019 1162 3072 nimirum
1207 3017 1318 3072 hzec
1364 3019 1542 3071 omnia
1573 3032 1803 3082 vocans;
1853 3029 1958 3072 tum
1999 3017 2190 3078 etiam,

641 3108 780 3176 quoii
800 3107 966 3176 majus
981 3109 1298 3162 censendum
1321 3118 1424 3174 est,
1441 3109 1558 3178 quia
1580 3110 1736 3164 etiam
1757 3111 1994 3178 corporis
2013 3111 2196 3163 morbo

645 3197 943 3265 Inijusmodi
981 3213 1170 3253 nomen
1210 3198 1537 3267 imposuisti,
1566 3200 1704 3268 quod
1733 3199 1942 3266 quidem
1969 3209 2196 3252 strenua:

641 3288 830 3340 animae.
855 3296 967 3352 est,
989 3301 1052 3342 ac
1076 3286 1396 3343 fortitudinis
1420 3288 1588 3343 fructu
1603 3289 1937 3343 abundantis.
1967 3287 2096 3342 Nam
2119 3289 2197 3340 in-

645 3377 949 3431 cumtnodas
999 3387 1053 3431 et
1079 3377 1326 3433 adversas
1374 3393 1461 3434 res
1498 3394 1602 3433 non
1647 3379 1804 3433 modo
1851 3378 1966 3432 frrti
2020 3378 2195 3432 animo

641 3469 806 3532 ferre,
838 3467 928 3522 sed
959 3483 1028 3523 ne
1053 3469 1260 3537 quidem
1289 3484 1407 3524 cum
1436 3469 1627 3523 adsunt
1665 3471 1982 3539 persenlire,
2012 3485 2192 3523 verum

640 3573 735 3612 eas
757 3573 852 3628 pro
871 3557 1034 3614 nihilo
1053 3569 1252 3628 putare,
1283 3574 1346 3614 ac
1388 3559 1622 3629 perfacili
1677 3561 1887 3630 negotio
1932 3562 2193 3630 patientia:

640 3661 888 3701 coronam
934 3649 1187 3717 adipisci,
1233 3666 1336 3705 non
1367 3651 1721 3716 laborantem,
1750 3666 1854 3705 non
1883 3652 2154 3706 sudantem
2177 3693 2190 3715 ,

642 3754 748 3792 non
780 3741 983 3810 negotia
1003 3741 1281 3797 habentem
1301 3783 1317 3806 ,
1347 3758 1444 3798 nec
1467 3743 1585 3797 aliis
1604 3743 1979 3809 facessentem,
2013 3758 2193 3797 verum

644 3842 910 3899 tamquam
953 3825 1282 3889 exsilientem
1312 3850 1376 3888 ac
1420 3835 1787 3903 tripudiantem
1809 3877 1824 3900 ,
1858 3836 1957 3890 hoc
1982 3835 2192 3890 demmu

639 3921 1037 3990 perfectissima:
1061 3938 1124 3978 ac
1141 3925 1372 3978 numeris
1398 3925 1641 3979 omnibus
1677 3914 1934 3979 absolutae
1961 3925 2193 3994 philoso-

645 4013 780 4081 phia:
797 4026 1161 4086 argumentum
1181 4025 1281 4070 est.
1305 4015 1426 4070 Ideo
1451 4016 1656 4086 gaudeo
1674 4027 1726 4072 et
1754 4017 1982 4079 exsulto,
2006 4032 2070 4070 ac
2091 4032 2198 4085 prae

643 4104 910 4172 voluptate
933 4104 1111 4168 volito,
1135 4119 1232 4159 nec
1257 4105 1530 4173 praesentis
1550 4105 1846 4160 solitudinis
1861 4104 2199 4159 cieterztrum-

641 4209 744 4260 que
771 4209 1123 4249 aerumnarum
1137 4209 1296 4250 sensu
1321 4196 1542 4260 afﬁcior,
1559 4198 1652 4252 sed
1675 4198 1824 4252 laetor
1847 4214 1909 4252 ac
1933 4200 2198 4269 voluptate

645 4283 956 4352 perfundor,
987 4285 1158 4355 deque
1199 4295 1282 4340 tua
1313 4289 1473 4342 animi
1517 4289 1871 4358 magnitudine
1897 4290 2197 4359 crebrisque

643 4372 877 4426 victoriis
899 4373 1237 4431 vehementer
1253 4377 1449 4446 glorior
1468 4419 1482 4442 ,
1515 4394 1617 4431 non
1661 4387 1744 4431 tua
1774 4377 2072 4443 dumtaxat,
2100 4380 2196 4434 sed

641 4461 798 4514 etiam
829 4477 1031 4532 magna:
1051 4464 1186 4520 illius
1206 4479 1268 4520 ac
1294 4467 1734 4522 numerosissima!
1763 4469 1987 4523 civitatis
2014 4484 2192 4534 causa,

643 4549 726 4601 cui
756 4550 911 4604 etiam
939 4553 1099 4606 turris
1125 4562 1178 4606 et
1201 4564 1383 4622 portus
1411 4570 1472 4610 ac
1499 4558 1632 4610 muri
1662 4557 1779 4611 loco
1807 4559 2050 4612 exstitisti
2073 4601 2086 4622 ,
2115 4557 2194 4612 lu-

643 4639 908 4694 culentam
941 4657 1037 4710 per
1061 4658 1144 4696 res
1165 4644 1303 4711 ipsas
1332 4659 1512 4700 vocem
1541 4648 1786 4703 emittens
1805 4689 1820 4714 ,
1838 4657 1993 4717 atque
2019 4650 2070 4702 in
2093 4649 2194 4702 tuis

644 4728 1029 4784 calamitatibus
1050 4741 1327 4803 utrumque
1350 4733 1619 4790 hominum
1640 4752 1806 4806 genus
1833 4738 2075 4792 erudiens
2095 4779 2111 4804 ,
2139 4749 2196 4792 ut

644 4821 709 4872 ad
741 4820 1038 4888 hujusmodi
1065 4827 1348 4878 certamina
1370 4837 1612 4894 prompte
1641 4836 1795 4896 atque
1821 4828 2053 4898 impigre
2081 4845 2199 4885 sese

643 4913 918 4982 accingam
936 4955 950 4978 ,
978 4929 1040 4968 ac
1068 4929 1187 4969 cum
1210 4918 1354 4971 omni
1382 4918 1541 4971 animi
1572 4917 1874 4974 fortitudine
1903 4919 1954 4974 in
1983 4936 2198 4976 arenam

644 5003 964 5058 descendant
983 5047 998 5070 ,
1029 5007 1383 5078 collectosque
1406 5023 1473 5062 ex
1504 5008 1797 5077 hujusmodi
1827 5011 2201 5066 certaminibus

644 5093 863 5147 sudores
903 5094 1057 5150 facile
1102 5096 1292 5151 ferant.
1321 5097 1575 5168 Quodque
1603 5099 1842 5154 mirabile
1870 5111 1952 5155 est
1971 5143 1986 5167 ,
2013 5117 2116 5156 non
2148 5102 2197 5155 in

644 5180 816 5235 forum
843 5193 892 5237 te
913 5184 1170 5252 injicieus,
1190 5202 1289 5243 nec
1308 5189 1358 5241 iu
1377 5189 1600 5243 mediam
1614 5191 1875 5246 civitatem
1898 5207 2195 5262 progressa,

644 5273 736 5324 sed
765 5273 817 5326 in
847 5275 1035 5345 exiguo
1059 5278 1300 5332 cubiculo
1320 5294 1382 5334 ac
1407 5280 1638 5335 thalamo
1667 5283 1856 5338 sedens
1876 5327 1888 5346 ,
1917 5285 1982 5340 iis
2002 5286 2088 5354 qui
2109 5287 2200 5339 ad-

645 5365 1026 5418 suntanimum
1055 5366 1237 5434 addis,
1259 5384 1456 5438 eosque
1479 5371 1544 5424 ad
1573 5381 1840 5428 certamen
1871 5375 2019 5428 acuis
2039 5416 2052 5439 ,
2085 5392 2197 5429 ma-

645 5452 794 5520 rique
824 5454 892 5506 ita
915 5453 1146 5521 furente,
1175 5472 1237 5512 ac
1265 5458 1509 5515 fluctibus
1533 5463 1664 5516 adeo
1694 5463 2163 5520 intumescentibus
2181 5505 2198 5532 ,

643 5544 972 5613 scopulisque
999 5555 1052 5601 et
1073 5547 1356 5604 latentibus
1380 5551 1476 5606 sub
1501 5552 1637 5606 unda
1667 5554 1808 5608 saxis
1837 5563 1890 5610 et
1918 5555 2108 5624 petris,
2137 5572 2199 5610 ac

642 5633 954 5688 truculentis
985 5635 1174 5692 belluis
1199 5639 1428 5709 undique
1456 5656 1573 5696 sese
1595 5643 2014 5711 ostendentibus,
2043 5657 2199 5717 atque

642 5721 891 5776 altissima
924 5735 1076 5779 nocte
1113 5738 1298 5781 cuncta
1345 5741 1666 5800 occupante,
1715 5741 1802 5795 tu,
1851 5734 1992 5787 velut
2039 5738 2200 5790 meri-

647 5815 801 5871 diano
841 5827 893 5873 et
941 5818 1215 5887 tranquillo
1263 5831 1534 5889 tempore,
1585 5834 1842 5894 ventoque
1888 5829 1952 5880 ad
1984 5831 2194 5899 puppim

1356 471 1413 526 S.
1449 457 2210 524 JOANNISLHRYSOSTOMI
2248 453 2559 510 ARCIIIEI’.
2601 450 3126 506 CONSTANTINUP.

3749 447 3850 502 600

2293 585 2492 647 flante,
2546 584 2622 637 sic
2676 585 2922 653 expansis
2972 582 3236 652 patientizu
3291 582 3424 637 velis
3471 595 3678 634 summa
3734 593 3853 634 cum

2288 674 2537 728 facilitate
2576 676 2824 743 navigas,
2869 684 3176 741 tantumque
3212 672 3279 724 ab
3316 687 3381 724 eo
3427 671 3557 724 abes
3604 679 3662 723 ut
3710 671 3854 739 grati

2291 766 2387 819 hac
2405 775 2715 834 tempestate
2734 767 2990 827 obruaris,
3020 775 3075 818 ut
3093 780 3156 817 nc
3174 764 3357 817 leviter
3376 761 3586 830 quidem
3605 776 3856 829 asperga-

2291 857 2364 909 ris
2395 873 2408 909 :
2442 855 2597 924 idque
2621 871 2748 910 sane
2770 855 2992 908 merito:
3020 851 3320 922 hujusmodi
3339 852 3479 905 enim
3500 860 3623 904 sunt
3648 848 3860 902 virtutis

2289 946 2665 1017 gubernacula.
2709 945 2777 998 Et
2798 944 3008 1012 quidem
3033 933 3426 996 mercatores'et
3446 939 3856 1008 gubernatores,

2289 1053 2352 1092 ac
2380 1045 2574 1098 nauta},
2595 1048 2654 1090 et
2683 1047 2941 1097 vectores,
2972 1051 3090 1088 cum
3136 1033 3351 1087 nubium
3398 1045 3740 1093 concursum,
3771 1038 3862 1082 aut

2291 1143 2548 1181 saivorum
2566 1135 2618 1179 et
2632 1125 2938 1178 immanium
2966 1135 3238 1197 ventorum
3252 1123 3526 1189 impetum,
3545 1118 3864 1189 rapidasque

2293 1218 2481 1272 fluctus
2526 1218 2779 1285 majorem
2821 1216 2872 1269 iu
2902 1215 3114 1268 modum
3157 1223 3462 1281 spumantes
3503 1211 3860 1280 conspiciunt,

2293 1321 2454 1360 naves
2483 1307 2616 1360 intra
2647 1315 2852 1374 portum
2883 1305 3173 1358 continent.
3195 1302 3345 1368 Quod
3373 1301 3415 1355 si
3445 1300 3606 1355 etiam
3631 1299 3864 1354 fortasse

2294 1397 2344 1449 in
2372 1396 2502 1449 mari
2519 1396 2806 1464 jactentur,
2833 1395 3042 1464 quidvis
3061 1393 3254 1446 faciunt
3272 1406 3335 1446 ac
3364 1391 3687 1452 moliuntur,
3716 1398 3774 1442 ut
3797 1389 3862 1441 ad

2293 1487 2460 1551 littus,
2499 1496 2590 1538 aut
2619 1486 2872 1549 insulam,
2898 1485 3169 1552 autripam
3199 1483 3424 1550 aliquam
3458 1481 3636 1534 navim
3675 1480 3861 1548 appel-

2294 1576 2420 1629 lant.
2452 1578 2611 1640 Attu,
2639 1589 2759 1628 cum
2785 1574 3017 1629 sescenti
3051 1574 3211 1635 venti,
3235 1586 3354 1624 eum
3380 1580 3455 1624 tot
3477 1571 3738 1623 immanes
3760 1569 3860 1621 ilu-

2293 1681 2409 1722 ctus
2432 1667 2573 1722 omni
2599 1682 2665 1721 ex
2705 1675 2851 1735 parte
2871 1666 3008 1719 inter
3032 1679 3089 1717 se
3119 1650 3453 1724 collidantur,
3479 1676 3598 1714 eum
3621 1674 3769 1713 mare
3798 1660 3864 1712 ab

2295 1759 2413 1812 imis
2443 1773 2605 1827 usque
2623 1757 2911 1826 gurgitibus
2930 1755 2998 1808 ob
3036 1753 3360 1822 tempestatis
3380 1750 3720 1805 acerbitatem
3741 1764 3862 1804 sur-

2295 1865 2411 1904 sum
2441 1858 2702 1918 erumpat,
2735 1858 2892 1918 atque
2911 1847 2999 1900 alii
3041 1861 3246 1916 pessum
3276 1845 3461 1909 ierint,
3501 1843 3589 1898 alii
3617 1844 3863 1898 exstincti

2295 1953 2450 2009 supra
2479 1939 2644 1993 undas
2672 1939 2957 1999 emineant,
2989 1937 3167 1991 caeteri
3213 1935 3264 1988 in
3308 1933 3482 1988 tabula
3515 1933 3640 1988 nudi
3687 1936 3864 1990 feran-

2297 2039 2414 2093 tur;
2451 2029 2560 2098 ipsa
2587 2029 2640 2082 in
2672 2027 2902 2082 medium
2932 2027 3187 2081 malorum
3215 2025 3428 2094 pelagus
3455 2024 3714 2088 insiliens,
3743 2041 3865 2078 om-

2295 2120 2380 2175 nia
2409 2121 2524 2175 h:ec
2558 2119 2785 2174 fabulam
2811 2119 3064 2189 appellas,
3089 2132 3344 2187 prospero
3369 2130 3525 2172 cursu
3564 2117 3615 2170 in
3659 2125 3864 2184 tempe-

2295 2221 2430 2266 state
2449 2211 2696 2280 navigans
2713 2227 2727 2262 :
2747 2225 2918 2278 neque
2934 2210 2984 2263 id
3007 2209 3218 2262 mirum.
3240 2205 3498 2260 Navarchi
3518 2206 3678 2270 enim,
3700 2222 3866 2276 quan-

2297 2301 2488 2354 tumvis
2533 2300 2805 2354 seicntiam
2838 2299 2978 2352 illam
3010 2305 3244 2361 teneant,
3285 2305 3454 2350 artem
3486 2307 3661 2349 tamen
3682 2337 3698 2360 ,
3763 2309 3864 2363 qua

2295 2391 2440 2444 omni
2491 2389 2790 2459 tempestati
2850 2389 3200 2453 reluctentur,
3247 2401 3352 2442 non
3394 2385 3590 2440 habent
3631 2401 3647 2439 :
3695 2398 3869 2454 eoque

2296 2483 2453 2536 etiam
2479 2483 2554 2546 fit,
2576 2490 2632 2535 ut
2652 2492 2918 2535 certamen
2963 2495 3085 2534 cum
3105 2479 3348 2533 ﬂuctibus
3363 2492 3505 2547 saepe
3534 2477 3753 2548 fugiant.
3801 2480 3870 2531 At

2299 2572 2388 2624 tibi
2418 2571 2636 2624 scientia
2667 2580 2750 2624 cst
2770 2571 2912 2624 omni
2943 2579 3254 2638 tempestate
3284 2569 3562 2638 superior,
3615 2566 3866 2621 nimirum

2299 2661 2644 2731 pliilosOphici
2673 2662 2832 2715 animi
2855 2661 3036 2725 robur,
3085 2661 3224 2729 quod
3268 2670 3322 2714 et
3346 2657 3638 2713 innumeris
3666 2659 3870 2712 exerci~

2298 2753 2436 2806 tibus
2465 2753 2721 2806 valentius
2746 2762 2848 2814 est,
2879 2761 2936 2806 et
2981 2751 3258 2820 quibusvis
3285 2752 3448 2804 armis
3496 2748 3784 2816 potentius,
3815 2758 3869 2802 et

2299 2841 2531 2895 turribus
2571 2852 2730 2910 atque
2745 2842 2913 2894 muris
2940 2842 3118 2893 tutius.
3147 2839 3396 2892 Militibus
3420 2836 3615 2907 quippe
3640 2851 3786 2890 arma
3817 2848 3871 2891 ct

2298 2933 2455 2993 muri,
2485 2943 2538 2984 et
2558 2941 2750 2994 turres,
2779 2932 2844 2984 ad
2865 2935 3106 2999 corporis
3135 2932 3408 2984 dumtaxat
3426 2927 3732 2998 prmsidium
3771 2929 3868 2981 ad-

2292 3024 2533 3089 jumento
2551 3033 2692 3086 sunt,
2723 3023 2879 3092 idque
2902 3024 3060 3076 etiam
3085 3038 3188 3075 non
3214 3036 3443 3090 semper,
3467 3035 3566 3074 nec
3583 3023 3865 3089 perpetuo:

2300 3128 2693 3182 nonnumquam
2718 3115 2858 3168 enim
2894 3114 3070 3167 omnia
3099 3114 3195 3167 ista
3225 3113 3530 3176 vincuntur,
3560 3126 3760 3181 eosque
3779 3111 3867 3180 qui

2295 3205 2360 3257 ad
2389 3219 2445 3258 se
2471 3205 2795 3274 confugiunt,
2828 3205 3076 3274 prmsidio
3117 3219 3213 3257 suo
3238 3203 3519 3257 destitutos
3543 3203 3866 3271 relinquunt.

2297 3290 2363 3340 At
2391 3303 2517 3340 vero
2540 3303 2686 3340 arma
2716 3297 2824 3352 tua,
2858 3304 2960 3341 non
3002 3288 3272 3342 barbarica
3302 3287 3403 3340 tela
3423 3327 3438 3350 ,
3487 3301 3591 3339 non
3637 3285 3868 3339 hostiqu

2296 3376 2589 3442 machinas,
2614 3391 2719 3430 non
2744 3377 3040 3444 hujusmodi
3068 3379 3292 3447 impetus
3317 3387 3371 3431 et
3399 3385 3546 3430 astus
3572 3375 3867 3444 fregerunt,

2294 3468 2386 3521 sed
2415 3469 2555 3537 ipsas
2585 3479 2784 3522 natura:
2816 3471 3154 3524 necessitates
3200 3469 3578 3538 protriverunt,
3606 3481 3670 3521 ac
3694 3477 3869 3536 tyran-

2297 3558 2472 3612 nidem
2495 3560 2841 3623 sustulerunt,
2874 3574 3163 3628 earumque
3192 3572 3369 3612 arcem
3392 3557 3534 3610 bumi
3567 3565 3869 3625 prostrave-

2301 3657 2444 3701 runt.
2479 3649 2553 3701 Ac
2579 3664 2699 3702 cum
2726 3648 3057 3702 dmmonibns
3104 3657 3359 3718 perpetuo
3383 3647 3661 3709 dimicans,
3709 3649 3869 3699 innu-

2300 3752 2478 3792 meras
2493 3739 2694 3806 palmas
2709 3738 2918 3806 adi-pta,
2939 3737 3132 3792 nullam
3156 3740 3360 3806 plagam
3384 3736 3632 3804 accepisti
3652 3753 3666 3798 ;
3689 3751 3868 3790 verum

2300 3828 2436 3881 inter
2458 3828 2802 3882 densissimas
2829 3828 3046 3896 sagittas
3075 3825 3352 3880 incolumis
3380 3823 3678 3896 perstitisti,
3705 3839 3769 3877 ac
3790 3835 3869 3876 te-

2300 3919 2347 3972 la
2373 3934 2435 3972 ea
2463 3936 2580 3989 qua:
2606 3920 2656 3972 in
2681 3929 2731 3972 te
2750 3919 3120 3986 conjiciuntur,
3154 3918 3205 3971 in
3231 3932 3326 3971 eos
3355 3931 3584 3980 rursum,
3615 3930 3644 3968 a
3679 3917 3871 3986 quibus

2299 4009 2458 4062 missa
2483 4018 2624 4074 sunt,
2654 4008 2912 4064 resiliunt.
2933 4007 3054 4062 Hinc
3085 4008 3332 4060 nimirum
3352 4006 3480 4059 artis
3497 4006 3867 4074 tuaesapientia

2299 4107 2399 4163 est,
2415 4107 2471 4152 ut
2482 4114 2573 4167 per
2583 4113 2644 4152 ea
2658 4099 2792 4152 mala
2808 4114 2924 4168 quae
2943 4099 3033 4152 tibi
3052 4097 3366 4159 inferuntur,
3383 4110 3529 4163 eos,a
3544 4097 3738 4164 quibus
3752 4099 3870 4147 in’e-

2301 4200 2505 4254 runtur,
2527 4190 2814 4254 ulciscaris,
2830 4199 2883 4244 et
2895 4204 2989 4258 per
3004 4189 3219 4243 insidias
3235 4203 3350 4257 qua:
3363 4188 3454 4241 tibi
3474 4197 3866 4256 comparantur.

2298 4297 2392 4336 eos
2409 4283 2497 4351 qui
2512 4282 2704 4336 bellum
2729 4281 2819 4334 tibi
2840 4281 3096 4344 indicunt,
3120 4293 3348 4334 merere
3368 4277 3588 4340 afficias,
3609 4277 3862 4344 amplissi-

2299 4390 2439 4428 mam
2457 4375 2658 4429 scilicet
2685 4373 3038 4443 adipiscendm
3065 4372 3280 4438 majoris
3305 4368 3485 4439 gloria:
3512 4376 3747 4438 segetem
3778 4367 3870 4420 ba-

2300 4466 2429 4519 bens
2445 4464 2650 4518 illorum
2670 4462 3081 4532 improbitatem.
3095 4464 3224 4526 Qua:
3251 4475 3368 4514 cum
3397 4468 3453 4513 et
3482 4468 3750 4527 comperta
3780 4458 3872 4510 ha-

2301 4554 2446 4617 beas,
2466 4562 2518 4607 et
2533 4553 2702 4621 reipsa
2727 4553 3036 4620 persentias,
3055 4566 3156 4604 non
3173 4549 3268 4603 abs
3287 4563 3344 4603 re
3367 4546 3598 4602 fabulam
3626 4547 3737 4601 haec
3755 4563 3869 4601 om-

2304 4646 2386 4697 nia
2405 4658 2694 4712 nuncupas.
2723 4642 2914 4709 Quidni
2935 4642 3097 4707 enim,
3126 4655 3328 4710 quasso,
3359 4639 3584 4694 fabulam
3612 4639 3867 4708 appelles,

2303 4750 2422 4788 eum
2439 4748 2629 4802 corpus
2644 4733 2864 4787 mortale
2879 4744 3027 4786 nacta
3048 4732 3144 4796 sis,
3156 4741 3209 4784 et
3221 4740 3395 4784 tamen
3409 4737 3635 4784 mortem
3653 4727 3870 4797 perinde

2303 4834 2631 4888 contemnas,
2661 4831 2717 4876 ut
2742 4823 2830 4892 qui
2851 4833 3087 4878 exteram
3130 4821 3398 4885 deserere,
3428 4828 3588 4888 atque
3619 4819 3687 4873 ad
3719 4835 3868 4874 suam

2303 4916 2523 4984 patrium
2554 4913 2726 4968 redire
2752 4912 3040 4968 festinant?
3069 4927 3193 4966 cum
3222 4912 3275 4964 in
3305 4910 3652 4966 acerbissimo
3681 4909 3871 4964 morbo

2309 5003 2554 5067 vers-eris,
2583 5011 2638 5056 et
2676 5011 2847 5056 tamen
2875 5005 3087 5056 suavius
3114 5016 3268 5070 quam
3298 5000 3388 5070 qui
3420 5001 3617 5069 Optima
3664 4999 3866 5053 valetu-

2303 5096 2426 5149 dine
2453 5109 2515 5147 ac
2561 5103 2747 5163 vegeto
2787 5109 3010 5160 corpore
3052 5100 3194 5154 sunt,
3242 5091 3437 5161 degas,
3495 5099 3554 5144 ut
3600 5105 3722 5160 qua:
3773 5104 3870 5143 nec

2303 5186 2636 5240 contumeliis
2660 5186 2940 5252 dcjiciaris,
2962 5199 3062 5239 nec
3082 5183 3369 5238 honoribus
3394 5193 3484 5237 aut
3506 5183 3673 5253 gloria
3703 5182 3866 5236 attol-

2305 5279 2447 5341 Iaris,
2502 5277 2551 5330 id
2594 5277 2733 5345 quod
2773 5277 2948 5330 multis
2987 5277 3383 5330 innumerorum
3412 5273 3673 5328 malorum
3708 5287 3868 5328 causa

2303 5369 2420 5433 fuit,
2452 5369 2562 5438 qui,
2590 5382 2707 5420 cum
2738 5370 2894 5421 etiam
2927 5369 2979 5422 in
3005 5367 3284 5423 sacerdotii
3311 5381 3531 5421 munere
3570 5363 3866 5430 fulsisscut,

2302 5471 2460 5531 atque
2485 5461 2549 5513 ad
2577 5471 2867 5514 extremam
2895 5469 3220 5515 senectutem
3249 5469 3302 5514 et
3330 5459 3576 5512 canitiem
3600 5458 3900 5528 pervenis-_

2303 5562 2440 5613 sent,
2473 5552 2595 5606 hinc
2644 5553 2854 5606 tandem
2905 5560 3241 5616 corruerunt,
3293 5566 3355 5605 ac
3391 5549 3558 5603 cuivis
3602 5557 3868 5618 tamquam
3907 5533 3929 5548 χ

2303 5657 2582 5697 εοιιηηυηθ
2621 5643 2882 5711 quoddam
2909 5643 3174 5697 theatrum
3215 5639 3614 5710 proponuntur?
3643 5641 3712 5692 At
3753 5638 3866 5702 tibi,

2303 5749 2424 5803 qua:
2447 5743 2501 5788 et
2529 5734 2720 5788 femina
2750 5750 2828 5800 es,
2851 5743 2902 5790 et
2921 5735 3101 5804 gracili
3123 5732 3406 5789 admodum
3436 5745 3678 5798 corpore,
3716 5739 3769 5783 et
3797 5739 3870 5782 tut

2305 5844 2365 5882 ac
2389 5836 2561 5882 tantos
2605 5833 2829 5908 Impetus
2858 5827 3176 5897 sustinuisti,
3221 5839 3324 5883 non
3372 5823 3529 5881 modo
3560 5824 3630 5878 nil
3655 5823 3757 5879 tale
3784 5838 3867 5876 ac-
