  <div class='ocr_page' id='page_1' title='image "/cluster/home/n/w/nwhite01/storage/ocr_20150623/52/uva.x030486926/220.png"; bbox 0 0 4216 6488; ppageno 0'>
   <div class='ocr_carea' id='block_1_1' title="bbox 287 431 390 487">
    <p class='ocr_par' dir='ltr' id='par_1_1' title="bbox 287 431 390 487">
     <span class='ocr_line' id='line_1_1' title="bbox 287 431 390 487; baseline 0 -2"><span class='ocrx_word' id='word_1_1' title='bbox 287 431 390 487; x_wconf 64' lang='grc'>595</span> 
     </span>
    </p>
   </div>
   <div class='ocr_carea' id='block_1_2' title="bbox 285 542 1870 615">
    <p class='ocr_par' dir='ltr' id='par_1_2' title="bbox 285 542 1870 615">
     <span class='ocr_line' id='line_1_2' title="bbox 285 542 1870 615; baseline -0.001 -18"><span class='ocrx_word' id='word_1_2' title='bbox 285 543 552 610; x_wconf 73' lang='grc' dir='ltr'>νάξασθαι</span> <span class='ocrx_word' id='word_1_3' title='bbox 577 561 588 573; x_wconf 78' lang='grc' dir='ltr'><strong>ο</strong></span> <span class='ocrx_word' id='word_1_4' title='bbox 643 544 780 598; x_wconf 83' lang='grc' dir='ltr'>ἀλλά</span> <span class='ocrx_word' id='word_1_5' title='bbox 815 545 908 598; x_wconf 78' lang='grc' dir='ltr'>καὶ</span> <span class='ocrx_word' id='word_1_6' title='bbox 958 542 1068 615; x_wconf 89' lang='grc' dir='ltr'>πῦρ</span> <span class='ocrx_word' id='word_1_7' title='bbox 1111 543 1387 597; x_wconf 76' lang='grc' dir='ltr'>ἀνακαίων</span> <span class='ocrx_word' id='word_1_8' title='bbox 1413 556 1474 608; x_wconf 80' lang='grc'>⁸,</span> <span class='ocrx_word' id='word_1_9' title='bbox 1512 543 1606 596; x_wconf 71' lang='grc' dir='ltr'>καὶ</span> <span class='ocrx_word' id='word_1_10' title='bbox 1661 543 1870 596; x_wconf 84' lang='grc' dir='ltr'>καπνοῦ</span> 
     </span>
    </p>
   </div>
   <div class='ocr_carea' id='block_1_3' title="bbox 285 628 1877 704">
    <p class='ocr_par' dir='ltr' id='par_1_3' title="bbox 285 628 1877 704">
     <span class='ocr_line' id='line_1_3' title="bbox 285 628 1877 704; baseline -0.002 -20"><span class='ocrx_word' id='word_1_11' title='bbox 285 632 672 704; x_wconf 69' lang='grc' dir='ltr'>χαλεπωτάτου</span> <span class='ocrx_word' id='word_1_12' title='bbox 712 632 1074 702; x_wconf 79' lang='grc' dir='ltr'>ἀνεχόμενος,</span> <span class='ocrx_word' id='word_1_13' title='bbox 1125 631 1218 683; x_wconf 73' lang='grc' dir='ltr'>καὶ</span> <span class='ocrx_word' id='word_1_14' title='bbox 1255 632 1311 683; x_wconf 81' lang='grc' dir='ltr'>ἐν</span> <span class='ocrx_word' id='word_1_15' title='bbox 1341 631 1422 682; x_wconf 78' lang='grc' dir='ltr'>ἐνὶ</span> <span class='ocrx_word' id='word_1_16' title='bbox 1463 628 1720 700; x_wconf 78' lang='grc' dir='ltr'>δωματίῳ</span> <span class='ocrx_word' id='word_1_17' title='bbox 1742 628 1877 681; x_wconf 79' lang='grc' dir='ltr'>καθο</span> 
     </span>
    </p>
   </div>
   <div class='ocr_carea' id='block_1_4' title="bbox 282 720 1877 795">
    <p class='ocr_par' dir='ltr' id='par_1_4' title="bbox 282 720 1877 795">
     <span class='ocr_line' id='line_1_4' title="bbox 282 720 1877 795; baseline -0.004 -17"><span class='ocrx_word' id='word_1_18' title='bbox 282 725 596 795; x_wconf 78' lang='grc' dir='ltr'>ειργμένος,</span> <span class='ocrx_word' id='word_1_19' title='bbox 659 727 750 777; x_wconf 90' lang='grc' dir='ltr'>καὶ</span> <span class='ocrx_word' id='word_1_20' title='bbox 809 724 980 795; x_wconf 87' lang='grc' dir='ltr'>μυρία</span> <span class='ocrx_word' id='word_1_21' title='bbox 1025 722 1375 793; x_wconf 75' lang='grc' dir='ltr'>ἐπιϐλήματα</span> <span class='ocrx_word' id='word_1_22' title='bbox 1407 720 1566 790; x_wconf 76' lang='grc' dir='ltr'>ἔχων,</span> <span class='ocrx_word' id='word_1_23' title='bbox 1604 722 1699 775; x_wconf 79' lang='grc' dir='ltr'>καὶ</span> <span class='ocrx_word' id='word_1_24' title='bbox 1741 720 1877 791; x_wconf 78' lang='grc' dir='ltr'>μηδὲ</span> 
     </span>
    </p>
   </div>
   <div class='ocr_carea' id='block_1_5' title="bbox 282 811 1872 884">
    <p class='ocr_par' dir='ltr' id='par_1_5' title="bbox 282 811 1872 884">
     <span class='ocr_line' id='line_1_5' title="bbox 282 811 1872 884; baseline -0.003 -16"><span class='ocrx_word' id='word_1_25' title='bbox 282 817 374 868; x_wconf 70' lang='grc' dir='ltr'>τὸν</span> <span class='ocrx_word' id='word_1_26' title='bbox 424 814 579 868; x_wconf 76' lang='grc' dir='ltr'>οὐδὸν</span> <span class='ocrx_word' id='word_1_27' title='bbox 630 814 935 884; x_wconf 76' lang='grc' dir='ltr'>ὑπερϐῆναι</span> <span class='ocrx_word' id='word_1_28' title='bbox 974 813 1222 884; x_wconf 84' lang='grc' dir='ltr'>τολμῶν,</span> <span class='ocrx_word' id='word_1_29' title='bbox 1253 813 1322 865; x_wconf 77' lang='grc' dir='ltr'>τὰ</span> <span class='ocrx_word' id='word_1_30' title='bbox 1370 813 1571 882; x_wconf 73' lang='grc' dir='ltr'>ἔσχατα</span> <span class='ocrx_word' id='word_1_31' title='bbox 1613 811 1872 881; x_wconf 72' lang='grc' dir='ltr'>ἔπασχον,</span> 
     </span>
    </p>
   </div>
   <div class='ocr_carea' id='block_1_6' title="bbox 282 903 1870 976">
    <p class='ocr_par' dir='ltr' id='par_1_6' title="bbox 282 903 1870 976">
     <span class='ocr_line' id='line_1_6' title="bbox 282 903 1870 976; baseline -0.002 -18"><span class='ocrx_word' id='word_1_32' title='bbox 282 907 501 976; x_wconf 81' lang='grc' dir='ltr'>ἐμέτων</span> <span class='ocrx_word' id='word_1_33' title='bbox 539 923 598 958; x_wconf 90' lang='grc' dir='ltr'>τε</span> <span class='ocrx_word' id='word_1_34' title='bbox 629 906 872 975; x_wconf 91' lang='grc' dir='ltr'>συνεχῶς</span> <span class='ocrx_word' id='word_1_35' title='bbox 903 905 1300 974; x_wconf 65' lang='grc' dir='ltr'>ἐπιγινομένων</span> <span class='ocrx_word' id='word_1_36' title='bbox 1329 903 1723 972; x_wconf 81' lang='grc' dir='ltr'>κεφαλαλγίας,</span> <span class='ocrx_word' id='word_1_37' title='bbox 1776 904 1870 956; x_wconf 86' lang='grc' dir='ltr'>ἀν-</span> 
     </span>
    </p>
   </div>
   <div class='ocr_carea' id='block_1_7' title="bbox 288 994 1877 1068">
    <p class='ocr_par' dir='ltr' id='par_1_7' title="bbox 288 994 1877 1068">
     <span class='ocr_line' id='line_1_7' title="bbox 288 994 1877 1068; baseline -0.002 -19"><span class='ocrx_word' id='word_1_38' title='bbox 288 996 530 1068; x_wconf 78' lang='grc' dir='ltr'>ορεξίας,</span> <span class='ocrx_word' id='word_1_39' title='bbox 577 996 884 1066; x_wconf 80' lang='grc' dir='ltr'>ἀγρυπνίας</span> <span class='ocrx_word' id='word_1_40' title='bbox 917 995 1220 1066; x_wconf 89' lang='grc' dir='ltr'>διηνεκοῦς.</span> <span class='ocrx_word' id='word_1_41' title='bbox 1265 997 1348 1049; x_wconf 83' lang='grc' dir='ltr'>Τά</span> <span class='ocrx_word' id='word_1_42' title='bbox 1380 995 1511 1063; x_wconf 89' lang='grc' dir='ltr'>γοῦν</span> <span class='ocrx_word' id='word_1_43' title='bbox 1537 994 1747 1062; x_wconf 79' lang='grc' dir='ltr'>πελάγη</span> <span class='ocrx_word' id='word_1_44' title='bbox 1777 995 1877 1063; x_wconf 82' lang='grc' dir='ltr'>τῆς</span> 
     </span>
    </p>
   </div>
   <div class='ocr_carea' id='block_1_8' title="bbox 284 1081 1878 1155">
    <p class='ocr_par' dir='ltr' id='par_1_8' title="bbox 284 1081 1878 1155">
     <span class='ocr_line' id='line_1_8' title="bbox 284 1081 1878 1155; baseline -0.003 -17"><span class='ocrx_word' id='word_1_45' title='bbox 284 1086 482 1148; x_wconf 75' lang='grc' dir='ltr'>νυκτὸς</span> <span class='ocrx_word' id='word_1_46' title='bbox 509 1083 579 1137; x_wconf 86' lang='grc' dir='ltr'>τά</span> <span class='ocrx_word' id='word_1_47' title='bbox 599 1084 744 1137; x_wconf 85' lang='grc' dir='ltr'>οὑτω</span> <span class='ocrx_word' id='word_1_48' title='bbox 769 1083 959 1154; x_wconf 89' lang='grc' dir='ltr'>μακρά</span> <span class='ocrx_word' id='word_1_49' title='bbox 981 1084 1281 1155; x_wconf 79' lang='grc' dir='ltr'>ἀγρυπνῶν</span> <span class='ocrx_word' id='word_1_50' title='bbox 1305 1083 1594 1137; x_wconf 87' lang='grc' dir='ltr'>διετέλουν.</span> <span class='ocrx_word' id='word_1_51' title='bbox 1627 1081 1766 1134; x_wconf 77' lang='grc' dir='ltr'>Ἀλλ’</span> <span class='ocrx_word' id='word_1_52' title='bbox 1790 1083 1878 1134; x_wconf 88' lang='grc' dir='ltr'>ῖνα</span> 
     </span>
    </p>
   </div>
   <div class='ocr_carea' id='block_1_9' title="bbox 287 1173 1875 1245">
    <p class='ocr_par' dir='ltr' id='par_1_9' title="bbox 287 1173 1875 1245">
     <span class='ocr_line' id='line_1_9' title="bbox 287 1173 1875 1245; baseline -0.003 -17"><span class='ocrx_word' id='word_1_53' title='bbox 287 1175 365 1245; x_wconf 79' lang='grc' dir='ltr'>μὴ</span> <span class='ocrx_word' id='word_1_54' title='bbox 393 1175 558 1228; x_wconf 77' lang='grc' dir='ltr'>πλέον</span> <span class='ocrx_word' id='word_1_55' title='bbox 587 1176 701 1237; x_wconf 87' lang='grc' dir='ltr'>τοῖς</span> <span class='ocrx_word' id='word_1_56' title='bbox 727 1173 1048 1245; x_wconf 81' lang='grc' dir='ltr'>δυσχερέσιν</span> <span class='ocrx_word' id='word_1_57' title='bbox 1071 1173 1422 1242; x_wconf 77' lang='grc' dir='ltr'>ἐνδιατρίϐων</span> <span class='ocrx_word' id='word_1_58' title='bbox 1450 1173 1751 1227; x_wconf 83' lang='grc' dir='ltr'>κατατείνω</span> <span class='ocrx_word' id='word_1_59' title='bbox 1782 1188 1875 1224; x_wconf 88' lang='grc' dir='ltr'>σου</span> 
     </span>
    </p>
   </div>
   <div class='ocr_carea' id='block_1_10' title="bbox 283 1250 1875 1336">
    <p class='ocr_par' dir='ltr' id='par_1_10' title="bbox 283 1250 1875 1336">
     <span class='ocr_line' id='line_1_10' title="bbox 283 1250 1875 1336; baseline -0.003 -17"><span class='ocrx_word' id='word_1_60' title='bbox 283 1268 382 1336; x_wconf 83' lang='grc' dir='ltr'>τὴν</span> <span class='ocrx_word' id='word_1_61' title='bbox 403 1265 668 1328; x_wconf 78' lang='grc' dir='ltr'>διάνοιαν,</span> <span class='ocrx_word' id='word_1_62' title='bbox 690 1266 908 1318; x_wconf 82' lang='grc' dir='ltr'>πάντων</span> <span class='ocrx_word' id='word_1_63' title='bbox 932 1250 1330 1335; x_wconf 71' lang='grc' dir='ltr'>ἀπηλλάγμεθα</span> <span class='ocrx_word' id='word_1_64' title='bbox 1350 1265 1554 1318; x_wconf 87' lang='grc' dir='ltr'>τούτων</span> <span class='ocrx_word' id='word_1_65' title='bbox 1577 1263 1692 1318; x_wconf 90' lang='grc' dir='ltr'>νῦν.</span> <span class='ocrx_word' id='word_1_66' title='bbox 1710 1262 1875 1333; x_wconf 81' lang='grc' dir='ltr'>Ὁμοῦ</span> 
     </span>
    </p>
   </div>
   <div class='ocr_carea' id='block_1_11' title="bbox 283 1355 1876 1428">
    <p class='ocr_par' dir='ltr' id='par_1_11' title="bbox 283 1355 1876 1428">
     <span class='ocr_line' id='line_1_11' title="bbox 283 1355 1876 1428; baseline -0.002 -18"><span class='ocrx_word' id='word_1_67' title='bbox 283 1375 342 1411; x_wconf 83' lang='grc' dir='ltr'>τε</span> <span class='ocrx_word' id='word_1_68' title='bbox 365 1359 477 1428; x_wconf 79' lang='grc' dir='ltr'>γάρ</span> <span class='ocrx_word' id='word_1_69' title='bbox 497 1357 701 1426; x_wconf 83' lang='grc' dir='ltr'>ἐπέστη</span> <span class='ocrx_word' id='word_1_70' title='bbox 727 1357 790 1410; x_wconf 81' lang='grc' dir='ltr'>τὸ</span> <span class='ocrx_word' id='word_1_71' title='bbox 809 1358 929 1428; x_wconf 68' lang='grc' dir='ltr'>ἔαρ,</span> <span class='ocrx_word' id='word_1_72' title='bbox 951 1358 1040 1410; x_wconf 80' lang='grc' dir='ltr'>καὶ</span> <span class='ocrx_word' id='word_1_73' title='bbox 1067 1358 1241 1427; x_wconf 91' lang='grc' dir='ltr'>μικρά</span> <span class='ocrx_word' id='word_1_74' title='bbox 1267 1374 1352 1420; x_wconf 89' lang='grc' dir='ltr'>τις</span> <span class='ocrx_word' id='word_1_75' title='bbox 1375 1355 1471 1410; x_wconf 91' lang='grc' dir='ltr'>τοῦ</span> <span class='ocrx_word' id='word_1_76' title='bbox 1498 1357 1660 1426; x_wconf 82' lang='grc' dir='ltr'>ἀέρος</span> <span class='ocrx_word' id='word_1_77' title='bbox 1687 1356 1876 1424; x_wconf 83' lang='grc' dir='ltr'>γέγονε</span> 
     </span>
    </p>
   </div>
   <div class='ocr_carea' id='block_1_12' title="bbox 287 1446 1878 1518">
    <p class='ocr_par' dir='ltr' id='par_1_12' title="bbox 287 1446 1878 1518">
     <span class='ocr_line' id='line_1_12' title="bbox 287 1446 1878 1518; baseline -0.003 -17"><span class='ocrx_word' id='word_1_78' title='bbox 287 1447 585 1518; x_wconf 68' lang='grc' dir='ltr'>μεταϐολὴ,</span> <span class='ocrx_word' id='word_1_79' title='bbox 633 1448 915 1516; x_wconf 80' lang='grc' dir='ltr'>αὐτόματα</span> <span class='ocrx_word' id='word_1_80' title='bbox 951 1450 1129 1501; x_wconf 88' lang='grc' dir='ltr'>πάντα</span> <span class='ocrx_word' id='word_1_81' title='bbox 1177 1447 1363 1518; x_wconf 85' lang='grc' dir='ltr'>ἐλύθη.</span> <span class='ocrx_word' id='word_1_82' title='bbox 1412 1446 1553 1498; x_wconf 79' lang='grc' dir='ltr'>Ἀλλ’</span> <span class='ocrx_word' id='word_1_83' title='bbox 1590 1448 1742 1516; x_wconf 81' lang='grc' dir='ltr'>ὅμως</span> <span class='ocrx_word' id='word_1_84' title='bbox 1785 1446 1878 1498; x_wconf 76' lang='grc' dir='ltr'>καὶ</span> 
     </span>
    </p>
   </div>
   <div class='ocr_carea' id='block_1_13' title="bbox 283 1536 1872 1609">
    <p class='ocr_par' dir='ltr' id='par_1_13' title="bbox 283 1536 1872 1609">
     <span class='ocr_line' id='line_1_13' title="bbox 283 1536 1872 1609; baseline -0.005 -17"><span class='ocrx_word' id='word_1_85' title='bbox 283 1538 381 1592; x_wconf 90' lang='grc' dir='ltr'>νῦν</span> <span class='ocrx_word' id='word_1_86' title='bbox 405 1537 610 1609; x_wconf 80' lang='grc' dir='ltr'>πολλῆς</span> <span class='ocrx_word' id='word_1_87' title='bbox 648 1539 839 1608; x_wconf 89' lang='grc' dir='ltr'>δέομαι</span> <span class='ocrx_word' id='word_1_88' title='bbox 869 1539 970 1608; x_wconf 86' lang='grc' dir='ltr'>τῆς</span> <span class='ocrx_word' id='word_1_89' title='bbox 1007 1537 1290 1608; x_wconf 75' lang='grc' dir='ltr'>ἀκριϐείας</span> <span class='ocrx_word' id='word_1_90' title='bbox 1322 1536 1466 1591; x_wconf 82' lang='grc' dir='ltr'>κατὰ</span> <span class='ocrx_word' id='word_1_91' title='bbox 1502 1537 1602 1607; x_wconf 79' lang='grc' dir='ltr'>τὴν</span> <span class='ocrx_word' id='word_1_92' title='bbox 1630 1536 1839 1590; x_wconf 89' lang='grc' dir='ltr'>δίαιταν</span> <span class='ocrx_word' id='word_1_93' title='bbox 1859 1553 1872 1566; x_wconf 89' lang='grc'><strong>·</strong></span> 
     </span>
    </p>
   </div>
   <div class='ocr_carea' id='block_1_14' title="bbox 281 1627 1872 1700">
    <p class='ocr_par' dir='ltr' id='par_1_14' title="bbox 281 1627 1872 1700">
     <span class='ocr_line' id='line_1_14' title="bbox 281 1627 1872 1700; baseline -0.002 -19"><span class='ocrx_word' id='word_1_94' title='bbox 281 1629 374 1682; x_wconf 84' lang='grc' dir='ltr'>διὰ</span> <span class='ocrx_word' id='word_1_95' title='bbox 401 1629 466 1700; x_wconf 75' lang='grc' dir='ltr'>δὴ</span> <span class='ocrx_word' id='word_1_96' title='bbox 504 1628 662 1681; x_wconf 91' lang='grc' dir='ltr'>τοῦτο</span> <span class='ocrx_word' id='word_1_97' title='bbox 705 1628 908 1698; x_wconf 90' lang='grc' dir='ltr'>κοῦφον</span> <span class='ocrx_word' id='word_1_98' title='bbox 943 1629 1084 1682; x_wconf 89' lang='grc' dir='ltr'>ποιῶ</span> <span class='ocrx_word' id='word_1_99' title='bbox 1117 1628 1193 1697; x_wconf 82' lang='grc' dir='ltr'>τῷ</span> <span class='ocrx_word' id='word_1_100' title='bbox 1237 1629 1496 1698; x_wconf 81' lang='grc' dir='ltr'>στομάχῳ</span> <span class='ocrx_word' id='word_1_101' title='bbox 1531 1627 1594 1682; x_wconf 84' lang='grc' dir='ltr'>τὸ</span> <span class='ocrx_word' id='word_1_102' title='bbox 1633 1627 1872 1698; x_wconf 82' lang='grc' dir='ltr'>φορτίον,</span> 
     </span>
    </p>
   </div>
   <div class='ocr_carea' id='block_1_15' title="bbox 283 1719 1876 1792">
    <p class='ocr_par' dir='ltr' id='par_1_15' title="bbox 283 1719 1876 1792">
     <span class='ocr_line' id='line_1_15' title="bbox 283 1719 1876 1792; baseline -0.002 -17"><span class='ocrx_word' id='word_1_103' title='bbox 283 1721 428 1775; x_wconf 84' lang='grc' dir='ltr'>ὥστε</span> <span class='ocrx_word' id='word_1_104' title='bbox 462 1721 594 1775; x_wconf 80' lang='grc' dir='ltr'>αὑτὸ</span> <span class='ocrx_word' id='word_1_105' title='bbox 634 1720 894 1775; x_wconf 86' lang='grc' dir='ltr'>δύνασθαι</span> <span class='ocrx_word' id='word_1_106' title='bbox 937 1722 1033 1774; x_wconf 74' lang='grc' dir='ltr'>καὶ</span> <span class='ocrx_word' id='word_1_107' title='bbox 1077 1720 1278 1792; x_wconf 69' lang='grc' dir='ltr'>ῥαδίως</span> <span class='ocrx_word' id='word_1_108' title='bbox 1311 1720 1625 1774; x_wconf 80' lang='grc' dir='ltr'>διατιθέναι.</span> <span class='ocrx_word' id='word_1_109' title='bbox 1657 1721 1769 1790; x_wconf 93' lang='grc' dir='ltr'>Οὑχ</span> <span class='ocrx_word' id='word_1_110' title='bbox 1801 1719 1876 1782; x_wconf 86' lang='grc' dir='ltr'>ὡς</span> 
     </span>
    </p>
   </div>
   <div class='ocr_carea' id='block_1_16' title="bbox 283 1809 1879 1882">
    <p class='ocr_par' dir='ltr' id='par_1_16' title="bbox 283 1809 1879 1882">
     <span class='ocr_line' id='line_1_16' title="bbox 283 1809 1879 1882; baseline -0.002 -17"><span class='ocrx_word' id='word_1_111' title='bbox 283 1813 447 1882; x_wconf 78' lang='grc' dir='ltr'>ετυχε</span> <span class='ocrx_word' id='word_1_112' title='bbox 475 1811 533 1864; x_wconf 75' lang='grc' dir='ltr'>δὲ</span> <span class='ocrx_word' id='word_1_113' title='bbox 561 1811 711 1881; x_wconf 75' lang='grc' dir='ltr'>ἡμᾶς</span> <span class='ocrx_word' id='word_1_114' title='bbox 739 1811 1078 1880; x_wconf 77' lang='grc' dir='ltr'>κατέστησεν</span> <span class='ocrx_word' id='word_1_115' title='bbox 1111 1813 1170 1862; x_wconf 81' lang='grc' dir='ltr'>ἐν</span> <span class='ocrx_word' id='word_1_116' title='bbox 1200 1809 1444 1882; x_wconf 83' lang='grc' dir='ltr'>φροντίδι</span> <span class='ocrx_word' id='word_1_117' title='bbox 1471 1811 1566 1863; x_wconf 74' lang='grc' dir='ltr'>καὶ</span> <span class='ocrx_word' id='word_1_118' title='bbox 1594 1811 1655 1863; x_wconf 85' lang='grc' dir='ltr'>τὸ</span> <span class='ocrx_word' id='word_1_119' title='bbox 1686 1809 1879 1880; x_wconf 81' lang='grc' dir='ltr'>μαθεῖν</span> 
     </span>
    </p>
   </div>
   <div class='ocr_carea' id='block_1_17' title="bbox 285 1896 1876 1974">
    <p class='ocr_par' dir='ltr' id='par_1_17' title="bbox 285 1896 1876 1974">
     <span class='ocr_line' id='line_1_17' title="bbox 285 1896 1876 1974; baseline -0.001 -19"><span class='ocrx_word' id='word_1_120' title='bbox 285 1903 428 1974; x_wconf 76' lang='grc' dir='ltr'>πρὸς</span> <span class='ocrx_word' id='word_1_121' title='bbox 471 1904 709 1974; x_wconf 88' lang='grc' dir='ltr'>ἐσχάτας</span> <span class='ocrx_word' id='word_1_122' title='bbox 755 1902 1034 1963; x_wconf 80' lang='grc' dir='ltr'>ἀναπνοὰς</span> <span class='ocrx_word' id='word_1_123' title='bbox 1064 1896 1205 1954; x_wconf 79' lang='grc' dir='ltr'>εἷναί</span> <span class='ocrx_word' id='word_1_124' title='bbox 1243 1917 1338 1954; x_wconf 86' lang='grc' dir='ltr'>σου</span> <span class='ocrx_word' id='word_1_125' title='bbox 1371 1901 1472 1972; x_wconf 82' lang='grc' dir='ltr'>τὴν</span> <span class='ocrx_word' id='word_1_126' title='bbox 1519 1901 1876 1972; x_wconf 78' lang='grc' dir='ltr'>κοσμιότητα.</span> 
     </span>
    </p>
   </div>
   <div class='ocr_carea' id='block_1_18' title="bbox 297 1985 1878 2064">
    <p class='ocr_par' dir='ltr' id='par_1_18' title="bbox 297 1985 1878 2064">
     <span class='ocr_line' id='line_1_18' title="bbox 297 1985 1878 2064; baseline -0.003 -17"><span class='ocrx_word' id='word_1_127' title='bbox 297 1994 443 2047; x_wconf 79' lang='grc' dir='ltr'>Ἀλλ’</span> <span class='ocrx_word' id='word_1_128' title='bbox 478 1985 628 2064; x_wconf 79' lang='grc' dir='ltr'>ὅμως</span> <span class='ocrx_word' id='word_1_129' title='bbox 659 1993 748 2046; x_wconf 74' lang='grc' dir='ltr'>διὰ</span> <span class='ocrx_word' id='word_1_130' title='bbox 790 1991 850 2043; x_wconf 83' lang='grc' dir='ltr'>τὸ</span> <span class='ocrx_word' id='word_1_131' title='bbox 885 1991 1136 2062; x_wconf 81' lang='grc' dir='ltr'>στέργειν</span> <span class='ocrx_word' id='word_1_132' title='bbox 1167 1991 1371 2062; x_wconf 85' lang='grc' dir='ltr'>σφόδρα</span> <span class='ocrx_word' id='word_1_133' title='bbox 1411 1993 1505 2045; x_wconf 79' lang='grc' dir='ltr'>καὶ</span> <span class='ocrx_word' id='word_1_134' title='bbox 1537 1992 1810 2063; x_wconf 69' lang='grc' dir='ltr'>μεριμνᾷν</span> <span class='ocrx_word' id='word_1_135' title='bbox 1827 1992 1878 2055; x_wconf 71' lang='grc' dir='ltr'>δ,</span> 
     </span>
    </p>
   </div>
   <div class='ocr_carea' id='block_1_19' title="bbox 285 2079 1882 2154">
    <p class='ocr_par' dir='ltr' id='par_1_19' title="bbox 285 2079 1882 2154">
     <span class='ocr_line' id='line_1_19' title="bbox 285 2079 1882 2154; baseline 0.004 -20"><span class='ocrx_word' id='word_1_136' title='bbox 285 2084 382 2137; x_wconf 79' lang='grc' dir='ltr'>καὶ</span> <span class='ocrx_word' id='word_1_137' title='bbox 419 2081 727 2154; x_wconf 78' lang='grc' dir='ltr'>φροντίζειν</span> <span class='ocrx_word' id='word_1_138' title='bbox 753 2079 821 2134; x_wconf 80' lang='grc' dir='ltr'>τά</span> <span class='ocrx_word' id='word_1_139' title='bbox 848 2081 937 2146; x_wconf 87' lang='grc' dir='ltr'>σά,</span> <span class='ocrx_word' id='word_1_140' title='bbox 973 2081 1067 2134; x_wconf 80' lang='grc' dir='ltr'>καὶ</span> <span class='ocrx_word' id='word_1_141' title='bbox 1109 2081 1217 2151; x_wconf 83' lang='grc' dir='ltr'>πρὸ</span> <span class='ocrx_word' id='word_1_142' title='bbox 1248 2080 1358 2133; x_wconf 91' lang='grc' dir='ltr'>τῶν</span> <span class='ocrx_word' id='word_1_143' title='bbox 1401 2081 1752 2153; x_wconf 81' lang='grc' dir='ltr'>γραμμάτων</span> <span class='ocrx_word' id='word_1_144' title='bbox 1779 2080 1882 2150; x_wconf 81' lang='grc' dir='ltr'>τῆς</span> 
     </span>
    </p>
   </div>
   <div class='ocr_carea' id='block_1_20' title="bbox 283 2172 1876 2245">
    <p class='ocr_par' dir='ltr' id='par_1_20' title="bbox 283 2172 1876 2245">
     <span class='ocr_line' id='line_1_20' title="bbox 283 2172 1876 2245; baseline -0.001 -18"><span class='ocrx_word' id='word_1_145' title='bbox 283 2173 603 2245; x_wconf 87' lang='grc' dir='ltr'>τιμιότητός</span> <span class='ocrx_word' id='word_1_146' title='bbox 636 2191 754 2234; x_wconf 87' lang='grc' dir='ltr'>σου,</span> <span class='ocrx_word' id='word_1_147' title='bbox 781 2172 989 2242; x_wconf 84' lang='grc' dir='ltr'>ταύτης</span> <span class='ocrx_word' id='word_1_148' title='bbox 1022 2173 1420 2244; x_wconf 77' lang='grc' dir='ltr'>ἀπηλλάγημεν</span> <span class='ocrx_word' id='word_1_149' title='bbox 1448 2174 1549 2244; x_wconf 91' lang='grc' dir='ltr'>τῆς</span> <span class='ocrx_word' id='word_1_150' title='bbox 1586 2173 1876 2244; x_wconf 85' lang='grc' dir='ltr'>μερίμνης,</span> 
     </span>
    </p>
   </div>
   <div class='ocr_carea' id='block_1_21' title="bbox 286 2264 1881 2337">
    <p class='ocr_par' dir='ltr' id='par_1_21' title="bbox 286 2264 1881 2337">
     <span class='ocr_line' id='line_1_21' title="bbox 286 2264 1881 2337; baseline -0.001 -18"><span class='ocrx_word' id='word_1_151' title='bbox 286 2265 504 2319; x_wconf 82' lang='grc' dir='ltr'>πολλῶν</span> <span class='ocrx_word' id='word_1_152' title='bbox 537 2265 750 2318; x_wconf 87' lang='grc' dir='ltr'>ἐκεῖθεν</span> <span class='ocrx_word' id='word_1_153' title='bbox 773 2264 1039 2317; x_wconf 85' lang='grc' dir='ltr'>ἐλθόντων</span> <span class='ocrx_word' id='word_1_154' title='bbox 1065 2265 1160 2318; x_wconf 75' lang='grc' dir='ltr'>καὶ</span> <span class='ocrx_word' id='word_1_155' title='bbox 1180 2265 1632 2333; x_wconf 81' lang='grc' dir='ltr'>ἀπαγγειλάντων</span> <span class='ocrx_word' id='word_1_156' title='bbox 1657 2265 1726 2318; x_wconf 90' lang='grc' dir='ltr'>τά</span> <span class='ocrx_word' id='word_1_157' title='bbox 1753 2265 1881 2337; x_wconf 85' lang='grc' dir='ltr'>περὶ</span> 
     </span>
    </p>
   </div>
   <div class='ocr_carea' id='block_1_22' title="bbox 286 2356 919 2428">
    <p class='ocr_par' dir='ltr' id='par_1_22' title="bbox 286 2356 919 2428">
     <span class='ocr_line' id='line_1_22' title="bbox 286 2356 919 2428; baseline -0.002 -19"><span class='ocrx_word' id='word_1_158' title='bbox 286 2359 390 2428; x_wconf 74' lang='grc' dir='ltr'>τῆς</span> <span class='ocrx_word' id='word_1_159' title='bbox 419 2357 634 2424; x_wconf 83' lang='grc' dir='ltr'>ὑγιείας</span> <span class='ocrx_word' id='word_1_160' title='bbox 663 2357 764 2426; x_wconf 87' lang='grc' dir='ltr'>τῆς</span> <span class='ocrx_word' id='word_1_161' title='bbox 799 2356 919 2426; x_wconf 82' lang='grc' dir='ltr'>σῆς.</span> 
     </span>
    </p>
   </div>
   <div class='ocr_carea' id='block_1_23' title="bbox 168 2445 1881 2519">
    <p class='ocr_par' dir='ltr' id='par_1_23' title="bbox 168 2445 1881 2519">
     <span class='ocr_line' id='line_1_23' title="bbox 168 2445 1881 2519; baseline -0.001 -15"><span class='ocrx_word' id='word_1_162' title='bbox 168 2500 172 2504; x_wconf 91' lang='grc'>.</span> <span class='ocrx_word' id='word_1_163' title='bbox 360 2447 477 2501; x_wconf 78' lang='grc' dir='ltr'>Καὶ</span> <span class='ocrx_word' id='word_1_164' title='bbox 517 2445 614 2499; x_wconf 88' lang='grc' dir='ltr'>νῦν</span> <span class='ocrx_word' id='word_1_165' title='bbox 652 2447 830 2517; x_wconf 83' lang='grc' dir='ltr'>χαίρω</span> <span class='ocrx_word' id='word_1_166' title='bbox 860 2445 1064 2518; x_wconf 89' lang='grc' dir='ltr'>σφόδρα</span> <span class='ocrx_word' id='word_1_167' title='bbox 1106 2446 1202 2500; x_wconf 74' lang='grc' dir='ltr'>καὶ</span> <span class='ocrx_word' id='word_1_168' title='bbox 1246 2446 1638 2518; x_wconf 87' lang='grc' dir='ltr'>εὑφραίνομαι,</span> <span class='ocrx_word' id='word_1_169' title='bbox 1664 2449 1763 2519; x_wconf 90' lang='grc' dir='ltr'>οὑχ</span> <span class='ocrx_word' id='word_1_170' title='bbox 1798 2449 1881 2502; x_wconf 79' lang='grc' dir='ltr'>ὅτι</span> 
     </span>
    </p>
   </div>
   <div class='ocr_carea' id='block_1_24' title="bbox 285 2537 1879 2611">
    <p class='ocr_par' dir='ltr' id='par_1_24' title="bbox 285 2537 1879 2611">
     <span class='ocr_line' id='line_1_24' title="bbox 285 2537 1879 2611; baseline 0 -19"><span class='ocrx_word' id='word_1_171' title='bbox 285 2539 389 2611; x_wconf 83' lang='grc' dir='ltr'>τῆς</span> <span class='ocrx_word' id='word_1_172' title='bbox 417 2537 734 2610; x_wconf 74' lang='grc' dir='ltr'>ἀρρωστίας</span> <span class='ocrx_word' id='word_1_173' title='bbox 758 2537 1082 2609; x_wconf 74' lang='grc' dir='ltr'>ἀπηλλάγης</span> <span class='ocrx_word' id='word_1_174' title='bbox 1116 2538 1297 2609; x_wconf 87' lang='grc' dir='ltr'>μόνον,</span> <span class='ocrx_word' id='word_1_175' title='bbox 1327 2539 1466 2592; x_wconf 86' lang='grc' dir='ltr'>ἀλλά</span> <span class='ocrx_word' id='word_1_176' title='bbox 1500 2541 1608 2611; x_wconf 86' lang='grc' dir='ltr'>πρὸ</span> <span class='ocrx_word' id='word_1_177' title='bbox 1639 2542 1879 2605; x_wconf 89' lang='grc' dir='ltr'>πάντων,</span> 
     </span>
    </p>
   </div>
   <div class='ocr_carea' id='block_1_25' title="bbox 286 2629 1884 2702">
    <p class='ocr_par' dir='ltr' id='par_1_25' title="bbox 286 2629 1884 2702">
     <span class='ocr_line' id='line_1_25' title="bbox 286 2629 1884 2702; baseline 0 -18"><span class='ocrx_word' id='word_1_178' title='bbox 286 2633 371 2684; x_wconf 74' lang='grc' dir='ltr'>ὅτι</span> <span class='ocrx_word' id='word_1_179' title='bbox 410 2631 555 2683; x_wconf 83' lang='grc' dir='ltr'>οὑτω</span> <span class='ocrx_word' id='word_1_180' title='bbox 601 2629 866 2696; x_wconf 81' lang='grc' dir='ltr'>γενναίως</span> <span class='ocrx_word' id='word_1_181' title='bbox 915 2630 1102 2699; x_wconf 85' lang='grc' dir='ltr'>φέρεις</span> <span class='ocrx_word' id='word_1_182' title='bbox 1141 2629 1210 2682; x_wconf 88' lang='grc' dir='ltr'>τά</span> <span class='ocrx_word' id='word_1_183' title='bbox 1257 2631 1638 2699; x_wconf 68' lang='grc' dir='ltr'>συμπίπτοντα</span> <span class='ocrx_word' id='word_1_184' title='bbox 1663 2670 1678 2694; x_wconf 92' lang='grc'>,</span> <span class='ocrx_word' id='word_1_185' title='bbox 1713 2631 1884 2702; x_wconf 91' lang='grc' dir='ltr'>μῦθον</span> 
     </span>
    </p>
   </div>
   <div class='ocr_carea' id='block_1_26' title="bbox 289 2719 1881 2793">
    <p class='ocr_par' dir='ltr' id='par_1_26' title="bbox 289 2719 1881 2793">
     <span class='ocr_line' id='line_1_26' title="bbox 289 2719 1881 2793; baseline -0.001 -17"><span class='ocrx_word' id='word_1_186' title='bbox 289 2723 510 2776; x_wconf 65' lang='grc' dir='ltr'>ἃπαντα</span> <span class='ocrx_word' id='word_1_187' title='bbox 535 2721 708 2773; x_wconf 89' lang='grc' dir='ltr'>ταῦτα</span> <span class='ocrx_word' id='word_1_188' title='bbox 738 2719 978 2774; x_wconf 79' lang='grc' dir='ltr'>καλοῦσα</span> <span class='ocrx_word' id='word_1_189' title='bbox 995 2737 1010 2751; x_wconf 87' lang='grc'><strong>·</strong></span> <span class='ocrx_word' id='word_1_190' title='bbox 1043 2720 1139 2772; x_wconf 74' lang='grc' dir='ltr'>καὶ</span> <span class='ocrx_word' id='word_1_191' title='bbox 1167 2719 1229 2772; x_wconf 85' lang='grc' dir='ltr'>τὸ</span> <span class='ocrx_word' id='word_1_192' title='bbox 1256 2719 1322 2790; x_wconf 73' lang='grc' dir='ltr'>δὴ</span> <span class='ocrx_word' id='word_1_193' title='bbox 1354 2720 1556 2790; x_wconf 75' lang='grc' dir='ltr'>μεῖζον,</span> <span class='ocrx_word' id='word_1_194' title='bbox 1591 2721 1672 2775; x_wconf 82' lang='grc' dir='ltr'>δτι</span> <span class='ocrx_word' id='word_1_195' title='bbox 1694 2721 1790 2774; x_wconf 79' lang='grc' dir='ltr'>καὶ</span> <span class='ocrx_word' id='word_1_196' title='bbox 1815 2725 1881 2793; x_wconf 78' lang='grc' dir='ltr'>τῇ</span> 
     </span>
    </p>
   </div>
   <div class='ocr_carea' id='block_1_27' title="bbox 289 2810 1884 2885">
    <p class='ocr_par' dir='ltr' id='par_1_27' title="bbox 289 2810 1884 2885">
     <span class='ocr_line' id='line_1_27' title="bbox 289 2810 1884 2885; baseline -0.009 -17"><span class='ocrx_word' id='word_1_197' title='bbox 289 2813 388 2868; x_wconf 83' lang='grc' dir='ltr'>τοῦ</span> <span class='ocrx_word' id='word_1_198' title='bbox 411 2812 668 2882; x_wconf 86' lang='grc' dir='ltr'>σώματος</span> <span class='ocrx_word' id='word_1_199' title='bbox 692 2811 977 2882; x_wconf 75' lang='grc' dir='ltr'>ἀρρωστία</span> <span class='ocrx_word' id='word_1_200' title='bbox 1004 2810 1206 2880; x_wconf 88' lang='grc' dir='ltr'>ταύτην</span> <span class='ocrx_word' id='word_1_201' title='bbox 1229 2810 1564 2882; x_wconf 80' lang='grc' dir='ltr'>περιέθηκας</span> <span class='ocrx_word' id='word_1_202' title='bbox 1593 2813 1694 2885; x_wconf 79' lang='grc' dir='ltr'>τὴν</span> <span class='ocrx_word' id='word_1_203' title='bbox 1717 2831 1884 2885; x_wconf 73' lang='grc' dir='ltr'>προσ.</span> 
     </span>
    </p>
   </div>
   <div class='ocr_carea' id='block_1_28' title="bbox 293 2902 1886 2976">
    <p class='ocr_par' dir='ltr' id='par_1_28' title="bbox 293 2902 1886 2976">
     <span class='ocr_line' id='line_1_28' title="bbox 293 2902 1886 2976; baseline 0.003 -21"><span class='ocrx_word' id='word_1_204' title='bbox 293 2906 546 2976; x_wconf 73' lang='grc' dir='ltr'>ηγορίαν,</span> <span class='ocrx_word' id='word_1_205' title='bbox 573 2905 602 2957; x_wconf 80' lang='grc' dir='ltr'>δ</span> <span class='ocrx_word' id='word_1_206' title='bbox 629 2903 808 2974; x_wconf 84' lang='grc' dir='ltr'>ψυχῆς</span> <span class='ocrx_word' id='word_1_207' title='bbox 839 2906 956 2957; x_wconf 88' lang='grc' dir='ltr'>ἐστι</span> <span class='ocrx_word' id='word_1_208' title='bbox 1006 2902 1258 2972; x_wconf 81' lang='grc' dir='ltr'>νεανικῆς</span> <span class='ocrx_word' id='word_1_209' title='bbox 1298 2903 1394 2955; x_wconf 79' lang='grc' dir='ltr'>καὶ</span> <span class='ocrx_word' id='word_1_210' title='bbox 1442 2903 1626 2975; x_wconf 86' lang='grc' dir='ltr'>πολλῴ</span> <span class='ocrx_word' id='word_1_211' title='bbox 1669 2905 1748 2975; x_wconf 80' lang='grc' dir='ltr'>τῷ</span> <span class='ocrx_word' id='word_1_212' title='bbox 1785 2907 1886 2976; x_wconf 88' lang='grc' dir='ltr'>τῆς</span> 
     </span>
    </p>
   </div>
   <div class='ocr_carea' id='block_1_29' title="bbox 285 2994 1888 3070">
    <p class='ocr_par' dir='ltr' id='par_1_29' title="bbox 285 2994 1888 3070">
     <span class='ocr_line' id='line_1_29' title="bbox 285 2994 1888 3070; baseline -0.002 -18"><span class='ocrx_word' id='word_1_213' title='bbox 285 2999 518 3070; x_wconf 79' lang='grc' dir='ltr'>ἀνδρίας</span> <span class='ocrx_word' id='word_1_214' title='bbox 549 2996 823 3067; x_wconf 90' lang='grc' dir='ltr'>βρυούσης</span> <span class='ocrx_word' id='word_1_215' title='bbox 865 2995 1084 3067; x_wconf 81' lang='grc' dir='ltr'>καρπῷ.</span> <span class='ocrx_word' id='word_1_216' title='bbox 1121 2994 1196 3048; x_wconf 81' lang='grc' dir='ltr'><strong>Τὸ</strong></span> <span class='ocrx_word' id='word_1_217' title='bbox 1221 2995 1332 3066; x_wconf 76' lang='grc' dir='ltr'>γὰρ</span> <span class='ocrx_word' id='word_1_218' title='bbox 1377 2995 1454 3067; x_wconf 77' lang='grc' dir='ltr'>μὴ</span> <span class='ocrx_word' id='word_1_219' title='bbox 1503 2997 1664 3067; x_wconf 88' lang='grc' dir='ltr'>μόνον</span> <span class='ocrx_word' id='word_1_220' title='bbox 1698 2997 1888 3067; x_wconf 88' lang='grc' dir='ltr'>φέρειν</span> 
     </span>
    </p>
   </div>
   <div class='ocr_carea' id='block_1_30' title="bbox 292 3085 1886 3158">
    <p class='ocr_par' dir='ltr' id='par_1_30' title="bbox 292 3085 1886 3158">
     <span class='ocr_line' id='line_1_30' title="bbox 292 3085 1886 3158; baseline -0.002 -16"><span class='ocrx_word' id='word_1_221' title='bbox 292 3089 563 3158; x_wconf 85' lang='grc' dir='ltr'>γενναίως</span> <span class='ocrx_word' id='word_1_222' title='bbox 593 3089 662 3142; x_wconf 89' lang='grc' dir='ltr'>τά</span> <span class='ocrx_word' id='word_1_223' title='bbox 711 3086 950 3158; x_wconf 87' lang='grc' dir='ltr'>δυσχερῆ</span> <span class='ocrx_word' id='word_1_224' title='bbox 971 3127 982 3142; x_wconf 87' lang='grc'><strong>.</strong></span> <span class='ocrx_word' id='word_1_225' title='bbox 1013 3085 1154 3138; x_wconf 87' lang='grc' dir='ltr'>ἀλλά</span> <span class='ocrx_word' id='word_1_226' title='bbox 1196 3087 1333 3158; x_wconf 88' lang='grc' dir='ltr'>μηδέ</span> <span class='ocrx_word' id='word_1_227' title='bbox 1374 3087 1658 3158; x_wconf 72' lang='grc' dir='ltr'>παρόντοιν</span> <span class='ocrx_word' id='word_1_228' title='bbox 1704 3088 1886 3142; x_wconf 88' lang='grc' dir='ltr'>αὑτῶν</span> 
     </span>
    </p>
   </div>
   <div class='ocr_carea' id='block_1_31' title="bbox 293 3175 1887 3249">
    <p class='ocr_par' dir='ltr' id='par_1_31' title="bbox 293 3175 1887 3249">
     <span class='ocr_line' id='line_1_31' title="bbox 293 3175 1887 3249; baseline 0.001 -18"><span class='ocrx_word' id='word_1_229' title='bbox 293 3175 676 3237; x_wconf 78' lang='grc' dir='ltr'>αἰσθάνεσθαι,</span> <span class='ocrx_word' id='word_1_230' title='bbox 723 3175 840 3228; x_wconf 81' lang='grc' dir='ltr'>ἀλλ’</span> <span class='ocrx_word' id='word_1_231' title='bbox 876 3177 1154 3246; x_wconf 77' lang='grc' dir='ltr'>ὑπερορᾷν</span> <span class='ocrx_word' id='word_1_232' title='bbox 1203 3176 1295 3228; x_wconf 64' lang='grc' dir='ltr'>καὶ⁵</span> <span class='ocrx_word' id='word_1_233' title='bbox 1345 3177 1484 3246; x_wconf 88' lang='grc' dir='ltr'>μετά</span> <span class='ocrx_word' id='word_1_234' title='bbox 1535 3178 1736 3248; x_wconf 89' lang='grc' dir='ltr'>πολλῆς</span> <span class='ocrx_word' id='word_1_235' title='bbox 1789 3179 1887 3249; x_wconf 85' lang='grc' dir='ltr'>τῆς</span> 
     </span>
    </p>
   </div>
   <div class='ocr_carea' id='block_1_32' title="bbox 291 3266 1889 3341">
    <p class='ocr_par' dir='ltr' id='par_1_32' title="bbox 291 3266 1889 3341">
     <span class='ocr_line' id='line_1_32' title="bbox 291 3266 1889 3341; baseline -0.001 -19"><span class='ocrx_word' id='word_1_236' title='bbox 291 3267 734 3341; x_wconf 79' lang='grc' dir='ltr'>ἀπραγμοσύνης</span> <span class='ocrx_word' id='word_1_237' title='bbox 763 3268 854 3320; x_wconf 77' lang='grc' dir='ltr'>τὸν</span> <span class='ocrx_word' id='word_1_238' title='bbox 882 3270 982 3337; x_wconf 80' lang='grc' dir='ltr'>τῆς</span> <span class='ocrx_word' id='word_1_239' title='bbox 1026 3266 1306 3337; x_wconf 81' lang='grc' dir='ltr'>ὑπομονῆς</span> <span class='ocrx_word' id='word_1_240' title='bbox 1351 3267 1722 3339; x_wconf 79' lang='grc' dir='ltr'>ἀναδήσασθαι</span> <span class='ocrx_word' id='word_1_241' title='bbox 1766 3270 1889 3321; x_wconf 88' lang='grc' dir='ltr'>στέ-</span> 
     </span>
    </p>
   </div>
   <div class='ocr_carea' id='block_1_33' title="bbox 293 3356 1889 3430">
    <p class='ocr_par' dir='ltr' id='par_1_33' title="bbox 293 3356 1889 3430">
     <span class='ocr_line' id='line_1_33' title="bbox 293 3356 1889 3430; baseline -0.002 -16"><span class='ocrx_word' id='word_1_242' title='bbox 293 3379 487 3430; x_wconf 81' lang='grc' dir='ltr'>φανον,</span> <span class='ocrx_word' id='word_1_243' title='bbox 511 3360 575 3412; x_wconf 85' lang='grc' dir='ltr'>οὑ</span> <span class='ocrx_word' id='word_1_244' title='bbox 613 3360 951 3430; x_wconf 84' lang='grc' dir='ltr'>κάμνουσαν,</span> <span class='ocrx_word' id='word_1_245' title='bbox 982 3357 1104 3411; x_wconf 88' lang='grc' dir='ltr'>οὑδέ</span> <span class='ocrx_word' id='word_1_246' title='bbox 1132 3356 1405 3428; x_wconf 87' lang='grc' dir='ltr'>ἱδροῦσαν,</span> <span class='ocrx_word' id='word_1_247' title='bbox 1434 3357 1554 3412; x_wconf 88' lang='grc' dir='ltr'>οὑδέ</span> <span class='ocrx_word' id='word_1_248' title='bbox 1586 3358 1889 3430; x_wconf 89' lang='grc' dir='ltr'>πράγματα</span> 
     </span>
    </p>
   </div>
   <div class='ocr_carea' id='block_1_34' title="bbox 292 3448 1892 3522">
    <p class='ocr_par' dir='ltr' id='par_1_34' title="bbox 292 3448 1892 3522">
     <span class='ocr_line' id='line_1_34' title="bbox 292 3448 1892 3522; baseline -0.001 -17"><span class='ocrx_word' id='word_1_249' title='bbox 292 3456 544 3522; x_wconf 75' lang='grc' dir='ltr'>ἔχουσαν,</span> <span class='ocrx_word' id='word_1_250' title='bbox 575 3450 696 3505; x_wconf 79' lang='grc' dir='ltr'>οὐδὲ</span> <span class='ocrx_word' id='word_1_251' title='bbox 720 3450 929 3521; x_wconf 81' lang='grc' dir='ltr'>ἑτέροις</span> <span class='ocrx_word' id='word_1_252' title='bbox 975 3449 1344 3520; x_wconf 78' lang='grc' dir='ltr'>παρέχουσαν,</span> <span class='ocrx_word' id='word_1_253' title='bbox 1376 3448 1493 3502; x_wconf 84' lang='grc' dir='ltr'>ἀλλ’</span> <span class='ocrx_word' id='word_1_254' title='bbox 1519 3448 1710 3522; x_wconf 88' lang='grc' dir='ltr'>ῶσπερ</span> <span class='ocrx_word' id='word_1_255' title='bbox 1743 3467 1892 3521; x_wconf 90' lang='grc' dir='ltr'>σκιρ-</span> 
     </span>
    </p>
   </div>
   <div class='ocr_carea' id='block_1_35' title="bbox 293 3536 1890 3610">
    <p class='ocr_par' dir='ltr' id='par_1_35' title="bbox 293 3536 1890 3610">
     <span class='ocr_line' id='line_1_35' title="bbox 293 3536 1890 3610; baseline 0 -18"><span class='ocrx_word' id='word_1_256' title='bbox 293 3540 483 3594; x_wconf 77' lang='grc' dir='ltr'>τῶσιν</span> <span class='ocrx_word' id='word_1_257' title='bbox 542 3539 639 3596; x_wconf 81' lang='grc' dir='ltr'>καὶ</span> <span class='ocrx_word' id='word_1_258' title='bbox 691 3537 1026 3610; x_wconf 81' lang='grc' dir='ltr'>χορεύουσαν</span> <span class='ocrx_word' id='word_1_259' title='bbox 1050 3577 1065 3602; x_wconf 92' lang='grc'>,</span> <span class='ocrx_word' id='word_1_260' title='bbox 1117 3536 1277 3591; x_wconf 91' lang='grc' dir='ltr'>τοῦτο</span> <span class='ocrx_word' id='word_1_261' title='bbox 1328 3541 1430 3609; x_wconf 81' lang='grc' dir='ltr'>τῆς</span> <span class='ocrx_word' id='word_1_262' title='bbox 1484 3539 1890 3610; x_wconf 80' lang='grc' dir='ltr'>ἀκριὸεστάτης</span> 
     </span>
    </p>
   </div>
   <div class='ocr_carea' id='block_1_36' title="bbox 295 3628 1892 3702">
    <p class='ocr_par' dir='ltr' id='par_1_36' title="bbox 295 3628 1892 3702">
     <span class='ocr_line' id='line_1_36' title="bbox 295 3628 1892 3702; baseline 0 -17"><span class='ocrx_word' id='word_1_263' title='bbox 295 3631 621 3702; x_wconf 81' lang='grc' dir='ltr'>φιλοσοφίας</span> <span class='ocrx_word' id='word_1_264' title='bbox 670 3632 819 3685; x_wconf 77' lang='grc' dir='ltr'>ἐστὶν</span> <span class='ocrx_word' id='word_1_265' title='bbox 865 3628 1163 3693; x_wconf 80' lang='grc' dir='ltr'>ἀπόδειξις.</span> <span class='ocrx_word' id='word_1_266' title='bbox 1211 3629 1311 3683; x_wconf 88' lang='grc' dir='ltr'>Διά</span> <span class='ocrx_word' id='word_1_267' title='bbox 1355 3629 1528 3684; x_wconf 86' lang='grc' dir='ltr'>ταῦτα</span> <span class='ocrx_word' id='word_1_268' title='bbox 1566 3631 1743 3702; x_wconf 82' lang='grc' dir='ltr'>χαίρω</span> <span class='ocrx_word' id='word_1_269' title='bbox 1796 3632 1892 3686; x_wconf 78' lang='grc' dir='ltr'>καὶ</span> 
     </span>
    </p>
   </div>
   <div class='ocr_carea' id='block_1_37' title="bbox 296 3720 1890 3794">
    <p class='ocr_par' dir='ltr' id='par_1_37' title="bbox 296 3720 1890 3794">
     <span class='ocr_line' id='line_1_37' title="bbox 296 3720 1890 3794; baseline 0 -18"><span class='ocrx_word' id='word_1_270' title='bbox 296 3721 538 3794; x_wconf 85' lang='grc' dir='ltr'>σκιρτῶ,</span> <span class='ocrx_word' id='word_1_271' title='bbox 589 3721 827 3791; x_wconf 77' lang='grc' dir='ltr'>πέτομαι</span> <span class='ocrx_word' id='word_1_272' title='bbox 876 3720 983 3773; x_wconf 81' lang='grc' dir='ltr'>ὑπὸ</span> <span class='ocrx_word' id='word_1_273' title='bbox 1010 3720 1112 3790; x_wconf 89' lang='grc' dir='ltr'>τῆς</span> <span class='ocrx_word' id='word_1_274' title='bbox 1153 3720 1380 3792; x_wconf 77' lang='grc' dir='ltr'>ἡδονῆς,</span> <span class='ocrx_word' id='word_1_275' title='bbox 1411 3721 1514 3774; x_wconf 88' lang='grc' dir='ltr'>οὑκ</span> <span class='ocrx_word' id='word_1_276' title='bbox 1559 3722 1890 3792; x_wconf 76' lang='grc' dir='ltr'>αἰσθάνομαι</span> 
     </span>
    </p>
   </div>
   <div class='ocr_carea' id='block_1_38' title="bbox 293 3809 1891 3884">
    <p class='ocr_par' dir='ltr' id='par_1_38' title="bbox 293 3809 1891 3884">
     <span class='ocr_line' id='line_1_38' title="bbox 293 3809 1891 3884; baseline -0.002 -17"><span class='ocrx_word' id='word_1_277' title='bbox 293 3813 400 3884; x_wconf 87' lang='grc' dir='ltr'>τῆς</span> <span class='ocrx_word' id='word_1_278' title='bbox 431 3810 718 3884; x_wconf 85' lang='grc' dir='ltr'>παρούσης</span> <span class='ocrx_word' id='word_1_279' title='bbox 757 3809 1014 3881; x_wconf 84' lang='grc' dir='ltr'>ἐρημίας,</span> <span class='ocrx_word' id='word_1_280' title='bbox 1058 3809 1180 3863; x_wconf 81' lang='grc' dir='ltr'>οὑδέ</span> <span class='ocrx_word' id='word_1_281' title='bbox 1227 3809 1340 3862; x_wconf 90' lang='grc' dir='ltr'>τῶν</span> <span class='ocrx_word' id='word_1_282' title='bbox 1385 3809 1592 3864; x_wconf 83' lang='grc' dir='ltr'>λοιπῶν</span> <span class='ocrx_word' id='word_1_283' title='bbox 1625 3813 1891 3882; x_wconf 87' lang='grc' dir='ltr'>περιστά-</span> 
     </span>
    </p>
   </div>
   <div class='ocr_carea' id='block_1_39' title="bbox 298 3900 1894 3974">
    <p class='ocr_par' dir='ltr' id='par_1_39' title="bbox 298 3900 1894 3974">
     <span class='ocr_line' id='line_1_39' title="bbox 298 3900 1894 3974; baseline 0 -18"><span class='ocrx_word' id='word_1_284' title='bbox 298 3921 462 3967; x_wconf 87' lang='grc' dir='ltr'>σεων,</span> <span class='ocrx_word' id='word_1_285' title='bbox 519 3901 948 3973; x_wconf 75' lang='grc' dir='ltr'>εὐφραινόμενος</span> <span class='ocrx_word' id='word_1_286' title='bbox 997 3901 1090 3954; x_wconf 74' lang='grc' dir='ltr'>καὶ</span> <span class='ocrx_word' id='word_1_287' title='bbox 1125 3900 1497 3971; x_wconf 87' lang='grc' dir='ltr'>γαννύμενος,</span> <span class='ocrx_word' id='word_1_288' title='bbox 1532 3903 1626 3956; x_wconf 76' lang='grc' dir='ltr'>καὶ</span> <span class='ocrx_word' id='word_1_289' title='bbox 1685 3903 1894 3974; x_wconf 85' lang='grc' dir='ltr'>σφόδρα</span> 
     </span>
    </p>
   </div>
   <div class='ocr_carea' id='block_1_40' title="bbox 296 3991 1894 4069">
    <p class='ocr_par' dir='ltr' id='par_1_40' title="bbox 296 3991 1894 4069">
     <span class='ocr_line' id='line_1_40' title="bbox 296 3991 1894 4069; baseline -0.002 -18"><span class='ocrx_word' id='word_1_290' title='bbox 296 3993 455 4069; x_wconf 74' lang='grc'>[581]</span> <span class='ocrx_word' id='word_1_291' title='bbox 488 3993 967 4064; x_wconf 79' lang='grc' dir='ltr'>καλλωπιζόμενος</span> <span class='ocrx_word' id='word_1_292' title='bbox 990 3993 1083 4046; x_wconf 78' lang='grc' dir='ltr'>ἐπὶ</span> <span class='ocrx_word' id='word_1_293' title='bbox 1120 3995 1185 4064; x_wconf 82' lang='grc' dir='ltr'>τῇ</span> <span class='ocrx_word' id='word_1_294' title='bbox 1219 3996 1287 4064; x_wconf 78' lang='grc' dir='ltr'>σῇ</span> <span class='ocrx_word' id='word_1_295' title='bbox 1322 3991 1772 4068; x_wconf 78' lang='grc' dir='ltr'>μεγαλοφροσύνῃ</span> <span class='ocrx_word' id='word_1_296' title='bbox 1800 3995 1894 4048; x_wconf 65' lang='grc' dir='ltr'>κα)⁸</span> 
     </span>
    </p>
   </div>
   <div class='ocr_carea' id='block_1_41' title="bbox 297 4084 1893 4156">
    <p class='ocr_par' dir='ltr' id='par_1_41' title="bbox 297 4084 1893 4156">
     <span class='ocr_line' id='line_1_41' title="bbox 297 4084 1893 4156; baseline -0.001 -14"><span class='ocrx_word' id='word_1_297' title='bbox 297 4089 422 4150; x_wconf 79' lang='grc' dir='ltr'>ταῖς</span> <span class='ocrx_word' id='word_1_298' title='bbox 451 4086 777 4156; x_wconf 71' lang='grc' dir='ltr'>ἐπαλλήλοις</span> <span class='ocrx_word' id='word_1_299' title='bbox 805 4086 1010 4151; x_wconf 89' lang='grc' dir='ltr'>νίκαις,</span> <span class='ocrx_word' id='word_1_300' title='bbox 1038 4085 1098 4138; x_wconf 87' lang='grc' dir='ltr'>οὑ</span> <span class='ocrx_word' id='word_1_301' title='bbox 1123 4085 1211 4138; x_wconf 88' lang='grc' dir='ltr'>διά</span> <span class='ocrx_word' id='word_1_302' title='bbox 1230 4084 1290 4138; x_wconf 80' lang='grc' dir='ltr'>σέ</span> <span class='ocrx_word' id='word_1_303' title='bbox 1323 4085 1503 4155; x_wconf 89' lang='grc' dir='ltr'>μόνον,</span> <span class='ocrx_word' id='word_1_304' title='bbox 1520 4085 1656 4139; x_wconf 88' lang='grc' dir='ltr'>ἀλλά</span> <span class='ocrx_word' id='word_1_305' title='bbox 1682 4086 1776 4140; x_wconf 78' lang='grc' dir='ltr'>καὶ</span> <span class='ocrx_word' id='word_1_306' title='bbox 1802 4086 1893 4141; x_wconf 79' lang='grc' dir='ltr'>διὰ</span> 
     </span>
    </p>
   </div>
   <div class='ocr_carea' id='block_1_42' title="bbox 294 4172 1892 4251">
    <p class='ocr_par' dir='ltr' id='par_1_42' title="bbox 294 4172 1892 4251">
     <span class='ocr_line' id='line_1_42' title="bbox 294 4172 1892 4251; baseline 0.001 -22"><span class='ocrx_word' id='word_1_307' title='bbox 294 4179 398 4249; x_wconf 79' lang='grc' dir='ltr'>τὴν</span> <span class='ocrx_word' id='word_1_308' title='bbox 420 4178 668 4249; x_wconf 82' lang='grc' dir='ltr'>μεγάλην</span> <span class='ocrx_word' id='word_1_309' title='bbox 695 4179 790 4232; x_wconf 76' lang='grc' dir='ltr'>καὶ</span> <span class='ocrx_word' id='word_1_310' title='bbox 818 4178 1244 4248; x_wconf 88' lang='grc' dir='ltr'>πολυάνθρωπον</span> <span class='ocrx_word' id='word_1_311' title='bbox 1275 4178 1429 4230; x_wconf 89' lang='grc' dir='ltr'>πόλιν</span> <span class='ocrx_word' id='word_1_312' title='bbox 1461 4177 1696 4247; x_wconf 83' lang='grc' dir='ltr'>ἐκείνην,</span> <span class='ocrx_word' id='word_1_313' title='bbox 1796 4178 1892 4232; x_wconf 74' lang='grc' dir='ltr'>καὶ</span> 
     </span>
    </p>
   </div>
   <div class='ocr_carea' id='block_1_43' title="bbox 299 4269 1892 4342">
    <p class='ocr_par' dir='ltr' id='par_1_43' title="bbox 299 4269 1892 4342">
     <span class='ocr_line' id='line_1_43' title="bbox 299 4269 1892 4342; baseline -0.001 -18"><span class='ocrx_word' id='word_1_314' title='bbox 299 4271 426 4324; x_wconf 85' lang='grc' dir='ltr'>ἀντὶ</span> <span class='ocrx_word' id='word_1_315' title='bbox 457 4269 672 4340; x_wconf 89' lang='grc' dir='ltr'>πύργου</span> <span class='ocrx_word' id='word_1_316' title='bbox 705 4270 801 4324; x_wconf 73' lang='grc' dir='ltr'>καὶ</span> <span class='ocrx_word' id='word_1_317' title='bbox 833 4270 1055 4342; x_wconf 89' lang='grc' dir='ltr'>λιμένος</span> <span class='ocrx_word' id='word_1_318' title='bbox 1083 4271 1316 4339; x_wconf 88' lang='grc' dir='ltr'>γέγονας</span> <span class='ocrx_word' id='word_1_319' title='bbox 1365 4270 1460 4324; x_wconf 72' lang='grc' dir='ltr'>καὶ</span> <span class='ocrx_word' id='word_1_320' title='bbox 1486 4270 1722 4340; x_wconf 88' lang='grc' dir='ltr'>τείχους,</span> <span class='ocrx_word' id='word_1_321' title='bbox 1749 4269 1892 4341; x_wconf 66' lang='grc' dir='ltr'>λαμ-</span> 
     </span>
    </p>
   </div>
   <div class='ocr_carea' id='block_1_44' title="bbox 302 4360 1896 4432">
    <p class='ocr_par' dir='ltr' id='par_1_44' title="bbox 302 4360 1896 4432">
     <span class='ocr_line' id='line_1_44' title="bbox 302 4360 1896 4432; baseline 0.003 -20"><span class='ocrx_word' id='word_1_322' title='bbox 302 4361 452 4431; x_wconf 85' lang='grc' dir='ltr'>πράν</span> <span class='ocrx_word' id='word_1_323' title='bbox 489 4361 592 4432; x_wconf 81' lang='grc' dir='ltr'>τὴν</span> <span class='ocrx_word' id='word_1_324' title='bbox 620 4360 711 4414; x_wconf 81' lang='grc' dir='ltr'>διὰ</span> <span class='ocrx_word' id='word_1_325' title='bbox 738 4361 847 4414; x_wconf 88' lang='grc' dir='ltr'>τῶν</span> <span class='ocrx_word' id='word_1_326' title='bbox 893 4361 1241 4432; x_wconf 89' lang='grc' dir='ltr'>πραγμάτων</span> <span class='ocrx_word' id='word_1_327' title='bbox 1287 4363 1515 4430; x_wconf 84' lang='grc' dir='ltr'>ἀφιεῖσα</span> <span class='ocrx_word' id='word_1_328' title='bbox 1551 4361 1755 4432; x_wconf 77' lang='grc' dir='ltr'>φωνὴν,</span> <span class='ocrx_word' id='word_1_329' title='bbox 1799 4363 1896 4416; x_wconf 75' lang='grc' dir='ltr'>καὶ</span> 
     </span>
    </p>
   </div>
   <div class='ocr_carea' id='block_1_45' title="bbox 299 4452 1891 4524">
    <p class='ocr_par' dir='ltr' id='par_1_45' title="bbox 299 4452 1891 4524">
     <span class='ocr_line' id='line_1_45' title="bbox 299 4452 1891 4524; baseline 0.001 -18"><span class='ocrx_word' id='word_1_330' title='bbox 299 4454 565 4524; x_wconf 88' lang='grc' dir='ltr'>ἐκάτερον</span> <span class='ocrx_word' id='word_1_331' title='bbox 591 4453 837 4522; x_wconf 78' lang='grc' dir='ltr'>τὸ-γένος</span> <span class='ocrx_word' id='word_1_332' title='bbox 861 4454 920 4506; x_wconf 91' lang='grc' dir='ltr'>ἐν</span> <span class='ocrx_word' id='word_1_333' title='bbox 939 4456 1052 4516; x_wconf 89' lang='grc' dir='ltr'>τοῖς</span> <span class='ocrx_word' id='word_1_334' title='bbox 1092 4452 1377 4523; x_wconf 86' lang='grc' dir='ltr'>παθήμασί</span> <span class='ocrx_word' id='word_1_335' title='bbox 1413 4471 1505 4506; x_wconf 92' lang='grc' dir='ltr'>σου</span> <span class='ocrx_word' id='word_1_336' title='bbox 1536 4453 1891 4518; x_wconf 82' lang='grc' dir='ltr'>παιδεύουσα,</span> 
     </span>
    </p>
   </div>
   <div class='ocr_carea' id='block_1_46' title="bbox 300 4543 1895 4616">
    <p class='ocr_par' dir='ltr' id='par_1_46' title="bbox 300 4543 1895 4616">
     <span class='ocr_line' id='line_1_46' title="bbox 300 4543 1895 4616; baseline 0.001 -18"><span class='ocrx_word' id='word_1_337' title='bbox 300 4545 398 4598; x_wconf 75' lang='grc' dir='ltr'>καὶ</span> <span class='ocrx_word' id='word_1_338' title='bbox 431 4543 762 4598; x_wconf 79' lang='grc' dir='ltr'>ἀποδύεσθαι</span> <span class='ocrx_word' id='word_1_339' title='bbox 794 4545 993 4616; x_wconf 70' lang='grc' dir='ltr'>ῥαδίως</span> <span class='ocrx_word' id='word_1_340' title='bbox 1040 4545 1176 4614; x_wconf 80' lang='grc' dir='ltr'>πρὸς</span> <span class='ocrx_word' id='word_1_341' title='bbox 1207 4543 1483 4608; x_wconf 89' lang='grc' dir='ltr'>τοιούτους</span> <span class='ocrx_word' id='word_1_342' title='bbox 1521 4543 1763 4614; x_wconf 89' lang='grc' dir='ltr'>ἀγῶνας,</span> <span class='ocrx_word' id='word_1_343' title='bbox 1799 4546 1895 4599; x_wconf 71' lang='grc' dir='ltr'>καὶ</span> 
     </span>
    </p>
   </div>
   <div class='ocr_carea' id='block_1_47' title="bbox 299 4635 1891 4710">
    <p class='ocr_par' dir='ltr' id='par_1_47' title="bbox 299 4635 1891 4710">
     <span class='ocr_line' id='line_1_47' title="bbox 299 4635 1891 4710; baseline 0 -19"><span class='ocrx_word' id='word_1_344' title='bbox 299 4636 657 4691; x_wconf 75' lang='grc' dir='ltr'>καταϐαίνειν</span> <span class='ocrx_word' id='word_1_345' title='bbox 685 4639 766 4700; x_wconf 86' lang='grc' dir='ltr'>είς</span> <span class='ocrx_word' id='word_1_346' title='bbox 785 4635 855 4689; x_wconf 81' lang='grc' dir='ltr'>τά</span> <span class='ocrx_word' id='word_1_347' title='bbox 880 4637 1182 4707; x_wconf 90' lang='grc' dir='ltr'>σκάμματα</span> <span class='ocrx_word' id='word_1_348' title='bbox 1212 4636 1349 4707; x_wconf 88' lang='grc' dir='ltr'>μετά</span> <span class='ocrx_word' id='word_1_349' title='bbox 1375 4637 1628 4707; x_wconf 81' lang='grc' dir='ltr'>ἀνδρείας</span> <span class='ocrx_word' id='word_1_350' title='bbox 1651 4639 1891 4710; x_wconf 91' lang='grc' dir='ltr'>ἀπάσης,</span> 
     </span>
    </p>
   </div>
   <div class='ocr_carea' id='block_1_48' title="bbox 299 4727 1894 4798">
    <p class='ocr_par' dir='ltr' id='par_1_48' title="bbox 299 4727 1894 4798">
     <span class='ocr_line' id='line_1_48' title="bbox 299 4727 1894 4798; baseline 0 -17"><span class='ocrx_word' id='word_1_351' title='bbox 299 4729 398 4782; x_wconf 60' lang='grc' dir='ltr'>καὶ⁸</span> <span class='ocrx_word' id='word_1_352' title='bbox 431 4728 626 4798; x_wconf 87' lang='grc' dir='ltr'>φέρειν</span> <span class='ocrx_word' id='word_1_353' title='bbox 667 4727 906 4792; x_wconf 80' lang='grc' dir='ltr'>εὐκόλως</span> <span class='ocrx_word' id='word_1_354' title='bbox 931 4728 1059 4790; x_wconf 77' lang='grc' dir='ltr'>τοὺς</span> <span class='ocrx_word' id='word_1_355' title='bbox 1098 4728 1162 4780; x_wconf 91' lang='grc' dir='ltr'>ἐκ</span> <span class='ocrx_word' id='word_1_356' title='bbox 1206 4727 1316 4780; x_wconf 88' lang='grc' dir='ltr'>τῶν</span> <span class='ocrx_word' id='word_1_357' title='bbox 1361 4728 1621 4782; x_wconf 88' lang='grc' dir='ltr'>τοιούτων</span> <span class='ocrx_word' id='word_1_358' title='bbox 1667 4728 1894 4797; x_wconf 86' lang='grc' dir='ltr'>ἀγώνων</span> 
     </span>
    </p>
   </div>
   <div class='ocr_carea' id='block_1_49' title="bbox 301 4819 1894 4890">
    <p class='ocr_par' dir='ltr' id='par_1_49' title="bbox 301 4819 1894 4890">
     <span class='ocr_line' id='line_1_49' title="bbox 301 4819 1894 4890; baseline -0.003 -16"><span class='ocrx_word' id='word_1_359' title='bbox 301 4819 559 4890; x_wconf 84' lang='grc' dir='ltr'>ίδρῶτας.</span> <span class='ocrx_word' id='word_1_360' title='bbox 608 4820 719 4873; x_wconf 71' lang='grc' dir='ltr'>Καὶ</span> <span class='ocrx_word' id='word_1_361' title='bbox 755 4820 815 4873; x_wconf 84' lang='grc' dir='ltr'>τὸ</span> <span class='ocrx_word' id='word_1_362' title='bbox 845 4819 910 4890; x_wconf 86' lang='grc' dir='ltr'>δὴ</span> <span class='ocrx_word' id='word_1_363' title='bbox 953 4819 1286 4888; x_wconf 83' lang='grc' dir='ltr'>θαυμαστὸν,</span> <span class='ocrx_word' id='word_1_364' title='bbox 1320 4821 1406 4873; x_wconf 76' lang='grc' dir='ltr'>ὅτι</span> <span class='ocrx_word' id='word_1_365' title='bbox 1431 4821 1532 4874; x_wconf 87' lang='grc' dir='ltr'>οὑκ</span> <span class='ocrx_word' id='word_1_366' title='bbox 1579 4822 1658 4884; x_wconf 88' lang='grc' dir='ltr'>είς</span> <span class='ocrx_word' id='word_1_367' title='bbox 1688 4819 1894 4890; x_wconf 84' lang='grc' dir='ltr'>ἀγοράν</span> 
     </span>
    </p>
   </div>
   <div class='ocr_carea' id='block_1_50' title="bbox 301 4907 1894 4979">
    <p class='ocr_par' dir='ltr' id='par_1_50' title="bbox 301 4907 1894 4979">
     <span class='ocr_line' id='line_1_50' title="bbox 301 4907 1894 4979; baseline 0.002 -19"><span class='ocrx_word' id='word_1_368' title='bbox 301 4909 672 4978; x_wconf 71' lang='grc' dir='ltr'>ἐμϐάλλουσα,</span> <span class='ocrx_word' id='word_1_369' title='bbox 703 4908 825 4962; x_wconf 85' lang='grc' dir='ltr'>ούδέ</span> <span class='ocrx_word' id='word_1_370' title='bbox 866 4907 936 4961; x_wconf 85' lang='grc' dir='ltr'>τὰ</span> <span class='ocrx_word' id='word_1_371' title='bbox 979 4907 1119 4978; x_wconf 85' lang='grc' dir='ltr'>μέσα</span> <span class='ocrx_word' id='word_1_372' title='bbox 1155 4907 1256 4976; x_wconf 87' lang='grc' dir='ltr'>τῆς</span> <span class='ocrx_word' id='word_1_373' title='bbox 1295 4907 1502 4971; x_wconf 89' lang='grc' dir='ltr'>πόλεως</span> <span class='ocrx_word' id='word_1_374' title='bbox 1536 4908 1894 4979; x_wconf 79' lang='grc' dir='ltr'>καταλαμϐά-</span> 
     </span>
    </p>
   </div>
   <div class='ocr_carea' id='block_1_51' title="bbox 301 5000 1890 5074">
    <p class='ocr_par' dir='ltr' id='par_1_51' title="bbox 301 5000 1890 5074">
     <span class='ocr_line' id='line_1_51' title="bbox 301 5000 1890 5074; baseline 0 -18"><span class='ocrx_word' id='word_1_375' title='bbox 301 5019 492 5067; x_wconf 83' lang='grc' dir='ltr'>νουσα,</span> <span class='ocrx_word' id='word_1_376' title='bbox 510 5003 625 5056; x_wconf 86' lang='grc' dir='ltr'>ἀλλ’</span> <span class='ocrx_word' id='word_1_377' title='bbox 649 5002 707 5054; x_wconf 86' lang='grc' dir='ltr'>ἐν</span> <span class='ocrx_word' id='word_1_378' title='bbox 731 5001 962 5071; x_wconf 77' lang='grc' dir='ltr'>οἰκίσκῳ</span> <span class='ocrx_word' id='word_1_379' title='bbox 993 5000 1186 5072; x_wconf 90' lang='grc' dir='ltr'>βραχεῖ</span> <span class='ocrx_word' id='word_1_380' title='bbox 1207 5002 1299 5054; x_wconf 78' lang='grc' dir='ltr'>καὶ</span> <span class='ocrx_word' id='word_1_381' title='bbox 1329 5001 1559 5072; x_wconf 84' lang='grc' dir='ltr'>θαλάμῳ</span> <span class='ocrx_word' id='word_1_382' title='bbox 1582 5002 1890 5074; x_wconf 88' lang='grc' dir='ltr'>καθημένη,</span> 
     </span>
    </p>
   </div>
   <div class='ocr_carea' id='block_1_52' title="bbox 300 5089 1894 5174">
    <p class='ocr_par' dir='ltr' id='par_1_52' title="bbox 300 5089 1894 5174">
     <span class='ocr_line' id='line_1_52' title="bbox 300 5089 1894 5174; baseline 0 -29"><span class='ocrx_word' id='word_1_383' title='bbox 300 5095 537 5163; x_wconf 86' lang='grc' dir='ltr'>νευροῖς,</span> <span class='ocrx_word' id='word_1_384' title='bbox 571 5091 816 5161; x_wconf 86' lang='grc' dir='ltr'>ἀλείφεις</span> <span class='ocrx_word' id='word_1_385' title='bbox 861 5091 988 5174; x_wconf 64' lang='grc' dir='ltr'>τοὺς</span> <span class='ocrx_word' id='word_1_386' title='bbox 1035 5089 1300 5155; x_wconf 77' lang='grc' dir='ltr'>ἑστῶτας,</span> <span class='ocrx_word' id='word_1_387' title='bbox 1333 5091 1427 5144; x_wconf 80' lang='grc' dir='ltr'>καὶ</span> <span class='ocrx_word' id='word_1_388' title='bbox 1475 5092 1572 5162; x_wconf 88' lang='grc' dir='ltr'>τῆς</span> <span class='ocrx_word' id='word_1_389' title='bbox 1623 5092 1894 5165; x_wconf 83' lang='grc' dir='ltr'>θαλάττης</span> 
     </span>
    </p>
   </div>
   <div class='ocr_carea' id='block_1_53' title="bbox 302 5173 1891 5256">
    <p class='ocr_par' dir='ltr' id='par_1_53' title="bbox 302 5173 1891 5256">
     <span class='ocr_line' id='line_1_53' title="bbox 302 5173 1891 5256; baseline -0.001 -18"><span class='ocrx_word' id='word_1_390' title='bbox 302 5185 450 5238; x_wconf 85' lang='grc' dir='ltr'>οὑτω</span> <span class='ocrx_word' id='word_1_391' title='bbox 486 5187 840 5255; x_wconf 86' lang='grc' dir='ltr'>μαινομένης,</span> <span class='ocrx_word' id='word_1_392' title='bbox 883 5173 976 5239; x_wconf 75' lang='grc' dir='ltr'>καὶ</span> <span class='ocrx_word' id='word_1_393' title='bbox 1014 5183 1125 5236; x_wconf 89' lang='grc' dir='ltr'>τῶν</span> <span class='ocrx_word' id='word_1_394' title='bbox 1153 5173 1416 5253; x_wconf 76' lang='grc' dir='ltr'>κυμάτιιῖν</span> <span class='ocrx_word' id='word_1_395' title='bbox 1442 5186 1585 5239; x_wconf 88' lang='grc' dir='ltr'>οῦτω</span> <span class='ocrx_word' id='word_1_396' title='bbox 1618 5203 1891 5256; x_wconf 83' lang='grc' dir='ltr'>κορυφου-</span> 
     </span>
    </p>
   </div>
   <div class='ocr_carea' id='block_1_54' title="bbox 307 5273 1895 5344">
    <p class='ocr_par' dir='ltr' id='par_1_54' title="bbox 307 5273 1895 5344">
     <span class='ocr_line' id='line_1_54' title="bbox 307 5273 1895 5344; baseline 0.001 -16"><span class='ocrx_word' id='word_1_397' title='bbox 307 5277 507 5344; x_wconf 89' lang='grc' dir='ltr'>μένων,</span> <span class='ocrx_word' id='word_1_398' title='bbox 540 5274 821 5328; x_wconf 88' lang='grc' dir='ltr'>σκοπέλων</span> <span class='ocrx_word' id='word_1_399' title='bbox 852 5291 912 5327; x_wconf 89' lang='grc' dir='ltr'>τε</span> <span class='ocrx_word' id='word_1_400' title='bbox 940 5275 1032 5327; x_wconf 68' lang='grc' dir='ltr'>καὶ</span> <span class='ocrx_word' id='word_1_401' title='bbox 1061 5273 1302 5342; x_wconf 87' lang='grc' dir='ltr'>ὑφάλων,</span> <span class='ocrx_word' id='word_1_402' title='bbox 1338 5275 1432 5327; x_wconf 75' lang='grc' dir='ltr'>καὶ</span> <span class='ocrx_word' id='word_1_403' title='bbox 1471 5275 1763 5341; x_wconf 87' lang='grc' dir='ltr'>σπιλάδων,</span> <span class='ocrx_word' id='word_1_404' title='bbox 1800 5276 1895 5329; x_wconf 78' lang='grc' dir='ltr'>καὶ</span> 
     </span>
    </p>
   </div>
   <div class='ocr_carea' id='block_1_55' title="bbox 305 5364 1896 5436">
    <p class='ocr_par' dir='ltr' id='par_1_55' title="bbox 305 5364 1896 5436">
     <span class='ocr_line' id='line_1_55' title="bbox 305 5364 1896 5436; baseline -0.001 -18"><span class='ocrx_word' id='word_1_405' title='bbox 305 5366 514 5436; x_wconf 87' lang='grc' dir='ltr'>θηρίων</span> <span class='ocrx_word' id='word_1_406' title='bbox 547 5364 812 5418; x_wconf 90' lang='grc' dir='ltr'>πάντοθεν</span> <span class='ocrx_word' id='word_1_407' title='bbox 841 5365 1050 5435; x_wconf 88' lang='grc' dir='ltr'>ἀγρίων</span> <span class='ocrx_word' id='word_1_408' title='bbox 1075 5365 1548 5434; x_wconf 83' lang='grc' dir='ltr'>ἀναφαινομένων,</span> <span class='ocrx_word' id='word_1_409' title='bbox 1580 5366 1674 5418; x_wconf 69' lang='grc' dir='ltr'>καὶ</span> <span class='ocrx_word' id='word_1_410' title='bbox 1703 5366 1896 5429; x_wconf 79' lang='grc' dir='ltr'>νυκτὸς</span> 
     </span>
    </p>
   </div>
   <div class='ocr_carea' id='block_1_56' title="bbox 307 5455 1895 5528">
    <p class='ocr_par' dir='ltr' id='par_1_56' title="bbox 307 5455 1895 5528">
     <span class='ocr_line' id='line_1_56' title="bbox 307 5455 1895 5528; baseline 0 -19"><span class='ocrx_word' id='word_1_411' title='bbox 307 5457 619 5528; x_wconf 81' lang='grc' dir='ltr'>βαθυτάτης</span> <span class='ocrx_word' id='word_1_412' title='bbox 642 5457 822 5510; x_wconf 90' lang='grc' dir='ltr'>πάντα</span> <span class='ocrx_word' id='word_1_413' title='bbox 853 5455 1214 5526; x_wconf 82' lang='grc' dir='ltr'>κατεχούσης,</span> <span class='ocrx_word' id='word_1_414' title='bbox 1251 5455 1439 5527; x_wconf 89' lang='grc' dir='ltr'>ῶσπερ</span> <span class='ocrx_word' id='word_1_415' title='bbox 1476 5458 1534 5509; x_wconf 86' lang='grc' dir='ltr'>ἐν</span> <span class='ocrx_word' id='word_1_416' title='bbox 1575 5456 1895 5528; x_wconf 71' lang='grc' dir='ltr'>μεσημϐρία</span> 
     </span>
    </p>
   </div>
   <div class='ocr_carea' id='block_1_57' title="bbox 307 5546 1891 5618">
    <p class='ocr_par' dir='ltr' id='par_1_57' title="bbox 307 5546 1891 5618">
     <span class='ocr_line' id='line_1_57' title="bbox 307 5546 1891 5618; baseline 0 -16"><span class='ocrx_word' id='word_1_417' title='bbox 307 5549 403 5602; x_wconf 74' lang='grc' dir='ltr'>καὶ</span> <span class='ocrx_word' id='word_1_418' title='bbox 425 5547 634 5618; x_wconf 80' lang='grc' dir='ltr'>γαλήνῃ</span> <span class='ocrx_word' id='word_1_419' title='bbox 661 5548 754 5601; x_wconf 74' lang='grc' dir='ltr'>καὶ</span> <span class='ocrx_word' id='word_1_420' title='bbox 782 5546 925 5600; x_wconf 88' lang='grc' dir='ltr'>κατά</span> <span class='ocrx_word' id='word_1_421' title='bbox 961 5547 1217 5617; x_wconf 86' lang='grc' dir='ltr'>πρύμναν</span> <span class='ocrx_word' id='word_1_422' title='bbox 1249 5547 1344 5600; x_wconf 91' lang='grc' dir='ltr'>τοῦ</span> <span class='ocrx_word' id='word_1_423' title='bbox 1399 5547 1707 5618; x_wconf 83' lang='grc' dir='ltr'>πνεύματος</span> <span class='ocrx_word' id='word_1_424' title='bbox 1739 5550 1891 5603; x_wconf 89' lang='grc' dir='ltr'>ίστα-</span> 
     </span>
    </p>
   </div>
   <div class='ocr_carea' id='block_1_58' title="bbox 372 5723 1896 5798">
    <p class='ocr_par' dir='ltr' id='par_1_58' title="bbox 372 5723 1896 5798">
     <span class='ocr_line' id='line_1_58' title="bbox 372 5723 1896 5798; baseline 0.003 -25"><span class='ocrx_word' id='word_1_425' title='bbox 372 5728 399 5798; x_wconf 57' lang='grc' dir='ltr'><strong>ξ</strong></span> <span class='ocrx_word' id='word_1_426' title='bbox 421 5724 534 5774; x_wconf 84' lang='lat' dir='ltr'>Duo</span> <span class='ocrx_word' id='word_1_427' title='bbox 559 5738 674 5773; x_wconf 83' lang='lat' dir='ltr'>mss.</span> <span class='ocrx_word' id='word_1_428' title='bbox 720 5726 801 5772; x_wconf 84' lang='grc' dir='ltr'>καὶ</span> <span class='ocrx_word' id='word_1_429' title='bbox 821 5723 914 5786; x_wconf 87' lang='grc' dir='ltr'>πῦρ</span> <span class='ocrx_word' id='word_1_430' title='bbox 935 5725 1171 5782; x_wconf 82' lang='grc' dir='ltr'>ἀνάπτων,</span> <span class='ocrx_word' id='word_1_431' title='bbox 1201 5725 1283 5775; x_wconf 83' lang='lat' dir='ltr'><strong>alii</strong></span> <span class='ocrx_word' id='word_1_432' title='bbox 1311 5731 1364 5775; x_wconf 80' lang='lat' dir='ltr'><strong>et</strong></span> <span class='ocrx_word' id='word_1_433' title='bbox 1385 5725 1506 5776; x_wconf 76' lang='lat' dir='ltr'><strong>editi</strong></span> <span class='ocrx_word' id='word_1_434' title='bbox 1547 5729 1627 5776; x_wconf 79' lang='grc' dir='ltr'>καὶ</span> <span class='ocrx_word' id='word_1_435' title='bbox 1664 5727 1757 5791; x_wconf 80' lang='grc' dir='ltr'>πῦρ</span> <span class='ocrx_word' id='word_1_436' title='bbox 1777 5729 1896 5777; x_wconf 88' lang='grc' dir='ltr'>ἀνα-</span> 
     </span>
    </p>
   </div>
   <div class='ocr_carea' id='block_1_59' title="bbox 312 5801 476 5836">
    <p class='ocr_par' dir='ltr' id='par_1_59' title="bbox 312 5801 476 5836">
     <span class='ocr_line' id='line_1_59' title="bbox 312 5801 476 5836; baseline -0.012 0"><span class='ocrx_word' id='word_1_437' title='bbox 312 5801 460 5836; x_wconf 77' lang='grc' dir='ltr'>ιαιων</span> <span class='ocrx_word' id='word_1_438' title='bbox 466 5824 476 5834; x_wconf 86' lang='grc'>.</span> 
     </span>
    </p>
   </div>
   <div class='ocr_carea' id='block_1_60' title="bbox 375 5846 1297 5912">
    <p class='ocr_par' dir='ltr' id='par_1_60' title="bbox 375 5846 1297 5912">
     <span class='ocr_line' id='line_1_60' title="bbox 375 5846 1297 5912; baseline -0.002 -14"><span class='ocrx_word' id='word_1_439' title='bbox 375 5848 401 5884; x_wconf 73' lang='grc'><strong><em>⁵</em></strong></span> <span class='ocrx_word' id='word_1_440' title='bbox 423 5846 523 5898; x_wconf 74' lang='lat' dir='ltr'><strong>Alii</strong></span> <span class='ocrx_word' id='word_1_441' title='bbox 550 5846 628 5895; x_wconf 84' lang='grc' dir='ltr'>δια</span> <span class='ocrx_word' id='word_1_442' title='bbox 649 5846 705 5894; x_wconf 87' lang='grc' dir='ltr'>τὸ</span> <span class='ocrx_word' id='word_1_443' title='bbox 729 5848 912 5910; x_wconf 74' lang='grc' dir='ltr'>σφόδρα</span> <span class='ocrx_word' id='word_1_444' title='bbox 935 5852 1174 5912; x_wconf 71' lang='grc' dir='ltr'>μεριμνᾲν.</span> <span class='ocrx_word' id='word_1_445' title='bbox 1201 5852 1297 5896; x_wconf 84' lang='lat' dir='ltr'>clc.</span> 
     </span>
    </p>
   </div>
   <div class='ocr_carea' id='block_1_61' title="bbox 1709 425 2092 484">
    <p class='ocr_par' dir='ltr' id='par_1_61' title="bbox 1709 425 2092 484">
     <span class='ocr_line' id='line_1_61' title="bbox 1709 425 2092 484; baseline 0.003 -1"><span class='ocrx_word' id='word_1_446' title='bbox 1709 425 2092 484; x_wconf 60' lang='lat' dir='ltr'>EPISTOLE.</span> 
     </span>
    </p>
   </div>
   <div class='ocr_carea' id='block_1_62' title="bbox 3459 414 3564 468">
    <p class='ocr_par' dir='ltr' id='par_1_62' title="bbox 3459 414 3564 468">
     <span class='ocr_line' id='line_1_62' title="bbox 3459 414 3564 468; baseline 0 0"><span class='ocrx_word' id='word_1_447' title='bbox 3459 414 3564 468; x_wconf 77' lang='lat'><strong>600</strong></span> 
     </span>
    </p>
   </div>
   <div class='ocr_carea' id='block_1_63' title="bbox 1983 541 3570 615">
    <p class='ocr_par' dir='ltr' id='par_1_63' title="bbox 1983 541 3570 615">
     <span class='ocr_line' id='line_1_63' title="bbox 1983 541 3570 615; baseline 0 -19"><span class='ocrx_word' id='word_1_448' title='bbox 1983 544 2168 614; x_wconf 86' lang='grc' dir='ltr'>μένου,</span> <span class='ocrx_word' id='word_1_449' title='bbox 2198 542 2372 608; x_wconf 85' lang='grc' dir='ltr'>οὑτως</span> <span class='ocrx_word' id='word_1_450' title='bbox 2413 544 2801 599; x_wconf 80' lang='grc' dir='ltr'>ἀναπετάσασα</span> <span class='ocrx_word' id='word_1_451' title='bbox 2840 545 2940 615; x_wconf 89' lang='grc' dir='ltr'>τῆς</span> <span class='ocrx_word' id='word_1_452' title='bbox 2984 541 3264 614; x_wconf 79' lang='grc' dir='ltr'>ὑπομονῆς</span> <span class='ocrx_word' id='word_1_453' title='bbox 3300 545 3371 597; x_wconf 88' lang='grc' dir='ltr'>τά</span> <span class='ocrx_word' id='word_1_454' title='bbox 3401 543 3570 611; x_wconf 71' lang='grc' dir='ltr'>ἱστία,</span> 
     </span>
    </p>
   </div>
   <div class='ocr_carea' id='block_1_64' title="bbox 1982 634 3570 705">
    <p class='ocr_par' dir='ltr' id='par_1_64' title="bbox 1982 634 3570 705">
     <span class='ocr_line' id='line_1_64' title="bbox 1982 634 3570 705; baseline 0.001 -18"><span class='ocrx_word' id='word_1_455' title='bbox 1982 634 2119 704; x_wconf 87' lang='grc' dir='ltr'>μετά</span> <span class='ocrx_word' id='word_1_456' title='bbox 2164 635 2363 704; x_wconf 85' lang='grc' dir='ltr'>πολλῆς</span> <span class='ocrx_word' id='word_1_457' title='bbox 2403 634 2587 698; x_wconf 83' lang='grc' dir='ltr'>πλέεις</span> <span class='ocrx_word' id='word_1_458' title='bbox 2615 637 2713 705; x_wconf 91' lang='grc' dir='ltr'>τῆς</span> <span class='ocrx_word' id='word_1_459' title='bbox 2757 635 3027 700; x_wconf 76' lang='grc' dir='ltr'>εὐκολίας,</span> <span class='ocrx_word' id='word_1_460' title='bbox 3058 637 3121 688; x_wconf 90' lang='grc' dir='ltr'>οὑ</span> <span class='ocrx_word' id='word_1_461' title='bbox 3153 635 3313 704; x_wconf 87' lang='grc' dir='ltr'>μόνον</span> <span class='ocrx_word' id='word_1_462' title='bbox 3345 634 3408 688; x_wconf 84' lang='grc' dir='ltr'>οὑ</span> <span class='ocrx_word' id='word_1_463' title='bbox 3437 635 3570 689; x_wconf 83' lang='grc' dir='ltr'>κλυ-</span> 
     </span>
    </p>
   </div>
   <div class='ocr_carea' id='block_1_65' title="bbox 1977 719 3570 794">
    <p class='ocr_par' dir='ltr' id='par_1_65' title="bbox 1977 719 3570 794">
     <span class='ocr_line' id='line_1_65' title="bbox 1977 719 3570 794; baseline -0.004 -18"><span class='ocrx_word' id='word_1_464' title='bbox 1977 723 2313 794; x_wconf 78' lang='grc' dir='ltr'>δωνιζομένη</span> <span class='ocrx_word' id='word_1_465' title='bbox 2346 723 2451 776; x_wconf 79' lang='grc' dir='ltr'>ὑπὸ</span> <span class='ocrx_word' id='word_1_466' title='bbox 2477 722 2571 775; x_wconf 86' lang='grc' dir='ltr'>τοῦ</span> <span class='ocrx_word' id='word_1_467' title='bbox 2615 722 2854 792; x_wconf 81' lang='grc' dir='ltr'>χαλεποῦ</span> <span class='ocrx_word' id='word_1_468' title='bbox 2897 721 3088 774; x_wconf 89' lang='grc' dir='ltr'>τούτου</span> <span class='ocrx_word' id='word_1_469' title='bbox 3114 719 3408 790; x_wconf 86' lang='grc' dir='ltr'>χειμῶνος,</span> <span class='ocrx_word' id='word_1_470' title='bbox 3451 719 3570 771; x_wconf 76' lang='grc' dir='ltr'>ἀλλ’</span> 
     </span>
    </p>
   </div>
   <div class='ocr_carea' id='block_1_66' title="bbox 1977 809 3571 886">
    <p class='ocr_par' dir='ltr' id='par_1_66' title="bbox 1977 809 3571 886">
     <span class='ocr_line' id='line_1_66' title="bbox 1977 809 3571 886; baseline -0.003 -19"><span class='ocrx_word' id='word_1_471' title='bbox 1977 815 2097 867; x_wconf 88' lang='grc' dir='ltr'>οὑδὲ</span> <span class='ocrx_word' id='word_1_472' title='bbox 2122 832 2186 866; x_wconf 89' lang='grc' dir='ltr'>πε</span> <span class='ocrx_word' id='word_1_473' title='bbox 2197 814 2648 886; x_wconf 74' lang='grc' dir='ltr'>ριρῤαντιζομένη</span> <span class='ocrx_word' id='word_1_474' title='bbox 2667 831 2681 845; x_wconf 89' lang='grc'><strong>·</strong></span> <span class='ocrx_word' id='word_1_475' title='bbox 2703 816 2797 866; x_wconf 62' lang='grc' dir='ltr'>καὶ⁵</span> <span class='ocrx_word' id='word_1_476' title='bbox 2820 813 2964 884; x_wconf 88' lang='grc' dir='ltr'>μάλα</span> <span class='ocrx_word' id='word_1_477' title='bbox 2978 830 3041 880; x_wconf 92' lang='grc' dir='ltr'>γε</span> <span class='ocrx_word' id='word_1_478' title='bbox 3065 813 3290 874; x_wconf 79' lang='grc' dir='ltr'>εἰκότως</span> <span class='ocrx_word' id='word_1_479' title='bbox 3310 827 3324 842; x_wconf 76' lang='grc' dir='ltr'><strong>ο</strong></span> <span class='ocrx_word' id='word_1_480' title='bbox 3343 809 3571 864; x_wconf 85' lang='grc' dir='ltr'>τοιαῦτα</span> 
     </span>
    </p>
   </div>
   <div class='ocr_carea' id='block_1_67' title="bbox 1977 899 3574 976">
    <p class='ocr_par' dir='ltr' id='par_1_67' title="bbox 1977 899 3574 976">
     <span class='ocr_line' id='line_1_67' title="bbox 1977 899 3574 976; baseline -0.003 -20"><span class='ocrx_word' id='word_1_481' title='bbox 1977 905 2087 975; x_wconf 86' lang='grc' dir='ltr'>γάρ</span> <span class='ocrx_word' id='word_1_482' title='bbox 2111 905 2210 974; x_wconf 88' lang='grc' dir='ltr'>τῆς</span> <span class='ocrx_word' id='word_1_483' title='bbox 2227 905 2428 976; x_wconf 88' lang='grc' dir='ltr'>ἀρετῆς</span> <span class='ocrx_word' id='word_1_484' title='bbox 2450 903 2517 957; x_wconf 86' lang='grc' dir='ltr'>τὰ</span> <span class='ocrx_word' id='word_1_485' title='bbox 2540 900 2794 976; x_wconf 85' lang='grc' dir='ltr'>πηδάλια.</span> <span class='ocrx_word' id='word_1_486' title='bbox 2827 902 2933 956; x_wconf 77' lang='grc' dir='ltr'>Καὶ</span> <span class='ocrx_word' id='word_1_487' title='bbox 2948 903 3182 973; x_wconf 73' lang='grc' dir='ltr'>ἔμποροι</span> <span class='ocrx_word' id='word_1_488' title='bbox 3209 902 3328 971; x_wconf 75' lang='grc' dir='ltr'>μὲν,</span> <span class='ocrx_word' id='word_1_489' title='bbox 3363 899 3460 953; x_wconf 71' lang='grc' dir='ltr'>καὶ</span> <span class='ocrx_word' id='word_1_490' title='bbox 3473 916 3545 952; x_wconf 89' lang='grc' dir='ltr'>κυ</span> <span class='ocrx_word' id='word_1_491' title='bbox 3563 928 3574 938; x_wconf 87' lang='lat'><strong>-</strong></span> 
     </span>
    </p>
   </div>
   <div class='ocr_carea' id='block_1_68' title="bbox 1978 991 3574 1065">
    <p class='ocr_par' dir='ltr' id='par_1_68' title="bbox 1978 991 3574 1065">
     <span class='ocr_line' id='line_1_68' title="bbox 1978 991 3574 1065; baseline -0.003 -18"><span class='ocrx_word' id='word_1_492' title='bbox 1978 995 2258 1065; x_wconf 79' lang='grc' dir='ltr'>ϐερνῆται,</span> <span class='ocrx_word' id='word_1_493' title='bbox 2284 996 2380 1049; x_wconf 77' lang='grc' dir='ltr'>καὶ</span> <span class='ocrx_word' id='word_1_494' title='bbox 2406 996 2720 1059; x_wconf 75' lang='grc' dir='ltr'>ναῦται,κα“ι</span> <span class='ocrx_word' id='word_1_495' title='bbox 2749 994 3054 1064; x_wconf 80' lang='grc' dir='ltr'>πλωτῆρες,</span> <span class='ocrx_word' id='word_1_496' title='bbox 3074 991 3293 1045; x_wconf 80' lang='grc' dir='ltr'>ἐπειδὰν</span> <span class='ocrx_word' id='word_1_497' title='bbox 3319 991 3470 1044; x_wconf 86' lang='grc' dir='ltr'>ῐδωσι</span> <span class='ocrx_word' id='word_1_498' title='bbox 3487 1008 3574 1043; x_wconf 80' lang='grc' dir='ltr'>νε-</span> 
     </span>
    </p>
   </div>
   <div class='ocr_carea' id='block_1_69' title="bbox 1979 1079 3574 1157">
    <p class='ocr_par' dir='ltr' id='par_1_69' title="bbox 1979 1079 3574 1157">
     <span class='ocr_line' id='line_1_69' title="bbox 1979 1079 3574 1157; baseline -0.006 -18"><span class='ocrx_word' id='word_1_499' title='bbox 1979 1086 2094 1155; x_wconf 84' lang='grc' dir='ltr'>φῶν</span> <span class='ocrx_word' id='word_1_500' title='bbox 2112 1087 2472 1157; x_wconf 75' lang='grc' dir='ltr'>συνδρομὴν,ῆ</span> <span class='ocrx_word' id='word_1_501' title='bbox 2493 1086 2702 1156; x_wconf 87' lang='grc' dir='ltr'>ἀγρίων</span> <span class='ocrx_word' id='word_1_502' title='bbox 2725 1085 2942 1154; x_wconf 90' lang='grc' dir='ltr'>ἀνέμων</span> <span class='ocrx_word' id='word_1_503' title='bbox 2961 1081 3218 1153; x_wconf 74' lang='grc' dir='ltr'>ἐμϐολὴν,</span> <span class='ocrx_word' id='word_1_504' title='bbox 3238 1081 3273 1152; x_wconf 79' lang='grc' dir='ltr'>ἢ</span> <span class='ocrx_word' id='word_1_505' title='bbox 3301 1080 3363 1132; x_wconf 84' lang='grc' dir='ltr'>τὸ</span> <span class='ocrx_word' id='word_1_506' title='bbox 3393 1079 3574 1150; x_wconf 77' lang='grc' dir='ltr'>ῥόθιον</span> 
     </span>
    </p>
   </div>
   <div class='ocr_carea' id='block_1_70' title="bbox 1977 1172 3573 1248">
    <p class='ocr_par' dir='ltr' id='par_1_70' title="bbox 1977 1172 3573 1248">
     <span class='ocr_line' id='line_1_70' title="bbox 1977 1172 3573 1248; baseline -0.004 -19"><span class='ocrx_word' id='word_1_507' title='bbox 1977 1179 2071 1232; x_wconf 91' lang='grc' dir='ltr'>τοῦ</span> <span class='ocrx_word' id='word_1_508' title='bbox 2089 1179 2332 1248; x_wconf 89' lang='grc' dir='ltr'>κύματος</span> <span class='ocrx_word' id='word_1_509' title='bbox 2357 1178 2703 1248; x_wconf 81' lang='grc' dir='ltr'>σφοδροτάτῳ</span> <span class='ocrx_word' id='word_1_510' title='bbox 2718 1177 2839 1242; x_wconf 75' lang='grc' dir='ltr'>ζέον</span> <span class='ocrx_word' id='word_1_511' title='bbox 2851 1175 3010 1246; x_wconf 80' lang='grc' dir='ltr'>ἀφρῷ</span> <span class='ocrx_word' id='word_1_512' title='bbox 3034 1212 3050 1235; x_wconf 92' lang='grc'>,</span> <span class='ocrx_word' id='word_1_513' title='bbox 3075 1174 3208 1227; x_wconf 74' lang='grc' dir='ltr'>εἴσω</span> <span class='ocrx_word' id='word_1_514' title='bbox 3241 1172 3460 1243; x_wconf 70' lang='grc' dir='ltr'>λιμένος</span> <span class='ocrx_word' id='word_1_515' title='bbox 3503 1177 3573 1222; x_wconf 74' lang='grc' dir='ltr'>τά</span> 
     </span>
    </p>
   </div>
   <div class='ocr_carea' id='block_1_71' title="bbox 1979 1260 3572 1338">
    <p class='ocr_par' dir='ltr' id='par_1_71' title="bbox 1979 1260 3572 1338">
     <span class='ocr_line' id='line_1_71' title="bbox 1979 1260 3572 1338; baseline -0.004 -19"><span class='ocrx_word' id='word_1_516' title='bbox 1979 1268 2138 1321; x_wconf 86' lang='grc' dir='ltr'>πλοῖα</span> <span class='ocrx_word' id='word_1_517' title='bbox 2167 1268 2523 1338; x_wconf 69' lang='grc' dir='ltr'>κατέχουσιν*</span> <span class='ocrx_word' id='word_1_518' title='bbox 2551 1269 2600 1320; x_wconf 87' lang='grc' dir='ltr'>εί</span> <span class='ocrx_word' id='word_1_519' title='bbox 2637 1267 2693 1319; x_wconf 89' lang='grc' dir='ltr'>δέ</span> <span class='ocrx_word' id='word_1_520' title='bbox 2725 1283 2828 1320; x_wconf 88' lang='grc' dir='ltr'>που</span> <span class='ocrx_word' id='word_1_521' title='bbox 2863 1268 2958 1318; x_wconf 80' lang='grc' dir='ltr'>καὶ</span> <span class='ocrx_word' id='word_1_522' title='bbox 2998 1263 3213 1333; x_wconf 86' lang='grc' dir='ltr'>τύχοιεν</span> <span class='ocrx_word' id='word_1_523' title='bbox 3251 1265 3310 1316; x_wconf 82' lang='grc' dir='ltr'>ἐν</span> <span class='ocrx_word' id='word_1_524' title='bbox 3343 1260 3572 1328; x_wconf 80' lang='grc' dir='ltr'>πελάγει</span> 
     </span>
    </p>
   </div>
   <div class='ocr_carea' id='block_1_72' title="bbox 1981 1351 3572 1427">
    <p class='ocr_par' dir='ltr' id='par_1_72' title="bbox 1981 1351 3572 1427">
     <span class='ocr_line' id='line_1_72' title="bbox 1981 1351 3572 1427; baseline -0.006 -14"><span class='ocrx_word' id='word_1_525' title='bbox 1981 1359 2334 1423; x_wconf 89' lang='grc' dir='ltr'>σαλεύοντες,</span> <span class='ocrx_word' id='word_1_526' title='bbox 2391 1359 2569 1413; x_wconf 88' lang='grc' dir='ltr'>πάντα</span> <span class='ocrx_word' id='word_1_527' title='bbox 2612 1358 2825 1412; x_wconf 84' lang='grc' dir='ltr'>ποιοῦσι</span> <span class='ocrx_word' id='word_1_528' title='bbox 2875 1358 2971 1410; x_wconf 78' lang='grc' dir='ltr'>καὶ</span> <span class='ocrx_word' id='word_1_529' title='bbox 3006 1355 3386 1427; x_wconf 88' lang='grc' dir='ltr'>μηχανῶνται,</span> <span class='ocrx_word' id='word_1_530' title='bbox 3427 1351 3572 1405; x_wconf 85' lang='grc' dir='ltr'>ῶστε</span> 
     </span>
    </p>
   </div>
   <div class='ocr_carea' id='block_1_73' title="bbox 1982 1445 3568 1524">
    <p class='ocr_par' dir='ltr' id='par_1_73' title="bbox 1982 1445 3568 1524">
     <span class='ocr_line' id='line_1_73' title="bbox 1982 1445 3568 1524; baseline -0.005 -18"><span class='ocrx_word' id='word_1_531' title='bbox 1982 1454 2115 1523; x_wconf 81' lang='grc' dir='ltr'>πρὸς</span> <span class='ocrx_word' id='word_1_532' title='bbox 2131 1455 2319 1524; x_wconf 80' lang='grc' dir='ltr'>ὅρμον,</span> <span class='ocrx_word' id='word_1_533' title='bbox 2336 1452 2370 1522; x_wconf 85' lang='grc' dir='ltr'>ἦ</span> <span class='ocrx_word' id='word_1_534' title='bbox 2397 1452 2578 1522; x_wconf 85' lang='grc' dir='ltr'>νῆσον,</span> <span class='ocrx_word' id='word_1_535' title='bbox 2603 1451 2636 1522; x_wconf 76' lang='grc' dir='ltr'>ἢ</span> <span class='ocrx_word' id='word_1_536' title='bbox 2661 1450 2833 1520; x_wconf 79' lang='grc' dir='ltr'>ἀκτὴν</span> <span class='ocrx_word' id='word_1_537' title='bbox 2850 1449 3218 1520; x_wconf 87' lang='grc' dir='ltr'>προσορμίσαι</span> <span class='ocrx_word' id='word_1_538' title='bbox 3247 1445 3309 1498; x_wconf 75' lang='grc' dir='ltr'>τὸ</span> <span class='ocrx_word' id='word_1_539' title='bbox 3340 1445 3568 1513; x_wconf 69' lang='grc' dir='ltr'>σκάφος.</span> 
     </span>
    </p>
   </div>
   <div class='ocr_carea' id='block_1_74' title="bbox 1980 1534 3574 1615">
    <p class='ocr_par' dir='ltr' id='par_1_74' title="bbox 1980 1534 3574 1615">
     <span class='ocr_line' id='line_1_74' title="bbox 1980 1534 3574 1615; baseline -0.009 -16"><span class='ocrx_word' id='word_1_540' title='bbox 1980 1547 2052 1599; x_wconf 82' lang='grc' dir='ltr'><strong>Σὺ</strong></span> <span class='ocrx_word' id='word_1_541' title='bbox 2076 1545 2132 1599; x_wconf 80' lang='grc' dir='ltr'>δὲ</span> <span class='ocrx_word' id='word_1_542' title='bbox 2164 1543 2375 1615; x_wconf 87' lang='grc' dir='ltr'>μυρίων</span> <span class='ocrx_word' id='word_1_543' title='bbox 2408 1543 2756 1612; x_wconf 88' lang='grc' dir='ltr'>πνευμάτων,</span> <span class='ocrx_word' id='word_1_544' title='bbox 2780 1539 3052 1593; x_wconf 85' lang='grc' dir='ltr'>τοσούτων</span> <span class='ocrx_word' id='word_1_545' title='bbox 3077 1537 3285 1608; x_wconf 92' lang='grc' dir='ltr'>ἀγρίων</span> <span class='ocrx_word' id='word_1_546' title='bbox 3309 1534 3574 1606; x_wconf 88' lang='grc' dir='ltr'>κυμάτων</span> 
     </span>
    </p>
   </div>
   <div class='ocr_carea' id='block_1_75' title="bbox 1980 1627 3573 1706">
    <p class='ocr_par' dir='ltr' id='par_1_75' title="bbox 1980 1627 3573 1706">
     <span class='ocr_line' id='line_1_75' title="bbox 1980 1627 3573 1706; baseline -0.01 -15"><span class='ocrx_word' id='word_1_547' title='bbox 1980 1636 2247 1691; x_wconf 81' lang='grc' dir='ltr'>πάντοθεν</span> <span class='ocrx_word' id='word_1_548' title='bbox 2292 1634 2779 1706; x_wconf 75' lang='grc' dir='ltr'>συρρηγνυμένων,</span> <span class='ocrx_word' id='word_1_549' title='bbox 2825 1632 2921 1685; x_wconf 88' lang='grc' dir='ltr'>τοῦ</span> <span class='ocrx_word' id='word_1_550' title='bbox 2963 1629 3128 1701; x_wconf 86' lang='grc' dir='ltr'>βυθοῦ</span> <span class='ocrx_word' id='word_1_551' title='bbox 3159 1631 3260 1702; x_wconf 89' lang='grc' dir='ltr'>τῆς</span> <span class='ocrx_word' id='word_1_552' title='bbox 3302 1627 3573 1697; x_wconf 77' lang='grc' dir='ltr'>θαλάττης</span> 
     </span>
    </p>
   </div>
   <div class='ocr_carea' id='block_1_76' title="bbox 1979 1718 3574 1798">
    <p class='ocr_par' dir='ltr' id='par_1_76' title="bbox 1979 1718 3574 1798">
     <span class='ocr_line' id='line_1_76' title="bbox 1979 1718 3574 1798; baseline -0.006 -17"><span class='ocrx_word' id='word_1_553' title='bbox 1979 1727 2419 1798; x_wconf 82' lang='grc' dir='ltr'>ἀναστραφέντος</span> <span class='ocrx_word' id='word_1_554' title='bbox 2441 1725 2530 1779; x_wconf 83' lang='grc' dir='ltr'>διὰ</span> <span class='ocrx_word' id='word_1_555' title='bbox 2550 1725 2651 1797; x_wconf 81' lang='grc' dir='ltr'>τὴν</span> <span class='ocrx_word' id='word_1_556' title='bbox 2677 1725 3022 1796; x_wconf 88' lang='grc' dir='ltr'>χαλεπότητα</span> <span class='ocrx_word' id='word_1_557' title='bbox 3044 1722 3140 1776; x_wconf 85' lang='grc' dir='ltr'>τοῦ</span> <span class='ocrx_word' id='word_1_558' title='bbox 3166 1721 3455 1792; x_wconf 86' lang='grc' dir='ltr'>χειμῶνος,</span> <span class='ocrx_word' id='word_1_559' title='bbox 3478 1718 3574 1772; x_wconf 76' lang='grc' dir='ltr'>καὶ</span> 
     </span>
    </p>
   </div>
   <div class='ocr_carea' id='block_1_77' title="bbox 1978 1813 3574 1888">
    <p class='ocr_par' dir='ltr' id='par_1_77' title="bbox 1978 1813 3574 1888">
     <span class='ocr_line' id='line_1_77' title="bbox 1978 1813 3574 1888; baseline -0.004 -17"><span class='ocrx_word' id='word_1_560' title='bbox 1978 1819 2088 1871; x_wconf 82' lang='grc' dir='ltr'>τῶν</span> <span class='ocrx_word' id='word_1_561' title='bbox 2119 1819 2217 1888; x_wconf 80' lang='grc' dir='ltr'>μέν</span> <span class='ocrx_word' id='word_1_562' title='bbox 2246 1817 2593 1888; x_wconf 81' lang='grc' dir='ltr'>ὑποὸρυγίων</span> <span class='ocrx_word' id='word_1_563' title='bbox 2614 1816 2945 1887; x_wconf 88' lang='grc' dir='ltr'>γενομένων,</span> <span class='ocrx_word' id='word_1_564' title='bbox 2976 1815 3086 1868; x_wconf 89' lang='grc' dir='ltr'>τῶν</span> <span class='ocrx_word' id='word_1_565' title='bbox 3107 1814 3164 1867; x_wconf 84' lang='grc' dir='ltr'>δέ</span> <span class='ocrx_word' id='word_1_566' title='bbox 3203 1813 3574 1867; x_wconf 78' lang='grc' dir='ltr'>ἐπιπλεόντων</span> 
     </span>
    </p>
   </div>
   <div class='ocr_carea' id='block_1_78' title="bbox 1981 1903 3578 1982">
    <p class='ocr_par' dir='ltr' id='par_1_78' title="bbox 1981 1903 3578 1982">
     <span class='ocr_line' id='line_1_78' title="bbox 1981 1903 3578 1982; baseline -0.007 -19"><span class='ocrx_word' id='word_1_567' title='bbox 1981 1909 2190 1982; x_wconf 86' lang='grc' dir='ltr'>νεκρῶν</span> <span class='ocrx_word' id='word_1_568' title='bbox 2210 1911 2320 1974; x_wconf 91' lang='grc' dir='ltr'>τοῖς</span> <span class='ocrx_word' id='word_1_569' title='bbox 2346 1908 2554 1972; x_wconf 76' lang='grc' dir='ltr'>ὕδασιν,</span> <span class='ocrx_word' id='word_1_570' title='bbox 2579 1907 2783 1977; x_wconf 88' lang='grc' dir='ltr'>ἐτέρων</span> <span class='ocrx_word' id='word_1_571' title='bbox 2807 1905 3032 1977; x_wconf 89' lang='grc' dir='ltr'>γυμνῶν</span> <span class='ocrx_word' id='word_1_572' title='bbox 3059 1903 3152 1958; x_wconf 79' lang='grc' dir='ltr'>ἐπὶ</span> <span class='ocrx_word' id='word_1_573' title='bbox 3175 1903 3388 1967; x_wconf 87' lang='grc' dir='ltr'>σανίδος</span> <span class='ocrx_word' id='word_1_574' title='bbox 3409 1917 3578 1972; x_wconf 88' lang='grc' dir='ltr'>φερο-</span> 
     </span>
    </p>
   </div>
   <div class='ocr_carea' id='block_1_79' title="bbox 1986 1993 3572 2073">
    <p class='ocr_par' dir='ltr' id='par_1_79' title="bbox 1986 1993 3572 2073">
     <span class='ocr_line' id='line_1_79' title="bbox 1986 1993 3572 2073; baseline -0.007 -17"><span class='ocrx_word' id='word_1_575' title='bbox 1986 2003 2185 2073; x_wconf 90' lang='grc' dir='ltr'>μένων,</span> <span class='ocrx_word' id='word_1_576' title='bbox 2219 2001 2297 2065; x_wconf 84' lang='grc' dir='ltr'>είς</span> <span class='ocrx_word' id='word_1_577' title='bbox 2331 2000 2494 2071; x_wconf 84' lang='grc' dir='ltr'>μέσον</span> <span class='ocrx_word' id='word_1_578' title='bbox 2536 1999 2805 2070; x_wconf 77' lang='grc' dir='ltr'>ἁλλομένη</span> <span class='ocrx_word' id='word_1_579' title='bbox 2843 1997 2906 2051; x_wconf 83' lang='grc' dir='ltr'>τὸ</span> <span class='ocrx_word' id='word_1_580' title='bbox 2953 1996 3191 2066; x_wconf 75' lang='grc' dir='ltr'>πέλαγος</span> <span class='ocrx_word' id='word_1_581' title='bbox 3222 1995 3334 2048; x_wconf 88' lang='grc' dir='ltr'>τῶν</span> <span class='ocrx_word' id='word_1_582' title='bbox 3363 1993 3572 2053; x_wconf 88' lang='grc' dir='ltr'>κακῶν,</span> 
     </span>
    </p>
   </div>
   <div class='ocr_carea' id='block_1_80' title="bbox 1987 2086 3577 2164">
    <p class='ocr_par' dir='ltr' id='par_1_80' title="bbox 1987 2086 3577 2164">
     <span class='ocr_line' id='line_1_80' title="bbox 1987 2086 3577 2164; baseline -0.005 -18"><span class='ocrx_word' id='word_1_583' title='bbox 1987 2091 2156 2164; x_wconf 88' lang='grc' dir='ltr'>μῦθον</span> <span class='ocrx_word' id='word_1_584' title='bbox 2192 2091 2408 2145; x_wconf 68' lang='grc' dir='ltr'>ἅπαντα</span> <span class='ocrx_word' id='word_1_585' title='bbox 2463 2091 2638 2144; x_wconf 91' lang='grc' dir='ltr'>ταῦτα</span> <span class='ocrx_word' id='word_1_586' title='bbox 2685 2087 2907 2154; x_wconf 85' lang='grc' dir='ltr'>καλεῖς,</span> <span class='ocrx_word' id='word_1_587' title='bbox 2947 2087 3201 2158; x_wconf 80' lang='grc' dir='ltr'>ἐξουρίας</span> <span class='ocrx_word' id='word_1_588' title='bbox 3246 2089 3306 2141; x_wconf 91' lang='grc' dir='ltr'>ἐν</span> <span class='ocrx_word' id='word_1_589' title='bbox 3343 2086 3577 2159; x_wconf 86' lang='grc' dir='ltr'>χειμῶνι</span> 
     </span>
    </p>
   </div>
   <div class='ocr_carea' id='block_1_81' title="bbox 1984 2179 3574 2254">
    <p class='ocr_par' dir='ltr' id='par_1_81' title="bbox 1984 2179 3574 2254">
     <span class='ocr_line' id='line_1_81' title="bbox 1984 2179 3574 2254; baseline -0.003 -18"><span class='ocrx_word' id='word_1_590' title='bbox 1984 2184 2221 2238; x_wconf 82' lang='grc' dir='ltr'>πλέουσα</span> <span class='ocrx_word' id='word_1_591' title='bbox 2239 2201 2252 2214; x_wconf 75' lang='grc' dir='ltr'><strong>ο</strong></span> <span class='ocrx_word' id='word_1_592' title='bbox 2288 2184 2383 2238; x_wconf 74' lang='grc' dir='ltr'>καὶ</span> <span class='ocrx_word' id='word_1_593' title='bbox 2411 2182 2557 2254; x_wconf 90' lang='grc' dir='ltr'>μάλα</span> <span class='ocrx_word' id='word_1_594' title='bbox 2584 2183 2830 2245; x_wconf 87' lang='grc' dir='ltr'>είκότως.</span> <span class='ocrx_word' id='word_1_595' title='bbox 2857 2183 2920 2235; x_wconf 79' lang='lat' dir='ltr'>Ol</span> <span class='ocrx_word' id='word_1_596' title='bbox 2954 2182 3052 2253; x_wconf 80' lang='grc' dir='ltr'>μέν</span> <span class='ocrx_word' id='word_1_597' title='bbox 3078 2180 3189 2252; x_wconf 82' lang='grc' dir='ltr'>γάρ</span> <span class='ocrx_word' id='word_1_598' title='bbox 3217 2179 3574 2252; x_wconf 78' lang='grc' dir='ltr'>κυϐερνῆται,</span> 
     </span>
    </p>
   </div>
   <div class='ocr_carea' id='block_1_82' title="bbox 1983 2268 3577 2346">
    <p class='ocr_par' dir='ltr' id='par_1_82' title="bbox 1983 2268 3577 2346">
     <span class='ocr_line' id='line_1_82' title="bbox 1983 2268 3577 2346; baseline -0.005 -16"><span class='ocrx_word' id='word_1_599' title='bbox 1983 2277 2090 2330; x_wconf 77' lang='grc' dir='ltr'>κᾶν</span> <span class='ocrx_word' id='word_1_600' title='bbox 2108 2276 2369 2346; x_wconf 90' lang='grc' dir='ltr'>μυριάκις</span> <span class='ocrx_word' id='word_1_601' title='bbox 2389 2268 2492 2328; x_wconf 80' lang='grc' dir='ltr'>ὦσι</span> <span class='ocrx_word' id='word_1_602' title='bbox 2521 2275 2675 2342; x_wconf 72' lang='grc' dir='ltr'>σοφοὶ</span> <span class='ocrx_word' id='word_1_603' title='bbox 2710 2273 2809 2344; x_wconf 75' lang='grc' dir='ltr'>τὴν</span> <span class='ocrx_word' id='word_1_604' title='bbox 2839 2274 3158 2343; x_wconf 87' lang='grc' dir='ltr'>ἐπιστήμην</span> <span class='ocrx_word' id='word_1_605' title='bbox 3181 2271 3419 2342; x_wconf 82' lang='grc' dir='ltr'>ἐκείνην,</span> <span class='ocrx_word' id='word_1_606' title='bbox 3459 2269 3577 2323; x_wconf 85' lang='grc' dir='ltr'>ἀλλ’</span> 
     </span>
    </p>
   </div>
   <div class='ocr_carea' id='block_1_83' title="bbox 1983 2364 3576 2438">
    <p class='ocr_par' dir='ltr' id='par_1_83' title="bbox 1983 2364 3576 2438">
     <span class='ocr_line' id='line_1_83' title="bbox 1983 2364 3576 2438; baseline -0.003 -18"><span class='ocrx_word' id='word_1_607' title='bbox 1983 2368 2084 2420; x_wconf 89' lang='grc' dir='ltr'>οὑκ</span> <span class='ocrx_word' id='word_1_608' title='bbox 2121 2367 2304 2437; x_wconf 73' lang='grc' dir='ltr'>έχουσι</span> <span class='ocrx_word' id='word_1_609' title='bbox 2335 2365 2851 2438; x_wconf 77' lang='grc' dir='ltr'>τέχνην-ἀρκοῦσαν</span> <span class='ocrx_word' id='word_1_610' title='bbox 2887 2364 3208 2434; x_wconf 85' lang='grc' dir='ltr'>ἀντιστῆναι</span> <span class='ocrx_word' id='word_1_611' title='bbox 3259 2364 3422 2418; x_wconf 76' lang='grc' dir='ltr'>παντὶ</span> <span class='ocrx_word' id='word_1_612' title='bbox 3461 2379 3576 2432; x_wconf 79' lang='grc' dir='ltr'>χει-</span> 
     </span>
    </p>
   </div>
   <div class='ocr_carea' id='block_1_84' title="bbox 1989 2455 3580 2528">
    <p class='ocr_par' dir='ltr' id='par_1_84' title="bbox 1989 2455 3580 2528">
     <span class='ocr_line' id='line_1_84' title="bbox 1989 2455 3580 2528; baseline -0.001 -18"><span class='ocrx_word' id='word_1_613' title='bbox 1989 2457 2125 2528; x_wconf 90' lang='grc' dir='ltr'>μῶνι</span> <span class='ocrx_word' id='word_1_614' title='bbox 2144 2475 2156 2488; x_wconf 87' lang='grc'><strong>·</strong></span> <span class='ocrx_word' id='word_1_615' title='bbox 2178 2457 2260 2512; x_wconf 79' lang='grc' dir='ltr'>διδ</span> <span class='ocrx_word' id='word_1_616' title='bbox 2291 2459 2387 2512; x_wconf 76' lang='grc' dir='ltr'>καὶ</span> <span class='ocrx_word' id='word_1_617' title='bbox 2407 2458 2668 2527; x_wconf 88' lang='grc' dir='ltr'>φεύγουσι</span> <span class='ocrx_word' id='word_1_618' title='bbox 2693 2457 2954 2520; x_wconf 86' lang='grc' dir='ltr'>πολλάκις</span> <span class='ocrx_word' id='word_1_619' title='bbox 2976 2457 3074 2528; x_wconf 77' lang='grc' dir='ltr'>τὴν</span> <span class='ocrx_word' id='word_1_620' title='bbox 3105 2456 3242 2528; x_wconf 83' lang='grc' dir='ltr'>πρὸς</span> <span class='ocrx_word' id='word_1_621' title='bbox 3265 2455 3334 2508; x_wconf 76' lang='grc' dir='ltr'>τὰ</span> <span class='ocrx_word' id='word_1_622' title='bbox 3355 2455 3421 2508; x_wconf 86' lang='grc' dir='ltr'>κύ</span> <span class='ocrx_word' id='word_1_623' title='bbox 3431 2470 3580 2525; x_wconf 82' lang='grc' dir='ltr'>ματα</span> 
     </span>
    </p>
   </div>
   <div class='ocr_carea' id='block_1_85' title="bbox 1990 2547 3582 2620">
    <p class='ocr_par' dir='ltr' id='par_1_85' title="bbox 1990 2547 3582 2620">
     <span class='ocr_line' id='line_1_85' title="bbox 1990 2547 3582 2620; baseline -0.001 -18"><span class='ocrx_word' id='word_1_624' title='bbox 1990 2549 2192 2620; x_wconf 83' lang='grc' dir='ltr'>μάχην.</span> <span class='ocrx_word' id='word_1_625' title='bbox 2222 2550 2312 2602; x_wconf 79' lang='grc' dir='ltr'>Σοὶ</span> <span class='ocrx_word' id='word_1_626' title='bbox 2356 2550 2413 2603; x_wconf 92' lang='grc' dir='ltr'>δέ</span> <span class='ocrx_word' id='word_1_627' title='bbox 2446 2551 2594 2602; x_wconf 89' lang='grc' dir='ltr'>ἐστιν</span> <span class='ocrx_word' id='word_1_628' title='bbox 2639 2550 2921 2620; x_wconf 83' lang='grc' dir='ltr'>ἐπιστήμη</span> <span class='ocrx_word' id='word_1_629' title='bbox 2951 2549 3153 2612; x_wconf 77' lang='grc' dir='ltr'>παντὸς</span> <span class='ocrx_word' id='word_1_630' title='bbox 3180 2547 3430 2617; x_wconf 84' lang='grc' dir='ltr'>ἀνωτέρα</span> <span class='ocrx_word' id='word_1_631' title='bbox 3468 2564 3582 2618; x_wconf 75' lang='grc' dir='ltr'>χειο·</span> 
     </span>
    </p>
   </div>
   <div class='ocr_carea' id='block_1_86' title="bbox 1990 2639 3580 2712">
    <p class='ocr_par' dir='ltr' id='par_1_86' title="bbox 1990 2639 3580 2712">
     <span class='ocr_line' id='line_1_86' title="bbox 1990 2639 3580 2712; baseline -0.002 -19"><span class='ocrx_word' id='word_1_632' title='bbox 1990 2641 2187 2710; x_wconf 88' lang='grc' dir='ltr'>μῶνος,</span> <span class='ocrx_word' id='word_1_633' title='bbox 2224 2641 2321 2710; x_wconf 90' lang='grc' dir='ltr'>τῆς</span> <span class='ocrx_word' id='word_1_634' title='bbox 2353 2640 2649 2710; x_wconf 81' lang='grc' dir='ltr'>φιλοσόφου</span> <span class='ocrx_word' id='word_1_635' title='bbox 2676 2640 2858 2710; x_wconf 80' lang='grc' dir='ltr'>ψυχῆς</span> <span class='ocrx_word' id='word_1_636' title='bbox 2889 2642 2923 2712; x_wconf 80' lang='grc' dir='ltr'>η</span> <span class='ocrx_word' id='word_1_637' title='bbox 2944 2640 3194 2710; x_wconf 87' lang='grc' dir='ltr'>δύναμις,</span> <span class='ocrx_word' id='word_1_638' title='bbox 3225 2639 3259 2709; x_wconf 72' lang='grc' dir='ltr'>ἢ</span> <span class='ocrx_word' id='word_1_639' title='bbox 3295 2641 3386 2692; x_wconf 82' lang='grc' dir='ltr'>καὶ</span> <span class='ocrx_word' id='word_1_640' title='bbox 3419 2654 3580 2708; x_wconf 90' lang='grc' dir='ltr'>στρα-</span> 
     </span>
    </p>
   </div>
   <div class='ocr_carea' id='block_1_87' title="bbox 1986 2731 3582 2804">
    <p class='ocr_par' dir='ltr' id='par_1_87' title="bbox 1986 2731 3582 2804">
     <span class='ocr_line' id='line_1_87' title="bbox 1986 2731 3582 2804; baseline -0.001 -19"><span class='ocrx_word' id='word_1_641' title='bbox 1986 2731 2232 2785; x_wconf 86' lang='grc' dir='ltr'>τοπέδων</span> <span class='ocrx_word' id='word_1_642' title='bbox 2266 2733 2478 2804; x_wconf 90' lang='grc' dir='ltr'>μυρίων</span> <span class='ocrx_word' id='word_1_643' title='bbox 2523 2732 2672 2785; x_wconf 74' lang='grc' dir='ltr'>ἐστὶν</span> <span class='ocrx_word' id='word_1_644' title='bbox 2711 2732 3056 2802; x_wconf 77' lang='grc' dir='ltr'>ίσχυροτέρα,</span> <span class='ocrx_word' id='word_1_645' title='bbox 3088 2731 3182 2786; x_wconf 60' lang='grc' dir='ltr'>καὶ⁹</span> <span class='ocrx_word' id='word_1_646' title='bbox 3209 2731 3392 2784; x_wconf 86' lang='grc' dir='ltr'>ὃπλων</span> <span class='ocrx_word' id='word_1_647' title='bbox 3421 2731 3582 2784; x_wconf 85' lang='grc' dir='ltr'>δυνα-</span> 
     </span>
    </p>
   </div>
   <div class='ocr_carea' id='block_1_88' title="bbox 1989 2825 3582 2897">
    <p class='ocr_par' dir='ltr' id='par_1_88' title="bbox 1989 2825 3582 2897">
     <span class='ocr_line' id='line_1_88' title="bbox 1989 2825 3582 2897; baseline -0.001 -19"><span class='ocrx_word' id='word_1_648' title='bbox 1989 2827 2222 2897; x_wconf 85' lang='grc' dir='ltr'>τωτέρα,</span> <span class='ocrx_word' id='word_1_649' title='bbox 2251 2825 2346 2879; x_wconf 85' lang='grc' dir='ltr'>καὶ</span> <span class='ocrx_word' id='word_1_650' title='bbox 2371 2827 2597 2895; x_wconf 88' lang='grc' dir='ltr'>πύργων</span> <span class='ocrx_word' id='word_1_651' title='bbox 2626 2826 2722 2879; x_wconf 77' lang='grc' dir='ltr'>καὶ</span> <span class='ocrx_word' id='word_1_652' title='bbox 2749 2826 2947 2897; x_wconf 86' lang='grc' dir='ltr'>τειχῶν</span> <span class='ocrx_word' id='word_1_653' title='bbox 2973 2825 3376 2896; x_wconf 81' lang='grc' dir='ltr'>ἀσφαλεστέρα.</span> <span class='ocrx_word' id='word_1_654' title='bbox 3406 2825 3582 2895; x_wconf 79' lang='grc' dir='ltr'>Στρα⁶</span> 
     </span>
    </p>
   </div>
   <div class='ocr_carea' id='block_1_89' title="bbox 1986 2915 3582 2989">
    <p class='ocr_par' dir='ltr' id='par_1_89' title="bbox 1986 2915 3582 2989">
     <span class='ocr_line' id='line_1_89' title="bbox 1986 2915 3582 2989; baseline 0 -20"><span class='ocrx_word' id='word_1_655' title='bbox 1986 2915 2207 2980; x_wconf 86' lang='grc' dir='ltr'>τιώταις</span> <span class='ocrx_word' id='word_1_656' title='bbox 2237 2917 2334 2987; x_wconf 84' lang='grc' dir='ltr'>μὲν</span> <span class='ocrx_word' id='word_1_657' title='bbox 2357 2918 2466 2989; x_wconf 67' lang='grc' dir='ltr'>γὰρ</span> <span class='ocrx_word' id='word_1_658' title='bbox 2492 2919 2587 2970; x_wconf 74' lang='grc' dir='ltr'>καὶ</span> <span class='ocrx_word' id='word_1_659' title='bbox 2607 2917 2768 2981; x_wconf 88' lang='grc' dir='ltr'>ὅπλα,</span> <span class='ocrx_word' id='word_1_660' title='bbox 2787 2919 2882 2971; x_wconf 78' lang='grc' dir='ltr'>καὶ</span> <span class='ocrx_word' id='word_1_661' title='bbox 2897 2917 3074 2988; x_wconf 87' lang='grc' dir='ltr'>τείχη,</span> <span class='ocrx_word' id='word_1_662' title='bbox 3097 2919 3190 2970; x_wconf 77' lang='grc' dir='ltr'>καὶ</span> <span class='ocrx_word' id='word_1_663' title='bbox 3209 2916 3582 2988; x_wconf 59' lang='grc' dir='ltr'>πύῃοι,πρὸς</span> 
     </span>
    </p>
   </div>
   <div class='ocr_carea' id='block_1_90' title="bbox 1993 3004 3582 3079">
    <p class='ocr_par' dir='ltr' id='par_1_90' title="bbox 1993 3004 3582 3079">
     <span class='ocr_line' id='line_1_90' title="bbox 1993 3004 3582 3079; baseline -0.002 -19"><span class='ocrx_word' id='word_1_664' title='bbox 1993 3006 2245 3077; x_wconf 85' lang='grc' dir='ltr'>σώματος</span> <span class='ocrx_word' id='word_1_665' title='bbox 2263 3007 2568 3075; x_wconf 87' lang='grc' dir='ltr'>ἀσφάλειαν</span> <span class='ocrx_word' id='word_1_666' title='bbox 2585 3008 2832 3079; x_wconf 82' lang='grc' dir='ltr'>χρήσιμα</span> <span class='ocrx_word' id='word_1_667' title='bbox 2858 3007 3039 3078; x_wconf 89' lang='grc' dir='ltr'>μόνον,</span> <span class='ocrx_word' id='word_1_668' title='bbox 3054 3005 3151 3059; x_wconf 81' lang='grc' dir='ltr'>καὶ</span> <span class='ocrx_word' id='word_1_669' title='bbox 3165 3004 3324 3058; x_wconf 89' lang='grc' dir='ltr'>τοῦτο</span> <span class='ocrx_word' id='word_1_670' title='bbox 3343 3006 3444 3058; x_wconf 90' lang='grc' dir='ltr'>οὑκ</span> <span class='ocrx_word' id='word_1_671' title='bbox 3472 3005 3582 3070; x_wconf 78' lang='grc' dir='ltr'>ἀεί⁹</span> 
     </span>
    </p>
   </div>
   <div class='ocr_carea' id='block_1_91' title="bbox 1990 3097 3584 3169">
    <p class='ocr_par' dir='ltr' id='par_1_91' title="bbox 1990 3097 3584 3169">
     <span class='ocr_line' id='line_1_91' title="bbox 1990 3097 3584 3169; baseline -0.001 -17"><span class='ocrx_word' id='word_1_672' title='bbox 1990 3100 2111 3154; x_wconf 85' lang='grc' dir='ltr'>οὑδέ</span> <span class='ocrx_word' id='word_1_673' title='bbox 2142 3099 2230 3153; x_wconf 90' lang='grc' dir='ltr'>διά</span> <span class='ocrx_word' id='word_1_674' title='bbox 2261 3100 2460 3163; x_wconf 86' lang='grc' dir='ltr'>παντός</span> <span class='ocrx_word' id='word_1_675' title='bbox 2480 3117 2494 3130; x_wconf 72' lang='grc' dir='ltr'><strong><em>ο</em></strong></span> <span class='ocrx_word' id='word_1_676' title='bbox 2530 3099 2646 3152; x_wconf 85' lang='grc' dir='ltr'>ἀλλ’</span> <span class='ocrx_word' id='word_1_677' title='bbox 2673 3099 2820 3152; x_wconf 76' lang='grc' dir='ltr'>ἐστιν</span> <span class='ocrx_word' id='word_1_678' title='bbox 2855 3099 2945 3152; x_wconf 83' lang='grc' dir='ltr'>ὅτε</span> <span class='ocrx_word' id='word_1_679' title='bbox 2977 3099 3072 3152; x_wconf 77' lang='grc' dir='ltr'>καὶ</span> <span class='ocrx_word' id='word_1_680' title='bbox 3097 3099 3322 3169; x_wconf 79' lang='grc' dir='ltr'>ἡττᾶται</span> <span class='ocrx_word' id='word_1_681' title='bbox 3369 3097 3584 3151; x_wconf 72' lang='grc' dir='ltr'>ἅπαντα</span> 
     </span>
    </p>
   </div>
   <div class='ocr_carea' id='block_1_92' title="bbox 1988 3190 3585 3262">
    <p class='ocr_par' dir='ltr' id='par_1_92' title="bbox 1988 3190 3585 3262">
     <span class='ocr_line' id='line_1_92' title="bbox 1988 3190 3585 3262; baseline -0.003 -16"><span class='ocrx_word' id='word_1_682' title='bbox 1988 3191 2185 3254; x_wconf 88' lang='grc' dir='ltr'>ταῦτα,</span> <span class='ocrx_word' id='word_1_683' title='bbox 2231 3191 2326 3244; x_wconf 79' lang='grc' dir='ltr'>καὶ</span> <span class='ocrx_word' id='word_1_684' title='bbox 2365 3193 2608 3262; x_wconf 82' lang='grc' dir='ltr'>ἐρήμους</span> <span class='ocrx_word' id='word_1_685' title='bbox 2644 3190 2826 3246; x_wconf 88' lang='grc' dir='ltr'>αὑτῶν</span> <span class='ocrx_word' id='word_1_686' title='bbox 2866 3190 3205 3262; x_wconf 90' lang='grc' dir='ltr'>προστασίας</span> <span class='ocrx_word' id='word_1_687' title='bbox 3244 3190 3370 3254; x_wconf 81' lang='grc' dir='ltr'>τοὺς</span> <span class='ocrx_word' id='word_1_688' title='bbox 3413 3205 3585 3242; x_wconf 84' lang='grc' dir='ltr'>κατα-</span> 
     </span>
    </p>
   </div>
   <div class='ocr_carea' id='block_1_93' title="bbox 1990 3279 3582 3353">
    <p class='ocr_par' dir='ltr' id='par_1_93' title="bbox 1990 3279 3582 3353">
     <span class='ocr_line' id='line_1_93' title="bbox 1990 3279 3582 3353; baseline -0.001 -18"><span class='ocrx_word' id='word_1_689' title='bbox 1990 3281 2292 3352; x_wconf 89' lang='grc' dir='ltr'>φεύγοντας</span> <span class='ocrx_word' id='word_1_690' title='bbox 2339 3282 2591 3352; x_wconf 85' lang='grc' dir='ltr'>ἀφίησιν,</span> <span class='ocrx_word' id='word_1_691' title='bbox 2628 3281 2711 3336; x_wconf 83' lang='grc' dir='ltr'>Τά</span> <span class='ocrx_word' id='word_1_692' title='bbox 2743 3281 2800 3335; x_wconf 85' lang='grc' dir='ltr'>δέ</span> <span class='ocrx_word' id='word_1_693' title='bbox 2831 3281 2900 3334; x_wconf 88' lang='grc' dir='ltr'>σά</span> <span class='ocrx_word' id='word_1_694' title='bbox 2947 3281 3009 3334; x_wconf 92' lang='grc' dir='ltr'>οὑ</span> <span class='ocrx_word' id='word_1_695' title='bbox 3060 3280 3192 3352; x_wconf 84' lang='grc' dir='ltr'>βέλη</span> <span class='ocrx_word' id='word_1_696' title='bbox 3225 3279 3542 3353; x_wconf 67' lang='grc' dir='ltr'>βαρϐαρικά</span> <span class='ocrx_word' id='word_1_697' title='bbox 3565 3320 3582 3344; x_wconf 92' lang='grc'>,</span> 
     </span>
    </p>
   </div>
   <div class='ocr_carea' id='block_1_94' title="bbox 1989 3371 3586 3444">
    <p class='ocr_par' dir='ltr' id='par_1_94' title="bbox 1989 3371 3586 3444">
     <span class='ocr_line' id='line_1_94' title="bbox 1989 3371 3586 3444; baseline -0.001 -18"><span class='ocrx_word' id='word_1_698' title='bbox 1989 3374 2111 3426; x_wconf 77' lang='grc' dir='ltr'>οὑδὲ</span> <span class='ocrx_word' id='word_1_699' title='bbox 2141 3373 2514 3444; x_wconf 82' lang='grc' dir='ltr'>μηχανήματα</span> <span class='ocrx_word' id='word_1_700' title='bbox 2546 3371 2822 3443; x_wconf 85' lang='grc' dir='ltr'>πολεμίων</span> <span class='ocrx_word' id='word_1_701' title='bbox 2853 3371 3180 3444; x_wconf 78' lang='grc' dir='ltr'>ἀνθρώπων,</span> <span class='ocrx_word' id='word_1_702' title='bbox 3206 3372 3329 3426; x_wconf 83' lang='grc' dir='ltr'>ούδέ</span> <span class='ocrx_word' id='word_1_703' title='bbox 3359 3372 3586 3440; x_wconf 80' lang='grc' dir='ltr'>ἐφόδους</span> 
     </span>
    </p>
   </div>
   <div class='ocr_carea' id='block_1_95' title="bbox 1992 3461 3588 3535">
    <p class='ocr_par' dir='ltr' id='par_1_95' title="bbox 1992 3461 3588 3535">
     <span class='ocr_line' id='line_1_95' title="bbox 1992 3461 3588 3535; baseline -0.002 -17"><span class='ocrx_word' id='word_1_704' title='bbox 1992 3466 2086 3518; x_wconf 82' lang='grc' dir='ltr'>καὶ</span> <span class='ocrx_word' id='word_1_705' title='bbox 2111 3463 2318 3528; x_wconf 78' lang='grc' dir='ltr'>κλοπάς</span> <span class='ocrx_word' id='word_1_706' title='bbox 2348 3462 2608 3527; x_wconf 86' lang='grc' dir='ltr'>τοιαύτας</span> <span class='ocrx_word' id='word_1_707' title='bbox 2633 3464 2920 3535; x_wconf 87' lang='grc' dir='ltr'>διελέγχει,</span> <span class='ocrx_word' id='word_1_708' title='bbox 2948 3463 3086 3516; x_wconf 90' lang='grc' dir='ltr'>ἀλλά</span> <span class='ocrx_word' id='word_1_709' title='bbox 3114 3463 3214 3528; x_wconf 87' lang='grc' dir='ltr'>τάς</span> <span class='ocrx_word' id='word_1_710' title='bbox 3241 3467 3342 3534; x_wconf 83' lang='grc' dir='ltr'>τῆς</span> <span class='ocrx_word' id='word_1_711' title='bbox 3369 3461 3588 3532; x_wconf 88' lang='grc' dir='ltr'>φύσεως</span> 
     </span>
    </p>
   </div>
   <div class='ocr_carea' id='block_1_96' title="bbox 1992 3555 3586 3628">
    <p class='ocr_par' dir='ltr' id='par_1_96' title="bbox 1992 3555 3586 3628">
     <span class='ocr_line' id='line_1_96' title="bbox 1992 3555 3586 3628; baseline -0.003 -16"><span class='ocrx_word' id='word_1_712' title='bbox 1992 3557 2372 3628; x_wconf 85' lang='grc' dir='ltr'>κατεπάτησεν</span> <span class='ocrx_word' id='word_1_713' title='bbox 2401 3556 2670 3625; x_wconf 89' lang='grc' dir='ltr'>ἀνάγκας,</span> <span class='ocrx_word' id='word_1_714' title='bbox 2703 3557 2798 3610; x_wconf 77' lang='grc' dir='ltr'>καὶ</span> <span class='ocrx_word' id='word_1_715' title='bbox 2831 3555 2932 3627; x_wconf 78' lang='grc' dir='ltr'>την</span> <span class='ocrx_word' id='word_1_716' title='bbox 2964 3555 3257 3626; x_wconf 76' lang='grc' dir='ltr'>τυραννίδα</span> <span class='ocrx_word' id='word_1_717' title='bbox 3296 3555 3586 3620; x_wconf 86' lang='grc' dir='ltr'>κατέλυσε,</span> 
     </span>
    </p>
   </div>
   <div class='ocr_carea' id='block_1_97' title="bbox 1993 3647 3589 3721">
    <p class='ocr_par' dir='ltr' id='par_1_97' title="bbox 1993 3647 3589 3721">
     <span class='ocr_line' id='line_1_97' title="bbox 1993 3647 3589 3721; baseline -0.004 -16"><span class='ocrx_word' id='word_1_718' title='bbox 1993 3652 2086 3705; x_wconf 79' lang='grc' dir='ltr'>καὶ</span> <span class='ocrx_word' id='word_1_719' title='bbox 2115 3649 2214 3721; x_wconf 77' lang='grc' dir='ltr'>τὴν</span> <span class='ocrx_word' id='word_1_720' title='bbox 2255 3648 2555 3721; x_wconf 84' lang='grc' dir='ltr'>ἀκρόπολιν</span> <span class='ocrx_word' id='word_1_721' title='bbox 2584 3647 2766 3702; x_wconf 86' lang='grc' dir='ltr'>αὑτῶν</span> <span class='ocrx_word' id='word_1_722' title='bbox 2803 3647 3047 3702; x_wconf 83' lang='grc' dir='ltr'>καθεῖλε.</span> <span class='ocrx_word' id='word_1_723' title='bbox 3083 3647 3194 3701; x_wconf 78' lang='grc' dir='ltr'>Καὶ</span> <span class='ocrx_word' id='word_1_724' title='bbox 3225 3647 3446 3718; x_wconf 89' lang='grc' dir='ltr'>δαίμοσι</span> <span class='ocrx_word' id='word_1_725' title='bbox 3484 3664 3589 3700; x_wconf 84' lang='grc' dir='ltr'>πυ-</span> 
     </span>
    </p>
   </div>
   <div class='ocr_carea' id='block_1_98' title="bbox 1992 3737 3590 3810">
    <p class='ocr_par' dir='ltr' id='par_1_98' title="bbox 1992 3737 3590 3810">
     <span class='ocr_line' id='line_1_98' title="bbox 1992 3737 3590 3810; baseline -0.001 -17"><span class='ocrx_word' id='word_1_726' title='bbox 1992 3738 2263 3794; x_wconf 84' lang='grc' dir='ltr'>κτεύουσα</span> <span class='ocrx_word' id='word_1_727' title='bbox 2285 3737 2575 3810; x_wconf 84' lang='grc' dir='ltr'>διηνεκῶς,</span> <span class='ocrx_word' id='word_1_728' title='bbox 2609 3738 2812 3810; x_wconf 90' lang='grc' dir='ltr'>μυρίας</span> <span class='ocrx_word' id='word_1_729' title='bbox 2850 3738 2950 3808; x_wconf 78' lang='grc' dir='ltr'>μὲν</span> <span class='ocrx_word' id='word_1_730' title='bbox 2979 3739 3098 3810; x_wconf 77' lang='grc' dir='ltr'>ῆρω</span> <span class='ocrx_word' id='word_1_731' title='bbox 3129 3737 3307 3802; x_wconf 88' lang='grc' dir='ltr'>νίκας,</span> <span class='ocrx_word' id='word_1_732' title='bbox 3331 3737 3590 3808; x_wconf 80' lang='grc' dir='ltr'>οὐδεμίαν</span> 
     </span>
    </p>
   </div>
   <div class='ocr_carea' id='block_1_99' title="bbox 1993 3829 3592 3904">
    <p class='ocr_par' dir='ltr' id='par_1_99' title="bbox 1993 3829 3592 3904">
     <span class='ocr_line' id='line_1_99' title="bbox 1993 3829 3592 3904; baseline -0.001 -19"><span class='ocrx_word' id='word_1_733' title='bbox 1993 3833 2050 3885; x_wconf 81' lang='grc' dir='ltr'>δέ</span> <span class='ocrx_word' id='word_1_734' title='bbox 2071 3831 2256 3897; x_wconf 39' lang='grc' dir='ltr'>,ἐδέξω</span> <span class='ocrx_word' id='word_1_735' title='bbox 2304 3831 2552 3902; x_wconf 82' lang='grc' dir='ltr'>πληγὴν,</span> <span class='ocrx_word' id='word_1_736' title='bbox 2584 3830 2700 3883; x_wconf 84' lang='grc' dir='ltr'>ἀλλ’</span> <span class='ocrx_word' id='word_1_737' title='bbox 2727 3829 2969 3899; x_wconf 76' lang='grc' dir='ltr'>ἐστηκας</span> <span class='ocrx_word' id='word_1_738' title='bbox 2998 3831 3242 3901; x_wconf 76' lang='grc' dir='ltr'>ἄτρωτος</span> <span class='ocrx_word' id='word_1_739' title='bbox 3263 3831 3321 3882; x_wconf 90' lang='grc' dir='ltr'>ἐν</span> <span class='ocrx_word' id='word_1_740' title='bbox 3349 3829 3592 3904; x_wconf 74' lang='grc' dir='ltr'>τοσαύτῃ</span> 
     </span>
    </p>
   </div>
   <div class='ocr_carea' id='block_1_100' title="bbox 1997 3920 3590 3994">
    <p class='ocr_par' dir='ltr' id='par_1_100' title="bbox 1997 3920 3590 3994">
     <span class='ocr_line' id='line_1_100' title="bbox 1997 3920 3590 3994; baseline -0.001 -18"><span class='ocrx_word' id='word_1_741' title='bbox 1997 3923 2168 3994; x_wconf 73' lang='grc' dir='ltr'>βελῶν</span> <span class='ocrx_word' id='word_1_742' title='bbox 2217 3922 2427 3992; x_wconf 82' lang='grc' dir='ltr'>νιφάδι,</span> <span class='ocrx_word' id='word_1_743' title='bbox 2468 3921 2566 3975; x_wconf 78' lang='grc' dir='ltr'>καὶ</span> <span class='ocrx_word' id='word_1_744' title='bbox 2604 3921 2676 3975; x_wconf 85' lang='grc' dir='ltr'>τά</span> <span class='ocrx_word' id='word_1_745' title='bbox 2714 3923 2943 3976; x_wconf 88' lang='grc' dir='ltr'>ἀκόντια</span> <span class='ocrx_word' id='word_1_746' title='bbox 2985 3921 3054 3974; x_wconf 86' lang='grc' dir='ltr'>τά</span> <span class='ocrx_word' id='word_1_747' title='bbox 3095 3921 3238 3975; x_wconf 82' lang='grc' dir='ltr'>κατὰ</span> <span class='ocrx_word' id='word_1_748' title='bbox 3491 3921 3590 3975; x_wconf 90' lang='grc' dir='ltr'>σοῦ</span> 
     </span>
    </p>
   </div>
   <div class='ocr_carea' id='block_1_101' title="bbox 1998 4013 3586 4086">
    <p class='ocr_par' dir='ltr' id='par_1_101' title="bbox 1998 4013 3586 4086">
     <span class='ocr_line' id='line_1_101' title="bbox 1998 4013 3586 4086; baseline 0.001 -20"><span class='ocrx_word' id='word_1_749' title='bbox 1998 4014 2302 4085; x_wconf 76' lang='grc' dir='ltr'>ῥιπτόμενα</span> <span class='ocrx_word' id='word_1_750' title='bbox 2345 4013 2484 4086; x_wconf 81' lang='grc' dir='ltr'>πρὸς</span> <span class='ocrx_word' id='word_1_751' title='bbox 2529 4014 2657 4078; x_wconf 79' lang='grc' dir='ltr'>τοὺς</span> <span class='ocrx_word' id='word_1_752' title='bbox 2704 4014 2966 4083; x_wconf 79' lang='grc' dir='ltr'>ἀφιέντας</span> <span class='ocrx_word' id='word_1_753' title='bbox 3022 4013 3354 4083; x_wconf 82' lang='grc' dir='ltr'>ὑποστρέφει</span> <span class='ocrx_word' id='word_1_754' title='bbox 3404 4013 3586 4068; x_wconf 89' lang='grc' dir='ltr'>πάλιν.</span> 
     </span>
    </p>
   </div>
   <div class='ocr_carea' id='block_1_102' title="bbox 1997 4097 3591 4176">
    <p class='ocr_par' dir='ltr' id='par_1_102' title="bbox 1997 4097 3591 4176">
     <span class='ocr_line' id='line_1_102' title="bbox 1997 4097 3591 4176; baseline -0.001 -17"><span class='ocrx_word' id='word_1_755' title='bbox 1997 4105 2236 4176; x_wconf 83' lang='grc' dir='ltr'>Τοιαύτη</span> <span class='ocrx_word' id='word_1_756' title='bbox 2283 4121 2377 4158; x_wconf 92' lang='grc' dir='ltr'>σου</span> <span class='ocrx_word' id='word_1_757' title='bbox 2426 4106 2528 4176; x_wconf 86' lang='grc' dir='ltr'>τῆς</span> <span class='ocrx_word' id='word_1_758' title='bbox 2571 4105 2769 4176; x_wconf 88' lang='grc' dir='ltr'>τέχνης</span> <span class='ocrx_word' id='word_1_759' title='bbox 2812 4106 2846 4176; x_wconf 78' lang='grc' dir='ltr'>η</span> <span class='ocrx_word' id='word_1_760' title='bbox 2882 4104 3078 4172; x_wconf 87' lang='grc' dir='ltr'>σοφία·</span> <span class='ocrx_word' id='word_1_761' title='bbox 3125 4103 3194 4157; x_wconf 84' lang='grc' dir='ltr'>δι’</span> <span class='ocrx_word' id='word_1_762' title='bbox 3233 4097 3310 4158; x_wconf 84' lang='grc' dir='ltr'>ὧν</span> <span class='ocrx_word' id='word_1_763' title='bbox 3358 4109 3591 4174; x_wconf 86' lang='grc' dir='ltr'>πάσχεις</span> 
     </span>
    </p>
   </div>
   <div class='ocr_carea' id='block_1_103' title="bbox 1995 4189 3588 4270">
    <p class='ocr_par' dir='ltr' id='par_1_103' title="bbox 1995 4189 3588 4270">
     <span class='ocr_line' id='line_1_103' title="bbox 1995 4189 3588 4270; baseline -0.001 -19"><span class='ocrx_word' id='word_1_764' title='bbox 1995 4197 2205 4261; x_wconf 86' lang='grc' dir='ltr'>κακῶς,</span> <span class='ocrx_word' id='word_1_765' title='bbox 2232 4199 2361 4261; x_wconf 73' lang='grc' dir='ltr'>τοὺς</span> <span class='ocrx_word' id='word_1_766' title='bbox 2410 4197 2704 4260; x_wconf 81' lang='grc' dir='ltr'>ποιοῦντας</span> <span class='ocrx_word' id='word_1_767' title='bbox 2740 4196 2957 4270; x_wconf 79' lang='grc' dir='ltr'>ἀμύνῃ’</span> <span class='ocrx_word' id='word_1_768' title='bbox 3005 4195 3074 4248; x_wconf 82' lang='grc' dir='ltr'>δι’</span> <span class='ocrx_word' id='word_1_769' title='bbox 3102 4189 3178 4249; x_wconf 84' lang='grc' dir='ltr'>ὦν</span> <span class='ocrx_word' id='word_1_770' title='bbox 3226 4195 3588 4270; x_wconf 73' lang='grc' dir='ltr'>ἐπιδουλεύη,</span> 
     </span>
    </p>
   </div>
   <div class='ocr_carea' id='block_1_104' title="bbox 1995 4285 3592 4359">
    <p class='ocr_par' dir='ltr' id='par_1_104' title="bbox 1995 4285 3592 4359">
     <span class='ocr_line' id='line_1_104' title="bbox 1995 4285 3592 4359; baseline -0.001 -17"><span class='ocrx_word' id='word_1_771' title='bbox 1995 4291 2121 4352; x_wconf 78' lang='grc' dir='ltr'>τοὺς</span> <span class='ocrx_word' id='word_1_772' title='bbox 2153 4286 2528 4358; x_wconf 85' lang='grc' dir='ltr'>πολεμοῦντας</span> <span class='ocrx_word' id='word_1_773' title='bbox 2557 4286 2770 4350; x_wconf 84' lang='grc' dir='ltr'>λυπεῖς,</span> <span class='ocrx_word' id='word_1_774' title='bbox 2799 4285 3060 4339; x_wconf 87' lang='grc' dir='ltr'>ὑπόθεσιν</span> <span class='ocrx_word' id='word_1_775' title='bbox 3098 4288 3363 4358; x_wconf 85' lang='grc' dir='ltr'>μεγίστην</span> <span class='ocrx_word' id='word_1_776' title='bbox 3391 4287 3592 4359; x_wconf 69' lang='grc' dir='ltr'>ἔχουσα</span> 
     </span>
    </p>
   </div>
   <div class='ocr_carea' id='block_1_105' title="bbox 1997 4377 3594 4451">
    <p class='ocr_par' dir='ltr' id='par_1_105' title="bbox 1997 4377 3594 4451">
     <span class='ocr_line' id='line_1_105' title="bbox 1997 4377 3594 4451; baseline 0.001 -18"><span class='ocrx_word' id='word_1_777' title='bbox 1997 4380 2135 4451; x_wconf 87' lang='grc' dir='ltr'>πρὸς</span> <span class='ocrx_word' id='word_1_778' title='bbox 2176 4379 2582 4449; x_wconf 81' lang='grc' dir='ltr'>εὑδοκιμήσεως</span> <span class='ocrx_word' id='word_1_779' title='bbox 2630 4377 2887 4449; x_wconf 82' lang='grc' dir='ltr'>ἀφορμὴν</span> <span class='ocrx_word' id='word_1_780' title='bbox 2929 4377 3176 4448; x_wconf 75' lang='grc' dir='ltr'>μείζονος</span> <span class='ocrx_word' id='word_1_781' title='bbox 3221 4379 3321 4450; x_wconf 81' lang='grc' dir='ltr'>τὴν</span> <span class='ocrx_word' id='word_1_782' title='bbox 3365 4379 3594 4434; x_wconf 86' lang='grc' dir='ltr'>ἐκείνων</span> 
     </span>
    </p>
   </div>
   <div class='ocr_carea' id='block_1_106' title="bbox 1997 4471 3594 4544">
    <p class='ocr_par' dir='ltr' id='par_1_106' title="bbox 1997 4471 3594 4544">
     <span class='ocr_line' id='line_1_106' title="bbox 1997 4471 3594 4544; baseline -0.001 -18"><span class='ocrx_word' id='word_1_783' title='bbox 1997 4473 2217 4526; x_wconf 91' lang='grc' dir='ltr'>κακίαν.</span> <span class='ocrx_word' id='word_1_784' title='bbox 2247 4472 2434 4525; x_wconf 84' lang='grc' dir='ltr'>Ταῦτα</span> <span class='ocrx_word' id='word_1_785' title='bbox 2462 4471 2556 4526; x_wconf 76' lang='grc' dir='ltr'>καὶ</span> <span class='ocrx_word' id='word_1_786' title='bbox 2582 4472 2723 4543; x_wconf 78' lang='grc' dir='ltr'>αὑτὴ</span> <span class='ocrx_word' id='word_1_787' title='bbox 2751 4472 2920 4525; x_wconf 80' lang='grc' dir='ltr'>είδυία</span> <span class='ocrx_word' id='word_1_788' title='bbox 2959 4471 3163 4535; x_wconf 77' lang='grc' dir='ltr'>καλῶς,</span> <span class='ocrx_word' id='word_1_789' title='bbox 3201 4473 3297 4525; x_wconf 72' lang='grc' dir='ltr'>καὶ</span> <span class='ocrx_word' id='word_1_790' title='bbox 3329 4475 3395 4544; x_wconf 76' lang='grc' dir='ltr'>τῇ</span> <span class='ocrx_word' id='word_1_791' title='bbox 3422 4473 3594 4544; x_wconf 67' lang='grc' dir='ltr'>πείρᾳ.</span> 
     </span>
    </p>
   </div>
   <div class='ocr_carea' id='block_1_107' title="bbox 1995 4559 3595 4632">
    <p class='ocr_par' dir='ltr' id='par_1_107' title="bbox 1995 4559 3595 4632">
     <span class='ocr_line' id='line_1_107' title="bbox 1995 4559 3595 4632; baseline 0.001 -18"><span class='ocrx_word' id='word_1_792' title='bbox 1995 4562 2096 4632; x_wconf 79' lang='grc' dir='ltr'>τὴν</span> <span class='ocrx_word' id='word_1_793' title='bbox 2125 4559 2381 4632; x_wconf 75' lang='grc' dir='ltr'>αἴσθησιν</span> <span class='ocrx_word' id='word_1_794' title='bbox 2412 4560 2641 4631; x_wconf 79' lang='grc' dir='ltr'>ἔχουσα,</span> <span class='ocrx_word' id='word_1_795' title='bbox 2687 4562 2914 4624; x_wconf 73' lang='grc' dir='ltr'>εἰκότως</span> <span class='ocrx_word' id='word_1_796' title='bbox 2960 4561 3131 4631; x_wconf 90' lang='grc' dir='ltr'>μῦθον</span> <span class='ocrx_word' id='word_1_797' title='bbox 3165 4563 3381 4616; x_wconf 75' lang='grc' dir='ltr'>ἅπαντα</span> <span class='ocrx_word' id='word_1_798' title='bbox 3417 4562 3595 4616; x_wconf 89' lang='grc' dir='ltr'>ταῦτα</span> 
     </span>
    </p>
   </div>
   <div class='ocr_carea' id='block_1_108' title="bbox 1996 4652 3590 4725">
    <p class='ocr_par' dir='ltr' id='par_1_108' title="bbox 1996 4652 3590 4725">
     <span class='ocr_line' id='line_1_108' title="bbox 1996 4652 3590 4725; baseline 0.002 -20"><span class='ocrx_word' id='word_1_799' title='bbox 1996 4652 2201 4714; x_wconf 77' lang='grc' dir='ltr'>καλεῖς.</span> <span class='ocrx_word' id='word_1_800' title='bbox 2254 4652 2379 4714; x_wconf 84' lang='grc' dir='ltr'>Πῶς</span> <span class='ocrx_word' id='word_1_801' title='bbox 2412 4653 2522 4724; x_wconf 85' lang='grc' dir='ltr'>γάρ</span> <span class='ocrx_word' id='word_1_802' title='bbox 2552 4653 2654 4704; x_wconf 81' lang='grc' dir='ltr'>οὑκ</span> <span class='ocrx_word' id='word_1_803' title='bbox 2692 4652 2759 4706; x_wconf 81' lang='grc' dir='ltr'>ἂν</span> <span class='ocrx_word' id='word_1_804' title='bbox 2798 4652 3056 4725; x_wconf 78' lang='grc' dir='ltr'>καλέσῃς,</span> <span class='ocrx_word' id='word_1_805' title='bbox 3094 4653 3216 4706; x_wconf 89' lang='grc' dir='ltr'>είπέ</span> <span class='ocrx_word' id='word_1_806' title='bbox 3251 4652 3590 4724; x_wconf 50' lang='grc' dir='ltr'>μοιδμῦθον,</span> 
     </span>
    </p>
   </div>
   <div class='ocr_carea' id='block_1_109' title="bbox 1997 4742 3594 4816">
    <p class='ocr_par' dir='ltr' id='par_1_109' title="bbox 1997 4742 3594 4816">
     <span class='ocr_line' id='line_1_109' title="bbox 1997 4742 3594 4816; baseline 0.002 -20"><span class='ocrx_word' id='word_1_807' title='bbox 1997 4743 2190 4814; x_wconf 87' lang='grc' dir='ltr'>θνητὸν</span> <span class='ocrx_word' id='word_1_808' title='bbox 2240 4743 2401 4813; x_wconf 87' lang='grc' dir='ltr'>σῶμα</span> <span class='ocrx_word' id='word_1_809' title='bbox 2441 4742 2701 4814; x_wconf 88' lang='grc' dir='ltr'>λαχοῦσα,</span> <span class='ocrx_word' id='word_1_810' title='bbox 2746 4743 2840 4796; x_wconf 78' lang='grc' dir='ltr'>καὶ</span> <span class='ocrx_word' id='word_1_811' title='bbox 2881 4743 3115 4798; x_wconf 89' lang='grc' dir='ltr'>θανάτου</span> <span class='ocrx_word' id='word_1_812' title='bbox 3146 4744 3289 4798; x_wconf 87' lang='grc' dir='ltr'>οὑτω</span> <span class='ocrx_word' id='word_1_813' title='bbox 3319 4763 3594 4816; x_wconf 81' lang='grc' dir='ltr'>καταφρο-</span> 
     </span>
    </p>
   </div>
   <div class='ocr_carea' id='block_1_110' title="bbox 1997 4834 3591 4907">
    <p class='ocr_par' dir='ltr' id='par_1_110' title="bbox 1997 4834 3591 4907">
     <span class='ocr_line' id='line_1_110' title="bbox 1997 4834 3591 4907; baseline 0.002 -19"><span class='ocrx_word' id='word_1_814' title='bbox 1997 4834 2183 4898; x_wconf 89' lang='grc' dir='ltr'>νοῦσα,</span> <span class='ocrx_word' id='word_1_815' title='bbox 2208 4834 2284 4899; x_wconf 82' lang='grc' dir='ltr'>ὡς</span> <span class='ocrx_word' id='word_1_816' title='bbox 2307 4837 2358 4888; x_wconf 85' lang='grc' dir='ltr'>οί</span> <span class='ocrx_word' id='word_1_817' title='bbox 2399 4835 2500 4906; x_wconf 81' lang='grc' dir='ltr'>τὴν</span> <span class='ocrx_word' id='word_1_818' title='bbox 2527 4835 2819 4907; x_wconf 86' lang='grc' dir='ltr'>ἀλλοτρίαν</span> <span class='ocrx_word' id='word_1_819' title='bbox 2853 4836 3204 4907; x_wconf 78' lang='grc' dir='ltr'>ἐπειγόμενοι</span> <span class='ocrx_word' id='word_1_820' title='bbox 3242 4838 3591 4905; x_wconf 87' lang='grc' dir='ltr'>καταλιπεῖν,</span> 
     </span>
    </p>
   </div>
   <div class='ocr_carea' id='block_1_111' title="bbox 1999 4926 3595 5002">
    <p class='ocr_par' dir='ltr' id='par_1_111' title="bbox 1999 4926 3595 5002">
     <span class='ocr_line' id='line_1_111' title="bbox 1999 4926 3595 5002; baseline 0.002 -21"><span class='ocrx_word' id='word_1_821' title='bbox 1999 4930 2091 4982; x_wconf 78' lang='grc' dir='ltr'>καὶ</span> <span class='ocrx_word' id='word_1_822' title='bbox 2123 4929 2260 4999; x_wconf 81' lang='grc' dir='ltr'>πρὸς</span> <span class='ocrx_word' id='word_1_823' title='bbox 2287 4927 2385 4998; x_wconf 81' lang='grc' dir='ltr'>τὴν</span> <span class='ocrx_word' id='word_1_824' title='bbox 2417 4926 2626 4980; x_wconf 88' lang='grc' dir='ltr'>οἰκείαν</span> <span class='ocrx_word' id='word_1_825' title='bbox 2661 4927 2977 4982; x_wconf 87' lang='grc' dir='ltr'>ἐπανελθεῖν</span> <span class='ocrx_word' id='word_1_826' title='bbox 3012 4929 3280 4998; x_wconf 85' lang='grc' dir='ltr'>πατρίδα;</span> <span class='ocrx_word' id='word_1_827' title='bbox 3309 4929 3595 5002; x_wconf 68' lang='grc' dir='ltr'>ἀρρωστίᾳ</span> 
     </span>
    </p>
   </div>
   <div class='ocr_carea' id='block_1_112' title="bbox 2000 5017 3589 5089">
    <p class='ocr_par' dir='ltr' id='par_1_112' title="bbox 2000 5017 3589 5089">
     <span class='ocr_line' id='line_1_112' title="bbox 2000 5017 3589 5089; baseline 0.003 -18"><span class='ocrx_word' id='word_1_828' title='bbox 2000 5020 2219 5082; x_wconf 75' lang='grc' dir='ltr'>συζῶσα</span> <span class='ocrx_word' id='word_1_829' title='bbox 2275 5017 2669 5089; x_wconf 84' lang='grc' dir='ltr'>χαλεπωτάτῃ,</span> <span class='ocrx_word' id='word_1_830' title='bbox 2716 5018 2812 5072; x_wconf 80' lang='grc' dir='ltr'>καὶ</span> <span class='ocrx_word' id='word_1_831' title='bbox 2865 5017 2978 5070; x_wconf 93' lang='grc' dir='ltr'>τῶν</span> <span class='ocrx_word' id='word_1_832' title='bbox 3023 5018 3440 5089; x_wconf 88' lang='grc' dir='ltr'>εὑσαρκούντων</span> <span class='ocrx_word' id='word_1_833' title='bbox 3498 5023 3589 5076; x_wconf 70' lang='grc' dir='ltr'>καί</span> 
     </span>
    </p>
   </div>
   <div class='ocr_carea' id='block_1_113' title="bbox 1999 5109 3594 5182">
    <p class='ocr_par' dir='ltr' id='par_1_113' title="bbox 1999 5109 3594 5182">
     <span class='ocr_line' id='line_1_113' title="bbox 1999 5109 3594 5182; baseline 0.001 -19"><span class='ocrx_word' id='word_1_834' title='bbox 1999 5109 2357 5182; x_wconf 81' lang='grc' dir='ltr'>σφριγῶντων</span> <span class='ocrx_word' id='word_1_835' title='bbox 2383 5110 2532 5180; x_wconf 70' lang='grc' dir='ltr'>⁴ηδιον</span> <span class='ocrx_word' id='word_1_836' title='bbox 2568 5109 2910 5180; x_wconf 83' lang='grc' dir='ltr'>διακειμένη,</span> <span class='ocrx_word' id='word_1_837' title='bbox 2941 5110 3040 5180; x_wconf 88' lang='grc' dir='ltr'>οὑχ</span> <span class='ocrx_word' id='word_1_838' title='bbox 3079 5109 3270 5182; x_wconf 80' lang='grc' dir='ltr'>ῦσρεσι</span> <span class='ocrx_word' id='word_1_839' title='bbox 3304 5127 3594 5165; x_wconf 63' lang='grc' dir='ltr'>ταπεινοῦ-</span> 
     </span>
    </p>
   </div>
   <div class='ocr_carea' id='block_1_114' title="bbox 2001 5201 3595 5274">
    <p class='ocr_par' dir='ltr' id='par_1_114' title="bbox 2001 5201 3595 5274">
     <span class='ocr_line' id='line_1_114' title="bbox 2001 5201 3595 5274; baseline 0.002 -19"><span class='ocrx_word' id='word_1_840' title='bbox 2001 5203 2163 5274; x_wconf 85' lang='grc' dir='ltr'>μένη,</span> <span class='ocrx_word' id='word_1_841' title='bbox 2190 5204 2250 5256; x_wconf 86' lang='grc' dir='ltr'>οὑ</span> <span class='ocrx_word' id='word_1_842' title='bbox 2285 5205 2472 5272; x_wconf 86' lang='grc' dir='ltr'>τιμαῖς</span> <span class='ocrx_word' id='word_1_843' title='bbox 2513 5201 2607 5255; x_wconf 73' lang='grc' dir='ltr'>καὶ</span> <span class='ocrx_word' id='word_1_844' title='bbox 2641 5201 2824 5267; x_wconf 79' lang='grc' dir='ltr'>δόξαις</span> <span class='ocrx_word' id='word_1_845' title='bbox 2859 5202 3220 5273; x_wconf 84' lang='grc' dir='ltr'>ἐπαιρομένη,</span> <span class='ocrx_word' id='word_1_846' title='bbox 3251 5201 3411 5256; x_wconf 88' lang='grc' dir='ltr'>τοῦτο</span> <span class='ocrx_word' id='word_1_847' title='bbox 3441 5203 3504 5274; x_wconf 81' lang='grc' dir='ltr'>δὴ</span> <span class='ocrx_word' id='word_1_848' title='bbox 3533 5204 3595 5258; x_wconf 84' lang='grc' dir='ltr'>τὺ</span> 
     </span>
    </p>
   </div>
   <div class='ocr_carea' id='block_1_115' title="bbox 2002 5293 3595 5366">
    <p class='ocr_par' dir='ltr' id='par_1_115' title="bbox 2002 5293 3595 5366">
     <span class='ocr_line' id='line_1_115' title="bbox 2002 5293 3595 5366; baseline 0.002 -20"><span class='ocrx_word' id='word_1_849' title='bbox 2002 5295 2211 5366; x_wconf 89' lang='grc' dir='ltr'>μυρίων</span> <span class='ocrx_word' id='word_1_850' title='bbox 2246 5293 2457 5356; x_wconf 83' lang='grc' dir='ltr'>πολλοῖς</span> <span class='ocrx_word' id='word_1_851' title='bbox 2508 5295 2682 5346; x_wconf 83' lang='grc' dir='ltr'>αῖτιον</span> <span class='ocrx_word' id='word_1_852' title='bbox 2721 5294 3016 5363; x_wconf 86' lang='grc' dir='ltr'>γενόμενον</span> <span class='ocrx_word' id='word_1_853' title='bbox 3050 5294 3257 5360; x_wconf 90' lang='grc' dir='ltr'>κακῶν,</span> <span class='ocrx_word' id='word_1_854' title='bbox 3305 5295 3354 5347; x_wconf 84' lang='grc' dir='ltr'>οἶ</span> <span class='ocrx_word' id='word_1_855' title='bbox 3403 5295 3497 5348; x_wconf 75' lang='grc' dir='ltr'>καὶ</span> <span class='ocrx_word' id='word_1_856' title='bbox 3535 5297 3595 5350; x_wconf 86' lang='grc' dir='ltr'>ἐν</span> 
     </span>
    </p>
   </div>
   <div class='ocr_carea' id='block_1_116' title="bbox 2003 5387 3595 5464">
    <p class='ocr_par' dir='ltr' id='par_1_116' title="bbox 2003 5387 3595 5464">
     <span class='ocr_line' id='line_1_116' title="bbox 2003 5387 3595 5464; baseline 0.003 -23"><span class='ocrx_word' id='word_1_857' title='bbox 2003 5388 2274 5462; x_wconf 75' lang='grc' dir='ltr'>ἱερωσύνῃ</span> <span class='ocrx_word' id='word_1_858' title='bbox 2315 5387 2756 5457; x_wconf 72' lang='grc' dir='ltr'>διαλάμψαντες,</span> <span class='ocrx_word' id='word_1_859' title='bbox 2812 5389 2908 5441; x_wconf 75' lang='grc' dir='ltr'>καὶ</span> <span class='ocrx_word' id='word_1_860' title='bbox 2960 5389 3096 5460; x_wconf 87' lang='grc' dir='ltr'>πρὸς</span> <span class='ocrx_word' id='word_1_861' title='bbox 3137 5389 3364 5460; x_wconf 77' lang='grc' dir='ltr'>ἔσχατον</span> <span class='ocrx_word' id='word_1_862' title='bbox 3416 5393 3595 5464; x_wconf 86' lang='grc' dir='ltr'>γῆρας</span> 
     </span>
    </p>
   </div>
   <div class='ocr_carea' id='block_1_117' title="bbox 2001 5479 3592 5550">
    <p class='ocr_par' dir='ltr' id='par_1_117' title="bbox 2001 5479 3592 5550">
     <span class='ocr_line' id='line_1_117' title="bbox 2001 5479 3592 5550; baseline -0.001 -15"><span class='ocrx_word' id='word_1_863' title='bbox 2001 5482 2294 5544; x_wconf 90' lang='grc' dir='ltr'>ἐλάσαντες</span> <span class='ocrx_word' id='word_1_864' title='bbox 2327 5480 2420 5534; x_wconf 71' lang='grc' dir='ltr'>καὶ</span> <span class='ocrx_word' id='word_1_865' title='bbox 2461 5479 2770 5550; x_wconf 87' lang='grc' dir='ltr'>βαθυτάτην</span> <span class='ocrx_word' id='word_1_866' title='bbox 2798 5479 3012 5544; x_wconf 87' lang='grc' dir='ltr'>πολιάν,</span> <span class='ocrx_word' id='word_1_867' title='bbox 3049 5481 3301 5537; x_wconf 89' lang='grc' dir='ltr'>ἐντεῦθεν</span> <span class='ocrx_word' id='word_1_868' title='bbox 3341 5482 3592 5546; x_wconf 76' lang='grc' dir='ltr'>ὤλισθον,</span> 
     </span>
    </p>
   </div>
   <div class='ocr_carea' id='block_1_118' title="bbox 2001 5572 3596 5645">
    <p class='ocr_par' dir='ltr' id='par_1_118' title="bbox 2001 5572 3596 5645">
     <span class='ocr_line' id='line_1_118' title="bbox 2001 5572 3596 5645; baseline 0.001 -20"><span class='ocrx_word' id='word_1_869' title='bbox 2001 5573 2098 5625; x_wconf 77' lang='grc' dir='ltr'>καὶ</span> <span class='ocrx_word' id='word_1_870' title='bbox 2148 5573 2329 5625; x_wconf 83' lang='grc' dir='ltr'>κοινὸν</span> <span class='ocrx_word' id='word_1_871' title='bbox 2379 5572 2701 5642; x_wconf 89' lang='grc' dir='ltr'>πρόκεινται</span> <span class='ocrx_word' id='word_1_872' title='bbox 2746 5575 2858 5636; x_wconf 86' lang='grc' dir='ltr'>τοῖς</span> <span class='ocrx_word' id='word_1_873' title='bbox 2909 5572 3256 5644; x_wconf 87' lang='grc' dir='ltr'>βουλομένοις</span> <span class='ocrx_word' id='word_1_874' title='bbox 3308 5575 3596 5645; x_wconf 80' lang='grc' dir='ltr'>κωμῳδεῖν</span> 
     </span>
    </p>
   </div>
   <div class='ocr_carea' id='block_1_119' title="bbox 2003 5665 3596 5741">
    <p class='ocr_par' dir='ltr' id='par_1_119' title="bbox 2003 5665 3596 5741">
     <span class='ocr_line' id='line_1_119' title="bbox 2003 5665 3596 5741; baseline 0.003 -24"><span class='ocrx_word' id='word_1_875' title='bbox 2003 5665 2264 5735; x_wconf 87' lang='grc' dir='ltr'>θέατρον;</span> <span class='ocrx_word' id='word_1_876' title='bbox 2311 5665 2450 5717; x_wconf 78' lang='grc' dir='ltr'>Ἀλλ’</span> <span class='ocrx_word' id='word_1_877' title='bbox 2488 5667 2521 5735; x_wconf 79' lang='grc' dir='ltr'>ἡ</span> <span class='ocrx_word' id='word_1_878' title='bbox 2565 5666 2725 5736; x_wconf 76' lang='grc' dir='ltr'>γυνὴ,</span> <span class='ocrx_word' id='word_1_879' title='bbox 2762 5669 2856 5718; x_wconf 77' lang='grc' dir='ltr'>καὶ</span> <span class='ocrx_word' id='word_1_880' title='bbox 2887 5669 3200 5738; x_wconf 87' lang='grc' dir='ltr'>ἀραχνῶδες</span> <span class='ocrx_word' id='word_1_881' title='bbox 3229 5671 3596 5741; x_wconf 83' lang='grc' dir='ltr'>περικειμένη</span> 
     </span>
    </p>
   </div>
   <div class='ocr_carea' id='block_1_120' title="bbox 2003 5755 3594 5831">
    <p class='ocr_par' dir='ltr' id='par_1_120' title="bbox 2003 5755 3594 5831">
     <span class='ocr_line' id='line_1_120' title="bbox 2003 5755 3594 5831; baseline 0.004 -23"><span class='ocrx_word' id='word_1_882' title='bbox 2003 5755 2185 5826; x_wconf 87' lang='grc' dir='ltr'>σῶμα,</span> <span class='ocrx_word' id='word_1_883' title='bbox 2209 5756 2304 5809; x_wconf 69' lang='grc' dir='ltr'>καὶ</span> <span class='ocrx_word' id='word_1_884' title='bbox 2337 5757 2608 5821; x_wconf 90' lang='grc' dir='ltr'>τοσαύτας</span> <span class='ocrx_word' id='word_1_885' title='bbox 2639 5758 2943 5826; x_wconf 83' lang='grc' dir='ltr'>ἐνεγκοῦσα</span> <span class='ocrx_word' id='word_1_886' title='bbox 2974 5760 3305 5830; x_wconf 74' lang='grc' dir='ltr'>προσόολάς,</span> <span class='ocrx_word' id='word_1_887' title='bbox 3333 5763 3393 5814; x_wconf 88' lang='grc' dir='ltr'>οὑ</span> <span class='ocrx_word' id='word_1_888' title='bbox 3435 5763 3594 5831; x_wconf 86' lang='grc' dir='ltr'>μόνον</span> 
     </span>
    </p>
   </div>
   <div class='ocr_carea' id='block_1_121' title="bbox 2003 5849 3596 5928">
    <p class='ocr_par' dir='ltr' id='par_1_121' title="bbox 2003 5849 3596 5928">
     <span class='ocr_line' id='line_1_121' title="bbox 2003 5849 3596 5928; baseline 0.006 -28"><span class='ocrx_word' id='word_1_889' title='bbox 2003 5849 2156 5902; x_wconf 74' lang='grc' dir='ltr'>οὐδὲν</span> <span class='ocrx_word' id='word_1_890' title='bbox 2201 5849 2404 5912; x_wconf 76' lang='grc' dir='ltr'>ἔπαθες</span> <span class='ocrx_word' id='word_1_891' title='bbox 2451 5850 2730 5918; x_wconf 85' lang='grc' dir='ltr'>τοιοῦτον,</span> <span class='ocrx_word' id='word_1_892' title='bbox 2767 5852 2903 5906; x_wconf 87' lang='grc' dir='ltr'>ἀλλά</span> <span class='ocrx_word' id='word_1_893' title='bbox 2957 5855 3051 5908; x_wconf 72' lang='grc' dir='ltr'>καὶ</span> <span class='ocrx_word' id='word_1_894' title='bbox 3097 5855 3316 5928; x_wconf 79' lang='grc' dir='ltr'>ἐτέρους</span> <span class='ocrx_word' id='word_1_895' title='bbox 3364 5853 3596 5920; x_wconf 77' lang='grc' dir='ltr'>πολλοὺς</span> 
     </span>
    </p>
   </div>
  </div>
