4216 6484
689 397 790 455 ωἰ

694 510 888 566 παθεῖν
915 506 1211 569 ἐκώλυσας.
1260 504 1520 558 Κάκεῖνοι
1567 499 1664 571 μέν
1703 497 1826 551 οὑδέ
1874 496 2036 567 μέχρι
2069 493 2264 549 πολλοῦ

692 601 802 656 τῶν
827 598 1052 668 ἀγώνων
1067 595 1421 666 προελθόντες
1438 605 1486 656 ι,
1501 591 1638 645 ἀλλά
1661 589 1721 656 ἐξ
1740 587 1920 642 αὐτῶν
1945 587 2054 640 τῶν
2076 602 2263 656 προοιο

698 693 857 764 μίων,
881 689 977 742 καὶ
1003 687 1245 757 βαλϐῖδος
1271 686 1460 756 αὐτῆς,
1499 684 1574 746 ὡς
1603 683 1799 742 εἰπεῖν,
1823 677 2108 747 ἁλλόμενοι
2135 691 2266 730 κατ-

694 779 996 854 ηνέχθησαν
1017 795 1032 808 ο
1055 779 1119 830 σὺ
1141 777 1197 830 δέ
1230 777 1489 847 μυριάκις
1513 773 1612 844 τὴν
1635 769 1871 841 ἐσχάτην
1897 767 2098 821 νύσσαν
2119 783 2266 837 περι·

691 871 941 931 ελθοὺσα.
971 869 1092 923 καθ’
1123 868 1351 921 ἐκαστον
1379 865 1578 937 δρόμον
1615 863 1679 916 τὸ
1714 861 1963 933 βραϐεῖον
1989 861 2263 932 ἥρπασας,

691 965 910 1018 ποικίλα
938 961 1329 1030 παλαισμάτων
1345 955 1728 1026 ἐπιδειξαμένη
1755 953 1847 1007 καὶ
1870 951 2095 1020 ἀγώνων
2115 952 2230 1021 εἴδη
2246 965 2262 982 ⁸

692 1054 788 1109 καὶ
815 1053 960 1124 μάλα
986 1053 1230 1114 είκότως.
1247 1049 1379 1103 Οὑδέ
1423 1047 1531 1117 γάρ
1551 1050 1609 1100 ἐν
1625 1042 1949 1114 ἡλικίᾳ,οῠτε
1977 1042 2034 1094 ἐν
2050 1040 2262 1111 σώματι

688 1145 762 1199 τά
789 1143 1144 1213 ⁴παλαίσματα
1175 1140 1275 1209 τῆς
1314 1139 1536 1210 ἀρετῆς,
1583 1135 1696 1189 ἀλλ’
1731 1137 1787 1192 ἐν
1823 1133 1968 1204 ψυχῇ
2003 1133 2138 1204 μόνῃ
2173 1132 2264 1184 καὶ

691 1234 909 1306 γνώμῃ.
939 1229 1097 1286 οὕτω
1133 1231 1227 1283 καὶ
1259 1229 1517 1297 γυναῖκες
1546 1223 2019 1294 ἐστεφανώθησαν,
2048 1223 2140 1275 καὶ
2169 1221 2262 1275 ἀν-

688 1323 816 1396 δρες
848 1319 1312 1390 ὑπεσκελίσθησαν
1332 1336 1345 1350 ι
1379 1316 1521 1371 οὑτω
1558 1316 1652 1368 καὶ
1684 1315 1870 1378 παῖδες
1888 1313 2262 1385 ἀνεκηρύχθηο

691 1430 814 1477 σαν,
853 1413 948 1466 καὶ
975 1411 1344 1482 γεγηρακότες
1381 1405 1851 1480 κατῃσχύνθησαν.
1892 1405 2003 1457 Ἀεὶ
2037 1405 2134 1474 μὲν
2167 1401 2260 1457 οὖν

690 1503 798 1575 χρὴ
827 1499 1124 1572 θαυμάζειν
1160 1500 1286 1563 τοὺς
1323 1498 1603 1570 μετιόντας
1632 1496 1832 1569 ἀρετὴν
1857 1496 1906 1558 δ,
1937 1496 2169 1566 μάλιστα
2204 1495 2261 1548 δέ

688 1595 819 1648 ὃταν
848 1591 1056 1646 πολλῶν
1100 1590 1270 1662 αὑτὴν
1317 1589 1758 1652 ἀπολειπόντων,
1807 1586 2071 1657 εὑρεθῶσί
2116 1603 2261 1648 τινες

689 1684 860 1753 αὑτῆς
889 1682 1257 1753 ἀντεχόμενοι.
1289 1680 1388 1733 Διά
1420 1679 1484 1749 δὴ
1512 1678 1671 1734 τοῦτο
1699 1679 1792 1732 καὶ
1825 1679 1923 1750 τὴν
1952 1677 2050 1747 σὴν
2087 1678 2260 1748 ἐμμέ-

689 1774 841 1829 λειαν
871 1773 1171 1844 θαυμάζειν
1193 1770 1344 1836 ἀξιον
1372 1770 1490 1840 μεθ’
1525 1769 1848 1840 ὑπερϐολῆς,
1881 1769 1962 1821 ὅτι
1991 1767 2260 1822 τοσούτων

689 1865 1009 1938 τραπέντων
1038 1862 1266 1935 ἀνδρῶν,
1289 1861 1583 1930 γυναικῶν,
1609 1860 2020 1931 γεγηρακότων,
2049 1858 2155 1913 τῶν
2183 1858 2262 1912 δο-

690 1957 929 2012 κούντων
969 1955 1231 2028 μεγίστην
1259 1953 1529 2023 ὑπόληψιν
1571 1952 1737 2023 ἐχειν,
1777 1952 1994 2006 πάντων
2025 1950 2112 2003 ἐπ’
2137 1949 2260 2020 ϐψιν

688 2049 979 2120 κειμένων,
1011 2047 1132 2101 οὑδέ
1166 2048 1230 2099 ἐκ
1261 2044 1460 2116 πολλῆς
1491 2044 1730 2114 πολέμου
1763 2043 1966 2115 ῥύμης⁴
2003 2041 2126 2096 οὑδέ
2149 2041 2264 2095 ἀπὸ

687 2141 923 2210 σφοδρᾶς
951 2139 1058 2192 τῶν
1090 2136 1300 2208 ἐχθρῶν
1337 2134 1715 2206 παρατάξεως,
1746 2132 1882 2187 ἀλλά
1920 2131 2024 2204 πρὸ
2059 2131 2247 2202 συμϐο-

688 2231 787 2302 λῆς
836 2232 1131 2291 πεσόντων,
1184 2228 1291 2298 πρὸ
1344 2224 1663 2296 συμπλοκῆς
1708 2222 2070 2295 ἡττηθέντων,
2119 2222 2257 2294 αὑτὴ

691 2322 830 2394 μετά
861 2321 1126 2385 τοσαύτας
1153 2321 1333 2390 μάχας
1374 2319 1468 2373 καὶ
1517 2313 1852 2385 παρατάξεις
1887 2315 1946 2370 οὑ
1997 2316 2156 2385 μόνον
2190 2315 2255 2370 ού

687 2411 1191 2484 κατεμαλακίσθης,
1235 2409 1359 2464 οὑδέ
1398 2406 1751 2478 ἐταριχεύθης
1781 2405 1859 2476 τῷ
1911 2405 2106 2477 πλήθει
2150 2407 2258 2459 τῶν

688 2503 896 2566 κακῶν,
917 2502 1053 2558 ἀλλά
1072 2503 1166 2556 καὶ
1188 2499 1439 2572 νεανιεύη
1475 2498 1757 2570 μειζόνως,
1783 2497 1876 2551 καὶ
1903 2497 2012 2550 τῶν
2035 2497 2258 2565 ἀγώνων

688 2597 724 2667 ἡ
759 2593 1044 2666 προσθήκη
1075 2592 1392 2664 προσθήκην
1428 2607 1509 2646 σοι
1543 2590 1758 2644 δίδωσιν
1805 2586 2008 2659 ἰσχύος.
2047 2589 2108 2642 Ἦ
2151 2588 2259 2659 γάρ

686 2687 796 2742 τῶν
823 2687 926 2758 ἥδη
954 2684 1403 2756 κατορθωθέντων
1435 2682 1644 2752 μνήμη,
1663 2681 1759 2734 καὶ
1785 2680 2141 2751 εὐφροσύνης,
2166 2681 2258 2734 καὶ

688 2777 881 2847 χαρᾶς,
908 2775 1005 2828 καὶ
1029 2772 1275 2846 μείζονός
1304 2789 1389 2826 σοι
1405 2771 1613 2840 γίνεται
1639 2769 1948 2842 προθυμίας
1979 2770 2254 2835 ὑπόθεσις.

685 2868 786 2921 Διά
815 2865 1311 2936 ταύτα,χαίρομεν,
1347 2862 1660 2934 σκιρτῶμεν
1680 2901 1696 2926 ,
1728 2862 2165 2932 εὐφραινόμεθαε
2195 2865 2256 2916 οὑ

685 2957 795 3027 γάρ
820 2957 1100 3027 παύσομαι
1129 2953 1370 3025 συνεχῶς
1393 2953 1554 3008 τοῦτο
1589 2952 1788 3020 λέγων,
1825 2954 1918 3007 καὶ
1947 2955 2259 3026 περιφέρων

688 3064 805 3119 μου.
821 3047 1097 3118 πανταχοὺ
1123 3046 1222 3117 τῆς
1255 3046 1429 3118 χαρᾶς
1456 3046 1557 3115 τὴν
1591 3044 1866 3098 ὑπόθεσιν.
1894 3046 2053 3098 Ὥστε
2077 3047 2127 3098 εί
2164 3045 2259 3099 καὶ

683 3137 714 3190 δ
756 3138 1018 3209 ἡμέτερός
1061 3154 1121 3191 σε
1177 3137 1338 3190 λυπεῖ
1382 3134 1696 3215 χωρισμὸς,
1730 3134 1866 3189 ἀλλά
1905 3135 2134 3206 μεγίστη
2176 3154 2256 3190 σοι

683 3226 824 3298 αὕτη
848 3228 960 3281 τῶν
1002 3226 1443 3297 κατορθωμάτων
1470 3223 1624 3298 [583]
1647 3227 1680 3296 ἡ
1718 3225 2062 3297 παράκλησις
2086 3243 2098 3256 ι
2136 3226 2258 3279 ἐπεὶ

685 3316 781 3370 καὶ
815 3316 974 3386 ἡμεῖς
1002 3315 1254 3370 τοσοῦτον
1295 3315 1668 3386 ἀπῳκισμένοι
1696 3315 1868 3386 μῆκος
1891 3314 2035 3380 ὁδοῦ,
2069 3317 2131 3368 οὑ
2163 3333 2255 3386 μι-

682 3409 822 3480 κράν
851 3407 1118 3472 ἐντεῦθεν,
1146 3407 1256 3462 ἀπὸ
1280 3407 1379 3478 τῆς
1409 3407 1509 3477 σῆς
1540 3406 1792 3480 ἀνδρείας
1816 3407 1978 3476 λέγω,
2013 3407 2257 3478 καρπού-

687 3501 829 3573 μεθα
855 3501 1218 3573 εὐφροσύνην..

1000 3589 1156 3658 Πρὸς
1183 3587 1298 3656 τὴν
1313 3585 1508 3654 αὐτὴν·
1534 3586 1829 3656 ἐπιστολῆ
1863 3592 1933 3654 πο.

754 3687 825 3737 α’.
860 3681 926 3734 Τί
958 3681 1094 3751 φῄςς
1119 3681 1232 3733 Οὐκ
1258 3679 1489 3749 έστησας
1509 3684 1786 3749 τρόπαιον,
1810 3677 1930 3730 οὑδέ
1956 3677 2073 3750 ἥρω
2101 3678 2256 3750 νίκην

681 3771 940 3842 λαμπράν
957 3787 971 3836 ;
987 3770 1106 3823 οὑὸἐ
1129 3768 1372 3839 ἀνεδήσω
1394 3768 1658 3836 στέφανον
1677 3767 1942 3822 ἀνθοῦντα
1962 3767 2252 3839 διηνεκῶςς

694 3861 833 3915 ‘AD.’
855 3861 917 3914 οὑ
943 3859 1118 3914 ταῦτά
1138 3875 1305 3930 φησιν
1333 3859 1366 3929 ἡ
1397 3857 1692 3928 οίκουμένη
1723 3861 1892 3921 πᾶσα,
1916 3860 1949 3928 ἡ
1979 3861 2255 3931 πανταχοῦ

681 3954 783 4024 τῆς
815 3953 916 4022 γῆς
949 3951 1151 4023 ᾅδουσά
1179 3967 1272 4003 σου
1295 3950 1364 4003 τά
1385 3948 1819 4020 κατορθώματας
1844 3951 1905 4003 Εἰ
1931 3949 2040 4022 γὰρ
2067 3951 2161 4005 καὶ
2189 3951 2258 4005 τά

685 4045 1007 4112 σκάμματα,
1031 4041 1126 4095 καὶ
1151 4041 1202 4092 οί
1228 4039 1436 4108 ἀγῶνες
1471 4041 1528 4092 ἐν
1559 4040 1640 4092 ἐνὶ
1662 4041 1903 4111 ⁶ίδρυνται
1927 4043 2134 4113 χωρίῳ,
2164 4046 2257 4096 καὶ

682 4135 732 4186 οί
763 4131 964 4184 δίαυλοί
995 4148 1090 4184 σου
1121 4129 1229 4183 τῶν
1267 4129 1505 4200 δρόμων,
1531 4131 1626 4182 καὶ
1661 4130 1731 4182 τά
1768 4132 1888 4184 ἀντὶ
1917 4132 2138 4202 ἱδρῶτος
2172 4135 2256 4186 αῖ-

688 4240 854 4293 ματος
877 4221 1306 4293 ἐμπεπλησμένα
1327 4238 1420 4274 σου
1439 4221 1790 4292 παλαίσματα
1810 4224 1995 4277 αὑτόοι
2012 4227 2252 4294 γέγονεν,

683 4314 800 4368 ἀλλ’
833 4315 868 4384 ἡ
892 4314 1016 4380 δόξα
1039 4313 1242 4366 τούτων
1279 4315 1373 4368 καὶ
1398 4313 1431 4382 ἡ
1459 4313 1702 4383 εὐφημία
1739 4313 1809 4366 τά
1843 4315 2087 4386 τέρματα
2121 4335 2252 4371 κατ·-

681 4405 870 4476 είληφε
898 4405 996 4474 τῆς
1013 4415 1036 4442 ι
1063 4403 1401 4473 οἰκουμένης.
1423 4404 1495 4456 Σὺ
1517 4403 1573 4456 δέ
1598 4404 1738 4458 αύτά
1766 4405 1935 4474 μείζω
1958 4406 2254 4479 βουλομένη

683 4494 928 4564 ποιῆσαι,
972 4495 1067 4546 καὶ
1109 4493 1328 4546 πλείονα
1367 4493 1436 4546 τά
1489 4492 1714 4563 βρωϐεῖα
1757 4495 2117 4566 ἐργάσασθαι,
2161 4500 2255 4553 καὶ

680 4585 807 4646 τοὺς
853 4583 959 4636 ἀπὸ
999 4583 1098 4652 τῆς
1139 4583 1642 4654 ταπεινοφροσύνης
1683 4585 1860 4648 αὑτοῖς
1912 4588 2254 4658 προσέθηκας

686 4674 999 4742 στεφάνους,
1035 4673 1266 4740 λέγουσα
1290 4672 1540 4726 τοσοῦτον
1578 4673 1805 4744 ἀπέχειν
1842 4675 1948 4730 τῶν
1978 4679 2254 4748 τροπαίων

682 4764 908 4829 τούτων,
937 4766 1062 4818 ὅσον
1087 4765 1135 4816 οι
1163 4763 1347 4834 νεκροὶ
1378 4762 1483 4815 τῶν
1506 4762 1741 4825 ζώντων.
1774 4765 1897 4818 Ὅτι
1920 4767 2027 4838 γάρ
2065 4785 2255 4823 ταπει-

683 4854 1018 4926 νοφροσύνης
1047 4853 1114 4907 τὰ
1143 4854 1384 4925 ῥήματα,
1417 4852 1616 4922 μᾶλλον
1643 4853 1703 4918 ἐξ
1733 4855 1912 4907 αὑτῶν
1942 4873 1999 4908 σε
2039 4858 2251 4925 ἐλέγξαι

683 4949 1014 5018 πειράσομαι
1049 4945 1159 5000 τῶν
1198 4945 1600 5016 γεγενημένων.
1640 4944 1921 5010 Ἐξέπεσες
1964 4951 2250 5019 πατρίδος,

681 5039 879 5103 οἰκίας,
913 5037 1103 5106 φίλων,
1136 5036 1409 5104 συγγενῶν
1430 5050 1444 5065 °
1474 5035 1611 5105 πρὸς
1646 5035 1744 5106 τὴν
1789 5038 2084 5110 ὑπερορίαν
2124 5059 2252 5111 μετ-

684 5128 843 5197 έστης
867 5146 880 5160 ’
913 5129 972 5180 οὑ
1021 5127 1255 5190 διέλιπες
1283 5127 1402 5181 καθ’
1437 5127 1674 5196 ἑκάστην
1697 5130 2111 5201 ἀποθνῄσκουσα
2153 5136 2250 5206 τὴν

683 5220 917 5290 ἡμέραν,
968 5219 1060 5270 καὶ
1099 5218 1159 5270 τὸ
1189 5219 1253 5287 τῇ
1301 5217 1458 5286 φύσει
1489 5218 1673 5271 λεῖπον
1717 5221 1784 5289 τῇ
1825 5225 2111 5294 περιουσίᾳ
2151 5227 2250 5295 τῆς

684 5310 1052 5382 προαιρέσεως
1086 5308 1492 5378 ἀναπληροῦσα.
1527 5309 1744 5379 Ἐπειδὴ
1779 5310 1886 5380 γάρ
1919 5312 2016 5364 οὑκ
2047 5314 2125 5366 ένι
2158 5317 2251 5369 ἀν-

683 5399 899 5470 θρωπον
929 5399 1057 5451 ὄντα
1081 5402 1146 5468 τῇ
1176 5399 1338 5470 πείρᾳ
1371 5399 1594 5463 πολλοὺς
1633 5399 1897 5464 θανάτους
1938 5403 2246 5470 ἀποθανεῖν,

682 5494 749 5563 τῇ
772 5490 965 5564 γνώμῃ
988 5490 1145 5544 τοῦτο
1169 5490 1492 5561 πεποίηκας.
1532 5491 1640 5547 Καὶ
1678 5493 1739 5544 τὸ
1769 5491 1834 5562 δὴ
1870 5493 2144 5562 μέγιστον,
2183 5499 2250 5552 τά

742 5607 767 5633 ει
796 5604 900 5653 Duo
914 5615 1028 5650 mss.
1052 5604 1145 5649 τῶν
1167 5603 1359 5662 ἀγώνων
1382 5604 1647 5658 διελθόντες.

741 5664 769 5732 ξ
793 5663 922 5732 [dem
945 5665 1188 5732 θαυμάζειν
1210 5666 1294 5720 τήν
1313 5666 1447 5732 ἰσχύν
1468 5668 1562 5732 τῷν
1589 5666 1838 5732 μετιόγτων
1970 5670 2154 5732 ἀρετήν.

747 5726 770 5791 f
807 5725 912 5773 Duo
931 5738 1042 5772 mss.
1069 5726 1278 5791 τέρματα
1313 5725 1546 5786 κατέμαθε
1586 5732 1684 5791 τῆς.
1713 5726 1839 5776 Inﬂ'a
1865 5725 2014 5777 “deni
2033 5725 2110 5780 καί
2142 5735 2249 5791 τοὺς

664 5784 775 5839 ,ἀπὸ
808 5791 890 5842 τῆς
911 5784 1329 5848 ταπεινοφροσύνης
1354 5784 1503 5850 σαυτῇ
1533 5789 1804 5852 περιέθηκας
1825 5793 2092 5854 στεφάνους.

1369 391 1428 448 S.
1469 383 1752 446 JOANNIS
1788 378 2285 441 οιιιιτεοετοιιι
2324 376 2642 436 ARCﬂlEP.
2681 373 3232 434 CONSTANTINOP.

3838 377 3949 436 ϐω

2376 493 2477 563 μέν
2511 491 2823 562 πάσχουσα,
2863 492 2933 546 τά
2975 491 3032 545 δέ
3085 489 3374 544 πείσεσθαι
3410 488 3801 561 προσδοκῶσα,
3845 493 3947 548 οὑκ

2367 598 2591 636 επαυσω
2633 582 2713 652 τῷ
2763 582 3132 654 συγχωροῦντι
3179 579 3298 650 Θεῷ
3347 578 3524 634 ταῦτα
3562 580 3807 648 γίνεσθαι
3846 583 3947 655 τὴν

2368 675 2508 746 ὑπὲρ
2529 675 2710 728 αὑτῶν
2743 676 3090 747 ἀναφέρουσα
3124 673 3452 740 δοξολογίαν,
3482 674 3575 727 καὶ
3606 675 3828 744 καιρίαν
3864 675 3947 747 τῷ

2363 765 2595 837 διαϐόλῳ
2633 765 2851 820 διδοῦσα
2887 767 3122 837 πληγήν.
3149 765 3274 820 ὀτι
3307 765 3415 836 γάρ
3443 766 3538 818 καὶ
3579 766 3799 838 καιρίαν
3827 765 3945 819 ἐδέ-

2363 856 2513 923 ξατο,
2546 856 2714 922 una
2747 857 2815 911 δι’
2842 851 2918 912 ῶν
2953 856 3214 928 μειζόνως
3247 855 3488 927 προσιὼν
3524 855 3826 922 ἀητλίζετοο
3863 856 3946 911 δὴ

2366 946 2461 998 καὶ
2507 944 2865 1016 χαλεπώτερα
2921 945 2992 999 τά
3034 944 3235 1016 ὕστερα
3280 944 3391 997 τῶν
3450 945 3683 1015 πρώτων
3727 944 3942 1013 γέγονε.

2365 1035 2634 1120 Καθάπερ
2659 1036 2768 1107 γάρ
2797 1035 3055 1106 σκορπίος
3085 1035 3118 1106 ἢ
3145 1035 3289 1104 δφις,
3311 1035 3442 1088 ὅταν
3472 1034 3778 1107 βαθυτέραν
3803 1035 3947 1108 λάϐῃ

2366 1129 2601 1199 πληγὴν,
2641 1127 2901 1199 μειζόνως
2947 1128 3008 1182 τὸ
3053 1128 3278 1196 κέντρον
3313 1129 3453 1198 ἀρας
3500 1128 3642 1180 κατά
3672 1125 3766 1179 τοὺ
3799 1126 3945 1197 πλήο

2366 1218 2551 1283 ξαντος
2571 1219 2934 1284 ἐξανίσταται,
2969 1221 3068 1290 τῆς
3108 1220 3306 1290 πολλῆς
3345 1220 3635 1290 ἀλγηδόνος
3668 1217 3945 1284 ἀπόδειξιν

2365 1314 2624 1383 παρέχων
2675 1315 2776 1385 τὴν
2824 1314 3088 1387 ῥαγδαίαν
3130 1314 3268 1367 κατά
3304 1313 3397 1366 τοῦ
3436 1314 3688 1376 παίοντος
3725 1312 3940 1384 ῥύμηνο

2363 1405 2506 1459 οὑτω
2551 1407 2616 1478 δὴ
2648 1410 2742 1462 καὶ
2785 1407 2847 1460 τὺ
2888 1408 3243 1479 ἀναίσχυντον
3273 1407 3461 1478 θηρίον
3513 1407 3710 1469 ἐκεῖνο,
3751 1405 3945 1478 ἐπειδὴ

2362 1497 2433 1549 τά
2457 1497 2748 1569 τραύματα
2774 1499 2856 1562 είς
2889 1498 3050 1569 βάθος
3074 1497 3291 1564 ἐδέξατο
3318 1499 3468 1569 παρά
3500 1497 3600 1568 τῆς
3631 1497 3943 1568 θαυμασίας

2363 1605 2458 1643 σου
2507 1590 2602 1644 καὶ
2649 1590 2860 1661 ὑψηλῆς
2913 1589 3125 1660 ψυχῆς,
3162 1589 3424 1660 μειζόνως
3476 1589 3808 1660 ἐπεπήδησε,
3845 1590 3945 1646 καὶ

2363 1675 2580 1738 πλείους
2626 1677 2874 1749 ἐπήγαγε
2925 1676 3287 1748 πειρασμούς.
3349 1679 3625 1748 Ἐπήγαγε
3692 1677 3795 1748 μέν
3832 1679 3943 1750 γάρ

2362 1769 2588 1831 ἐκεῖνος.
2620 1769 2718 1839 οὑχ
2748 1769 2777 1820 ό
2809 1767 2968 1832 Θεόςο
3014 1768 3361 1839 συνεχώρησε
3395 1769 3450 1822 δὲ
3493 1771 3522 1822 ό
3560 1769 3715 1834 Θεὸς,
3760 1769 3942 1837 αὑξων

2363 1873 2458 1912 σου
2477 1858 2568 1912 τὸν
2592 1858 2838 1922 πλοῦτον,
2864 1859 3085 1929 μείζονα
3107 1859 3275 1913 ποιῶν
3290 1861 3389 1932 τὴν
3405 1861 3695 1931 ἐμπορίαν,
3720 1861 3942 1918 πλείονα

2359 1950 2418 2005 δέ
2442 1951 2718 2023 προξενῶν
2737 1952 2829 2005 τὸν
2857 1952 3070 2024 μισθὸν,
3097 1951 3489 2022 δαψιλεστέραν
3519 1955 3617 2025 τὴν
3644 1956 3936 2011 ἀντίδοσιν.

2360 2044 2452 2113 Μὴ
2479 2044 2663 2098 τοίνυν
2709 2044 3014 2115 ταράττου,
3050 2045 3185 2114 μηδέ
3227 2045 3479 2116 θορυϐοῦ.
3524 2047 3620 2110 Τίς
3653 2047 3762 2119 γάρ
3806 2063 3940 2102 ποτε

2361 2131 2535 2201 ἕκαμε
2565 2132 2846 2197 πλουτῶν;
2880 2132 2962 2196 τίς
2999 2131 3266 2203 συνεχύθη
3302 2134 3398 2186 ἐπὶ
3424 2134 3522 2198 τὰς
3551 2134 3939 2206 ὑψηλοτάταςδ

2361 2222 2658 2292 ἐρχόμενος
2690 2218 2898 2292 ἀρχάς;
2934 2223 2996 2276 El
3019 2223 3077 2275 δέ
3097 2225 3149 2275 οί
3179 2223 3247 2275 τά
3271 2223 3586 2296 ἀνθρώπινα
3611 2225 3784 2280 ταῦτα
3814 2242 3939 2280 συν·

2361 2312 2613 2380 ἀγοντες,
2653 2313 2722 2366 τά
2752 2313 2992 2385 ἐπίκηρα
3041 2313 3136 2366 καὶ
3194 2314 3350 2376 σκιᾶς
3401 2313 3804 2388 ἀδρανέστερα,
3845 2318 3942 2371 καὶ

2359 2401 2718 2475 ἀνθῶν
2745 2403 3075 2473 σηπομένων
3117 2404 3316 2473 μᾶλλον
3355 2405 3751 2476 μαραινόμενα,
3781 2423 3941 2480 σκιρ-

2359 2494 2518 2558 τῶσι,
2542 2495 2850 2566 χορεύουσι,
2885 2493 3138 2547 πέτονται
3171 2492 3274 2546 ὑπὸ
3305 2493 3404 2563 τῆς
3437 2495 3654 2564 ἡδονῆς,
3677 2496 3774 2566 τῆς
3800 2495 3937 2567 όμοῦ

2359 2602 2414 2638 τε
2436 2585 2770 2656 φαινομένης
2801 2586 2895 2638 καὶ
2926 2586 3331 2657 ἀφιπταμένης,
3371 2588 3467 2639 καὶ
3500 2587 3781 2658 ποταμίων
3810 2589 3941 2660 ῥευ-

2359 2677 2548 2747 μάτων
2611 2676 2954 2747 μιμουμένης
3003 2675 3202 2750 δρόμον
3227 2693 3240 2708 ·
3277 2676 3457 2746 πολλῷ
3501 2677 3703 2747 μᾶλλον
3750 2678 3811 2732 σέ
3857 2679 3940 2734 δί-

2360 2785 2536 2832 καιον,
2564 2769 2658 2820 καὶ
2691 2768 2740 2820 εί
2768 2766 3032 2838 πρότερον
3055 2762 3123 2838 ἧς
3161 2767 3220 2821 ἐν
3252 2765 3534 2837 ἀθυμίαις,
3568 2769 3659 2821 τὸν
3697 2769 3940 2841 παρόντα

2360 2857 2550 2929 καιρὸν
2574 2857 2836 2928 εὐθυμίας
2865 2857 3129 2928 μεγίστης
3158 2857 3487 2929 ποιήσασθαι
3515 2859 3808 2930 πρόφασιν.
3829 2861 3940 2915 Καὶ

2360 2949 2468 3018 γὰρ
2510 2949 2540 3000 ό
2579 2947 2851 3018 θησαυρός
2890 2963 2984 3001 σου
3041 2946 3102 2999 δν
3131 2949 3460 3017 συνήγαγες,
3486 2948 3717 3012 ἀσυλοςο
3754 2950 3851 3004 καὶ
3873 2949 3936 3006 τὸ

2359 3039 2598 3109 ἀξίωμα,
2617 3038 2682 3093 τό
2706 3037 2798 3092 διά
2828 3037 2938 3092 τῶν
2982 3037 3326 3108 παθημάτων
3356 3027 3439 3094 σοι
3470 3039 3674 3093 τούτων
3705 3057 3941 3112 συγκρο-

2358 3127 2541 3197 τηθέν,
2567 3126 2818 3198 διαδοχὴν
2848 3128 2950 3181 οὑκ
2980 3122 3141 3191 οῑδεν,
3173 3127 3295 3180 οὑδέ
3333 3128 3590 3198 ἀναμένει
3617 3129 3788 3196 τέλος,
3819 3131 3937 3185 ἀλλ’

2358 3219 2507 3272 ἔστιν
2534 3219 2864 3290 ἀπέραντον,
2883 3219 2944 3272 οὑ
2973 3217 3228 3290 δυσκολίᾳ
3255 3218 3486 3288 καιρῶν,
3507 3220 3608 3273 οὑκ
3633 3221 3938 3292 ἀνθρώπων

2357 3311 2691 3377 ἐπιϐουλαῖς,
2721 3313 2783 3365 οὑ
2805 3311 3072 3382 δαιμόνων
3104 3311 3334 3380 ἐφόδοις,
3359 3313 3460 3366 οὑκ
3487 3313 3622 3384 αὐτῇ
3656 3313 3939 3369 διακοπτό-

2359 3422 2518 3478 μενον
2544 3407 2612 3476 τῇ
2651 3403 2898 3474 τελευτῇ.
2927 3405 2989 3457 Εἰ
3007 3402 3064 3456 δέ
3099 3403 3280 3474 βούλει
3307 3405 3404 3458 καὶ
3442 3404 3680 3476 θρηνεῖν,
3705 3407 3831 3470 τοὺς
3867 3408 3937 3462 τά

2354 3497 2580 3550 τοιαῦτα
2597 3495 2996 3567 ἐργαζομένους
3019 3493 3228 3566 θρήνει,
3245 3495 3372 3558 τοὺς
3391 3495 3500 3551 τῶν
3527 3495 3713 3550 κακῶν
3731 3497 3936 3552 τούτων

2356 3589 2642 3652 αὐθέντας,
2672 3588 2798 3651 τοὺς
2830 3586 3132 3657 ὑπηρέτας,
3159 3585 3210 3640 οῖ
3257 3587 3350 3641 καὶ
3383 3589 3464 3652 είς
3504 3588 3566 3642 τὸ
3608 3588 3802 3659 μέλλον
3834 3607 3936 3660 με-

2354 3681 2547 3752 γίστην
2581 3678 2948 3749 ἐθησαύρισαν
2993 3679 3207 3742 ἐαυτοῖς
3243 3679 3532 3750 τιμωρίαν,
3571 3682 3666 3734 καὶ
3700 3683 3938 3738 ἐνταῦθα

2353 3773 2508 3841 δίκην
2537 3770 2724 3824 ἔδοσαν
2750 3771 2849 3841 ἢδη
2879 3769 2977 3840 τὴν
3007 3768 3267 3840 ἐσχάτην,
3293 3769 3562 3825 τοσούτων
3591 3773 3936 3843 ἀποστρεφο-

2357 3850 2534 3930 μένων
2556 3858 2777 3920 αὑτοὺς,
2813 3857 2907 3910 καὶ
2940 3856 3233 3927 πολεμίους
3265 3857 3604 3929 ἡγουμένων,
3638 3861 3934 3932 ἐπαρωμέο

2355 3969 2480 4014 νων,
2507 3948 2996 4014 καταδικαζόντων.
3024 3950 3086 4003 El
3117 3949 3175 4003 δέ
3203 3951 3305 4004 οὑκ
3329 3950 3674 4007 αἰσθάνονται
3704 3953 3932 4020 τούτων,

2357 4045 2451 4096 καὶ
2473 4043 2559 4096 διά
2585 4042 2744 4096 τοῦτο
2791 4041 3026 4112 μάλιστά
3071 4044 3208 4096 εἰσιν
3246 4043 3504 4109 ἐλεεινοὶ,
3544 4044 3640 4098 καὶ
3681 4045 3936 4116 δακρύων

2355 4133 2517 4199 ἀξιοι,
2547 4135 2798 4206 καθάπερ
2822 4137 2871 4188 οἱ
2903 4135 3166 4205 φρενίτιδι
3196 4136 3549 4207 κατεχόμενοι
3569 4139 3730 4208 νόσῳ,
3749 4138 3937 4193 λακτί-

2358 4226 2540 4290 ζοντες
2571 4227 2670 4298 μέν
2705 4227 2799 4280 καὶ
2839 4225 3092 4290 παίοντες
3126 4227 3252 4289 τοὺς
3296 4225 3655 4292 ἀπαντῶντας
3683 4229 3807 4300 εἰκῆ
3836 4232 3934 4285 καὶ

2358 4318 2554 4388 μάτην,
2587 4317 2846 4380 πολλάκις
2875 4317 2932 4370 δέ
2974 4317 3070 4371 καὶ
3099 4318 3228 4380 τοὺς
3253 4319 3690 4389 εὑηργετηκότας
3719 4321 3814 4375 καὶ
3841 4321 3929 4390 φί-

2354 4406 2500 4468 λους,
2535 4406 2636 4458 οὑκ
2669 4404 3050 4475 αἰσθανόμενοι
3070 4404 3127 4458 δέ
3153 4407 3254 4475 τῆς
3285 4407 3506 4476 μανίας,
3533 4403 3601 4479 ἧς
3626 4410 3928 4480 μαίνονται.

2355 4493 2444 4546 Διὸ
2465 4493 2558 4547 καὶ
2594 4492 2788 4547 ἀνίατα
2817 4491 3100 4557 νοσοῦσιν,
3131 4493 3256 4546 οὒτε
3311 4494 3528 4564 ἰατροὺς
3562 4495 3929 4566 προσιέμενοι,

2354 4581 2476 4634 οὔτε
2515 4582 2824 4652 φαρμάκων
2855 4581 3206 4652 ἀνεχόμενοι,
3256 4583 3390 4637 ἀλλά
3441 4586 3536 4638 καὶ
3583 4585 3710 4648 τοὺς
3763 4587 3929 4659 θερα·⁵

2355 4673 2543 4726 πεύειτν
2594 4673 2691 4726 καὶ
2736 4673 3047 4742 εὐεργετεῖν
3093 4674 3449 4745 βουλομένους
3500 4678 3613 4740 τοῖς
3668 4679 3930 4742 ἐναντίοις

2353 4765 2728 4836 ἀμειϐόμενοι.
2757 4765 2922 4817 Ὥστε
2964 4768 3059 4820 καὶ
3099 4768 3185 4820 διά
3215 4767 3374 4820 τοῦτο
3401 4767 3642 4832 ἐλεεινοὶ,
3668 4770 3722 4822 εί
3750 4787 3812 4838 γε
3853 4770 3928 4841 μὴ

2353 4856 2696 4910 αἰσθάνονται
2728 4857 2826 4927 τῆς
2867 4857 3129 4929 τοσαύτης
3158 4859 3436 4930 πονηρίας.
3461 4860 3524 4914 Εἰ
3567 4861 3624 4914 δέ
3657 4861 3749 4914 καὶ
3792 4861 3929 4933 πρὸς

2351 4949 2448 5020 τὴν
2477 4950 2676 5020 ἐτέρων
2718 4949 3060 5017 κατάγνωσιν
3106 4951 3205 5003 οὑκ
3237 4950 3686 5024 ἐπιστρέφονται,
3716 4951 3812 5005 τοῦ
3850 4955 3930 5006 οἰ-

2356 5040 2501 5094 κείου
2528 5041 2828 5104 συνειδότος
2850 5041 2941 5092 τὸν
2963 5041 3182 5109 ἔλεγχον
3210 5041 3492 5111 ἀμήχανον
3516 5043 3714 5107 αὑτοὺς
3739 5043 3929 5111 διαφυ-

2352 5135 2488 5197 γεῖν,
2510 5133 2599 5184 τὸν
2625 5131 2885 5199 ἀφυκτυν,
2909 5132 3002 5184 τὸν
3027 5132 3343 5197 ἀδέκαστον,
3361 5133 3451 5186 τὸν
3475 5133 3650 5187 οὑδενὶ
3671 5146 3692 5174 ο
3714 5137 3929 5189 εἴκοντα

2353 5223 2522 5292 φόϐῳ,
2555 5223 2644 5276 τὸν
2685 5224 2746 5275 οὑ
2786 5222 3056 5294 κολακείᾳ,
3086 5225 3146 5276 οὑ
3185 5225 3477 5295 χρημάτων
3510 5226 3652 5280 δόσει
3685 5227 3927 5296 διαφθειο

2355 5313 2599 5386 ρόμενον,
2634 5315 2693 5367 οὐ
2724 5314 2898 5384 χρόνῳ
2933 5315 3128 5385 μακρῷ
3153 5316 3567 5386 μαραινόμενον.

2423 5402 2488 5472 β’.
2507 5404 2564 5454 'U
2591 5403 2698 5472 γάρ
2717 5401 2808 5454 τοῦ
2839 5402 3026 5456 Ἰακὼϐ
3049 5403 3182 5466 υίὸς,
3198 5405 3225 5455 ό
3244 5404 3376 5474 πρὸς
3391 5405 3482 5456 τὸν
3503 5405 3715 5476 πατέρα
3734 5405 3923 5472 είπὼν,

2350 5495 2429 5548 ὅτι
2453 5495 2640 5565 θηρίον
2667 5495 2898 5565 πονηρὸν
2927 5495 3200 5563 κατέφαγε
3231 5495 3320 5549 τὸν
3352 5498 3572 5567 Ἰωσὴφ,
3608 5499 3704 5552 καὶ
3731 5499 3794 5552 τὸ
3827 5515 3924 5553 πο-

2348 5585 2515 5656 νηρὸν
2557 5587 2733 5637 ἐκεῖνο
2772 5585 3206 5655 ὑποκρινάμενος
3243 5586 3454 5657 δρᾶμα,
3504 5589 3597 5642 καὶ
3639 5587 3718 5658 τῷ
3757 5605 3925 5662 προσ-

2412 5678 2437 5714 ά
2464 5676 2617 5740 [Idem
2635 5676 2940 5740 ὑψηλοτέρας.

2417 5751 2439 5804 0
2465 5738 2588 5804 'l‘rps
2615 5736 2743 5804 πώς.
2770 5736 2856 5784 τὸν
2891 5739 3117 5804 ἀφυκτον,
3138 5740 3218 5788 τὸν
3253 5739 3537 5802 ἀδέκαστον,
3555 5740 3638 5790 τὸν
3664 5739 3834 5792 mihi.
3857 5736 3923 5792 ίιι

2358 5799 2476 5848 edit.
2499 5800 2579 5847 τὸν
2601 5800 2862 5848 ἀδέκαστον
2885 5799 3043 5850 αὐτοὶ.
