  <div class='ocr_page' id='page_1' title='image "/cluster/home/n/w/nwhite01/storage/ocr_20150623/52/uva.x030486926/222.png"; bbox 0 0 4172 6492; ppageno 0'>
   <div class='ocr_carea' id='block_1_1' title="bbox 287 387 379 446">
    <p class='ocr_par' dir='ltr' id='par_1_1' title="bbox 287 387 379 446">
     <span class='ocr_line' id='line_1_1' title="bbox 287 387 379 446; baseline -0.054 0"><span class='ocrx_word' id='word_1_1' title='bbox 287 387 379 446; x_wconf 80' lang='grc'><strong>601</strong></span> 
     </span>
    </p>
   </div>
   <div class='ocr_carea' id='block_1_2' title="bbox 286 510 1873 591">
    <p class='ocr_par' dir='ltr' id='par_1_2' title="bbox 286 510 1873 591">
     <span class='ocr_line' id='line_1_2' title="bbox 286 510 1873 591; baseline 0.002 -22"><span class='ocrx_word' id='word_1_2' title='bbox 286 510 450 580; x_wconf 84' lang='lat' dir='ltr'><strong>cidit,</strong></span> <span class='ocrx_word' id='word_1_3' title='bbox 496 514 592 571; x_wconf 86' lang='lat' dir='ltr'><strong>sed</strong></span> <span class='ocrx_word' id='word_1_4' title='bbox 617 517 780 574; x_wconf 84' lang='lat' dir='ltr'><strong>etiam</strong></span> <span class='ocrx_word' id='word_1_5' title='bbox 826 519 960 591; x_wconf 90' lang='lat' dir='ltr'><strong>ipsa,</strong></span> <span class='ocrx_word' id='word_1_6' title='bbox 995 535 1063 575; x_wconf 92' lang='lat' dir='ltr'><strong>ne</strong></span> <span class='ocrx_word' id='word_1_7' title='bbox 1109 519 1161 575; x_wconf 89' lang='lat' dir='ltr'><strong>id</strong></span> <span class='ocrx_word' id='word_1_8' title='bbox 1209 519 1326 575; x_wconf 81' lang='lat' dir='ltr'><strong>aliis</strong></span> <span class='ocrx_word' id='word_1_9' title='bbox 1368 516 1550 574; x_wconf 89' lang='lat' dir='ltr'><strong>multis</strong></span> <span class='ocrx_word' id='word_1_10' title='bbox 1588 517 1873 583; x_wconf 86' lang='lat' dir='ltr'><strong>accideret,</strong></span> 
     </span>
    </p>
   </div>
   <div class='ocr_carea' id='block_1_3' title="bbox 287 597 1882 680">
    <p class='ocr_par' dir='ltr' id='par_1_3' title="bbox 287 597 1882 680">
     <span class='ocr_line' id='line_1_3' title="bbox 287 597 1882 680; baseline 0.003 -22"><span class='ocrx_word' id='word_1_11' title='bbox 287 603 633 674; x_wconf 77' lang='lat' dir='ltr'><strong>prohibuisti.</strong></span> <span class='ocrx_word' id='word_1_12' title='bbox 698 609 884 680; x_wconf 77' lang='lat' dir='ltr'><strong>Atque</strong></span> <span class='ocrx_word' id='word_1_13' title='bbox 919 610 996 664; x_wconf 83' lang='lat' dir='ltr'><strong>illi</strong></span> <span class='ocrx_word' id='word_1_14' title='bbox 1040 625 1145 664; x_wconf 91' lang='lat' dir='ltr'><strong>non</strong></span> <span class='ocrx_word' id='word_1_15' title='bbox 1191 597 1347 679; x_wconf 85' lang='lat' dir='ltr'><strong>longe</strong></span> <span class='ocrx_word' id='word_1_16' title='bbox 1403 611 1456 664; x_wconf 93' lang='lat' dir='ltr'><strong>i</strong></span> <span class='ocrx_word' id='word_1_17' title='bbox 1499 608 1882 665; x_wconf 75' lang='lat' dir='ltr'><strong>certaminibus</strong></span> 
     </span>
    </p>
   </div>
   <div class='ocr_carea' id='block_1_4' title="bbox 286 695 1876 771">
    <p class='ocr_par' dir='ltr' id='par_1_4' title="bbox 286 695 1876 771">
     <span class='ocr_line' id='line_1_4' title="bbox 286 695 1876 771; baseline 0.002 -21"><span class='ocrx_word' id='word_1_18' title='bbox 286 695 579 766; x_wconf 75' lang='lat' dir='ltr'><strong>progressi,</strong></span> <span class='ocrx_word' id='word_1_19' title='bbox 610 713 796 753; x_wconf 85' lang='lat' dir='ltr'><strong>verum</strong></span> <span class='ocrx_word' id='word_1_20' title='bbox 826 698 876 752; x_wconf 93' lang='lat' dir='ltr'><strong>in</strong></span> <span class='ocrx_word' id='word_1_21' title='bbox 918 700 1048 769; x_wconf 90' lang='lat' dir='ltr'><strong>ipsis</strong></span> <span class='ocrx_word' id='word_1_22' title='bbox 1075 701 1366 769; x_wconf 62' lang='lat' dir='ltr'><strong>praeludiis,</strong></span> <span class='ocrx_word' id='word_1_23' title='bbox 1394 700 1651 771; x_wconf 81' lang='lat' dir='ltr'><strong>ipsisque,</strong></span> <span class='ocrx_word' id='word_1_24' title='bbox 1702 709 1760 754; x_wconf 89' lang='lat' dir='ltr'><strong>ut</strong></span> <span class='ocrx_word' id='word_1_25' title='bbox 1804 699 1876 754; x_wconf 86' lang='lat' dir='ltr'><strong>ita</strong></span> 
     </span>
    </p>
   </div>
   <div class='ocr_carea' id='block_1_5' title="bbox 282 782 1880 863">
    <p class='ocr_par' dir='ltr' id='par_1_5' title="bbox 282 782 1880 863">
     <span class='ocr_line' id='line_1_5' title="bbox 282 782 1880 863; baseline 0.004 -23"><span class='ocrx_word' id='word_1_26' title='bbox 282 786 482 853; x_wconf 88' lang='lat' dir='ltr'><strong>dicam,</strong></span> <span class='ocrx_word' id='word_1_27' title='bbox 515 790 823 845; x_wconf 76' lang='lat' dir='ltr'><strong>carceribus</strong></span> <span class='ocrx_word' id='word_1_28' title='bbox 849 782 1188 861; x_wconf 81' lang='lat' dir='ltr'><strong>prosilientes</strong></span> <span class='ocrx_word' id='word_1_29' title='bbox 1208 791 1402 863; x_wconf 90' lang='lat' dir='ltr'><strong>dejecti</strong></span> <span class='ocrx_word' id='word_1_30' title='bbox 1428 801 1593 847; x_wconf 88' lang='lat' dir='ltr'><strong>sunt:</strong></span> <span class='ocrx_word' id='word_1_31' title='bbox 1621 800 1677 847; x_wconf 92' lang='lat' dir='ltr'><strong>tu</strong></span> <span class='ocrx_word' id='word_1_32' title='bbox 1704 800 1880 846; x_wconf 90' lang='lat' dir='ltr'><strong>autem</strong></span> 
     </span>
    </p>
   </div>
   <div class='ocr_carea' id='block_1_6' title="bbox 283 884 1882 954">
    <p class='ocr_par' dir='ltr' id='par_1_6' title="bbox 283 884 1882 954">
     <span class='ocr_line' id='line_1_6' title="bbox 283 884 1882 954; baseline 0.004 -21"><span class='ocrx_word' id='word_1_33' title='bbox 283 889 583 935; x_wconf 74' lang='lat' dir='ltr'><strong>extremam</strong></span> <span class='ocrx_word' id='word_1_34' title='bbox 629 892 826 938; x_wconf 88' lang='lat' dir='ltr'><strong>metam</strong></span> <span class='ocrx_word' id='word_1_35' title='bbox 855 885 1151 942; x_wconf 88' lang='lat' dir='ltr'><strong>sexcenties</strong></span> <span class='ocrx_word' id='word_1_36' title='bbox 1194 885 1535 950; x_wconf 87' lang='lat' dir='ltr'><strong>circumiens,</strong></span> <span class='ocrx_word' id='word_1_37' title='bbox 1576 885 1629 940; x_wconf 94' lang='lat' dir='ltr'><strong>in</strong></span> <span class='ocrx_word' id='word_1_38' title='bbox 1658 884 1882 954; x_wconf 82' lang='lat' dir='ltr'><strong>singulis</strong></span> 
     </span>
    </p>
   </div>
   <div class='ocr_carea' id='block_1_7' title="bbox 275 968 1880 1046">
    <p class='ocr_par' dir='ltr' id='par_1_7' title="bbox 275 968 1880 1046">
     <span class='ocr_line' id='line_1_7' title="bbox 275 968 1880 1046; baseline 0.005 -24"><span class='ocrx_word' id='word_1_39' title='bbox 275 968 532 1026; x_wconf 66' lang='lat' dir='ltr'><strong>‘cursibus</strong></span> <span class='ocrx_word' id='word_1_40' title='bbox 560 973 787 1040; x_wconf 82' lang='lat' dir='ltr'><strong>palmam</strong></span> <span class='ocrx_word' id='word_1_41' title='bbox 815 975 1106 1045; x_wconf 88' lang='lat' dir='ltr'><strong>arripuisti,</strong></span> <span class='ocrx_word' id='word_1_42' title='bbox 1137 976 1321 1032; x_wconf 87' lang='lat' dir='ltr'><strong>multis</strong></span> <span class='ocrx_word' id='word_1_43' title='bbox 1343 977 1610 1046; x_wconf 87' lang='lat' dir='ltr'><strong>variisque</strong></span> <span class='ocrx_word' id='word_1_44' title='bbox 1627 977 1880 1031; x_wconf 87' lang='lat' dir='ltr'><strong>certami-</strong></span> 
     </span>
    </p>
   </div>
   <div class='ocr_carea' id='block_1_8' title="bbox 281 1064 1878 1139">
    <p class='ocr_par' dir='ltr' id='par_1_8' title="bbox 281 1064 1878 1139">
     <span class='ocr_line' id='line_1_8' title="bbox 281 1064 1878 1139; baseline 0.005 -26"><span class='ocrx_word' id='word_1_45' title='bbox 281 1076 414 1114; x_wconf 89' lang='lat' dir='ltr'><strong>num</strong></span> <span class='ocrx_word' id='word_1_46' title='bbox 444 1064 732 1133; x_wconf 74' lang='lat' dir='ltr'><strong>generibus</strong></span> <span class='ocrx_word' id='word_1_47' title='bbox 758 1066 945 1134; x_wconf 82' lang='lat' dir='ltr'><strong>editis;</strong></span> <span class='ocrx_word' id='word_1_48' title='bbox 974 1077 1029 1123; x_wconf 92' lang='lat' dir='ltr'><strong>et</strong></span> <span class='ocrx_word' id='word_1_49' title='bbox 1053 1070 1249 1124; x_wconf 90' lang='lat' dir='ltr'><strong>merito</strong></span> <span class='ocrx_word' id='word_1_50' title='bbox 1263 1069 1502 1139; x_wconf 88' lang='lat' dir='ltr'><strong>quidem.</strong></span> <span class='ocrx_word' id='word_1_51' title='bbox 1527 1067 1712 1138; x_wconf 87' lang='lat' dir='ltr'><strong>Neque</strong></span> <span class='ocrx_word' id='word_1_52' title='bbox 1735 1072 1878 1123; x_wconf 91' lang='lat' dir='ltr'><strong>enim</strong></span> 
     </span>
    </p>
   </div>
   <div class='ocr_carea' id='block_1_9' title="bbox 279 1149 1882 1227">
    <p class='ocr_par' dir='ltr' id='par_1_9' title="bbox 279 1149 1882 1227">
     <span class='ocr_line' id='line_1_9' title="bbox 279 1149 1882 1227; baseline 0.005 -23"><span class='ocrx_word' id='word_1_53' title='bbox 279 1149 335 1204; x_wconf 90' lang='lat' dir='ltr'><strong>iu</strong></span> <span class='ocrx_word' id='word_1_54' title='bbox 368 1162 548 1216; x_wconf 73' lang='lat' dir='ltr'><strong>mtate.</strong></span> <span class='ocrx_word' id='word_1_55' title='bbox 582 1167 681 1210; x_wconf 87' lang='lat' dir='ltr'><strong>nec</strong></span> <span class='ocrx_word' id='word_1_56' title='bbox 700 1156 754 1210; x_wconf 89' lang='lat' dir='ltr'><strong>in</strong></span> <span class='ocrx_word' id='word_1_57' title='bbox 783 1172 1030 1227; x_wconf 90' lang='lat' dir='ltr'><strong>corpore,</strong></span> <span class='ocrx_word' id='word_1_58' title='bbox 1067 1159 1161 1214; x_wconf 86' lang='lat' dir='ltr'><strong>sed</strong></span> <span class='ocrx_word' id='word_1_59' title='bbox 1188 1160 1242 1214; x_wconf 91' lang='lat' dir='ltr'><strong>in</strong></span> <span class='ocrx_word' id='word_1_60' title='bbox 1267 1162 1448 1217; x_wconf 87' lang='lat' dir='ltr'><strong>animo</strong></span> <span class='ocrx_word' id='word_1_61' title='bbox 1469 1161 1587 1216; x_wconf 89' lang='lat' dir='ltr'><strong>solo</strong></span> <span class='ocrx_word' id='word_1_62' title='bbox 1613 1168 1669 1216; x_wconf 88' lang='lat' dir='ltr'><strong>et</strong></span> <span class='ocrx_word' id='word_1_63' title='bbox 1691 1161 1882 1216; x_wconf 87' lang='lat' dir='ltr'><strong>volun-</strong></span> 
     </span>
    </p>
   </div>
   <div class='ocr_carea' id='block_1_10' title="bbox 279 1244 1878 1308">
    <p class='ocr_par' dir='ltr' id='par_1_10' title="bbox 279 1244 1878 1308">
     <span class='ocr_line' id='line_1_10' title="bbox 279 1244 1878 1308; baseline 0.005 -12"><span class='ocrx_word' id='word_1_64' title='bbox 279 1249 394 1298; x_wconf 84' lang='lat' dir='ltr'><strong>tate</strong></span> <span class='ocrx_word' id='word_1_65' title='bbox 420 1244 630 1300; x_wconf 86' lang='lat' dir='ltr'><strong>virtutis</strong></span> <span class='ocrx_word' id='word_1_66' title='bbox 645 1249 935 1302; x_wconf 82' lang='lat' dir='ltr'><strong>certamina</strong></span> <span class='ocrx_word' id='word_1_67' title='bbox 982 1251 1269 1306; x_wconf 87' lang='lat' dir='ltr'><strong>constituta</strong></span> <span class='ocrx_word' id='word_1_68' title='bbox 1310 1261 1454 1306; x_wconf 87' lang='lat' dir='ltr'><strong>sunt.</strong></span> <span class='ocrx_word' id='word_1_69' title='bbox 1488 1250 1577 1308; x_wconf 87' lang='lat' dir='ltr'><strong>Sic</strong></span> <span class='ocrx_word' id='word_1_70' title='bbox 1614 1261 1669 1306; x_wconf 92' lang='lat' dir='ltr'><strong>et</strong></span> <span class='ocrx_word' id='word_1_71' title='bbox 1722 1251 1878 1306; x_wconf 82' lang='lat' dir='ltr'><strong>femi-</strong></span> 
     </span>
    </p>
   </div>
   <div class='ocr_carea' id='block_1_11' title="bbox 277 1340 1880 1413">
    <p class='ocr_par' dir='ltr' id='par_1_11' title="bbox 277 1340 1880 1413">
     <span class='ocr_line' id='line_1_11' title="bbox 277 1340 1880 1413; baseline 0.006 -26"><span class='ocrx_word' id='word_1_72' title='bbox 277 1347 369 1388; x_wconf 76' lang='lat' dir='ltr'><strong>na:</strong></span> <span class='ocrx_word' id='word_1_73' title='bbox 389 1351 644 1394; x_wconf 85' lang='lat' dir='ltr'><strong>coronam</strong></span> <span class='ocrx_word' id='word_1_74' title='bbox 675 1340 1052 1406; x_wconf 86' lang='lat' dir='ltr'><strong>obtinuerunt,</strong></span> <span class='ocrx_word' id='word_1_75' title='bbox 1086 1351 1141 1397; x_wconf 88' lang='lat' dir='ltr'><strong>et</strong></span> <span class='ocrx_word' id='word_1_76' title='bbox 1172 1344 1271 1398; x_wconf 90' lang='lat' dir='ltr'><strong>viri</strong></span> <span class='ocrx_word' id='word_1_77' title='bbox 1313 1345 1564 1413; x_wconf 83' lang='lat' dir='ltr'><strong>prostrati</strong></span> <span class='ocrx_word' id='word_1_78' title='bbox 1591 1352 1720 1398; x_wconf 86' lang='lat' dir='ltr'><strong>sunt</strong></span> <span class='ocrx_word' id='word_1_79' title='bbox 1761 1361 1774 1399; x_wconf 90' lang='lat'><strong>:</strong></span> <span class='ocrx_word' id='word_1_80' title='bbox 1803 1345 1880 1397; x_wconf 86' lang='lat' dir='ltr'><strong>sic</strong></span> 
     </span>
    </p>
   </div>
   <div class='ocr_carea' id='block_1_12' title="bbox 274 1429 1880 1505">
    <p class='ocr_par' dir='ltr' id='par_1_12' title="bbox 274 1429 1880 1505">
     <span class='ocr_line' id='line_1_12' title="bbox 274 1429 1880 1505; baseline 0.006 -26"><span class='ocrx_word' id='word_1_81' title='bbox 274 1433 337 1479; x_wconf 84' lang='lat' dir='ltr'><strong>et</strong></span> <span class='ocrx_word' id='word_1_82' title='bbox 393 1429 542 1496; x_wconf 84' lang='lat' dir='ltr'><strong>pueri</strong></span> <span class='ocrx_word' id='word_1_83' title='bbox 589 1430 840 1485; x_wconf 90' lang='lat' dir='ltr'><strong>celebrati</strong></span> <span class='ocrx_word' id='word_1_84' title='bbox 893 1442 1039 1498; x_wconf 86' lang='lat' dir='ltr'><strong>sunt,</strong></span> <span class='ocrx_word' id='word_1_85' title='bbox 1094 1442 1150 1487; x_wconf 90' lang='lat' dir='ltr'><strong>et</strong></span> <span class='ocrx_word' id='word_1_86' title='bbox 1175 1449 1333 1490; x_wconf 89' lang='lat' dir='ltr'><strong>senes</strong></span> <span class='ocrx_word' id='word_1_87' title='bbox 1361 1434 1565 1505; x_wconf 89' lang='lat' dir='ltr'><strong>pudore</strong></span> <span class='ocrx_word' id='word_1_88' title='bbox 1609 1443 1769 1503; x_wconf 89' lang='lat' dir='ltr'><strong>atque</strong></span> <span class='ocrx_word' id='word_1_89' title='bbox 1794 1433 1880 1502; x_wconf 21' lang='lat' dir='ltr'><strong>vig-</strong></span> 
     </span>
    </p>
   </div>
   <div class='ocr_carea' id='block_1_13' title="bbox 276 1518 1880 1594">
    <p class='ocr_par' dir='ltr' id='par_1_13' title="bbox 276 1518 1880 1594">
     <span class='ocr_line' id='line_1_13' title="bbox 276 1518 1880 1594; baseline 0.006 -26"><span class='ocrx_word' id='word_1_90' title='bbox 276 1518 517 1571; x_wconf 76' lang='lat' dir='ltr'><strong>nominis</strong></span> <span class='ocrx_word' id='word_1_91' title='bbox 560 1519 767 1575; x_wconf 84' lang='lat' dir='ltr'><strong>suﬂ‘usi.</strong></span> <span class='ocrx_word' id='word_1_92' title='bbox 817 1521 1041 1591; x_wconf 82' lang='lat' dir='ltr'><strong>Semper</strong></span> <span class='ocrx_word' id='word_1_93' title='bbox 1069 1524 1283 1593; x_wconf 84' lang='lat' dir='ltr'><strong>quidem</strong></span> <span class='ocrx_word' id='word_1_94' title='bbox 1337 1524 1589 1580; x_wconf 86' lang='lat' dir='ltr'><strong>admirari</strong></span> <span class='ocrx_word' id='word_1_95' title='bbox 1641 1535 1738 1594; x_wconf 89' lang='lat' dir='ltr'><strong>par</strong></span> <span class='ocrx_word' id='word_1_96' title='bbox 1796 1533 1880 1578; x_wconf 86' lang='lat' dir='ltr'><strong>est</strong></span> 
     </span>
    </p>
   </div>
   <div class='ocr_carea' id='block_1_14' title="bbox 272 1611 1878 1683">
    <p class='ocr_par' dir='ltr' id='par_1_14' title="bbox 272 1611 1878 1683">
     <span class='ocr_line' id='line_1_14' title="bbox 272 1611 1878 1683; baseline 0.006 -21"><span class='ocrx_word' id='word_1_97' title='bbox 272 1620 378 1662; x_wconf 76' lang='lat' dir='ltr'><strong>eos</strong></span> <span class='ocrx_word' id='word_1_98' title='bbox 429 1611 516 1678; x_wconf 88' lang='lat' dir='ltr'><strong>qui</strong></span> <span class='ocrx_word' id='word_1_99' title='bbox 567 1613 774 1666; x_wconf 85' lang='lat' dir='ltr'><strong>virtutis</strong></span> <span class='ocrx_word' id='word_1_100' title='bbox 829 1615 1064 1668; x_wconf 84' lang='lat' dir='ltr'><strong>studium</strong></span> <span class='ocrx_word' id='word_1_101' title='bbox 1119 1625 1530 1683; x_wconf 84' lang='lat' dir='ltr'><strong>consectantur,</strong></span> <span class='ocrx_word' id='word_1_102' title='bbox 1584 1625 1696 1671; x_wconf 92' lang='lat' dir='ltr'><strong>tum</strong></span> <span class='ocrx_word' id='word_1_103' title='bbox 1751 1631 1878 1671; x_wconf 86' lang='lat' dir='ltr'><strong>vero</strong></span> 
     </span>
    </p>
   </div>
   <div class='ocr_carea' id='block_1_15' title="bbox 276 1701 1885 1780">
    <p class='ocr_par' dir='ltr' id='par_1_15' title="bbox 276 1701 1885 1780">
     <span class='ocr_line' id='line_1_15' title="bbox 276 1701 1885 1780; baseline 0.008 -27"><span class='ocrx_word' id='word_1_104' title='bbox 276 1701 550 1770; x_wconf 58' lang='lat' dir='ltr'><strong>pra‘cipue</strong></span> <span class='ocrx_word' id='word_1_105' title='bbox 571 1744 586 1764; x_wconf 86' lang='lat'><strong>,</strong></span> <span class='ocrx_word' id='word_1_106' title='bbox 616 1719 737 1758; x_wconf 80' lang='lat' dir='ltr'><strong>cum</strong></span> <span class='ocrx_word' id='word_1_107' title='bbox 782 1707 962 1760; x_wconf 87' lang='lat' dir='ltr'><strong>multis</strong></span> <span class='ocrx_word' id='word_1_108' title='bbox 986 1722 1104 1762; x_wconf 92' lang='lat' dir='ltr'><strong>eam</strong></span> <span class='ocrx_word' id='word_1_109' title='bbox 1133 1706 1506 1764; x_wconf 86' lang='lat' dir='ltr'><strong>deserentibus</strong></span> <span class='ocrx_word' id='word_1_110' title='bbox 1559 1709 1773 1780; x_wconf 92' lang='lat' dir='ltr'><strong>quidam</strong></span> <span class='ocrx_word' id='word_1_111' title='bbox 1798 1725 1885 1766; x_wconf 56' lang='lat' dir='ltr'><strong>res</strong></span> 
     </span>
    </p>
   </div>
   <div class='ocr_carea' id='block_1_16' title="bbox 275 1791 1878 1871">
    <p class='ocr_par' dir='ltr' id='par_1_16' title="bbox 275 1791 1878 1871">
     <span class='ocr_line' id='line_1_16' title="bbox 275 1791 1878 1871; baseline 0.009 -29"><span class='ocrx_word' id='word_1_112' title='bbox 275 1791 562 1858; x_wconf 85' lang='lat' dir='ltr'><strong>periuutur</strong></span> <span class='ocrx_word' id='word_1_113' title='bbox 611 1796 698 1864; x_wconf 88' lang='lat' dir='ltr'><strong>qui</strong></span> <span class='ocrx_word' id='word_1_114' title='bbox 748 1811 865 1851; x_wconf 89' lang='lat' dir='ltr'><strong>eam</strong></span> <span class='ocrx_word' id='word_1_115' title='bbox 912 1798 1354 1868; x_wconf 84' lang='lat' dir='ltr'><strong>complectantur.</strong></span> <span class='ocrx_word' id='word_1_116' title='bbox 1409 1799 1522 1855; x_wconf 77' lang='lat' dir='ltr'><strong>Hoc</strong></span> <span class='ocrx_word' id='word_1_117' title='bbox 1565 1800 1726 1871; x_wconf 77' lang='lat' dir='ltr'><strong>igitur</strong></span> <span class='ocrx_word' id='word_1_118' title='bbox 1772 1816 1878 1857; x_wconf 81' lang='lat' dir='ltr'><strong>no-</strong></span> 
     </span>
    </p>
   </div>
   <div class='ocr_carea' id='block_1_17' title="bbox 271 1882 1873 1961">
    <p class='ocr_par' dir='ltr' id='par_1_17' title="bbox 271 1882 1873 1961">
     <span class='ocr_line' id='line_1_17' title="bbox 271 1882 1873 1961; baseline 0.009 -27"><span class='ocrx_word' id='word_1_119' title='bbox 271 1882 424 1935; x_wconf 84' lang='lat' dir='ltr'><strong>tuine</strong></span> <span class='ocrx_word' id='word_1_120' title='bbox 475 1893 526 1937; x_wconf 91' lang='lat' dir='ltr'><strong>te</strong></span> <span class='ocrx_word' id='word_1_121' title='bbox 555 1898 766 1955; x_wconf 86' lang='lat' dir='ltr'><strong>quoque</strong></span> <span class='ocrx_word' id='word_1_122' title='bbox 795 1902 1137 1959; x_wconf 85' lang='lat' dir='ltr'><strong>summopere</strong></span> <span class='ocrx_word' id='word_1_123' title='bbox 1177 1890 1432 1946; x_wconf 89' lang='lat' dir='ltr'><strong>admirari</strong></span> <span class='ocrx_word' id='word_1_124' title='bbox 1483 1906 1546 1946; x_wconf 90' lang='lat' dir='ltr'><strong>ac</strong></span> <span class='ocrx_word' id='word_1_125' title='bbox 1604 1893 1873 1961; x_wconf 88' lang='lat' dir='ltr'><strong>suspicere</strong></span> 
     </span>
    </p>
   </div>
   <div class='ocr_carea' id='block_1_18' title="bbox 269 1975 1873 2050">
    <p class='ocr_par' dir='ltr' id='par_1_18' title="bbox 269 1975 1873 2050">
     <span class='ocr_line' id='line_1_18' title="bbox 269 1975 1873 2050; baseline 0.008 -24"><span class='ocrx_word' id='word_1_126' title='bbox 269 1975 552 2041; x_wconf 73' lang='lat' dir='ltr'><strong>Convenit,</strong></span> <span class='ocrx_word' id='word_1_127' title='bbox 583 1978 723 2047; x_wconf 85' lang='lat' dir='ltr'><strong>quod</strong></span> <span class='ocrx_word' id='word_1_128' title='bbox 753 1993 874 2034; x_wconf 90' lang='lat' dir='ltr'><strong>cum</strong></span> <span class='ocrx_word' id='word_1_129' title='bbox 897 1989 976 2035; x_wconf 91' lang='lat' dir='ltr'><strong>tot</strong></span> <span class='ocrx_word' id='word_1_130' title='bbox 1014 1982 1132 2047; x_wconf 89' lang='lat' dir='ltr'><strong>viri,</strong></span> <span class='ocrx_word' id='word_1_131' title='bbox 1187 1991 1264 2038; x_wconf 91' lang='lat' dir='ltr'><strong>tot</strong></span> <span class='ocrx_word' id='word_1_132' title='bbox 1293 1982 1522 2047; x_wconf 66' lang='lat' dir='ltr'><strong>feminae,</strong></span> <span class='ocrx_word' id='word_1_133' title='bbox 1581 1993 1658 2038; x_wconf 91' lang='lat' dir='ltr'><strong>tot</strong></span> <span class='ocrx_word' id='word_1_134' title='bbox 1694 1998 1873 2050; x_wconf 82' lang='lat' dir='ltr'><strong>senes,</strong></span> 
     </span>
    </p>
   </div>
   <div class='ocr_carea' id='block_1_19' title="bbox 272 2064 1871 2142">
    <p class='ocr_par' dir='ltr' id='par_1_19' title="bbox 272 2064 1871 2142">
     <span class='ocr_line' id='line_1_19' title="bbox 272 2064 1871 2142; baseline 0.01 -28"><span class='ocrx_word' id='word_1_135' title='bbox 272 2064 370 2133; x_wconf 89' lang='lat' dir='ltr'><strong>qui</strong></span> <span class='ocrx_word' id='word_1_136' title='bbox 420 2068 649 2122; x_wconf 79' lang='lat' dir='ltr'><strong>maxime</strong></span> <span class='ocrx_word' id='word_1_137' title='bbox 691 2070 902 2126; x_wconf 89' lang='lat' dir='ltr'><strong>virtutis</strong></span> <span class='ocrx_word' id='word_1_138' title='bbox 957 2073 1350 2129; x_wconf 81' lang='lat' dir='ltr'><strong>existimatione</strong></span> <span class='ocrx_word' id='word_1_139' title='bbox 1395 2074 1698 2142; x_wconf 89' lang='lat' dir='ltr'><strong>ﬂorebant,</strong></span> <span class='ocrx_word' id='word_1_140' title='bbox 1766 2085 1871 2132; x_wconf 89' lang='lat' dir='ltr'><strong>ter-</strong></span> 
     </span>
    </p>
   </div>
   <div class='ocr_carea' id='block_1_20' title="bbox 269 2159 1872 2238">
    <p class='ocr_par' dir='ltr' id='par_1_20' title="bbox 269 2159 1872 2238">
     <span class='ocr_line' id='line_1_20' title="bbox 269 2159 1872 2238; baseline 0.01 -32"><span class='ocrx_word' id='word_1_141' title='bbox 269 2169 346 2221; x_wconf 82' lang='lat' dir='ltr'><strong>ga</strong></span> <span class='ocrx_word' id='word_1_142' title='bbox 383 2159 676 2224; x_wconf 81' lang='lat' dir='ltr'><strong>verterint,</strong></span> <span class='ocrx_word' id='word_1_143' title='bbox 725 2170 885 2231; x_wconf 90' lang='lat' dir='ltr'><strong>atque</strong></span> <span class='ocrx_word' id='word_1_144' title='bbox 937 2174 1063 2220; x_wconf 86' lang='lat' dir='ltr'><strong>ante</strong></span> <span class='ocrx_word' id='word_1_145' title='bbox 1105 2167 1346 2220; x_wconf 93' lang='lat' dir='ltr'><strong>omnium</strong></span> <span class='ocrx_word' id='word_1_146' title='bbox 1384 2167 1568 2221; x_wconf 91' lang='lat' dir='ltr'><strong>oculos</strong></span> <span class='ocrx_word' id='word_1_147' title='bbox 1620 2169 1872 2238; x_wconf 86' lang='lat' dir='ltr'><strong>prostrati</strong></span> 
     </span>
    </p>
   </div>
   <div class='ocr_carea' id='block_1_21' title="bbox 266 2243 1871 2326">
    <p class='ocr_par' dir='ltr' id='par_1_21' title="bbox 266 2243 1871 2326">
     <span class='ocr_line' id='line_1_21' title="bbox 266 2243 1871 2326; baseline 0.01 -27"><span class='ocrx_word' id='word_1_148' title='bbox 266 2243 509 2312; x_wconf 70' lang='lat' dir='ltr'><strong>iaceant,</strong></span> <span class='ocrx_word' id='word_1_149' title='bbox 535 2264 640 2303; x_wconf 91' lang='lat' dir='ltr'><strong>non</strong></span> <span class='ocrx_word' id='word_1_150' title='bbox 669 2264 734 2306; x_wconf 80' lang='lat' dir='ltr'><strong>ex</strong></span> <span class='ocrx_word' id='word_1_151' title='bbox 765 2253 962 2323; x_wconf 76' lang='lat' dir='ltr'><strong>ingenti</strong></span> <span class='ocrx_word' id='word_1_152' title='bbox 993 2254 1116 2310; x_wconf 89' lang='lat' dir='ltr'><strong>belli</strong></span> <span class='ocrx_word' id='word_1_153' title='bbox 1145 2258 1362 2326; x_wconf 87' lang='lat' dir='ltr'><strong>impetu,</strong></span> <span class='ocrx_word' id='word_1_154' title='bbox 1394 2266 1487 2312; x_wconf 87' lang='lat' dir='ltr'><strong>aut</strong></span> <span class='ocrx_word' id='word_1_155' title='bbox 1506 2260 1614 2312; x_wconf 88' lang='lat' dir='ltr'><strong>acri</strong></span> <span class='ocrx_word' id='word_1_156' title='bbox 1638 2259 1871 2314; x_wconf 89' lang='lat' dir='ltr'><strong>hostium</strong></span> 
     </span>
    </p>
   </div>
   <div class='ocr_carea' id='block_1_22' title="bbox 269 2340 1874 2420">
    <p class='ocr_par' dir='ltr' id='par_1_22' title="bbox 269 2340 1874 2420">
     <span class='ocr_line' id='line_1_22' title="bbox 269 2340 1874 2420; baseline 0.009 -28"><span class='ocrx_word' id='word_1_157' title='bbox 269 2340 529 2396; x_wconf 86' lang='lat' dir='ltr'><strong>conﬂictu</strong></span> <span class='ocrx_word' id='word_1_158' title='bbox 549 2384 562 2405; x_wconf 92' lang='lat'><strong>,</strong></span> <span class='ocrx_word' id='word_1_159' title='bbox 591 2344 686 2398; x_wconf 89' lang='lat' dir='ltr'><strong>sed</strong></span> <span class='ocrx_word' id='word_1_160' title='bbox 730 2354 853 2402; x_wconf 89' lang='lat' dir='ltr'><strong>ante</strong></span> <span class='ocrx_word' id='word_1_161' title='bbox 877 2363 1104 2418; x_wconf 83' lang='lat' dir='ltr'><strong>pugnam</strong></span> <span class='ocrx_word' id='word_1_162' title='bbox 1132 2350 1400 2420; x_wconf 86' lang='lat' dir='ltr'><strong>prolapsi,</strong></span> <span class='ocrx_word' id='word_1_163' title='bbox 1428 2361 1552 2405; x_wconf 85' lang='lat' dir='ltr'><strong>ante</strong></span> <span class='ocrx_word' id='word_1_164' title='bbox 1573 2351 1874 2407; x_wconf 84' lang='lat' dir='ltr'><strong>dimicatio-</strong></span> 
     </span>
    </p>
   </div>
   <div class='ocr_carea' id='block_1_23' title="bbox 277 2437 1872 2515">
    <p class='ocr_par' dir='ltr' id='par_1_23' title="bbox 277 2437 1872 2515">
     <span class='ocr_line' id='line_1_23' title="bbox 277 2437 1872 2515; baseline 0.009 -29"><span class='ocrx_word' id='word_1_165' title='bbox 277 2447 407 2487; x_wconf 85' lang='lat' dir='ltr'><strong>nem</strong></span> <span class='ocrx_word' id='word_1_166' title='bbox 435 2437 559 2490; x_wconf 89' lang='lat' dir='ltr'><strong>victi</strong></span> <span class='ocrx_word' id='word_1_167' title='bbox 590 2452 652 2490; x_wconf 89' lang='lat' dir='ltr'><strong>ac</strong></span> <span class='ocrx_word' id='word_1_168' title='bbox 682 2441 976 2510; x_wconf 89' lang='lat' dir='ltr'><strong>proﬂigati;</strong></span> <span class='ocrx_word' id='word_1_169' title='bbox 1005 2452 1059 2496; x_wconf 92' lang='lat' dir='ltr'><strong>tu</strong></span> <span class='ocrx_word' id='word_1_170' title='bbox 1093 2453 1279 2498; x_wconf 81' lang='lat' dir='ltr'><strong>contra</strong></span> <span class='ocrx_word' id='word_1_171' title='bbox 1307 2453 1426 2514; x_wconf 85' lang='lat' dir='ltr'><strong>post</strong></span> <span class='ocrx_word' id='word_1_172' title='bbox 1467 2454 1542 2500; x_wconf 92' lang='lat' dir='ltr'><strong>tot</strong></span> <span class='ocrx_word' id='word_1_173' title='bbox 1572 2459 1774 2515; x_wconf 87' lang='lat' dir='ltr'><strong>pugnas</strong></span> <span class='ocrx_word' id='word_1_174' title='bbox 1819 2455 1872 2500; x_wconf 89' lang='lat' dir='ltr'><strong>et</strong></span> 
     </span>
    </p>
   </div>
   <div class='ocr_carea' id='block_1_24' title="bbox 269 2523 1872 2602">
    <p class='ocr_par' dir='ltr' id='par_1_24' title="bbox 269 2523 1872 2602">
     <span class='ocr_line' id='line_1_24' title="bbox 269 2523 1872 2602; baseline 0.009 -27"><span class='ocrx_word' id='word_1_175' title='bbox 269 2523 560 2581; x_wconf 77' lang='lat' dir='ltr'><strong>conﬂictus</strong></span> <span class='ocrx_word' id='word_1_176' title='bbox 589 2543 696 2582; x_wconf 89' lang='lat' dir='ltr'><strong>non</strong></span> <span class='ocrx_word' id='word_1_177' title='bbox 744 2532 907 2586; x_wconf 91' lang='lat' dir='ltr'><strong>modo</strong></span> <span class='ocrx_word' id='word_1_178' title='bbox 956 2534 1218 2588; x_wconf 88' lang='lat' dir='ltr'><strong>malorum</strong></span> <span class='ocrx_word' id='word_1_179' title='bbox 1271 2536 1482 2602; x_wconf 87' lang='lat' dir='ltr'><strong>agmine</strong></span> <span class='ocrx_word' id='word_1_180' title='bbox 1535 2535 1700 2589; x_wconf 80' lang='lat' dir='ltr'><strong>fracta</strong></span> <span class='ocrx_word' id='word_1_181' title='bbox 1751 2551 1872 2590; x_wconf 85' lang='lat' dir='ltr'><strong>con-</strong></span> 
     </span>
    </p>
   </div>
   <div class='ocr_carea' id='block_1_25' title="bbox 271 2614 1869 2696">
    <p class='ocr_par' dir='ltr' id='par_1_25' title="bbox 271 2614 1869 2696">
     <span class='ocr_line' id='line_1_25' title="bbox 271 2614 1869 2696; baseline 0.009 -28"><span class='ocrx_word' id='word_1_182' title='bbox 271 2614 522 2686; x_wconf 74' lang='lat' dir='ltr'><strong>fectaque</strong></span> <span class='ocrx_word' id='word_1_183' title='bbox 561 2635 664 2673; x_wconf 89' lang='lat' dir='ltr'><strong>non</strong></span> <span class='ocrx_word' id='word_1_184' title='bbox 715 2637 810 2689; x_wconf 86' lang='lat' dir='ltr'><strong>es,</strong></span> <span class='ocrx_word' id='word_1_185' title='bbox 865 2624 959 2678; x_wconf 91' lang='lat' dir='ltr'><strong>sed</strong></span> <span class='ocrx_word' id='word_1_186' title='bbox 1013 2625 1175 2680; x_wconf 84' lang='lat' dir='ltr'><strong>etiam</strong></span> <span class='ocrx_word' id='word_1_187' title='bbox 1231 2627 1487 2696; x_wconf 85' lang='lat' dir='ltr'><strong>majorem</strong></span> <span class='ocrx_word' id='word_1_188' title='bbox 1535 2628 1659 2683; x_wconf 92' lang='lat' dir='ltr'><strong>inde</strong></span> <span class='ocrx_word' id='word_1_189' title='bbox 1707 2629 1869 2683; x_wconf 84' lang='lat' dir='ltr'><strong>animi</strong></span> 
     </span>
    </p>
   </div>
   <div class='ocr_carea' id='block_1_26' title="bbox 270 2708 1870 2784">
    <p class='ocr_par' dir='ltr' id='par_1_26' title="bbox 270 2708 1870 2784">
     <span class='ocr_line' id='line_1_26' title="bbox 270 2708 1870 2784; baseline 0.011 -24"><span class='ocrx_word' id='word_1_190' title='bbox 270 2708 512 2777; x_wconf 76' lang='lat' dir='ltr'><strong>vigorem</strong></span> <span class='ocrx_word' id='word_1_191' title='bbox 532 2713 815 2784; x_wconf 83' lang='lat' dir='ltr'><strong>collegisti,</strong></span> <span class='ocrx_word' id='word_1_192' title='bbox 837 2732 899 2770; x_wconf 88' lang='lat' dir='ltr'><strong>ac</strong></span> <span class='ocrx_word' id='word_1_193' title='bbox 924 2720 1276 2774; x_wconf 87' lang='lat' dir='ltr'><strong>certaminum</strong></span> <span class='ocrx_word' id='word_1_194' title='bbox 1299 2722 1689 2776; x_wconf 79' lang='lat' dir='ltr'><strong>incrementum</strong></span> <span class='ocrx_word' id='word_1_195' title='bbox 1711 2723 1870 2778; x_wconf 85' lang='lat' dir='ltr'><strong>robo-</strong></span> 
     </span>
    </p>
   </div>
   <div class='ocr_carea' id='block_1_27' title="bbox 270 2799 1866 2878">
    <p class='ocr_par' dir='ltr' id='par_1_27' title="bbox 270 2799 1866 2878">
     <span class='ocr_line' id='line_1_27' title="bbox 270 2799 1866 2878; baseline 0.011 -28"><span class='ocrx_word' id='word_1_196' title='bbox 270 2799 352 2852; x_wconf 86' lang='lat' dir='ltr'><strong>ris</strong></span> <span class='ocrx_word' id='word_1_197' title='bbox 399 2804 761 2858; x_wconf 84' lang='lat' dir='ltr'><strong>accessionem</strong></span> <span class='ocrx_word' id='word_1_198' title='bbox 814 2806 906 2860; x_wconf 89' lang='lat' dir='ltr'><strong>tibi</strong></span> <span class='ocrx_word' id='word_1_199' title='bbox 951 2807 1126 2862; x_wconf 79' lang='lat' dir='ltr'><strong>aﬂ’ert.</strong></span> <span class='ocrx_word' id='word_1_200' title='bbox 1169 2810 1378 2864; x_wconf 87' lang='lat' dir='ltr'><strong>Etenim</strong></span> <span class='ocrx_word' id='word_1_201' title='bbox 1433 2825 1610 2866; x_wconf 90' lang='lat' dir='ltr'><strong>rerum</strong></span> <span class='ocrx_word' id='word_1_202' title='bbox 1661 2827 1866 2878; x_wconf 82' lang='lat' dir='ltr'><strong>earum,</strong></span> 
     </span>
    </p>
   </div>
   <div class='ocr_carea' id='block_1_28' title="bbox 269 2893 1868 2970">
    <p class='ocr_par' dir='ltr' id='par_1_28' title="bbox 269 2893 1868 2970">
     <span class='ocr_line' id='line_1_28' title="bbox 269 2893 1868 2970; baseline 0.011 -26"><span class='ocrx_word' id='word_1_203' title='bbox 269 2908 410 2961; x_wconf 86' lang='lat' dir='ltr'><strong>quas</strong></span> <span class='ocrx_word' id='word_1_204' title='bbox 433 2893 541 2962; x_wconf 90' lang='lat' dir='ltr'><strong>jam</strong></span> <span class='ocrx_word' id='word_1_205' title='bbox 573 2913 691 2950; x_wconf 92' lang='lat' dir='ltr'><strong>cum</strong></span> <span class='ocrx_word' id='word_1_206' title='bbox 723 2899 879 2954; x_wconf 87' lang='lat' dir='ltr'><strong>laude</strong></span> <span class='ocrx_word' id='word_1_207' title='bbox 903 2903 1140 2970; x_wconf 77' lang='lat' dir='ltr'><strong>gessisti,</strong></span> <span class='ocrx_word' id='word_1_208' title='bbox 1175 2905 1491 2959; x_wconf 84' lang='lat' dir='ltr'><strong>memoriam</strong></span> <span class='ocrx_word' id='word_1_209' title='bbox 1536 2915 1644 2959; x_wconf 92' lang='lat' dir='ltr'><strong>tum</strong></span> <span class='ocrx_word' id='word_1_210' title='bbox 1668 2906 1868 2962; x_wconf 63' lang='lat' dir='ltr'><strong>laetitia:</strong></span> 
     </span>
    </p>
   </div>
   <div class='ocr_carea' id='block_1_29' title="bbox 267 2987 1868 3070">
    <p class='ocr_par' dir='ltr' id='par_1_29' title="bbox 267 2987 1868 3070">
     <span class='ocr_line' id='line_1_29' title="bbox 267 2987 1868 3070; baseline 0.01 -33"><span class='ocrx_word' id='word_1_211' title='bbox 267 2998 337 3038; x_wconf 81' lang='lat' dir='ltr'><strong>ac</strong></span> <span class='ocrx_word' id='word_1_212' title='bbox 368 2987 674 3058; x_wconf 85' lang='lat' dir='ltr'><strong>voluptatis,</strong></span> <span class='ocrx_word' id='word_1_213' title='bbox 705 3002 814 3046; x_wconf 90' lang='lat' dir='ltr'><strong>tum</strong></span> <span class='ocrx_word' id='word_1_214' title='bbox 843 2994 1062 3063; x_wconf 79' lang='lat' dir='ltr'><strong>majoris</strong></span> <span class='ocrx_word' id='word_1_215' title='bbox 1085 2996 1377 3051; x_wconf 82' lang='lat' dir='ltr'><strong>alacritatis</strong></span> <span class='ocrx_word' id='word_1_216' title='bbox 1400 3011 1582 3052; x_wconf 85' lang='lat' dir='ltr'><strong>ansam</strong></span> <span class='ocrx_word' id='word_1_217' title='bbox 1611 2998 1704 3054; x_wconf 90' lang='lat' dir='ltr'><strong>tibi</strong></span> <span class='ocrx_word' id='word_1_218' title='bbox 1736 3015 1868 3070; x_wconf 89' lang='lat' dir='ltr'><strong>sup-</strong></span> 
     </span>
    </p>
   </div>
   <div class='ocr_carea' id='block_1_30' title="bbox 269 3076 1866 3156">
    <p class='ocr_par' dir='ltr' id='par_1_30' title="bbox 269 3076 1866 3156">
     <span class='ocr_line' id='line_1_30' title="bbox 269 3076 1866 3156; baseline 0.013 -28"><span class='ocrx_word' id='word_1_219' title='bbox 269 3076 491 3143; x_wconf 80' lang='lat' dir='ltr'><strong>peditat.</strong></span> <span class='ocrx_word' id='word_1_220' title='bbox 535 3080 613 3134; x_wconf 83' lang='lat' dir='ltr'><strong>Ac</strong></span> <span class='ocrx_word' id='word_1_221' title='bbox 657 3084 880 3151; x_wconf 92' lang='lat' dir='ltr'><strong>proinde</strong></span> <span class='ocrx_word' id='word_1_222' title='bbox 917 3086 1235 3156; x_wconf 86' lang='lat' dir='ltr'><strong>gaudemus,</strong></span> <span class='ocrx_word' id='word_1_223' title='bbox 1280 3090 1586 3155; x_wconf 82' lang='lat' dir='ltr'><strong>exsilimus,</strong></span> <span class='ocrx_word' id='word_1_224' title='bbox 1614 3101 1667 3146; x_wconf 90' lang='lat' dir='ltr'><strong>et</strong></span> <span class='ocrx_word' id='word_1_225' title='bbox 1713 3094 1866 3147; x_wconf 71' lang='lat' dir='ltr'><strong>ltela-</strong></span> 
     </span>
    </p>
   </div>
   <div class='ocr_carea' id='block_1_31' title="bbox 267 3177 1866 3255">
    <p class='ocr_par' dir='ltr' id='par_1_31' title="bbox 267 3177 1866 3255">
     <span class='ocr_line' id='line_1_31' title="bbox 267 3177 1866 3255; baseline 0.013 -35"><span class='ocrx_word' id='word_1_226' title='bbox 267 3183 394 3223; x_wconf 87' lang='lat' dir='ltr'><strong>mur</strong></span> <span class='ocrx_word' id='word_1_227' title='bbox 425 3188 436 3222; x_wconf 94' lang='lat'>:</span> <span class='ocrx_word' id='word_1_228' title='bbox 471 3187 644 3242; x_wconf 85' lang='lat' dir='ltr'><strong>neque</strong></span> <span class='ocrx_word' id='word_1_229' title='bbox 669 3177 810 3232; x_wconf 90' lang='lat' dir='ltr'><strong>enim</strong></span> <span class='ocrx_word' id='word_1_230' title='bbox 844 3179 945 3234; x_wconf 92' lang='lat' dir='ltr'><strong>hoc</strong></span> <span class='ocrx_word' id='word_1_231' title='bbox 966 3181 1196 3237; x_wconf 86' lang='lat' dir='ltr'><strong>subinde</strong></span> <span class='ocrx_word' id='word_1_232' title='bbox 1223 3193 1486 3252; x_wconf 83' lang='lat' dir='ltr'><strong>repetere,</strong></span> <span class='ocrx_word' id='word_1_233' title='bbox 1535 3195 1694 3255; x_wconf 88' lang='lat' dir='ltr'><strong>atque</strong></span> <span class='ocrx_word' id='word_1_234' title='bbox 1741 3185 1866 3240; x_wconf 90' lang='lat' dir='ltr'><strong>ubi-</strong></span> 
     </span>
    </p>
   </div>
   <div class='ocr_carea' id='block_1_32' title="bbox 264 3265 1865 3344">
    <p class='ocr_par' dir='ltr' id='par_1_32' title="bbox 264 3265 1865 3344">
     <span class='ocr_line' id='line_1_32' title="bbox 264 3265 1865 3344; baseline 0.016 -34"><span class='ocrx_word' id='word_1_235' title='bbox 264 3276 373 3329; x_wconf 85' lang='lat' dir='ltr'><strong>que</strong></span> <span class='ocrx_word' id='word_1_236' title='bbox 398 3265 575 3332; x_wconf 82' lang='lat' dir='ltr'><strong>gaudii</strong></span> <span class='ocrx_word' id='word_1_237' title='bbox 602 3269 704 3322; x_wconf 91' lang='lat' dir='ltr'><strong>mei</strong></span> <span class='ocrx_word' id='word_1_238' title='bbox 746 3274 1022 3328; x_wconf 85' lang='lat' dir='ltr'><strong>materiam</strong></span> <span class='ocrx_word' id='word_1_239' title='bbox 1051 3274 1396 3330; x_wconf 75' lang='lat' dir='ltr'><strong>circumferre</strong></span> <span class='ocrx_word' id='word_1_240' title='bbox 1422 3276 1686 3332; x_wconf 88' lang='lat' dir='ltr'><strong>desinam.</strong></span> <span class='ocrx_word' id='word_1_241' title='bbox 1719 3276 1865 3344; x_wconf 89' lang='lat' dir='ltr'><strong>Quo-</strong></span> 
     </span>
    </p>
   </div>
   <div class='ocr_carea' id='block_1_33' title="bbox 262 3353 1862 3436">
    <p class='ocr_par' dir='ltr' id='par_1_33' title="bbox 262 3353 1862 3436">
     <span class='ocr_line' id='line_1_33' title="bbox 262 3353 1862 3436; baseline 0.013 -32"><span class='ocrx_word' id='word_1_242' title='bbox 262 3353 407 3407; x_wconf 82' lang='lat' dir='ltr'><strong>circa</strong></span> <span class='ocrx_word' id='word_1_243' title='bbox 435 3356 478 3408; x_wconf 89' lang='lat' dir='ltr'><strong>si</strong></span> <span class='ocrx_word' id='word_1_244' title='bbox 523 3357 760 3414; x_wconf 85' lang='lat' dir='ltr'><strong>absentia</strong></span> <span class='ocrx_word' id='word_1_245' title='bbox 802 3372 982 3417; x_wconf 88' lang='lat' dir='ltr'><strong>nostra</strong></span> <span class='ocrx_word' id='word_1_246' title='bbox 1017 3376 1068 3419; x_wconf 91' lang='lat' dir='ltr'><strong>te</strong></span> <span class='ocrx_word' id='word_1_247' title='bbox 1105 3367 1270 3436; x_wconf 88' lang='lat' dir='ltr'><strong>angit,</strong></span> <span class='ocrx_word' id='word_1_248' title='bbox 1316 3378 1370 3421; x_wconf 90' lang='lat' dir='ltr'><strong>at</strong></span> <span class='ocrx_word' id='word_1_249' title='bbox 1397 3369 1623 3422; x_wconf 81' lang='lat' dir='ltr'><strong>maxima</strong></span> <span class='ocrx_word' id='word_1_250' title='bbox 1655 3369 1749 3423; x_wconf 86' lang='lat' dir='ltr'><strong>tibi</strong></span> <span class='ocrx_word' id='word_1_251' title='bbox 1796 3385 1862 3425; x_wconf 85' lang='lat' dir='ltr'><strong>ex</strong></span> 
     </span>
    </p>
   </div>
   <div class='ocr_carea' id='block_1_34' title="bbox 263 3444 1859 3531">
    <p class='ocr_par' dir='ltr' id='par_1_34' title="bbox 263 3444 1859 3531">
     <span class='ocr_line' id='line_1_34' title="bbox 263 3444 1859 3531; baseline 0.011 -33"><span class='ocrx_word' id='word_1_252' title='bbox 263 3444 365 3509; x_wconf 89' lang='lat' dir='ltr'><strong>iis,</strong></span> <span class='ocrx_word' id='word_1_253' title='bbox 397 3463 517 3517; x_wconf 76' lang='lat' dir='ltr'><strong>qua:</strong></span> <span class='ocrx_word' id='word_1_254' title='bbox 545 3465 667 3504; x_wconf 89' lang='lat' dir='ltr'><strong>cum</strong></span> <span class='ocrx_word' id='word_1_255' title='bbox 708 3452 903 3510; x_wconf 85' lang='lat' dir='ltr'><strong>virtute</strong></span> <span class='ocrx_word' id='word_1_256' title='bbox 936 3458 1185 3526; x_wconf 90' lang='lat' dir='ltr'><strong>gessisti,</strong></span> <span class='ocrx_word' id='word_1_257' title='bbox 1246 3460 1542 3514; x_wconf 86' lang='lat' dir='ltr'><strong>consolatio</strong></span> <span class='ocrx_word' id='word_1_258' title='bbox 1584 3461 1859 3531; x_wconf 86' lang='lat' dir='ltr'><strong>suppetit:</strong></span> 
     </span>
    </p>
   </div>
   <div class='ocr_carea' id='block_1_35' title="bbox 259 3541 1858 3619">
    <p class='ocr_par' dir='ltr' id='par_1_35' title="bbox 259 3541 1858 3619">
     <span class='ocr_line' id='line_1_35' title="bbox 259 3541 1858 3619; baseline 0.012 -28"><span class='ocrx_word' id='word_1_259' title='bbox 259 3541 693 3612; x_wconf 83' lang='lat' dir='ltr'><strong>quandoquidem</strong></span> <span class='ocrx_word' id='word_1_260' title='bbox 721 3561 819 3600; x_wconf 91' lang='lat' dir='ltr'><strong>nos</strong></span> <span class='ocrx_word' id='word_1_261' title='bbox 848 3563 1082 3619; x_wconf 86' lang='lat' dir='ltr'><strong>quoque,</strong></span> <span class='ocrx_word' id='word_1_262' title='bbox 1139 3559 1286 3606; x_wconf 90' lang='lat' dir='ltr'><strong>tanto</strong></span> <span class='ocrx_word' id='word_1_263' title='bbox 1318 3552 1526 3607; x_wconf 82' lang='lat' dir='ltr'><strong>itineris</strong></span> <span class='ocrx_word' id='word_1_264' title='bbox 1571 3553 1858 3610; x_wconf 88' lang='lat' dir='ltr'><strong>intervallo</strong></span> 
     </span>
    </p>
   </div>
   <div class='ocr_carea' id='block_1_36' title="bbox 258 3631 1858 3708">
    <p class='ocr_par' dir='ltr' id='par_1_36' title="bbox 258 3631 1858 3708">
     <span class='ocr_line' id='line_1_36' title="bbox 258 3631 1858 3708; baseline 0.013 -26"><span class='ocrx_word' id='word_1_265' title='bbox 258 3644 287 3681; x_wconf 88' lang='lat' dir='ltr'><strong>a</strong></span> <span class='ocrx_word' id='word_1_266' title='bbox 312 3639 364 3684; x_wconf 90' lang='lat' dir='ltr'><strong>te</strong></span> <span class='ocrx_word' id='word_1_267' title='bbox 394 3631 668 3701; x_wconf 84' lang='lat' dir='ltr'><strong>disjuneti,</strong></span> <span class='ocrx_word' id='word_1_268' title='bbox 699 3652 802 3692; x_wconf 89' lang='lat' dir='ltr'><strong>non</strong></span> <span class='ocrx_word' id='word_1_269' title='bbox 834 3654 1047 3708; x_wconf 89' lang='lat' dir='ltr'><strong>parvam</strong></span> <span class='ocrx_word' id='word_1_270' title='bbox 1079 3642 1222 3706; x_wconf 89' lang='lat' dir='ltr'><strong>hinc,</strong></span> <span class='ocrx_word' id='word_1_271' title='bbox 1250 3642 1351 3698; x_wconf 87' lang='lat' dir='ltr'><strong>hoc</strong></span> <span class='ocrx_word' id='word_1_272' title='bbox 1376 3653 1459 3698; x_wconf 90' lang='lat' dir='ltr'><strong>est</strong></span> <span class='ocrx_word' id='word_1_273' title='bbox 1485 3659 1553 3699; x_wconf 85' lang='lat' dir='ltr'><strong>ex</strong></span> <span class='ocrx_word' id='word_1_274' title='bbox 1578 3654 1664 3700; x_wconf 89' lang='lat' dir='ltr'><strong>tua</strong></span> <span class='ocrx_word' id='word_1_275' title='bbox 1694 3647 1858 3702; x_wconf 89' lang='lat' dir='ltr'><strong>animi</strong></span> 
     </span>
    </p>
   </div>
   <div class='ocr_carea' id='block_1_37' title="bbox 257 3723 1373 3802">
    <p class='ocr_par' dir='ltr' id='par_1_37' title="bbox 257 3723 1373 3802">
     <span class='ocr_line' id='line_1_37' title="bbox 257 3723 1373 3802; baseline 0.014 -31"><span class='ocrx_word' id='word_1_276' title='bbox 257 3723 644 3791; x_wconf 86' lang='lat' dir='ltr'><strong>magnitudine,</strong></span> <span class='ocrx_word' id='word_1_277' title='bbox 674 3727 1082 3785; x_wconf 81' lang='lat' dir='ltr'><strong>delectationem</strong></span> <span class='ocrx_word' id='word_1_278' title='bbox 1113 3734 1373 3802; x_wconf 89' lang='lat' dir='ltr'><strong>capimus.</strong></span> 
     </span>
    </p>
   </div>
   <div class='ocr_carea' id='block_1_38' title="bbox 366 3816 1746 3902">
    <p class='ocr_par' dir='ltr' id='par_1_38' title="bbox 366 3816 1746 3902">
     <span class='ocr_line' id='line_1_38' title="bbox 366 3816 1746 3902; baseline 0.013 -35"><span class='ocrx_word' id='word_1_279' title='bbox 366 3816 448 3868; x_wconf 80' lang='lat' dir='ltr'><strong>Ad</strong></span> <span class='ocrx_word' id='word_1_280' title='bbox 491 3820 716 3872; x_wconf 83' lang='lat' dir='ltr'><strong>eamdem</strong></span> <span class='ocrx_word' id='word_1_281' title='bbox 747 3823 959 3892; x_wconf 80' lang='lat' dir='ltr'><strong>epistola</strong></span> <span class='ocrx_word' id='word_1_282' title='bbox 995 3823 1125 3877; x_wconf 85' lang='lat' dir='ltr'><strong>VII.</strong></span> <span class='ocrx_word' id='word_1_283' title='bbox 1152 3826 1170 3896; x_wconf 89' lang='lat'>(</span> <span class='ocrx_word' id='word_1_284' title='bbox 1187 3824 1395 3882; x_wconf 86' lang='lat' dir='ltr'><strong>Cucuso</strong></span> <span class='ocrx_word' id='word_1_285' title='bbox 1422 3843 1562 3883; x_wconf 92' lang='lat' dir='ltr'><strong>anno</strong></span> <span class='ocrx_word' id='word_1_286' title='bbox 1583 3831 1746 3902; x_wconf 71' lang='grc'><strong>405.)</strong></span> 
     </span>
    </p>
   </div>
   <div class='ocr_carea' id='block_1_39' title="bbox 329 3905 1851 3989">
    <p class='ocr_par' dir='ltr' id='par_1_39' title="bbox 329 3905 1851 3989">
     <span class='ocr_line' id='line_1_39' title="bbox 329 3905 1851 3989; baseline 0.014 -33"><span class='ocrx_word' id='word_1_287' title='bbox 329 3905 382 3958; x_wconf 78' lang='lat' dir='ltr'><strong>l.</strong></span> <span class='ocrx_word' id='word_1_288' title='bbox 423 3906 558 3972; x_wconf 85' lang='lat' dir='ltr'><strong>Quid</strong></span> <span class='ocrx_word' id='word_1_289' title='bbox 584 3909 697 3962; x_wconf 81' lang='lat' dir='ltr'><strong>ais?</strong></span> <span class='ocrx_word' id='word_1_290' title='bbox 720 3910 1000 3980; x_wconf 74' lang='lat' dir='ltr'><strong>Tropzcum</strong></span> <span class='ocrx_word' id='word_1_291' title='bbox 1024 3928 1130 3969; x_wconf 91' lang='lat' dir='ltr'><strong>non</strong></span> <span class='ocrx_word' id='word_1_292' title='bbox 1155 3917 1390 3981; x_wconf 85' lang='lat' dir='ltr'><strong>erexisti,</strong></span> <span class='ocrx_word' id='word_1_293' title='bbox 1418 3934 1514 3973; x_wconf 90' lang='lat' dir='ltr'><strong>nec</strong></span> <span class='ocrx_word' id='word_1_294' title='bbox 1541 3922 1851 3989; x_wconf 71' lang='lat' dir='ltr'><strong>praeclaram</strong></span> 
     </span>
    </p>
   </div>
   <div class='ocr_carea' id='block_1_40' title="bbox 256 3993 1849 4076">
    <p class='ocr_par' dir='ltr' id='par_1_40' title="bbox 256 3993 1849 4076">
     <span class='ocr_line' id='line_1_40' title="bbox 256 3993 1849 4076; baseline 0.018 -33"><span class='ocrx_word' id='word_1_295' title='bbox 256 3993 530 4050; x_wconf 86' lang='lat' dir='ltr'><strong>victoriam</strong></span> <span class='ocrx_word' id='word_1_296' title='bbox 562 3998 858 4068; x_wconf 83' lang='lat' dir='ltr'><strong>nbtinuisti,</strong></span> <span class='ocrx_word' id='word_1_297' title='bbox 891 4020 989 4060; x_wconf 88' lang='lat' dir='ltr'><strong>nec</strong></span> <span class='ocrx_word' id='word_1_298' title='bbox 1016 4018 1270 4076; x_wconf 86' lang='lat' dir='ltr'><strong>perpetuo</strong></span> <span class='ocrx_word' id='word_1_299' title='bbox 1301 4010 1560 4067; x_wconf 77' lang='lat' dir='ltr'><strong>virentem</strong></span> <span class='ocrx_word' id='word_1_300' title='bbox 1595 4027 1849 4072; x_wconf 87' lang='lat' dir='ltr'><strong>coronam</strong></span> 
     </span>
    </p>
   </div>
   <div class='ocr_carea' id='block_1_41' title="bbox 250 4086 1848 4182">
    <p class='ocr_par' dir='ltr' id='par_1_41' title="bbox 250 4086 1848 4182">
     <span class='ocr_line' id='line_1_41' title="bbox 250 4086 1848 4182; baseline 0.018 -44"><span class='ocrx_word' id='word_1_301' title='bbox 250 4086 443 4157; x_wconf 87' lang='lat' dir='ltr'><strong>adepta</strong></span> <span class='ocrx_word' id='word_1_302' title='bbox 473 4091 572 4144; x_wconf 85' lang='lat' dir='ltr'><strong>es?</strong></span> <span class='ocrx_word' id='word_1_303' title='bbox 599 4095 791 4149; x_wconf 80' lang='lat' dir='ltr'><strong>Annon</strong></span> <span class='ocrx_word' id='word_1_304' title='bbox 821 4095 934 4152; x_wconf 74' lang='lat' dir='ltr'><strong>lucc</strong></span> <span class='ocrx_word' id='word_1_305' title='bbox 960 4100 1105 4155; x_wconf 90' lang='lat' dir='ltr'><strong>orbis</strong></span> <span class='ocrx_word' id='word_1_306' title='bbox 1152 4105 1434 4159; x_wconf 81' lang='lat' dir='ltr'><strong>universus</strong></span> <span class='ocrx_word' id='word_1_307' title='bbox 1461 4107 1715 4178; x_wconf 80' lang='lat' dir='ltr'><strong>afﬁrmat,</strong></span> <span class='ocrx_word' id='word_1_308' title='bbox 1759 4114 1848 4182; x_wconf 89' lang='lat' dir='ltr'><strong>qui</strong></span> 
     </span>
    </p>
   </div>
   <div class='ocr_carea' id='block_1_42' title="bbox 250 4176 1846 4272">
    <p class='ocr_par' dir='ltr' id='par_1_42' title="bbox 250 4176 1846 4272">
     <span class='ocr_line' id='line_1_42' title="bbox 250 4176 1846 4272; baseline 0.019 -44"><span class='ocrx_word' id='word_1_309' title='bbox 250 4176 446 4247; x_wconf 82' lang='lat' dir='ltr'><strong>ubique</strong></span> <span class='ocrx_word' id='word_1_310' title='bbox 477 4189 734 4237; x_wconf 88' lang='lat' dir='ltr'><strong>terrartnn</strong></span> <span class='ocrx_word' id='word_1_311' title='bbox 766 4196 848 4240; x_wconf 90' lang='lat' dir='ltr'><strong>tua</strong></span> <span class='ocrx_word' id='word_1_312' title='bbox 881 4198 1024 4244; x_wconf 81' lang='lat' dir='ltr'><strong>recte</strong></span> <span class='ocrx_word' id='word_1_313' title='bbox 1064 4191 1197 4246; x_wconf 82' lang='lat' dir='ltr'><strong>facta</strong></span> <span class='ocrx_word' id='word_1_314' title='bbox 1215 4193 1496 4252; x_wconf 82' lang='lat' dir='ltr'><strong>decantat?</strong></span> <span class='ocrx_word' id='word_1_315' title='bbox 1516 4176 1846 4272; x_wconf 78' lang='lat' dir='ltr'><strong>Quamquam</strong></span> 
     </span>
    </p>
   </div>
   <div class='ocr_carea' id='block_1_43' title="bbox 247 4268 1842 4362">
    <p class='ocr_par' dir='ltr' id='par_1_43' title="bbox 247 4268 1842 4362">
     <span class='ocr_line' id='line_1_43' title="bbox 247 4268 1842 4362; baseline 0.019 -42"><span class='ocrx_word' id='word_1_316' title='bbox 247 4268 391 4321; x_wconf 91' lang='lat' dir='ltr'><strong>enim</strong></span> <span class='ocrx_word' id='word_1_317' title='bbox 419 4281 472 4323; x_wconf 89' lang='lat' dir='ltr'><strong>et</strong></span> <span class='ocrx_word' id='word_1_318' title='bbox 501 4273 782 4339; x_wconf 65' lang='lat' dir='ltr'><strong>palicstrcc,</strong></span> <span class='ocrx_word' id='word_1_319' title='bbox 813 4287 866 4331; x_wconf 89' lang='lat' dir='ltr'><strong>ct</strong></span> <span class='ocrx_word' id='word_1_320' title='bbox 892 4283 1182 4336; x_wconf 87' lang='lat' dir='ltr'><strong>certamina</strong></span> <span class='ocrx_word' id='word_1_321' title='bbox 1212 4285 1263 4337; x_wconf 92' lang='lat' dir='ltr'><strong>in</strong></span> <span class='ocrx_word' id='word_1_322' title='bbox 1297 4301 1404 4341; x_wconf 92' lang='lat' dir='ltr'><strong>uno</strong></span> <span class='ocrx_word' id='word_1_323' title='bbox 1433 4289 1553 4345; x_wconf 90' lang='lat' dir='ltr'><strong>loco</strong></span> <span class='ocrx_word' id='word_1_324' title='bbox 1570 4292 1668 4345; x_wconf 87' lang='lat' dir='ltr'><strong>sita</strong></span> <span class='ocrx_word' id='word_1_325' title='bbox 1693 4268 1842 4362; x_wconf 81' lang='lat' dir='ltr'><strong>sunt,</strong></span> 
     </span>
    </p>
   </div>
   <div class='ocr_carea' id='block_1_44' title="bbox 244 4367 1844 4451">
    <p class='ocr_par' dir='ltr' id='par_1_44' title="bbox 244 4367 1844 4451">
     <span class='ocr_line' id='line_1_44' title="bbox 244 4367 1844 4451; baseline 0.021 -41"><span class='ocrx_word' id='word_1_326' title='bbox 244 4367 298 4412; x_wconf 88' lang='lat' dir='ltr'><strong>et</strong></span> <span class='ocrx_word' id='word_1_327' title='bbox 318 4374 568 4416; x_wconf 89' lang='lat' dir='ltr'><strong>cursuum</strong></span> <span class='ocrx_word' id='word_1_328' title='bbox 593 4375 801 4422; x_wconf 90' lang='lat' dir='ltr'><strong>tuorum</strong></span> <span class='ocrx_word' id='word_1_329' title='bbox 819 4370 1010 4440; x_wconf 87' lang='lat' dir='ltr'><strong>spatia,</strong></span> <span class='ocrx_word' id='word_1_330' title='bbox 1039 4383 1092 4429; x_wconf 92' lang='lat' dir='ltr'><strong>et</strong></span> <span class='ocrx_word' id='word_1_331' title='bbox 1110 4380 1536 4437; x_wconf 87' lang='lat' dir='ltr'><strong>concertationes</strong></span> <span class='ocrx_word' id='word_1_332' title='bbox 1559 4391 1683 4451; x_wconf 68' lang='lat' dir='ltr'><strong>tum,</strong></span> <span class='ocrx_word' id='word_1_333' title='bbox 1713 4401 1810 4443; x_wconf 86' lang='lat' dir='ltr'><strong>san</strong></span> <span class='ocrx_word' id='word_1_334' title='bbox 1830 4421 1844 4431; x_wconf 86' lang='lat'><strong>-</strong></span> 
     </span>
    </p>
   </div>
   <div class='ocr_carea' id='block_1_45' title="bbox 242 4451 1838 4534">
    <p class='ocr_par' dir='ltr' id='par_1_45' title="bbox 242 4451 1838 4534">
     <span class='ocr_line' id='line_1_45' title="bbox 242 4451 1838 4534; baseline 0.021 -33"><span class='ocrx_word' id='word_1_335' title='bbox 242 4451 425 4519; x_wconf 87' lang='lat' dir='ltr'><strong>guine,</strong></span> <span class='ocrx_word' id='word_1_336' title='bbox 461 4468 564 4508; x_wconf 91' lang='lat' dir='ltr'><strong>non</strong></span> <span class='ocrx_word' id='word_1_337' title='bbox 588 4457 785 4514; x_wconf 86' lang='lat' dir='ltr'><strong>sudore</strong></span> <span class='ocrx_word' id='word_1_338' title='bbox 809 4461 1038 4529; x_wconf 68' lang='lat' dir='ltr'><strong>refertas,</strong></span> <span class='ocrx_word' id='word_1_339' title='bbox 1069 4465 1178 4521; x_wconf 92' lang='lat' dir='ltr'><strong>illic</strong></span> <span class='ocrx_word' id='word_1_340' title='bbox 1207 4472 1556 4528; x_wconf 81' lang='lat' dir='ltr'><strong>exstiterunt:</strong></span> <span class='ocrx_word' id='word_1_341' title='bbox 1585 4486 1838 4534; x_wconf 87' lang='lat' dir='ltr'><strong>atearum</strong></span> 
     </span>
    </p>
   </div>
   <div class='ocr_carea' id='block_1_46' title="bbox 242 4549 1838 4625">
    <p class='ocr_par' dir='ltr' id='par_1_46' title="bbox 242 4549 1838 4625">
     <span class='ocr_line' id='line_1_46' title="bbox 242 4549 1838 4625; baseline 0.019 -30"><span class='ocrx_word' id='word_1_342' title='bbox 242 4549 422 4598; x_wconf 87' lang='lat' dir='ltr'><strong>tamen</strong></span> <span class='ocrx_word' id='word_1_343' title='bbox 449 4560 626 4603; x_wconf 87' lang='lat' dir='ltr'><strong>rerum</strong></span> <span class='ocrx_word' id='word_1_344' title='bbox 667 4551 832 4619; x_wconf 88' lang='lat' dir='ltr'><strong>gloria</strong></span> <span class='ocrx_word' id='word_1_345' title='bbox 861 4562 915 4608; x_wconf 92' lang='lat' dir='ltr'><strong>et</strong></span> <span class='ocrx_word' id='word_1_346' title='bbox 939 4559 1333 4615; x_wconf 88' lang='lat' dir='ltr'><strong>commendatio</strong></span> <span class='ocrx_word' id='word_1_347' title='bbox 1362 4572 1633 4622; x_wconf 84' lang='lat' dir='ltr'><strong>extremos</strong></span> <span class='ocrx_word' id='word_1_348' title='bbox 1680 4575 1838 4625; x_wconf 67' lang='lat' dir='ltr'><strong>terra:</strong></span> 
     </span>
    </p>
   </div>
   <div class='ocr_carea' id='block_1_47' title="bbox 239 4631 1836 4730">
    <p class='ocr_par' dir='ltr' id='par_1_47' title="bbox 239 4631 1836 4730">
     <span class='ocr_line' id='line_1_47' title="bbox 239 4631 1836 4730; baseline 0.019 -45"><span class='ocrx_word' id='word_1_349' title='bbox 239 4631 378 4688; x_wconf 78' lang='lat' dir='ltr'><strong>lines</strong></span> <span class='ocrx_word' id='word_1_350' title='bbox 405 4640 706 4706; x_wconf 89' lang='lat' dir='ltr'><strong>occupavit.</strong></span> <span class='ocrx_word' id='word_1_351' title='bbox 736 4641 814 4695; x_wconf 86' lang='lat' dir='ltr'><strong>Tu</strong></span> <span class='ocrx_word' id='word_1_352' title='bbox 855 4659 983 4699; x_wconf 89' lang='lat' dir='ltr'><strong>vero</strong></span> <span class='ocrx_word' id='word_1_353' title='bbox 997 4661 1060 4701; x_wconf 91' lang='lat' dir='ltr'><strong>ea</strong></span> <span class='ocrx_word' id='word_1_354' title='bbox 1083 4651 1317 4705; x_wconf 87' lang='lat' dir='ltr'><strong>auctiora</strong></span> <span class='ocrx_word' id='word_1_355' title='bbox 1350 4654 1596 4724; x_wconf 85' lang='lat' dir='ltr'><strong>reddere,</strong></span> <span class='ocrx_word' id='word_1_356' title='bbox 1624 4673 1688 4713; x_wconf 89' lang='lat' dir='ltr'><strong>ac</strong></span> <span class='ocrx_word' id='word_1_357' title='bbox 1717 4661 1836 4730; x_wconf 74' lang='lat' dir='ltr'><strong>pal-</strong></span> 
     </span>
    </p>
   </div>
   <div class='ocr_carea' id='block_1_48' title="bbox 236 4727 1834 4815">
    <p class='ocr_par' dir='ltr' id='par_1_48' title="bbox 236 4727 1834 4815">
     <span class='ocr_line' id='line_1_48' title="bbox 236 4727 1834 4815; baseline 0.022 -41"><span class='ocrx_word' id='word_1_358' title='bbox 236 4737 356 4777; x_wconf 89' lang='lat' dir='ltr'><strong>mas</strong></span> <span class='ocrx_word' id='word_1_359' title='bbox 380 4727 706 4797; x_wconf 87' lang='lat' dir='ltr'><strong>amplilicare</strong></span> <span class='ocrx_word' id='word_1_360' title='bbox 724 4735 964 4799; x_wconf 86' lang='lat' dir='ltr'><strong>studens,</strong></span> <span class='ocrx_word' id='word_1_361' title='bbox 985 4753 1075 4792; x_wconf 90' lang='lat' dir='ltr'><strong>eas</strong></span> <span class='ocrx_word' id='word_1_362' title='bbox 1092 4756 1323 4812; x_wconf 85' lang='lat' dir='ltr'><strong>quoque,</strong></span> <span class='ocrx_word' id='word_1_363' title='bbox 1351 4760 1484 4815; x_wconf 88' lang='lat' dir='ltr'><strong>quas</strong></span> <span class='ocrx_word' id='word_1_364' title='bbox 1509 4750 1670 4805; x_wconf 86' lang='lat' dir='ltr'><strong>animi</strong></span> <span class='ocrx_word' id='word_1_365' title='bbox 1702 4727 1834 4808; x_wconf 84' lang='lat' dir='ltr'><strong>sub-</strong></span> 
     </span>
    </p>
   </div>
   <div class='ocr_carea' id='block_1_49' title="bbox 231 4813 1829 4900">
    <p class='ocr_par' dir='ltr' id='par_1_49' title="bbox 231 4813 1829 4900">
     <span class='ocr_line' id='line_1_49' title="bbox 231 4813 1829 4900; baseline 0.022 -35"><span class='ocrx_word' id='word_1_366' title='bbox 231 4813 423 4869; x_wconf 86' lang='lat' dir='ltr'><strong>missio</strong></span> <span class='ocrx_word' id='word_1_367' title='bbox 446 4820 600 4885; x_wconf 88' lang='lat' dir='ltr'><strong>parit,</strong></span> <span class='ocrx_word' id='word_1_368' title='bbox 630 4837 856 4880; x_wconf 88' lang='lat' dir='ltr'><strong>coronas</strong></span> <span class='ocrx_word' id='word_1_369' title='bbox 885 4827 1014 4896; x_wconf 85' lang='lat' dir='ltr'><strong>ipsis</strong></span> <span class='ocrx_word' id='word_1_370' title='bbox 1042 4813 1510 4900; x_wconf 22' lang='lat' dir='ltr'><strong>adjumistiadum</strong></span> <span class='ocrx_word' id='word_1_371' title='bbox 1541 4848 1595 4896; x_wconf 91' lang='lat' dir='ltr'><strong>te</strong></span> <span class='ocrx_word' id='word_1_372' title='bbox 1625 4852 1829 4900; x_wconf 90' lang='lat' dir='ltr'><strong>tantum</strong></span> 
     </span>
    </p>
   </div>
   <div class='ocr_carea' id='block_1_50' title="bbox 228 4903 1826 4998">
    <p class='ocr_par' dir='ltr' id='par_1_50' title="bbox 228 4903 1826 4998">
     <span class='ocr_line' id='line_1_50' title="bbox 228 4903 1826 4998; baseline 0.023 -42"><span class='ocrx_word' id='word_1_373' title='bbox 228 4903 302 4958; x_wconf 88' lang='lat' dir='ltr'><strong>ab</strong></span> <span class='ocrx_word' id='word_1_374' title='bbox 332 4905 498 4998; x_wconf 85' lang='lat' dir='ltr'><strong>hisce</strong></span> <span class='ocrx_word' id='word_1_375' title='bbox 543 4916 755 4983; x_wconf 64' lang='grc' dir='ltr'><strong>[νομεῖς</strong></span> <span class='ocrx_word' id='word_1_376' title='bbox 799 4917 988 4990; x_wconf 77' lang='lat' dir='ltr'><strong>abesse</strong></span> <span class='ocrx_word' id='word_1_377' title='bbox 1015 4926 1239 4990; x_wconf 82' lang='lat' dir='ltr'><strong>asseris,</strong></span> <span class='ocrx_word' id='word_1_378' title='bbox 1271 4939 1527 4998; x_wconf 88' lang='lat' dir='ltr'><strong>quantum</strong></span> <span class='ocrx_word' id='word_1_379' title='bbox 1574 4938 1767 4991; x_wconf 89' lang='lat' dir='ltr'><strong>mortui</strong></span> <span class='ocrx_word' id='word_1_380' title='bbox 1797 4953 1826 4991; x_wconf 90' lang='lat' dir='ltr'><strong>a</strong></span> 
     </span>
    </p>
   </div>
   <div class='ocr_carea' id='block_1_51' title="bbox 227 4996 1816 5084">
    <p class='ocr_par' dir='ltr' id='par_1_51' title="bbox 227 4996 1816 5084">
     <span class='ocr_line' id='line_1_51' title="bbox 227 4996 1816 5084; baseline 0.023 -36"><span class='ocrx_word' id='word_1_381' title='bbox 227 4996 372 5051; x_wconf 83' lang='lat' dir='ltr'><strong>vivis</strong></span> <span class='ocrx_word' id='word_1_382' title='bbox 401 5004 585 5056; x_wconf 91' lang='lat' dir='ltr'><strong>remoti</strong></span> <span class='ocrx_word' id='word_1_383' title='bbox 607 5017 750 5060; x_wconf 90' lang='lat' dir='ltr'><strong>sunt.</strong></span> <span class='ocrx_word' id='word_1_384' title='bbox 777 5008 908 5064; x_wconf 81' lang='lat' dir='ltr'><strong>Nam</strong></span> <span class='ocrx_word' id='word_1_385' title='bbox 934 5015 1074 5083; x_wconf 90' lang='lat' dir='ltr'><strong>quod</strong></span> <span class='ocrx_word' id='word_1_386' title='bbox 1102 5017 1214 5072; x_wconf 77' lang='lat' dir='ltr'><strong>lucc</strong></span> <span class='ocrx_word' id='word_1_387' title='bbox 1237 4996 1394 5075; x_wconf 82' lang='lat' dir='ltr'><strong>verba</strong></span> <span class='ocrx_word' id='word_1_388' title='bbox 1413 5023 1480 5078; x_wconf 90' lang='lat' dir='ltr'><strong>ab</strong></span> <span class='ocrx_word' id='word_1_389' title='bbox 1499 5027 1664 5082; x_wconf 82' lang='lat' dir='ltr'><strong>animi</strong></span> <span class='ocrx_word' id='word_1_390' title='bbox 1688 5029 1816 5084; x_wconf 87' lang='lat' dir='ltr'><strong>sub-</strong></span> 
     </span>
    </p>
   </div>
   <div class='ocr_carea' id='block_1_52' title="bbox 224 5087 1816 5186">
    <p class='ocr_par' dir='ltr' id='par_1_52' title="bbox 224 5087 1816 5186">
     <span class='ocr_line' id='line_1_52' title="bbox 224 5087 1816 5186; baseline 0.022 -45"><span class='ocrx_word' id='word_1_391' title='bbox 224 5087 486 5145; x_wconf 82' lang='lat' dir='ltr'><strong>missione</strong></span> <span class='ocrx_word' id='word_1_392' title='bbox 514 5093 748 5162; x_wconf 81' lang='lat' dir='ltr'><strong>profecta</strong></span> <span class='ocrx_word' id='word_1_393' title='bbox 780 5100 906 5165; x_wconf 84' lang='lat' dir='ltr'><strong>sint,</strong></span> <span class='ocrx_word' id='word_1_394' title='bbox 938 5117 1004 5158; x_wconf 83' lang='lat' dir='ltr'><strong>ex</strong></span> <span class='ocrx_word' id='word_1_395' title='bbox 1032 5105 1094 5160; x_wconf 87' lang='lat' dir='ltr'><strong>iis</strong></span> <span class='ocrx_word' id='word_1_396' title='bbox 1123 5107 1250 5177; x_wconf 87' lang='lat' dir='ltr'><strong>ipsis</strong></span> <span class='ocrx_word' id='word_1_397' title='bbox 1273 5114 1450 5180; x_wconf 88' lang='lat' dir='ltr'><strong>potius</strong></span> <span class='ocrx_word' id='word_1_398' title='bbox 1479 5131 1599 5186; x_wconf 62' lang='lat' dir='ltr'><strong>quae</strong></span> <span class='ocrx_word' id='word_1_399' title='bbox 1642 5121 1816 5175; x_wconf 89' lang='lat' dir='ltr'><strong>conti-</strong></span> 
     </span>
    </p>
   </div>
   <div class='ocr_carea' id='block_1_53' title="bbox 223 5182 1822 5276">
    <p class='ocr_par' dir='ltr' id='par_1_53' title="bbox 223 5182 1822 5276">
     <span class='ocr_line' id='line_1_53' title="bbox 223 5182 1822 5276; baseline 0.024 -47"><span class='ocrx_word' id='word_1_400' title='bbox 223 5189 444 5248; x_wconf 79' lang='lat' dir='ltr'><strong>gerunt,</strong></span> <span class='ocrx_word' id='word_1_401' title='bbox 478 5182 693 5276; x_wconf 83' lang='lat' dir='ltr'><strong>planum</strong></span> <span class='ocrx_word' id='word_1_402' title='bbox 740 5187 919 5248; x_wconf 80' lang='lat' dir='ltr'><strong>facere</strong></span> <span class='ocrx_word' id='word_1_403' title='bbox 947 5195 1202 5253; x_wconf 89' lang='lat' dir='ltr'><strong>conabor.</strong></span> <span class='ocrx_word' id='word_1_404' title='bbox 1230 5199 1404 5257; x_wconf 84' lang='lat' dir='ltr'><strong>Patria</strong></span> <span class='ocrx_word' id='word_1_405' title='bbox 1434 5182 1588 5274; x_wconf 74' lang='lat' dir='ltr'><strong>pulsa</strong></span> <span class='ocrx_word' id='word_1_406' title='bbox 1618 5223 1698 5276; x_wconf 88' lang='lat' dir='ltr'><strong>es,</strong></span> <span class='ocrx_word' id='word_1_407' title='bbox 1724 5211 1822 5265; x_wconf 91' lang='lat' dir='ltr'><strong>do-</strong></span> 
     </span>
    </p>
   </div>
   <div class='ocr_carea' id='block_1_54' title="bbox 1805 394 2177 462">
    <p class='ocr_par' dir='ltr' id='par_1_54' title="bbox 1805 394 2177 462">
     <span class='ocr_line' id='line_1_54' title="bbox 1805 394 2177 462; baseline -0.005 0"><span class='ocrx_word' id='word_1_408' title='bbox 1805 394 2177 462; x_wconf 65' lang='grc' dir='ltr'><strong>εΡΙετοιιε.</strong></span> 
     </span>
    </p>
   </div>
   <div class='ocr_carea' id='block_1_55' title="bbox 3491 403 3599 460">
    <p class='ocr_par' dir='ltr' id='par_1_55' title="bbox 3491 403 3599 460">
     <span class='ocr_line' id='line_1_55' title="bbox 3491 403 3599 460; baseline -0.019 0"><span class='ocrx_word' id='word_1_409' title='bbox 3491 403 3599 460; x_wconf 66' lang='grc' dir='ltr'><strong>6θέ</strong></span> 
     </span>
    </p>
   </div>
   <div class='ocr_carea' id='block_1_56' title="bbox 1995 515 3601 589">
    <p class='ocr_par' dir='ltr' id='par_1_56' title="bbox 1995 515 3601 589">
     <span class='ocr_line' id='line_1_56' title="bbox 1995 515 3601 589; baseline -0.001 -16"><span class='ocrx_word' id='word_1_410' title='bbox 1995 517 2307 588; x_wconf 82' lang='lat' dir='ltr'><strong>praedicare,</strong></span> <span class='ocrx_word' id='word_1_411' title='bbox 2330 517 2653 589; x_wconf 88' lang='lat' dir='ltr'><strong>letalemque</strong></span> <span class='ocrx_word' id='word_1_412' title='bbox 2669 516 2882 573; x_wconf 89' lang='lat' dir='ltr'><strong>diabolo</strong></span> <span class='ocrx_word' id='word_1_413' title='bbox 2910 516 3118 588; x_wconf 87' lang='lat' dir='ltr'><strong>plagam</strong></span> <span class='ocrx_word' id='word_1_414' title='bbox 3147 515 3346 573; x_wconf 78' lang='lat' dir='ltr'><strong>inferre</strong></span> <span class='ocrx_word' id='word_1_415' title='bbox 3374 531 3481 571; x_wconf 91' lang='lat' dir='ltr'><strong>non</strong></span> <span class='ocrx_word' id='word_1_416' title='bbox 3508 518 3601 571; x_wconf 87' lang='lat' dir='ltr'><strong>de-</strong></span> 
     </span>
    </p>
   </div>
   <div class='ocr_carea' id='block_1_57' title="bbox 1992 605 3600 678">
    <p class='ocr_par' dir='ltr' id='par_1_57' title="bbox 1992 605 3600 678">
     <span class='ocr_line' id='line_1_57' title="bbox 1992 605 3600 678; baseline -0.001 -16"><span class='ocrx_word' id='word_1_417' title='bbox 1992 608 2196 663; x_wconf 89' lang='lat' dir='ltr'><strong>stitisti.</strong></span> <span class='ocrx_word' id='word_1_418' title='bbox 2229 607 2360 662; x_wconf 88' lang='lat' dir='ltr'><strong>Nam</strong></span> <span class='ocrx_word' id='word_1_419' title='bbox 2379 608 2520 678; x_wconf 90' lang='lat' dir='ltr'><strong>quod</strong></span> <span class='ocrx_word' id='word_1_420' title='bbox 2544 609 2703 664; x_wconf 86' lang='lat' dir='ltr'><strong>letale</strong></span> <span class='ocrx_word' id='word_1_421' title='bbox 2725 607 2919 662; x_wconf 91' lang='lat' dir='ltr'><strong>vulnus</strong></span> <span class='ocrx_word' id='word_1_422' title='bbox 2949 607 3236 678; x_wconf 88' lang='lat' dir='ltr'><strong>acceperit,</strong></span> <span class='ocrx_word' id='word_1_423' title='bbox 3269 607 3392 662; x_wconf 89' lang='lat' dir='ltr'><strong>hinc</strong></span> <span class='ocrx_word' id='word_1_424' title='bbox 3413 605 3600 662; x_wconf 88' lang='lat' dir='ltr'><strong>decla-</strong></span> 
     </span>
    </p>
   </div>
   <div class='ocr_carea' id='block_1_58' title="bbox 1991 698 3596 772">
    <p class='ocr_par' dir='ltr' id='par_1_58' title="bbox 1991 698 3596 772">
     <span class='ocr_line' id='line_1_58' title="bbox 1991 698 3596 772; baseline -0.003 -16"><span class='ocrx_word' id='word_1_425' title='bbox 1991 700 2150 766; x_wconf 88' lang='lat' dir='ltr'><strong>ravit,</strong></span> <span class='ocrx_word' id='word_1_426' title='bbox 2180 699 2324 770; x_wconf 88' lang='lat' dir='ltr'><strong>quod</strong></span> <span class='ocrx_word' id='word_1_427' title='bbox 2352 700 2646 771; x_wconf 79' lang='lat' dir='ltr'><strong>majoribus</strong></span> <span class='ocrx_word' id='word_1_428' title='bbox 2673 709 2860 772; x_wconf 85' lang='lat' dir='ltr'><strong>postea</strong></span> <span class='ocrx_word' id='word_1_429' title='bbox 2913 700 3079 754; x_wconf 90' lang='lat' dir='ltr'><strong>armis</strong></span> <span class='ocrx_word' id='word_1_430' title='bbox 3131 713 3252 754; x_wconf 89' lang='lat' dir='ltr'><strong>sese</strong></span> <span class='ocrx_word' id='word_1_431' title='bbox 3301 698 3554 754; x_wconf 85' lang='lat' dir='ltr'><strong>instruxit</strong></span> <span class='ocrx_word' id='word_1_432' title='bbox 3583 713 3596 752; x_wconf 83' lang='lat'>:</span> 
     </span>
    </p>
   </div>
   <div class='ocr_carea' id='block_1_59' title="bbox 1990 790 3594 862">
    <p class='ocr_par' dir='ltr' id='par_1_59' title="bbox 1990 790 3594 862">
     <span class='ocr_line' id='line_1_59' title="bbox 1990 790 3594 862; baseline -0.003 -16"><span class='ocrx_word' id='word_1_433' title='bbox 1990 790 2132 846; x_wconf 91' lang='lat' dir='ltr'><strong>unde</strong></span> <span class='ocrx_word' id='word_1_434' title='bbox 2151 791 2312 846; x_wconf 83' lang='lat' dir='ltr'><strong>etiam</strong></span> <span class='ocrx_word' id='word_1_435' title='bbox 2339 793 2606 847; x_wconf 83' lang='lat' dir='ltr'><strong>atrociora</strong></span> <span class='ocrx_word' id='word_1_436' title='bbox 2634 791 2901 862; x_wconf 90' lang='lat' dir='ltr'><strong>prioribus</strong></span> <span class='ocrx_word' id='word_1_437' title='bbox 2948 792 3244 861; x_wconf 88' lang='lat' dir='ltr'><strong>posteriora</strong></span> <span class='ocrx_word' id='word_1_438' title='bbox 3275 790 3413 845; x_wconf 78' lang='lat' dir='ltr'><strong>facta</strong></span> <span class='ocrx_word' id='word_1_439' title='bbox 3444 800 3594 845; x_wconf 87' lang='lat' dir='ltr'><strong>sunt.</strong></span> 
     </span>
    </p>
   </div>
   <div class='ocr_carea' id='block_1_60' title="bbox 1990 863 3598 953">
    <p class='ocr_par' dir='ltr' id='par_1_60' title="bbox 1990 863 3598 953">
     <span class='ocr_line' id='line_1_60' title="bbox 1990 863 3598 953; baseline -0.001 -15"><span class='ocrx_word' id='word_1_440' title='bbox 1990 863 2451 950; x_wconf 68' lang='lat' dir='ltr'><strong>Quemadmodum</strong></span> <span class='ocrx_word' id='word_1_441' title='bbox 2479 884 2624 940; x_wconf 87' lang='lat' dir='ltr'><strong>enim</strong></span> <span class='ocrx_word' id='word_1_442' title='bbox 2653 883 2899 953; x_wconf 87' lang='lat' dir='ltr'><strong>scorpius</strong></span> <span class='ocrx_word' id='word_1_443' title='bbox 2950 892 3005 938; x_wconf 90' lang='lat' dir='ltr'><strong>et</strong></span> <span class='ocrx_word' id='word_1_444' title='bbox 3026 898 3248 952; x_wconf 80' lang='lat' dir='ltr'><strong>serpens</strong></span> <span class='ocrx_word' id='word_1_445' title='bbox 3269 922 3286 949; x_wconf 94' lang='lat'><strong>,</strong></span> <span class='ocrx_word' id='word_1_446' title='bbox 3339 897 3461 937; x_wconf 90' lang='lat' dir='ltr'><strong>cum</strong></span> <span class='ocrx_word' id='word_1_447' title='bbox 3493 882 3598 936; x_wconf 88' lang='lat' dir='ltr'><strong>alte</strong></span> 
     </span>
    </p>
   </div>
   <div class='ocr_carea' id='block_1_61' title="bbox 1989 972 3596 1046">
    <p class='ocr_par' dir='ltr' id='par_1_61' title="bbox 1989 972 3596 1046">
     <span class='ocr_line' id='line_1_61' title="bbox 1989 972 3596 1046; baseline -0.001 -18"><span class='ocrx_word' id='word_1_448' title='bbox 1989 973 2221 1029; x_wconf 82' lang='lat' dir='ltr'><strong>deﬁxum</strong></span> <span class='ocrx_word' id='word_1_449' title='bbox 2255 975 2448 1031; x_wconf 88' lang='lat' dir='ltr'><strong>vulnus</strong></span> <span class='ocrx_word' id='word_1_450' title='bbox 2473 986 2816 1046; x_wconf 81' lang='lat' dir='ltr'><strong>acceperunt,</strong></span> <span class='ocrx_word' id='word_1_451' title='bbox 2873 975 3085 1029; x_wconf 88' lang='lat' dir='ltr'><strong>sublato</strong></span> <span class='ocrx_word' id='word_1_452' title='bbox 3104 975 3264 1029; x_wconf 89' lang='lat' dir='ltr'><strong>altius</strong></span> <span class='ocrx_word' id='word_1_453' title='bbox 3283 975 3474 1029; x_wconf 88' lang='lat' dir='ltr'><strong>aculeo</strong></span> <span class='ocrx_word' id='word_1_454' title='bbox 3499 972 3567 1027; x_wconf 87' lang='lat' dir='ltr'><strong>ad</strong></span> <span class='ocrx_word' id='word_1_455' title='bbox 3584 1001 3596 1011; x_wconf 83' lang='lat'><strong>-</strong></span> 
     </span>
    </p>
   </div>
   <div class='ocr_carea' id='block_1_62' title="bbox 1993 1067 3597 1138">
    <p class='ocr_par' dir='ltr' id='par_1_62' title="bbox 1993 1067 3597 1138">
     <span class='ocr_line' id='line_1_62' title="bbox 1993 1067 3597 1138; baseline -0.002 -16"><span class='ocrx_word' id='word_1_456' title='bbox 1993 1081 2182 1122; x_wconf 73' lang='lat' dir='ltr'><strong>versus</strong></span> <span class='ocrx_word' id='word_1_457' title='bbox 2203 1082 2348 1132; x_wconf 88' lang='lat' dir='ltr'><strong>cum,</strong></span> <span class='ocrx_word' id='word_1_458' title='bbox 2366 1081 2402 1122; x_wconf 84' lang='lat' dir='ltr'><strong>a</strong></span> <span class='ocrx_word' id='word_1_459' title='bbox 2419 1084 2526 1138; x_wconf 88' lang='lat' dir='ltr'><strong>quo</strong></span> <span class='ocrx_word' id='word_1_460' title='bbox 2545 1068 2783 1138; x_wconf 90' lang='lat' dir='ltr'><strong>percussi</strong></span> <span class='ocrx_word' id='word_1_461' title='bbox 2807 1079 2952 1134; x_wconf 87' lang='lat' dir='ltr'><strong>sunt,</strong></span> <span class='ocrx_word' id='word_1_462' title='bbox 2977 1067 3278 1137; x_wconf 84' lang='lat' dir='ltr'><strong>insurgunt,</strong></span> <span class='ocrx_word' id='word_1_463' title='bbox 3306 1083 3400 1137; x_wconf 85' lang='lat' dir='ltr'><strong>per</strong></span> <span class='ocrx_word' id='word_1_464' title='bbox 3419 1081 3597 1121; x_wconf 79' lang='lat' dir='ltr'><strong>acrem</strong></span> 
     </span>
    </p>
   </div>
   <div class='ocr_carea' id='block_1_63' title="bbox 1989 1157 3598 1228">
    <p class='ocr_par' dir='ltr' id='par_1_63' title="bbox 1989 1157 3598 1228">
     <span class='ocr_line' id='line_1_63' title="bbox 1989 1157 3598 1228; baseline 0 -16"><span class='ocrx_word' id='word_1_465' title='bbox 1989 1157 2194 1212; x_wconf 78' lang='lat' dir='ltr'><strong>scilicet</strong></span> <span class='ocrx_word' id='word_1_466' title='bbox 2219 1158 2271 1212; x_wconf 89' lang='lat' dir='ltr'><strong>in</strong></span> <span class='ocrx_word' id='word_1_467' title='bbox 2306 1174 2688 1228; x_wconf 89' lang='lat' dir='ltr'><strong>percussorem</strong></span> <span class='ocrx_word' id='word_1_468' title='bbox 2719 1161 2976 1228; x_wconf 82' lang='lat' dir='ltr'><strong>impetum</strong></span> <span class='ocrx_word' id='word_1_469' title='bbox 3003 1159 3249 1214; x_wconf 83' lang='lat' dir='ltr'><strong>acerrimi</strong></span> <span class='ocrx_word' id='word_1_470' title='bbox 3277 1158 3478 1213; x_wconf 73' lang='lat' dir='ltr'><strong>doloris</strong></span> <span class='ocrx_word' id='word_1_471' title='bbox 3509 1173 3598 1212; x_wconf 88' lang='lat' dir='ltr'><strong>ar-</strong></span> 
     </span>
    </p>
   </div>
   <div class='ocr_carea' id='block_1_64' title="bbox 1988 1249 3600 1320">
    <p class='ocr_par' dir='ltr' id='par_1_64' title="bbox 1988 1249 3600 1320">
     <span class='ocr_line' id='line_1_64' title="bbox 1988 1249 3600 1320; baseline 0 -17"><span class='ocrx_word' id='word_1_472' title='bbox 1988 1258 2294 1319; x_wconf 84' lang='lat' dir='ltr'><strong>gumentum</strong></span> <span class='ocrx_word' id='word_1_473' title='bbox 2315 1250 2631 1306; x_wconf 84' lang='lat' dir='ltr'><strong>exhibentes</strong></span> <span class='ocrx_word' id='word_1_474' title='bbox 2660 1266 2673 1302; x_wconf 91' lang='lat'><strong>:</strong></span> <span class='ocrx_word' id='word_1_475' title='bbox 2708 1251 2898 1306; x_wconf 90' lang='lat' dir='ltr'><strong>eodem</strong></span> <span class='ocrx_word' id='word_1_476' title='bbox 2927 1253 3086 1304; x_wconf 82' lang='lat' dir='ltr'><strong>etiam</strong></span> <span class='ocrx_word' id='word_1_477' title='bbox 3119 1252 3284 1306; x_wconf 86' lang='lat' dir='ltr'><strong>modo</strong></span> <span class='ocrx_word' id='word_1_478' title='bbox 3315 1249 3600 1320; x_wconf 64' lang='lat' dir='ltr'><strong>impudens</strong></span> 
     </span>
    </p>
   </div>
   <div class='ocr_carea' id='block_1_65' title="bbox 1989 1339 3592 1410">
    <p class='ocr_par' dir='ltr' id='par_1_65' title="bbox 1989 1339 3592 1410">
     <span class='ocr_line' id='line_1_65' title="bbox 1989 1339 3592 1410; baseline 0.001 -18"><span class='ocrx_word' id='word_1_479' title='bbox 1989 1339 2103 1393; x_wconf 67' lang='lat' dir='ltr'><strong>hate</strong></span> <span class='ocrx_word' id='word_1_480' title='bbox 2128 1339 2326 1406; x_wconf 90' lang='lat' dir='ltr'><strong>bellua,</strong></span> <span class='ocrx_word' id='word_1_481' title='bbox 2355 1341 2606 1410; x_wconf 88' lang='lat' dir='ltr'><strong>quoniam</strong></span> <span class='ocrx_word' id='word_1_482' title='bbox 2635 1341 2702 1395; x_wconf 90' lang='lat' dir='ltr'><strong>ab</strong></span> <span class='ocrx_word' id='word_1_483' title='bbox 2728 1341 3029 1396; x_wconf 88' lang='lat' dir='ltr'><strong>admirabili</strong></span> <span class='ocrx_word' id='word_1_484' title='bbox 3062 1351 3116 1396; x_wconf 83' lang='lat' dir='ltr'><strong>et</strong></span> <span class='ocrx_word' id='word_1_485' title='bbox 3146 1341 3363 1396; x_wconf 88' lang='lat' dir='ltr'><strong>sublimi</strong></span> <span class='ocrx_word' id='word_1_486' title='bbox 3412 1343 3592 1396; x_wconf 85' lang='lat' dir='ltr'><strong>anima</strong></span> 
     </span>
    </p>
   </div>
   <div class='ocr_carea' id='block_1_66' title="bbox 1989 1431 3598 1505">
    <p class='ocr_par' dir='ltr' id='par_1_66' title="bbox 1989 1431 3598 1505">
     <span class='ocr_line' id='line_1_66' title="bbox 1989 1431 3598 1505; baseline 0.003 -21"><span class='ocrx_word' id='word_1_487' title='bbox 1989 1441 2076 1485; x_wconf 88' lang='lat' dir='ltr'><strong>tua</strong></span> <span class='ocrx_word' id='word_1_488' title='bbox 2107 1431 2366 1501; x_wconf 72' lang='lat' dir='ltr'><strong>profunda</strong></span> <span class='ocrx_word' id='word_1_489' title='bbox 2392 1434 2613 1489; x_wconf 87' lang='lat' dir='ltr'><strong>vulnera</strong></span> <span class='ocrx_word' id='word_1_490' title='bbox 2646 1435 2833 1488; x_wconf 87' lang='lat' dir='ltr'><strong>intimo</strong></span> <span class='ocrx_word' id='word_1_491' title='bbox 2874 1444 3091 1504; x_wconf 81' lang='lat' dir='ltr'><strong>pectore</strong></span> <span class='ocrx_word' id='word_1_492' title='bbox 3135 1435 3370 1505; x_wconf 83' lang='lat' dir='ltr'><strong>acccpit,</strong></span> <span class='ocrx_word' id='word_1_493' title='bbox 3429 1435 3598 1489; x_wconf 88' lang='lat' dir='ltr'><strong>vche-</strong></span> 
     </span>
    </p>
   </div>
   <div class='ocr_carea' id='block_1_67' title="bbox 1989 1523 3599 1596">
    <p class='ocr_par' dir='ltr' id='par_1_67' title="bbox 1989 1523 3599 1596">
     <span class='ocr_line' id='line_1_67' title="bbox 1989 1523 3599 1596; baseline 0.003 -22"><span class='ocrx_word' id='word_1_494' title='bbox 1989 1523 2308 1578; x_wconf 85' lang='lat' dir='ltr'><strong>mentiorem</strong></span> <span class='ocrx_word' id='word_1_495' title='bbox 2341 1525 2392 1579; x_wconf 92' lang='lat' dir='ltr'><strong>in</strong></span> <span class='ocrx_word' id='word_1_496' title='bbox 2425 1534 2476 1580; x_wconf 93' lang='lat' dir='ltr'><strong>te</strong></span> <span class='ocrx_word' id='word_1_497' title='bbox 2502 1525 2759 1596; x_wconf 83' lang='lat' dir='ltr'><strong>impetum</strong></span> <span class='ocrx_word' id='word_1_498' title='bbox 2789 1525 2932 1593; x_wconf 84' lang='lat' dir='ltr'><strong>fecit,</strong></span> <span class='ocrx_word' id='word_1_499' title='bbox 2962 1541 3024 1580; x_wconf 90' lang='lat' dir='ltr'><strong>ac</strong></span> <span class='ocrx_word' id='word_1_500' title='bbox 3055 1527 3237 1596; x_wconf 90' lang='lat' dir='ltr'><strong>plures</strong></span> <span class='ocrx_word' id='word_1_501' title='bbox 3274 1527 3599 1581; x_wconf 85' lang='lat' dir='ltr'><strong>tentationes</strong></span> 
     </span>
    </p>
   </div>
   <div class='ocr_carea' id='block_1_68' title="bbox 1987 1615 3593 1690">
    <p class='ocr_par' dir='ltr' id='par_1_68' title="bbox 1987 1615 3593 1690">
     <span class='ocr_line' id='line_1_68' title="bbox 1987 1615 3593 1690; baseline 0.002 -22"><span class='ocrx_word' id='word_1_502' title='bbox 1987 1615 2242 1670; x_wconf 88' lang='lat' dir='ltr'><strong>admovit.</strong></span> <span class='ocrx_word' id='word_1_503' title='bbox 2276 1616 2490 1672; x_wconf 85' lang='lat' dir='ltr'><strong>Etenim</strong></span> <span class='ocrx_word' id='word_1_504' title='bbox 2520 1633 2614 1672; x_wconf 84' lang='lat' dir='ltr'><strong>eas</strong></span> <span class='ocrx_word' id='word_1_505' title='bbox 2645 1619 2733 1673; x_wconf 90' lang='lat' dir='ltr'><strong>ille</strong></span> <span class='ocrx_word' id='word_1_506' title='bbox 2753 1618 2969 1690; x_wconf 89' lang='lat' dir='ltr'><strong>quidem</strong></span> <span class='ocrx_word' id='word_1_507' title='bbox 2993 1619 3251 1686; x_wconf 85' lang='lat' dir='ltr'><strong>admovit,</strong></span> <span class='ocrx_word' id='word_1_508' title='bbox 3281 1636 3386 1674; x_wconf 88' lang='lat' dir='ltr'><strong>non</strong></span> <span class='ocrx_word' id='word_1_509' title='bbox 3418 1622 3593 1674; x_wconf 85' lang='lat' dir='ltr'><strong>Deus:</strong></span> 
     </span>
    </p>
   </div>
   <div class='ocr_carea' id='block_1_69' title="bbox 1987 1707 3598 1784">
    <p class='ocr_par' dir='ltr' id='par_1_69' title="bbox 1987 1707 3598 1784">
     <span class='ocr_line' id='line_1_69' title="bbox 1987 1707 3598 1784; baseline 0.004 -25"><span class='ocrx_word' id='word_1_510' title='bbox 1987 1707 2230 1775; x_wconf 87' lang='lat' dir='ltr'><strong>permisit</strong></span> <span class='ocrx_word' id='word_1_511' title='bbox 2274 1719 2453 1762; x_wconf 87' lang='lat' dir='ltr'><strong>autem</strong></span> <span class='ocrx_word' id='word_1_512' title='bbox 2515 1710 2678 1774; x_wconf 77' lang='lat' dir='ltr'><strong>Deus,</strong></span> <span class='ocrx_word' id='word_1_513' title='bbox 2735 1722 2790 1764; x_wconf 91' lang='lat' dir='ltr'><strong>ut</strong></span> <span class='ocrx_word' id='word_1_514' title='bbox 2821 1726 2952 1779; x_wconf 88' lang='lat' dir='ltr'><strong>opes</strong></span> <span class='ocrx_word' id='word_1_515' title='bbox 2993 1720 3110 1765; x_wconf 87' lang='lat' dir='ltr'><strong>tuas</strong></span> <span class='ocrx_word' id='word_1_516' title='bbox 3163 1723 3414 1782; x_wconf 87' lang='lat' dir='ltr'><strong>augeret,</strong></span> <span class='ocrx_word' id='word_1_517' title='bbox 3450 1728 3598 1784; x_wconf 74' lang='lat' dir='ltr'><strong>qua:-</strong></span> 
     </span>
    </p>
   </div>
   <div class='ocr_carea' id='block_1_70' title="bbox 1985 1801 3597 1873">
    <p class='ocr_par' dir='ltr' id='par_1_70' title="bbox 1985 1801 3597 1873">
     <span class='ocr_line' id='line_1_70' title="bbox 1985 1801 3597 1873; baseline 0.003 -21"><span class='ocrx_word' id='word_1_518' title='bbox 1985 1808 2232 1868; x_wconf 89' lang='lat' dir='ltr'><strong>stumque</strong></span> <span class='ocrx_word' id='word_1_519' title='bbox 2259 1801 2560 1856; x_wconf 87' lang='lat' dir='ltr'><strong>uberiorem</strong></span> <span class='ocrx_word' id='word_1_520' title='bbox 2588 1801 2848 1868; x_wconf 77' lang='lat' dir='ltr'><strong>efﬁceret,</strong></span> <span class='ocrx_word' id='word_1_521' title='bbox 2896 1811 3058 1873; x_wconf 84' lang='lat' dir='ltr'><strong>atque</strong></span> <span class='ocrx_word' id='word_1_522' title='bbox 3097 1804 3412 1873; x_wconf 90' lang='lat' dir='ltr'><strong>ampliorem</strong></span> <span class='ocrx_word' id='word_1_523' title='bbox 3453 1817 3597 1860; x_wconf 57' lang='lat' dir='ltr'><strong>mer.</strong></span> 
     </span>
    </p>
   </div>
   <div class='ocr_carea' id='block_1_71' title="bbox 1983 1890 3590 1963">
    <p class='ocr_par' dir='ltr' id='par_1_71' title="bbox 1983 1890 3590 1963">
     <span class='ocr_line' id='line_1_71' title="bbox 1983 1890 3590 1963; baseline 0.002 -18"><span class='ocrx_word' id='word_1_524' title='bbox 1983 1890 2167 1946; x_wconf 88' lang='lat' dir='ltr'><strong>cedem</strong></span> <span class='ocrx_word' id='word_1_525' title='bbox 2195 1899 2249 1946; x_wconf 89' lang='lat' dir='ltr'><strong>et</strong></span> <span class='ocrx_word' id='word_1_526' title='bbox 2275 1891 2473 1962; x_wconf 85' lang='lat' dir='ltr'><strong>largius</strong></span> <span class='ocrx_word' id='word_1_527' title='bbox 2512 1894 2793 1963; x_wconf 64' lang='lat' dir='ltr'><strong>praemium</strong></span> <span class='ocrx_word' id='word_1_528' title='bbox 2826 1893 2919 1949; x_wconf 91' lang='lat' dir='ltr'><strong>tibi</strong></span> <span class='ocrx_word' id='word_1_529' title='bbox 2950 1894 3282 1950; x_wconf 83' lang='lat' dir='ltr'><strong>conciliatet.</strong></span> <span class='ocrx_word' id='word_1_530' title='bbox 3313 1895 3590 1961; x_wconf 83' lang='lat' dir='ltr'><strong>Quamob-</strong></span> 
     </span>
    </p>
   </div>
   <div class='ocr_carea' id='block_1_72' title="bbox 1983 1982 3596 2058">
    <p class='ocr_par' dir='ltr' id='par_1_72' title="bbox 1983 1982 3596 2058">
     <span class='ocr_line' id='line_1_72' title="bbox 1983 1982 3596 2058; baseline 0.005 -23"><span class='ocrx_word' id='word_1_531' title='bbox 1983 1996 2095 2036; x_wconf 89' lang='lat' dir='ltr'><strong>rem</strong></span> <span class='ocrx_word' id='word_1_532' title='bbox 2121 1982 2254 2038; x_wconf 85' lang='lat' dir='ltr'><strong>nihil</strong></span> <span class='ocrx_word' id='word_1_533' title='bbox 2281 1993 2362 2038; x_wconf 90' lang='lat' dir='ltr'><strong>est</strong></span> <span class='ocrx_word' id='word_1_534' title='bbox 2391 1984 2534 2054; x_wconf 91' lang='lat' dir='ltr'><strong>quod</strong></span> <span class='ocrx_word' id='word_1_535' title='bbox 2572 1986 2900 2055; x_wconf 87' lang='lat' dir='ltr'><strong>perturberis</strong></span> <span class='ocrx_word' id='word_1_536' title='bbox 2920 2000 2984 2041; x_wconf 86' lang='lat' dir='ltr'><strong>ac</strong></span> <span class='ocrx_word' id='word_1_537' title='bbox 3009 1986 3369 2042; x_wconf 84' lang='lat' dir='ltr'><strong>tumultueris.</strong></span> <span class='ocrx_word' id='word_1_538' title='bbox 3398 1988 3596 2058; x_wconf 85' lang='lat' dir='ltr'><strong>Ecquis</strong></span> 
     </span>
    </p>
   </div>
   <div class='ocr_carea' id='block_1_73' title="bbox 1983 2073 3595 2146">
    <p class='ocr_par' dir='ltr' id='par_1_73' title="bbox 1983 2073 3595 2146">
     <span class='ocr_line' id='line_1_73' title="bbox 1983 2073 3595 2146; baseline 0.004 -20"><span class='ocrx_word' id='word_1_539' title='bbox 1983 2073 2127 2127; x_wconf 92' lang='lat' dir='ltr'><strong>enim</strong></span> <span class='ocrx_word' id='word_1_540' title='bbox 2178 2089 2412 2143; x_wconf 88' lang='lat' dir='ltr'><strong>unquam</strong></span> <span class='ocrx_word' id='word_1_541' title='bbox 2444 2076 2626 2130; x_wconf 88' lang='lat' dir='ltr'><strong>animo</strong></span> <span class='ocrx_word' id='word_1_542' title='bbox 2673 2077 2930 2145; x_wconf 77' lang='lat' dir='ltr'><strong>elanguit,</strong></span> <span class='ocrx_word' id='word_1_543' title='bbox 2958 2076 3151 2146; x_wconf 87' lang='lat' dir='ltr'><strong>opibus</strong></span> <span class='ocrx_word' id='word_1_544' title='bbox 3178 2077 3595 2134; x_wconf 86' lang='lat' dir='ltr'><strong>circumﬂuens?</strong></span> 
     </span>
    </p>
   </div>
   <div class='ocr_carea' id='block_1_74' title="bbox 1980 2166 3590 2240">
    <p class='ocr_par' dir='ltr' id='par_1_74' title="bbox 1980 2166 3590 2240">
     <span class='ocr_line' id='line_1_74' title="bbox 1980 2166 3590 2240; baseline 0.004 -20"><span class='ocrx_word' id='word_1_545' title='bbox 1980 2166 2166 2236; x_wconf 84' lang='lat' dir='ltr'><strong>ecquis</strong></span> <span class='ocrx_word' id='word_1_546' title='bbox 2203 2167 2544 2235; x_wconf 88' lang='lat' dir='ltr'><strong>perturbatus</strong></span> <span class='ocrx_word' id='word_1_547' title='bbox 2572 2179 2678 2234; x_wconf 79' lang='lat' dir='ltr'><strong>est,</strong></span> <span class='ocrx_word' id='word_1_548' title='bbox 2721 2169 2788 2222; x_wconf 88' lang='lat' dir='ltr'><strong>ad</strong></span> <span class='ocrx_word' id='word_1_549' title='bbox 2814 2181 3052 2224; x_wconf 84' lang='lat' dir='ltr'><strong>summas</strong></span> <span class='ocrx_word' id='word_1_550' title='bbox 3078 2170 3366 2240; x_wconf 88' lang='lat' dir='ltr'><strong>dignitates</strong></span> <span class='ocrx_word' id='word_1_551' title='bbox 3395 2188 3590 2227; x_wconf 86' lang='lat' dir='ltr'><strong>ascen-</strong></span> 
     </span>
    </p>
   </div>
   <div class='ocr_carea' id='block_1_75' title="bbox 1979 2256 3584 2333">
    <p class='ocr_par' dir='ltr' id='par_1_75' title="bbox 1979 2256 3584 2333">
     <span class='ocr_line' id='line_1_75' title="bbox 1979 2256 3584 2333; baseline 0.006 -23"><span class='ocrx_word' id='word_1_552' title='bbox 1979 2256 2150 2311; x_wconf 85' lang='lat' dir='ltr'><strong>dens?</strong></span> <span class='ocrx_word' id='word_1_553' title='bbox 2179 2257 2332 2324; x_wconf 86' lang='lat' dir='ltr'><strong>Quod</strong></span> <span class='ocrx_word' id='word_1_554' title='bbox 2377 2260 2422 2313; x_wconf 91' lang='lat' dir='ltr'><strong>si</strong></span> <span class='ocrx_word' id='word_1_555' title='bbox 2472 2259 2509 2313; x_wconf 93' lang='lat' dir='ltr'><strong>ii</strong></span> <span class='ocrx_word' id='word_1_556' title='bbox 2539 2260 2629 2330; x_wconf 94' lang='lat' dir='ltr'><strong>qui</strong></span> <span class='ocrx_word' id='word_1_557' title='bbox 2662 2260 2896 2315; x_wconf 86' lang='lat' dir='ltr'><strong>humana</strong></span> <span class='ocrx_word' id='word_1_558' title='bbox 2948 2263 3046 2317; x_wconf 84' lang='lat' dir='ltr'><strong>ista</strong></span> <span class='ocrx_word' id='word_1_559' title='bbox 3078 2274 3396 2333; x_wconf 92' lang='lat' dir='ltr'><strong>congerunt,</strong></span> <span class='ocrx_word' id='word_1_560' title='bbox 3444 2267 3540 2320; x_wconf 87' lang='lat' dir='ltr'><strong>ista</strong></span> <span class='ocrx_word' id='word_1_561' title='bbox 3569 2307 3584 2332; x_wconf 88' lang='lat'><strong>,</strong></span> 
     </span>
    </p>
   </div>
   <div class='ocr_carea' id='block_1_76' title="bbox 1979 2351 3590 2429">
    <p class='ocr_par' dir='ltr' id='par_1_76' title="bbox 1979 2351 3590 2429">
     <span class='ocr_line' id='line_1_76' title="bbox 1979 2351 3590 2429; baseline 0.005 -25"><span class='ocrx_word' id='word_1_562' title='bbox 1979 2351 2216 2422; x_wconf 85' lang='lat' dir='ltr'><strong>inquam,</strong></span> <span class='ocrx_word' id='word_1_563' title='bbox 2238 2353 2437 2410; x_wconf 89' lang='lat' dir='ltr'><strong>caduca</strong></span> <span class='ocrx_word' id='word_1_564' title='bbox 2459 2363 2516 2410; x_wconf 87' lang='lat' dir='ltr'><strong>et</strong></span> <span class='ocrx_word' id='word_1_565' title='bbox 2542 2356 2728 2412; x_wconf 86' lang='lat' dir='ltr'><strong>umbra</strong></span> <span class='ocrx_word' id='word_1_566' title='bbox 2752 2359 3122 2425; x_wconf 87' lang='lat' dir='ltr'><strong>imbecilliora,</strong></span> <span class='ocrx_word' id='word_1_567' title='bbox 3145 2361 3408 2429; x_wconf 86' lang='lat' dir='ltr'><strong>citiusque</strong></span> <span class='ocrx_word' id='word_1_568' title='bbox 3433 2375 3590 2429; x_wconf 83' lang='lat' dir='ltr'><strong>quun</strong></span> 
     </span>
    </p>
   </div>
   <div class='ocr_carea' id='block_1_77' title="bbox 1978 2444 3587 2521">
    <p class='ocr_par' dir='ltr' id='par_1_77' title="bbox 1978 2444 3587 2521">
     <span class='ocr_line' id='line_1_77' title="bbox 1978 2444 3587 2521; baseline 0.005 -25"><span class='ocrx_word' id='word_1_569' title='bbox 1978 2444 2176 2513; x_wconf 90' lang='lat' dir='ltr'><strong>putridi</strong></span> <span class='ocrx_word' id='word_1_570' title='bbox 2204 2444 2363 2500; x_wconf 89' lang='lat' dir='ltr'><strong>ﬂores</strong></span> <span class='ocrx_word' id='word_1_571' title='bbox 2397 2451 2807 2512; x_wconf 86' lang='lat' dir='ltr'><strong>marcescentia,</strong></span> <span class='ocrx_word' id='word_1_572' title='bbox 2841 2451 3072 2517; x_wconf 88' lang='lat' dir='ltr'><strong>saltant,</strong></span> <span class='ocrx_word' id='word_1_573' title='bbox 3117 2451 3441 2521; x_wconf 83' lang='lat' dir='ltr'><strong>tripudiant,</strong></span> <span class='ocrx_word' id='word_1_574' title='bbox 3475 2465 3587 2520; x_wconf 70' lang='lat' dir='ltr'><strong>prae</strong></span> 
     </span>
    </p>
   </div>
   <div class='ocr_carea' id='block_1_78' title="bbox 1976 2537 3591 2615">
    <p class='ocr_par' dir='ltr' id='par_1_78' title="bbox 1976 2537 3591 2615">
     <span class='ocr_line' id='line_1_78' title="bbox 1976 2537 3591 2615; baseline 0.005 -25"><span class='ocrx_word' id='word_1_575' title='bbox 1976 2537 2250 2608; x_wconf 87' lang='lat' dir='ltr'><strong>voluptate</strong></span> <span class='ocrx_word' id='word_1_576' title='bbox 2278 2541 2523 2608; x_wconf 86' lang='lat' dir='ltr'><strong>volitant,</strong></span> <span class='ocrx_word' id='word_1_577' title='bbox 2544 2557 2653 2610; x_wconf 81' lang='lat' dir='ltr'><strong>prae</strong></span> <span class='ocrx_word' id='word_1_578' title='bbox 2678 2557 2764 2606; x_wconf 92' lang='lat' dir='ltr'><strong>ea,</strong></span> <span class='ocrx_word' id='word_1_579' title='bbox 2798 2543 3039 2614; x_wconf 92' lang='lat' dir='ltr'><strong>inquam,</strong></span> <span class='ocrx_word' id='word_1_580' title='bbox 3069 2545 3348 2615; x_wconf 90' lang='lat' dir='ltr'><strong>voluptate</strong></span> <span class='ocrx_word' id='word_1_581' title='bbox 3373 2555 3494 2614; x_wconf 75' lang='lat' dir='ltr'><strong>qua:</strong></span> <span class='ocrx_word' id='word_1_582' title='bbox 3516 2544 3591 2598; x_wconf 48' lang='lat' dir='ltr'><strong>si.</strong></span> 
     </span>
    </p>
   </div>
   <div class='ocr_carea' id='block_1_79' title="bbox 1977 2632 3590 2706">
    <p class='ocr_par' dir='ltr' id='par_1_79' title="bbox 1977 2632 3590 2706">
     <span class='ocr_line' id='line_1_79' title="bbox 1977 2632 3590 2706; baseline 0.003 -22"><span class='ocrx_word' id='word_1_583' title='bbox 1977 2632 2084 2684; x_wconf 92' lang='lat' dir='ltr'><strong>mul</strong></span> <span class='ocrx_word' id='word_1_584' title='bbox 2106 2640 2160 2686; x_wconf 90' lang='lat' dir='ltr'><strong>et</strong></span> <span class='ocrx_word' id='word_1_585' title='bbox 2185 2643 2407 2702; x_wconf 86' lang='lat' dir='ltr'><strong>apparet</strong></span> <span class='ocrx_word' id='word_1_586' title='bbox 2437 2643 2492 2689; x_wconf 88' lang='lat' dir='ltr'><strong>et</strong></span> <span class='ocrx_word' id='word_1_587' title='bbox 2512 2635 2709 2699; x_wconf 87' lang='lat' dir='ltr'><strong>avolat,</strong></span> <span class='ocrx_word' id='word_1_588' title='bbox 2741 2635 3133 2706; x_wconf 88' lang='lat' dir='ltr'><strong>ﬂuminumque</strong></span> <span class='ocrx_word' id='word_1_589' title='bbox 3161 2652 3375 2692; x_wconf 85' lang='lat' dir='ltr'><strong>cursum</strong></span> <span class='ocrx_word' id='word_1_590' title='bbox 3410 2636 3590 2690; x_wconf 86' lang='lat' dir='ltr'><strong>imita-</strong></span> 
     </span>
    </p>
   </div>
   <div class='ocr_carea' id='block_1_80' title="bbox 1978 2725 3586 2799">
    <p class='ocr_par' dir='ltr' id='par_1_80' title="bbox 1978 2725 3586 2799">
     <span class='ocr_line' id='line_1_80' title="bbox 1978 2725 3586 2799; baseline 0.005 -23"><span class='ocrx_word' id='word_1_591' title='bbox 1978 2731 2064 2777; x_wconf 92' lang='lat' dir='ltr'><strong>tur</strong></span> <span class='ocrx_word' id='word_1_592' title='bbox 2097 2741 2110 2775; x_wconf 91' lang='lat'><strong>:</strong></span> <span class='ocrx_word' id='word_1_593' title='bbox 2141 2734 2344 2793; x_wconf 88' lang='lat' dir='ltr'><strong>quanto</strong></span> <span class='ocrx_word' id='word_1_594' title='bbox 2392 2725 2606 2782; x_wconf 88' lang='lat' dir='ltr'><strong>tandem</strong></span> <span class='ocrx_word' id='word_1_595' title='bbox 2660 2729 2867 2798; x_wconf 80' lang='lat' dir='ltr'><strong>:equius</strong></span> <span class='ocrx_word' id='word_1_596' title='bbox 2922 2737 3004 2784; x_wconf 89' lang='lat' dir='ltr'><strong>est</strong></span> <span class='ocrx_word' id='word_1_597' title='bbox 3049 2737 3125 2796; x_wconf 88' lang='lat' dir='ltr'><strong>te,</strong></span> <span class='ocrx_word' id='word_1_598' title='bbox 3179 2729 3389 2784; x_wconf 86' lang='lat' dir='ltr'><strong>etiamsi</strong></span> <span class='ocrx_word' id='word_1_599' title='bbox 3438 2729 3586 2799; x_wconf 88' lang='lat' dir='ltr'><strong>prius</strong></span> 
     </span>
    </p>
   </div>
   <div class='ocr_carea' id='block_1_81' title="bbox 1976 2815 3583 2891">
    <p class='ocr_par' dir='ltr' id='par_1_81' title="bbox 1976 2815 3583 2891">
     <span class='ocr_line' id='line_1_81' title="bbox 1976 2815 3583 2891; baseline 0.005 -23"><span class='ocrx_word' id='word_1_600' title='bbox 1976 2815 2029 2869; x_wconf 87' lang='lat' dir='ltr'><strong>in</strong></span> <span class='ocrx_word' id='word_1_601' title='bbox 2080 2817 2403 2872; x_wconf 69' lang='lat' dir='ltr'><strong>meroribus</strong></span> <span class='ocrx_word' id='word_1_602' title='bbox 2449 2817 2648 2883; x_wconf 80' lang='lat' dir='ltr'><strong>fueris,</strong></span> <span class='ocrx_word' id='word_1_603' title='bbox 2689 2833 2755 2874; x_wconf 91' lang='lat' dir='ltr'><strong>ex</strong></span> <span class='ocrx_word' id='word_1_604' title='bbox 2813 2821 3078 2890; x_wconf 60' lang='lat' dir='ltr'><strong>praesenti</strong></span> <span class='ocrx_word' id='word_1_605' title='bbox 3109 2826 3288 2876; x_wconf 85' lang='lat' dir='ltr'><strong>tamen</strong></span> <span class='ocrx_word' id='word_1_606' title='bbox 3339 2831 3583 2891; x_wconf 89' lang='lat' dir='ltr'><strong>tempore</strong></span> 
     </span>
    </p>
   </div>
   <div class='ocr_carea' id='block_1_82' title="bbox 1975 2908 3587 2978">
    <p class='ocr_par' dir='ltr' id='par_1_82' title="bbox 1975 2908 3587 2978">
     <span class='ocr_line' id='line_1_82' title="bbox 1975 2908 3587 2978; baseline 0.005 -19"><span class='ocrx_word' id='word_1_607' title='bbox 1975 2908 2222 2962; x_wconf 73' lang='lat' dir='ltr'><strong>maxima:</strong></span> <span class='ocrx_word' id='word_1_608' title='bbox 2249 2909 2450 2963; x_wconf 69' lang='lat' dir='ltr'><strong>lmutias</strong></span> <span class='ocrx_word' id='word_1_609' title='bbox 2471 2918 2632 2978; x_wconf 88' lang='lat' dir='ltr'><strong>atque</strong></span> <span class='ocrx_word' id='word_1_610' title='bbox 2659 2911 2952 2967; x_wconf 83' lang='lat' dir='ltr'><strong>alacritatis</strong></span> <span class='ocrx_word' id='word_1_611' title='bbox 2974 2914 3316 2970; x_wconf 79' lang='lat' dir='ltr'><strong>occasionem</strong></span> <span class='ocrx_word' id='word_1_612' title='bbox 3347 2915 3587 2970; x_wconf 78' lang='lat' dir='ltr'><strong>haurire?</strong></span> 
     </span>
    </p>
   </div>
   <div class='ocr_carea' id='block_1_83' title="bbox 1975 2994 3583 3075">
    <p class='ocr_par' dir='ltr' id='par_1_83' title="bbox 1975 2994 3583 3075">
     <span class='ocr_line' id='line_1_83' title="bbox 1975 2994 3583 3075; baseline 0.006 -25"><span class='ocrx_word' id='word_1_613' title='bbox 1975 2994 2285 3054; x_wconf 83' lang='lat' dir='ltr'><strong>Thesaurns</strong></span> <span class='ocrx_word' id='word_1_614' title='bbox 2331 3000 2474 3055; x_wconf 87' lang='lat' dir='ltr'><strong>enim</strong></span> <span class='ocrx_word' id='word_1_615' title='bbox 2527 3001 2618 3056; x_wconf 87' lang='lat' dir='ltr'><strong>ille</strong></span> <span class='ocrx_word' id='word_1_616' title='bbox 2657 3017 2820 3071; x_wconf 87' lang='lat' dir='ltr'><strong>quem</strong></span> <span class='ocrx_word' id='word_1_617' title='bbox 2848 3003 3142 3075; x_wconf 78' lang='lat' dir='ltr'><strong>collegisti,</strong></span> <span class='ocrx_word' id='word_1_618' title='bbox 3185 3004 3328 3059; x_wconf 78' lang='lat' dir='ltr'><strong>furto</strong></span> <span class='ocrx_word' id='word_1_619' title='bbox 3356 3006 3583 3062; x_wconf 82' lang='lat' dir='ltr'><strong>subduci</strong></span> 
     </span>
    </p>
   </div>
   <div class='ocr_carea' id='block_1_84' title="bbox 1978 3091 3584 3166">
    <p class='ocr_par' dir='ltr' id='par_1_84' title="bbox 1978 3091 3584 3166">
     <span class='ocr_line' id='line_1_84' title="bbox 1978 3091 3584 3166; baseline 0.006 -24"><span class='ocrx_word' id='word_1_620' title='bbox 1978 3103 2082 3143; x_wconf 86' lang='lat' dir='ltr'><strong>non</strong></span> <span class='ocrx_word' id='word_1_621' title='bbox 2109 3099 2282 3158; x_wconf 81' lang='lat' dir='ltr'><strong>potest</strong></span> <span class='ocrx_word' id='word_1_622' title='bbox 2315 3106 2328 3142; x_wconf 89' lang='lat'>:</span> <span class='ocrx_word' id='word_1_623' title='bbox 2369 3107 2468 3146; x_wconf 81' lang='lat' dir='ltr'><strong>nec</strong></span> <span class='ocrx_word' id='word_1_624' title='bbox 2493 3091 2661 3148; x_wconf 88' lang='lat' dir='ltr'><strong>decus</strong></span> <span class='ocrx_word' id='word_1_625' title='bbox 2686 3093 2839 3162; x_wconf 91' lang='lat' dir='ltr'><strong>illud,</strong></span> <span class='ocrx_word' id='word_1_626' title='bbox 2871 3095 3014 3166; x_wconf 88' lang='lat' dir='ltr'><strong>quod</strong></span> <span class='ocrx_word' id='word_1_627' title='bbox 3064 3109 3161 3166; x_wconf 89' lang='lat' dir='ltr'><strong>per</strong></span> <span class='ocrx_word' id='word_1_628' title='bbox 3183 3097 3280 3151; x_wconf 91' lang='lat' dir='ltr'><strong>has</strong></span> <span class='ocrx_word' id='word_1_629' title='bbox 3308 3099 3584 3152; x_wconf 81' lang='lat' dir='ltr'><strong>calamita-</strong></span> 
     </span>
    </p>
   </div>
   <div class='ocr_carea' id='block_1_85' title="bbox 1976 3181 3583 3256">
    <p class='ocr_par' dir='ltr' id='par_1_85' title="bbox 1976 3181 3583 3256">
     <span class='ocr_line' id='line_1_85' title="bbox 1976 3181 3583 3256; baseline 0.009 -23"><span class='ocrx_word' id='word_1_630' title='bbox 1976 3189 2054 3234; x_wconf 90' lang='lat' dir='ltr'><strong>tes</strong></span> <span class='ocrx_word' id='word_1_631' title='bbox 2102 3181 2192 3235; x_wconf 85' lang='lat' dir='ltr'><strong>tibi</strong></span> <span class='ocrx_word' id='word_1_632' title='bbox 2233 3192 2602 3252; x_wconf 72' lang='lat' dir='ltr'><strong>coonparatum</strong></span> <span class='ocrx_word' id='word_1_633' title='bbox 2647 3194 2751 3254; x_wconf 87' lang='lat' dir='ltr'><strong>est,</strong></span> <span class='ocrx_word' id='word_1_634' title='bbox 2802 3189 3200 3244; x_wconf 84' lang='lat' dir='ltr'><strong>successionem</strong></span> <span class='ocrx_word' id='word_1_635' title='bbox 3244 3191 3392 3246; x_wconf 88' lang='lat' dir='ltr'><strong>novit</strong></span> <span class='ocrx_word' id='word_1_636' title='bbox 3419 3233 3433 3256; x_wconf 92' lang='lat'><strong>,</strong></span> <span class='ocrx_word' id='word_1_637' title='bbox 3491 3203 3583 3247; x_wconf 91' lang='lat' dir='ltr'><strong>aut</strong></span> 
     </span>
    </p>
   </div>
   <div class='ocr_carea' id='block_1_86' title="bbox 1972 3269 3577 3350">
    <p class='ocr_par' dir='ltr' id='par_1_86' title="bbox 1972 3269 3577 3350">
     <span class='ocr_line' id='line_1_86' title="bbox 1972 3269 3577 3350; baseline 0.01 -27"><span class='ocrx_word' id='word_1_638' title='bbox 1972 3269 2130 3325; x_wconf 76' lang='lat' dir='ltr'><strong>tinem</strong></span> <span class='ocrx_word' id='word_1_639' title='bbox 2161 3284 2456 3342; x_wconf 88' lang='lat' dir='ltr'><strong>exspectat,</strong></span> <span class='ocrx_word' id='word_1_640' title='bbox 2489 3276 2585 3332; x_wconf 84' lang='lat' dir='ltr'><strong>sed</strong></span> <span class='ocrx_word' id='word_1_641' title='bbox 2629 3277 2697 3333; x_wconf 89' lang='lat' dir='ltr'><strong>ab</strong></span> <span class='ocrx_word' id='word_1_642' title='bbox 2726 3279 2874 3332; x_wconf 91' lang='lat' dir='ltr'><strong>omni</strong></span> <span class='ocrx_word' id='word_1_643' title='bbox 2911 3281 3142 3335; x_wconf 85' lang='lat' dir='ltr'><strong>termino</strong></span> <span class='ocrx_word' id='word_1_644' title='bbox 3184 3282 3419 3337; x_wconf 89' lang='lat' dir='ltr'><strong>alienum</strong></span> <span class='ocrx_word' id='word_1_645' title='bbox 3473 3294 3577 3350; x_wconf 91' lang='lat' dir='ltr'><strong>cst,</strong></span> 
     </span>
    </p>
   </div>
   <div class='ocr_carea' id='block_1_87' title="bbox 1971 3365 3581 3440">
    <p class='ocr_par' dir='ltr' id='par_1_87' title="bbox 1971 3365 3581 3440">
     <span class='ocr_line' id='line_1_87' title="bbox 1971 3365 3581 3440; baseline 0.009 -25"><span class='ocrx_word' id='word_1_646' title='bbox 1971 3372 2028 3415; x_wconf 91' lang='lat' dir='ltr'><strong>ut</strong></span> <span class='ocrx_word' id='word_1_647' title='bbox 2053 3365 2193 3432; x_wconf 85' lang='lat' dir='ltr'><strong>quod</strong></span> <span class='ocrx_word' id='word_1_648' title='bbox 2225 3380 2324 3421; x_wconf 88' lang='lat' dir='ltr'><strong>nec</strong></span> <span class='ocrx_word' id='word_1_649' title='bbox 2352 3376 2653 3438; x_wconf 82' lang='lat' dir='ltr'><strong>temporum</strong></span> <span class='ocrx_word' id='word_1_650' title='bbox 2675 3369 3021 3440; x_wconf 61' lang='lat' dir='ltr'><strong>difﬁcultate,</strong></span> <span class='ocrx_word' id='word_1_651' title='bbox 3057 3383 3159 3428; x_wconf 82' lang='lat' dir='ltr'><strong>nec</strong></span> <span class='ocrx_word' id='word_1_652' title='bbox 3189 3373 3465 3430; x_wconf 84' lang='lat' dir='ltr'><strong>hominum</strong></span> <span class='ocrx_word' id='word_1_653' title='bbox 3500 3378 3581 3431; x_wconf 92' lang='lat' dir='ltr'><strong>iu-</strong></span> 
     </span>
    </p>
   </div>
   <div class='ocr_carea' id='block_1_88' title="bbox 1969 3455 3580 3539">
    <p class='ocr_par' dir='ltr' id='par_1_88' title="bbox 1969 3455 3580 3539">
     <span class='ocr_line' id='line_1_88' title="bbox 1969 3455 3580 3539; baseline 0.01 -29"><span class='ocrx_word' id='word_1_654' title='bbox 1969 3455 2140 3518; x_wconf 86' lang='lat' dir='ltr'><strong>sidiis.</strong></span> <span class='ocrx_word' id='word_1_655' title='bbox 2196 3473 2294 3514; x_wconf 89' lang='lat' dir='ltr'><strong>nec</strong></span> <span class='ocrx_word' id='word_1_656' title='bbox 2319 3458 2624 3516; x_wconf 68' lang='lat' dir='ltr'><strong>daemonum</strong></span> <span class='ocrx_word' id='word_1_657' title='bbox 2657 3463 2965 3532; x_wconf 86' lang='lat' dir='ltr'><strong>iusultibus,</strong></span> <span class='ocrx_word' id='word_1_658' title='bbox 3004 3478 3110 3522; x_wconf 79' lang='lat' dir='ltr'><strong>nec</strong></span> <span class='ocrx_word' id='word_1_659' title='bbox 3133 3465 3364 3539; x_wconf 88' lang='lat' dir='ltr'><strong>denique</strong></span> <span class='ocrx_word' id='word_1_660' title='bbox 3407 3463 3580 3527; x_wconf 85' lang='lat' dir='ltr'><strong>morte</strong></span> 
     </span>
    </p>
   </div>
   <div class='ocr_carea' id='block_1_89' title="bbox 1968 3548 3576 3630">
    <p class='ocr_par' dir='ltr' id='par_1_89' title="bbox 1968 3548 3576 3630">
     <span class='ocr_line' id='line_1_89' title="bbox 1968 3548 3576 3630; baseline 0.009 -29"><span class='ocrx_word' id='word_1_661' title='bbox 1968 3548 2078 3618; x_wconf 87' lang='lat' dir='ltr'><strong>ipsa</strong></span> <span class='ocrx_word' id='word_1_662' title='bbox 2112 3549 2552 3622; x_wconf 89' lang='lat' dir='ltr'><strong>iutcrrumpatur.</strong></span> <span class='ocrx_word' id='word_1_663' title='bbox 2577 3553 2731 3622; x_wconf 85' lang='lat' dir='ltr'><strong>Quod</strong></span> <span class='ocrx_word' id='word_1_664' title='bbox 2758 3557 2804 3610; x_wconf 91' lang='lat' dir='ltr'><strong>si</strong></span> <span class='ocrx_word' id='word_1_665' title='bbox 2833 3557 2994 3612; x_wconf 89' lang='lat' dir='ltr'><strong>etiam</strong></span> <span class='ocrx_word' id='word_1_666' title='bbox 3021 3559 3208 3630; x_wconf 82' lang='lat' dir='ltr'><strong>lugere</strong></span> <span class='ocrx_word' id='word_1_667' title='bbox 3232 3562 3442 3616; x_wconf 90' lang='lat' dir='ltr'><strong>animus</strong></span> <span class='ocrx_word' id='word_1_668' title='bbox 3470 3574 3576 3628; x_wconf 81' lang='lat' dir='ltr'><strong>est,</strong></span> 
     </span>
    </p>
   </div>
   <div class='ocr_carea' id='block_1_90' title="bbox 1965 3642 3576 3722">
    <p class='ocr_par' dir='ltr' id='par_1_90' title="bbox 1965 3642 3576 3722">
     <span class='ocr_line' id='line_1_90' title="bbox 1965 3642 3576 3722; baseline 0.01 -29"><span class='ocrx_word' id='word_1_669' title='bbox 1965 3654 2059 3695; x_wconf 91' lang='lat' dir='ltr'><strong>eos</strong></span> <span class='ocrx_word' id='word_1_670' title='bbox 2090 3643 2179 3712; x_wconf 88' lang='lat' dir='ltr'><strong>qui</strong></span> <span class='ocrx_word' id='word_1_671' title='bbox 2207 3642 2323 3698; x_wconf 68' lang='lat' dir='ltr'><strong>haec</strong></span> <span class='ocrx_word' id='word_1_672' title='bbox 2356 3655 2668 3715; x_wconf 86' lang='lat' dir='ltr'><strong>perpetrant</strong></span> <span class='ocrx_word' id='word_1_673' title='bbox 2704 3647 2847 3720; x_wconf 85' lang='lat' dir='ltr'><strong>lnge,</strong></span> <span class='ocrx_word' id='word_1_674' title='bbox 2875 3648 3089 3717; x_wconf 69' lang='lat' dir='ltr'><strong>borum,</strong></span> <span class='ocrx_word' id='word_1_675' title='bbox 3123 3651 3362 3722; x_wconf 84' lang='lat' dir='ltr'><strong>inquam,</strong></span> <span class='ocrx_word' id='word_1_676' title='bbox 3401 3654 3576 3708; x_wconf 80' lang='lat' dir='ltr'><strong>malo-</strong></span> 
     </span>
    </p>
   </div>
   <div class='ocr_carea' id='block_1_91' title="bbox 1965 3736 3571 3814">
    <p class='ocr_par' dir='ltr' id='par_1_91' title="bbox 1965 3736 3571 3814">
     <span class='ocr_line' id='line_1_91' title="bbox 1965 3736 3571 3814; baseline 0.009 -28"><span class='ocrx_word' id='word_1_677' title='bbox 1965 3748 2082 3787; x_wconf 92' lang='lat' dir='ltr'><strong>rum</strong></span> <span class='ocrx_word' id='word_1_678' title='bbox 2114 3745 2384 3803; x_wconf 87' lang='lat' dir='ltr'><strong>auctores,</strong></span> <span class='ocrx_word' id='word_1_679' title='bbox 2417 3736 2609 3794; x_wconf 85' lang='lat' dir='ltr'><strong>horum</strong></span> <span class='ocrx_word' id='word_1_680' title='bbox 2653 3740 3023 3810; x_wconf 85' lang='lat' dir='ltr'><strong>administros,</strong></span> <span class='ocrx_word' id='word_1_681' title='bbox 3056 3743 3146 3814; x_wconf 85' lang='lat' dir='ltr'><strong>qui</strong></span> <span class='ocrx_word' id='word_1_682' title='bbox 3203 3754 3257 3800; x_wconf 87' lang='lat' dir='ltr'><strong>et</strong></span> <span class='ocrx_word' id='word_1_683' title='bbox 3307 3746 3571 3801; x_wconf 90' lang='lat' dir='ltr'><strong>maximos</strong></span> 
     </span>
    </p>
   </div>
   <div class='ocr_carea' id='block_1_92' title="bbox 1963 3826 3569 3903">
    <p class='ocr_par' dir='ltr' id='par_1_92' title="bbox 1963 3826 3569 3903">
     <span class='ocr_line' id='line_1_92' title="bbox 1963 3826 3569 3903; baseline 0.007 -23"><span class='ocrx_word' id='word_1_684' title='bbox 1963 3826 2197 3896; x_wconf 86' lang='lat' dir='ltr'><strong>sibiipsis</strong></span> <span class='ocrx_word' id='word_1_685' title='bbox 2213 3829 2265 3883; x_wconf 91' lang='lat' dir='ltr'><strong>in</strong></span> <span class='ocrx_word' id='word_1_686' title='bbox 2289 3829 2525 3885; x_wconf 80' lang='lat' dir='ltr'><strong>futurum</strong></span> <span class='ocrx_word' id='word_1_687' title='bbox 2550 3835 2820 3888; x_wconf 83' lang='lat' dir='ltr'><strong>cruciatus</strong></span> <span class='ocrx_word' id='word_1_688' title='bbox 2841 3835 3220 3903; x_wconf 86' lang='lat' dir='ltr'><strong>condiderunt,</strong></span> <span class='ocrx_word' id='word_1_689' title='bbox 3233 3844 3288 3891; x_wconf 87' lang='lat' dir='ltr'><strong>et</strong></span> <span class='ocrx_word' id='word_1_690' title='bbox 3303 3837 3388 3892; x_wconf 93' lang='lat' dir='ltr'><strong>hic</strong></span> <span class='ocrx_word' id='word_1_691' title='bbox 3407 3839 3569 3892; x_wconf 82' lang='lat' dir='ltr'><strong>etiam</strong></span> 
     </span>
    </p>
   </div>
   <div class='ocr_carea' id='block_1_93' title="bbox 1959 3921 3571 4001">
    <p class='ocr_par' dir='ltr' id='par_1_93' title="bbox 1959 3921 3571 4001">
     <span class='ocr_line' id='line_1_93' title="bbox 1959 3921 3571 4001; baseline 0.009 -27"><span class='ocrx_word' id='word_1_692' title='bbox 1959 3921 2335 3979; x_wconf 84' lang='lat' dir='ltr'><strong>acerbissimas</strong></span> <span class='ocrx_word' id='word_1_693' title='bbox 2355 3938 2541 3995; x_wconf 64' lang='lat' dir='ltr'><strong>paruas</strong></span> <span class='ocrx_word' id='word_1_694' title='bbox 2565 3927 2796 3993; x_wconf 83' lang='lat' dir='ltr'><strong>luerunt,</strong></span> <span class='ocrx_word' id='word_1_695' title='bbox 2818 3939 2978 4000; x_wconf 91' lang='lat' dir='ltr'><strong>upote</strong></span> <span class='ocrx_word' id='word_1_696' title='bbox 3006 3930 3402 4001; x_wconf 85' lang='lat' dir='ltr'><strong>quoshomines</strong></span> <span class='ocrx_word' id='word_1_697' title='bbox 3416 3948 3571 3988; x_wconf 80' lang='lat' dir='ltr'><strong>aver-</strong></span> 
     </span>
    </p>
   </div>
   <div class='ocr_carea' id='block_1_94' title="bbox 1963 4014 3566 4090">
    <p class='ocr_par' dir='ltr' id='par_1_94' title="bbox 1963 4014 3566 4090">
     <span class='ocr_line' id='line_1_94' title="bbox 1963 4014 3566 4090; baseline 0.007 -23"><span class='ocrx_word' id='word_1_698' title='bbox 1963 4022 2173 4082; x_wconf 89' lang='lat' dir='ltr'><strong>sentur,</strong></span> <span class='ocrx_word' id='word_1_699' title='bbox 2203 4014 2549 4088; x_wconf 88' lang='lat' dir='ltr'><strong>hostiumque</strong></span> <span class='ocrx_word' id='word_1_700' title='bbox 2573 4018 2624 4073; x_wconf 93' lang='lat' dir='ltr'><strong>in</strong></span> <span class='ocrx_word' id='word_1_701' title='bbox 2647 4033 2874 4075; x_wconf 84' lang='lat' dir='ltr'><strong>numero</strong></span> <span class='ocrx_word' id='word_1_702' title='bbox 2891 4020 3152 4090; x_wconf 70' lang='lat' dir='ltr'><strong>habeant,</strong></span> <span class='ocrx_word' id='word_1_703' title='bbox 3172 4033 3223 4078; x_wconf 87' lang='lat' dir='ltr'><strong>et</strong></span> <span class='ocrx_word' id='word_1_704' title='bbox 3247 4023 3379 4078; x_wconf 88' lang='lat' dir='ltr'><strong>diris</strong></span> <span class='ocrx_word' id='word_1_705' title='bbox 3398 4023 3566 4079; x_wconf 83' lang='lat' dir='ltr'><strong>devo-</strong></span> 
     </span>
    </p>
   </div>
   <div class='ocr_carea' id='block_1_95' title="bbox 1958 4111 3561 4187">
    <p class='ocr_par' dir='ltr' id='par_1_95' title="bbox 1958 4111 3561 4187">
     <span class='ocr_line' id='line_1_95' title="bbox 1958 4111 3561 4187; baseline 0.009 -29"><span class='ocrx_word' id='word_1_706' title='bbox 1958 4117 2120 4161; x_wconf 86' lang='lat' dir='ltr'><strong>veant</strong></span> <span class='ocrx_word' id='word_1_707' title='bbox 2142 4119 2308 4179; x_wconf 83' lang='lat' dir='ltr'><strong>atque</strong></span> <span class='ocrx_word' id='word_1_708' title='bbox 2337 4111 2720 4168; x_wconf 89' lang='lat' dir='ltr'><strong>condemnenl.</strong></span> <span class='ocrx_word' id='word_1_709' title='bbox 2751 4112 2854 4182; x_wconf 84' lang='lat' dir='ltr'><strong>Qui</strong></span> <span class='ocrx_word' id='word_1_710' title='bbox 2893 4115 2936 4170; x_wconf 83' lang='lat' dir='ltr'><strong>si</strong></span> <span class='ocrx_word' id='word_1_711' title='bbox 2986 4114 3105 4171; x_wconf 65' lang='lat' dir='ltr'><strong>haec</strong></span> <span class='ocrx_word' id='word_1_712' title='bbox 3155 4131 3260 4173; x_wconf 89' lang='lat' dir='ltr'><strong>non</strong></span> <span class='ocrx_word' id='word_1_713' title='bbox 3304 4119 3561 4187; x_wconf 73' lang='lat' dir='ltr'><strong>sentiunt,</strong></span> 
     </span>
    </p>
   </div>
   <div class='ocr_carea' id='block_1_96' title="bbox 1957 4197 3565 4283">
    <p class='ocr_par' dir='ltr' id='par_1_96' title="bbox 1957 4197 3565 4283">
     <span class='ocr_line' id='line_1_96' title="bbox 1957 4197 3565 4283; baseline 0.009 -30"><span class='ocrx_word' id='word_1_714' title='bbox 1957 4197 2060 4254; x_wconf 85' lang='lat' dir='ltr'><strong>hoc</strong></span> <span class='ocrx_word' id='word_1_715' title='bbox 2087 4215 2304 4271; x_wconf 84' lang='lat' dir='ltr'><strong>quoque</strong></span> <span class='ocrx_word' id='word_1_716' title='bbox 2343 4204 2562 4260; x_wconf 88' lang='lat' dir='ltr'><strong>nomine</strong></span> <span class='ocrx_word' id='word_1_717' title='bbox 2616 4205 2957 4275; x_wconf 83' lang='lat' dir='ltr'><strong>potissimum</strong></span> <span class='ocrx_word' id='word_1_718' title='bbox 2987 4207 3172 4264; x_wconf 86' lang='lat' dir='ltr'><strong>miseri</strong></span> <span class='ocrx_word' id='word_1_719' title='bbox 3217 4219 3343 4264; x_wconf 91' lang='lat' dir='ltr'><strong>sunt</strong></span> <span class='ocrx_word' id='word_1_720' title='bbox 3389 4211 3565 4283; x_wconf 79' lang='lat' dir='ltr'><strong>lacry-</strong></span> 
     </span>
    </p>
   </div>
   <div class='ocr_carea' id='block_1_97' title="bbox 1954 4291 3562 4372">
    <p class='ocr_par' dir='ltr' id='par_1_97' title="bbox 1954 4291 3562 4372">
     <span class='ocr_line' id='line_1_97' title="bbox 1954 4291 3562 4372; baseline 0.008 -27"><span class='ocrx_word' id='word_1_721' title='bbox 1954 4291 2163 4364; x_wconf 82' lang='lat' dir='ltr'><strong>misque</strong></span> <span class='ocrx_word' id='word_1_722' title='bbox 2186 4294 2362 4366; x_wconf 87' lang='lat' dir='ltr'><strong>digni;</strong></span> <span class='ocrx_word' id='word_1_723' title='bbox 2413 4310 2521 4352; x_wconf 89' lang='lat' dir='ltr'><strong>non</strong></span> <span class='ocrx_word' id='word_1_724' title='bbox 2552 4312 2711 4354; x_wconf 84' lang='lat' dir='ltr'><strong>secus</strong></span> <span class='ocrx_word' id='word_1_725' title='bbox 2759 4299 3008 4356; x_wconf 87' lang='lat' dir='ltr'><strong>videlicet</strong></span> <span class='ocrx_word' id='word_1_726' title='bbox 3035 4316 3100 4357; x_wconf 88' lang='lat' dir='ltr'><strong>ac</strong></span> <span class='ocrx_word' id='word_1_727' title='bbox 3147 4301 3396 4372; x_wconf 86' lang='lat' dir='ltr'><strong>phrenesi</strong></span> <span class='ocrx_word' id='word_1_728' title='bbox 3420 4305 3562 4358; x_wconf 86' lang='lat' dir='ltr'><strong>labo-</strong></span> 
     </span>
    </p>
   </div>
   <div class='ocr_carea' id='block_1_98' title="bbox 1950 4389 3560 4459">
    <p class='ocr_par' dir='ltr' id='par_1_98' title="bbox 1950 4389 3560 4459">
     <span class='ocr_line' id='line_1_98' title="bbox 1950 4389 3560 4459; baseline 0.009 -19"><span class='ocrx_word' id='word_1_729' title='bbox 1950 4396 2156 4456; x_wconf 85' lang='lat' dir='ltr'><strong>rantes,</strong></span> <span class='ocrx_word' id='word_1_730' title='bbox 2187 4389 2278 4459; x_wconf 86' lang='lat' dir='ltr'><strong>qui</strong></span> <span class='ocrx_word' id='word_1_731' title='bbox 2306 4389 2506 4446; x_wconf 79' lang='lat' dir='ltr'><strong>frustm</strong></span> <span class='ocrx_word' id='word_1_732' title='bbox 2547 4391 2765 4459; x_wconf 84' lang='lat' dir='ltr'><strong>quidem</strong></span> <span class='ocrx_word' id='word_1_733' title='bbox 2793 4408 2858 4450; x_wconf 89' lang='lat' dir='ltr'><strong>ac</strong></span> <span class='ocrx_word' id='word_1_734' title='bbox 2886 4403 3090 4451; x_wconf 89' lang='lat' dir='ltr'><strong>temere</strong></span> <span class='ocrx_word' id='word_1_735' title='bbox 3114 4396 3350 4452; x_wconf 85' lang='lat' dir='ltr'><strong>calcibus</strong></span> <span class='ocrx_word' id='word_1_736' title='bbox 3370 4397 3560 4454; x_wconf 84' lang='lat' dir='ltr'><strong>obvios</strong></span> 
     </span>
    </p>
   </div>
   <div class='ocr_carea' id='block_1_99' title="bbox 1948 4480 3558 4556">
    <p class='ocr_par' dir='ltr' id='par_1_99' title="bbox 1948 4480 3558 4556">
     <span class='ocr_line' id='line_1_99' title="bbox 1948 4480 3558 4556; baseline 0.009 -26"><span class='ocrx_word' id='word_1_737' title='bbox 1948 4492 2194 4550; x_wconf 84' lang='lat' dir='ltr'><strong>quosque</strong></span> <span class='ocrx_word' id='word_1_738' title='bbox 2221 4480 2497 4536; x_wconf 89' lang='lat' dir='ltr'><strong>incessunt</strong></span> <span class='ocrx_word' id='word_1_739' title='bbox 2520 4497 2585 4539; x_wconf 89' lang='lat' dir='ltr'><strong>ac</strong></span> <span class='ocrx_word' id='word_1_740' title='bbox 2611 4483 2830 4552; x_wconf 78' lang='lat' dir='ltr'><strong>feriunt,</strong></span> <span class='ocrx_word' id='word_1_741' title='bbox 2887 4500 3033 4556; x_wconf 80' lang='lat' dir='ltr'><strong>saepe</strong></span> <span class='ocrx_word' id='word_1_742' title='bbox 3068 4487 3232 4542; x_wconf 86' lang='lat' dir='ltr'><strong>etiam</strong></span> <span class='ocrx_word' id='word_1_743' title='bbox 3259 4489 3463 4544; x_wconf 87' lang='lat' dir='ltr'><strong>amicos</strong></span> <span class='ocrx_word' id='word_1_744' title='bbox 3491 4504 3558 4546; x_wconf 88' lang='lat' dir='ltr'><strong>ac</strong></span> 
     </span>
    </p>
   </div>
   <div class='ocr_carea' id='block_1_100' title="bbox 1946 4569 3555 4652">
    <p class='ocr_par' dir='ltr' id='par_1_100' title="bbox 1946 4569 3555 4652">
     <span class='ocr_line' id='line_1_100' title="bbox 1946 4569 3555 4652; baseline 0.009 -28"><span class='ocrx_word' id='word_1_745' title='bbox 1946 4569 2015 4625; x_wconf 90' lang='lat' dir='ltr'><strong>de</strong></span> <span class='ocrx_word' id='word_1_746' title='bbox 2055 4587 2114 4626; x_wconf 89' lang='lat' dir='ltr'><strong>se</strong></span> <span class='ocrx_word' id='word_1_747' title='bbox 2140 4573 2280 4628; x_wconf 78' lang='lat' dir='ltr'><strong>bene</strong></span> <span class='ocrx_word' id='word_1_748' title='bbox 2306 4575 2563 4630; x_wconf 89' lang='lat' dir='ltr'><strong>meritos:</strong></span> <span class='ocrx_word' id='word_1_749' title='bbox 2583 4591 2706 4632; x_wconf 86' lang='lat' dir='ltr'><strong>eum</strong></span> <span class='ocrx_word' id='word_1_750' title='bbox 2736 4587 2915 4634; x_wconf 90' lang='lat' dir='ltr'><strong>tamen</strong></span> <span class='ocrx_word' id='word_1_751' title='bbox 2943 4577 3200 4650; x_wconf 81' lang='lat' dir='ltr'><strong>furorem,</strong></span> <span class='ocrx_word' id='word_1_752' title='bbox 3229 4595 3339 4652; x_wconf 89' lang='lat' dir='ltr'><strong>quo</strong></span> <span class='ocrx_word' id='word_1_753' title='bbox 3363 4583 3555 4652; x_wconf 85' lang='lat' dir='ltr'><strong>perciti</strong></span> 
     </span>
    </p>
   </div>
   <div class='ocr_carea' id='block_1_101' title="bbox 1943 4665 3554 4742">
    <p class='ocr_par' dir='ltr' id='par_1_101' title="bbox 1943 4665 3554 4742">
     <span class='ocr_line' id='line_1_101' title="bbox 1943 4665 3554 4742; baseline 0.007 -25"><span class='ocrx_word' id='word_1_754' title='bbox 1943 4673 2087 4727; x_wconf 87' lang='lat' dir='ltr'><strong>sunt,</strong></span> <span class='ocrx_word' id='word_1_755' title='bbox 2117 4665 2340 4723; x_wconf 89' lang='lat' dir='ltr'><strong>minime</strong></span> <span class='ocrx_word' id='word_1_756' title='bbox 2385 4669 2642 4727; x_wconf 84' lang='lat' dir='ltr'><strong>sentiunt.</strong></span> <span class='ocrx_word' id='word_1_757' title='bbox 2667 4669 2750 4726; x_wconf 90' lang='lat' dir='ltr'><strong>Ob</strong></span> <span class='ocrx_word' id='word_1_758' title='bbox 2771 4671 2932 4742; x_wconf 85' lang='lat' dir='ltr'><strong>idque</strong></span> <span class='ocrx_word' id='word_1_759' title='bbox 2959 4673 3235 4730; x_wconf 84' lang='lat' dir='ltr'><strong>incurablll</strong></span> <span class='ocrx_word' id='word_1_760' title='bbox 3262 4676 3452 4731; x_wconf 88' lang='lat' dir='ltr'><strong>morbo</strong></span> <span class='ocrx_word' id='word_1_761' title='bbox 3474 4685 3554 4730; x_wconf 87' lang='lat' dir='ltr'><strong>tc-</strong></span> 
     </span>
    </p>
   </div>
   <div class='ocr_carea' id='block_1_102' title="bbox 1942 4754 3548 4823">
    <p class='ocr_par' dir='ltr' id='par_1_102' title="bbox 1942 4754 3548 4823">
     <span class='ocr_line' id='line_1_102' title="bbox 1942 4754 3548 4823; baseline 0.009 -20"><span class='ocrx_word' id='word_1_762' title='bbox 1942 4762 2158 4814; x_wconf 82' lang='lat' dir='ltr'><strong>nentur,</strong></span> <span class='ocrx_word' id='word_1_763' title='bbox 2213 4768 2312 4807; x_wconf 90' lang='lat' dir='ltr'><strong>nec</strong></span> <span class='ocrx_word' id='word_1_764' title='bbox 2337 4754 2575 4810; x_wconf 90' lang='lat' dir='ltr'><strong>medicos</strong></span> <span class='ocrx_word' id='word_1_765' title='bbox 2605 4756 2920 4823; x_wconf 81' lang='lat' dir='ltr'><strong>admittunt,</strong></span> <span class='ocrx_word' id='word_1_766' title='bbox 2977 4769 3086 4814; x_wconf 76' lang='lat' dir='ltr'><strong>net.r</strong></span> <span class='ocrx_word' id='word_1_767' title='bbox 3114 4760 3503 4818; x_wconf 77' lang='lat' dir='ltr'><strong>medicamenta</strong></span> <span class='ocrx_word' id='word_1_768' title='bbox 3533 4781 3548 4818; x_wconf 90' lang='lat'><strong>:</strong></span> 
     </span>
    </p>
   </div>
   <div class='ocr_carea' id='block_1_103' title="bbox 1938 4843 3547 4925">
    <p class='ocr_par' dir='ltr' id='par_1_103' title="bbox 1938 4843 3547 4925">
     <span class='ocr_line' id='line_1_103' title="bbox 1938 4843 3547 4925; baseline 0.01 -31"><span class='ocrx_word' id='word_1_769' title='bbox 1938 4843 2066 4911; x_wconf 84' lang='lat' dir='ltr'><strong>quin</strong></span> <span class='ocrx_word' id='word_1_770' title='bbox 2113 4845 2288 4912; x_wconf 87' lang='lat' dir='ltr'><strong>potius</strong></span> <span class='ocrx_word' id='word_1_771' title='bbox 2318 4861 2413 4900; x_wconf 88' lang='lat' dir='ltr'><strong>eos</strong></span> <span class='ocrx_word' id='word_1_772' title='bbox 2458 4862 2672 4917; x_wconf 87' lang='lat' dir='ltr'><strong>quoque</strong></span> <span class='ocrx_word' id='word_1_773' title='bbox 2692 4848 2781 4918; x_wconf 86' lang='lat' dir='ltr'><strong>qui</strong></span> <span class='ocrx_word' id='word_1_774' title='bbox 2811 4851 2942 4919; x_wconf 88' lang='lat' dir='ltr'><strong>ipsis</strong></span> <span class='ocrx_word' id='word_1_775' title='bbox 2970 4851 3172 4906; x_wconf 87' lang='lat' dir='ltr'><strong>mederi</strong></span> <span class='ocrx_word' id='word_1_776' title='bbox 3201 4861 3363 4925; x_wconf 80' lang='lat' dir='ltr'><strong>atque</strong></span> <span class='ocrx_word' id='word_1_777' title='bbox 3389 4869 3547 4924; x_wconf 82' lang='lat' dir='ltr'><strong>opem</strong></span> 
     </span>
    </p>
   </div>
   <div class='ocr_carea' id='block_1_104' title="bbox 1938 4932 3547 5017">
    <p class='ocr_par' dir='ltr' id='par_1_104' title="bbox 1938 4932 3547 5017">
     <span class='ocr_line' id='line_1_104' title="bbox 1938 4932 3547 5017; baseline 0.011 -32"><span class='ocrx_word' id='word_1_778' title='bbox 1938 4932 2080 4988; x_wconf 82' lang='lat' dir='ltr'><strong>ferre</strong></span> <span class='ocrx_word' id='word_1_779' title='bbox 2123 4935 2361 5004; x_wconf 87' lang='lat' dir='ltr'><strong>student,</strong></span> <span class='ocrx_word' id='word_1_780' title='bbox 2391 4939 2552 4993; x_wconf 89' lang='lat' dir='ltr'><strong>rebus</strong></span> <span class='ocrx_word' id='word_1_781' title='bbox 2585 4941 2869 4995; x_wconf 85' lang='lat' dir='ltr'><strong>contrariis</strong></span> <span class='ocrx_word' id='word_1_782' title='bbox 2892 4956 3326 4999; x_wconf 86' lang='lat' dir='ltr'><strong>remunerantur.</strong></span> <span class='ocrx_word' id='word_1_783' title='bbox 3365 4946 3547 5017; x_wconf 87' lang='lat' dir='ltr'><strong>Itaque</strong></span> 
     </span>
    </p>
   </div>
   <div class='ocr_carea' id='block_1_105' title="bbox 1935 5027 3545 5102">
    <p class='ocr_par' dir='ltr' id='par_1_105' title="bbox 1935 5027 3545 5102">
     <span class='ocr_line' id='line_1_105' title="bbox 1935 5027 3545 5102; baseline 0.008 -21"><span class='ocrx_word' id='word_1_784' title='bbox 1935 5027 2006 5081; x_wconf 90' lang='lat' dir='ltr'><strong>ob</strong></span> <span class='ocrx_word' id='word_1_785' title='bbox 2036 5027 2139 5082; x_wconf 86' lang='lat' dir='ltr'><strong>hoc</strong></span> <span class='ocrx_word' id='word_1_786' title='bbox 2167 5043 2380 5100; x_wconf 90' lang='lat' dir='ltr'><strong>quoque</strong></span> <span class='ocrx_word' id='word_1_787' title='bbox 2427 5033 2596 5100; x_wconf 89' lang='lat' dir='ltr'><strong>ipsum</strong></span> <span class='ocrx_word' id='word_1_788' title='bbox 2644 5033 2825 5088; x_wconf 89' lang='lat' dir='ltr'><strong>miseri</strong></span> <span class='ocrx_word' id='word_1_789' title='bbox 2859 5035 2945 5089; x_wconf 89' lang='lat' dir='ltr'><strong>isti</strong></span> <span class='ocrx_word' id='word_1_790' title='bbox 2977 5045 3129 5102; x_wconf 86' lang='lat' dir='ltr'><strong>sunt,</strong></span> <span class='ocrx_word' id='word_1_791' title='bbox 3164 5038 3208 5092; x_wconf 92' lang='lat' dir='ltr'><strong>si</strong></span> <span class='ocrx_word' id='word_1_792' title='bbox 3248 5048 3409 5095; x_wconf 68' lang='lat' dir='ltr'><strong>tantae</strong></span> <span class='ocrx_word' id='word_1_793' title='bbox 3439 5041 3545 5094; x_wconf 80' lang='lat' dir='ltr'><strong>im-</strong></span> 
     </span>
    </p>
   </div>
   <div class='ocr_carea' id='block_1_106' title="bbox 1934 5120 3542 5193">
    <p class='ocr_par' dir='ltr' id='par_1_106' title="bbox 1934 5120 3542 5193">
     <span class='ocr_line' id='line_1_106' title="bbox 1934 5120 3542 5193; baseline 0.009 -21"><span class='ocrx_word' id='word_1_794' title='bbox 1934 5120 2214 5187; x_wconf 74' lang='lat' dir='ltr'><strong>probitatis</strong></span> <span class='ocrx_word' id='word_1_795' title='bbox 2239 5136 2400 5177; x_wconf 92' lang='lat' dir='ltr'><strong>sensu</strong></span> <span class='ocrx_word' id='word_1_796' title='bbox 2431 5135 2638 5181; x_wconf 88' lang='lat' dir='ltr'><strong>carent.</strong></span> <span class='ocrx_word' id='word_1_797' title='bbox 2683 5126 2834 5193; x_wconf 88' lang='lat' dir='ltr'><strong>Quod</strong></span> <span class='ocrx_word' id='word_1_798' title='bbox 2858 5129 2901 5182; x_wconf 88' lang='lat' dir='ltr'><strong>si</strong></span> <span class='ocrx_word' id='word_1_799' title='bbox 2932 5129 3159 5183; x_wconf 85' lang='lat' dir='ltr'><strong>aliorum</strong></span> <span class='ocrx_word' id='word_1_800' title='bbox 3207 5134 3542 5188; x_wconf 82' lang='lat' dir='ltr'><strong>condemna-</strong></span> 
     </span>
    </p>
   </div>
   <div class='ocr_carea' id='block_1_107' title="bbox 1933 5211 3539 5294">
    <p class='ocr_par' dir='ltr' id='par_1_107' title="bbox 1933 5211 3539 5294">
     <span class='ocr_line' id='line_1_107' title="bbox 1933 5211 3539 5294; baseline 0.012 -31"><span class='ocrx_word' id='word_1_801' title='bbox 1933 5211 2130 5266; x_wconf 87' lang='lat' dir='ltr'><strong>tionem</strong></span> <span class='ocrx_word' id='word_1_802' title='bbox 2180 5213 2312 5268; x_wconf 89' lang='lat' dir='ltr'><strong>nihil</strong></span> <span class='ocrx_word' id='word_1_803' title='bbox 2355 5226 2655 5283; x_wconf 80' lang='lat' dir='ltr'><strong>morantur,</strong></span> <span class='ocrx_word' id='word_1_804' title='bbox 2699 5230 2755 5273; x_wconf 90' lang='lat' dir='ltr'><strong>at</strong></span> <span class='ocrx_word' id='word_1_805' title='bbox 2794 5228 2942 5275; x_wconf 84' lang='lat' dir='ltr'><strong>certe</strong></span> <span class='ocrx_word' id='word_1_806' title='bbox 2988 5221 3103 5277; x_wconf 83' lang='lat' dir='ltr'><strong>ﬁeri</strong></span> <span class='ocrx_word' id='word_1_807' title='bbox 3138 5240 3242 5280; x_wconf 88' lang='lat' dir='ltr'><strong>non</strong></span> <span class='ocrx_word' id='word_1_808' title='bbox 3263 5219 3450 5294; x_wconf 78' lang='lat' dir='ltr'><strong>potest</strong></span> <span class='ocrx_word' id='word_1_809' title='bbox 3481 5237 3539 5282; x_wconf 87' lang='lat' dir='ltr'><strong>nt</strong></span> 
     </span>
    </p>
   </div>
   <div class='ocr_carea' id='block_1_108' title="bbox 218 5272 1820 5370">
    <p class='ocr_par' dir='ltr' id='par_1_108' title="bbox 218 5272 1820 5370">
     <span class='ocr_line' id='line_1_108' title="bbox 218 5272 1820 5370; baseline 0.023 -49"><span class='ocrx_word' id='word_1_810' title='bbox 218 5282 332 5332; x_wconf 81' lang='lat' dir='ltr'><strong>tuo,</strong></span> <span class='ocrx_word' id='word_1_811' title='bbox 365 5272 570 5342; x_wconf 87' lang='lat' dir='ltr'><strong>amicis,</strong></span> <span class='ocrx_word' id='word_1_812' title='bbox 613 5280 886 5348; x_wconf 88' lang='lat' dir='ltr'><strong>cognatis;</strong></span> <span class='ocrx_word' id='word_1_813' title='bbox 921 5285 972 5338; x_wconf 92' lang='lat' dir='ltr'><strong>in</strong></span> <span class='ocrx_word' id='word_1_814' title='bbox 1013 5286 1258 5344; x_wconf 63' lang='lat' dir='ltr'><strong>exsilium</strong></span> <span class='ocrx_word' id='word_1_815' title='bbox 1300 5272 1462 5350; x_wconf 78' lang='lat' dir='ltr'><strong>missa</strong></span> <span class='ocrx_word' id='word_1_816' title='bbox 1485 5312 1583 5365; x_wconf 89' lang='lat' dir='ltr'><strong>es;</strong></span> <span class='ocrx_word' id='word_1_817' title='bbox 1631 5272 1820 5370; x_wconf 85' lang='lat' dir='ltr'><strong>quovis</strong></span> 
     </span>
    </p>
   </div>
   <div class='ocr_carea' id='block_1_109' title="bbox 212 5361 1816 5450">
    <p class='ocr_par' dir='ltr' id='par_1_109' title="bbox 212 5361 1816 5450">
     <span class='ocr_line' id='line_1_109' title="bbox 212 5361 1816 5450; baseline 0.021 -34"><span class='ocrx_word' id='word_1_818' title='bbox 212 5361 307 5418; x_wconf 85' lang='lat' dir='ltr'><strong>die</strong></span> <span class='ocrx_word' id='word_1_819' title='bbox 328 5367 464 5421; x_wconf 90' lang='lat' dir='ltr'><strong>mori</strong></span> <span class='ocrx_word' id='word_1_820' title='bbox 490 5382 596 5423; x_wconf 92' lang='lat' dir='ltr'><strong>non</strong></span> <span class='ocrx_word' id='word_1_821' title='bbox 617 5369 842 5438; x_wconf 80' lang='lat' dir='ltr'><strong>desiisti,</strong></span> <span class='ocrx_word' id='word_1_822' title='bbox 870 5385 1027 5446; x_wconf 88' lang='lat' dir='ltr'><strong>atque</strong></span> <span class='ocrx_word' id='word_1_823' title='bbox 1042 5383 1179 5450; x_wconf 87' lang='lat' dir='ltr'><strong>quod</strong></span> <span class='ocrx_word' id='word_1_824' title='bbox 1202 5394 1405 5441; x_wconf 77' lang='lat' dir='ltr'><strong>natura:</strong></span> <span class='ocrx_word' id='word_1_825' title='bbox 1425 5388 1608 5448; x_wconf 84' lang='lat' dir='ltr'><strong>deerat</strong></span> <span class='ocrx_word' id='word_1_826' title='bbox 1629 5361 1816 5450; x_wconf 68' lang='lat' dir='ltr'><strong>volun-</strong></span> 
     </span>
    </p>
   </div>
   <div class='ocr_carea' id='block_1_110' title="bbox 191 5453 1811 5554">
    <p class='ocr_par' dir='ltr' id='par_1_110' title="bbox 191 5453 1811 5554">
     <span class='ocr_line' id='line_1_110' title="bbox 191 5453 1811 5554; baseline 0.022 -47"><span class='ocrx_word' id='word_1_827' title='bbox 191 5453 344 5554; x_wconf 71' lang='lat' dir='ltr'><strong>tatis</strong></span> <span class='ocrx_word' id='word_1_828' title='bbox 371 5458 626 5554; x_wconf 36' lang='lat' dir='ltr'><strong>et‘animi</strong></span> <span class='ocrx_word' id='word_1_829' title='bbox 675 5465 1022 5534; x_wconf 88' lang='lat' dir='ltr'><strong>amplitudine</strong></span> <span class='ocrx_word' id='word_1_830' title='bbox 1050 5475 1381 5544; x_wconf 85' lang='lat' dir='ltr'><strong>supplevisti.</strong></span> <span class='ocrx_word' id='word_1_831' title='bbox 1411 5479 1543 5537; x_wconf 85' lang='lat' dir='ltr'><strong>Nam</strong></span> <span class='ocrx_word' id='word_1_832' title='bbox 1571 5487 1691 5554; x_wconf 89' lang='lat' dir='ltr'><strong>quia</strong></span> <span class='ocrx_word' id='word_1_833' title='bbox 1719 5487 1811 5542; x_wconf 86' lang='lat' dir='ltr'><strong>ﬂe-</strong></span> 
     </span>
    </p>
   </div>
   <div class='ocr_carea' id='block_1_111' title="bbox 211 5544 1813 5644">
    <p class='ocr_par' dir='ltr' id='par_1_111' title="bbox 211 5544 1813 5644">
     <span class='ocr_line' id='line_1_111' title="bbox 211 5544 1813 5644; baseline 0.022 -45"><span class='ocrx_word' id='word_1_834' title='bbox 211 5544 260 5601; x_wconf 81' lang='lat' dir='ltr'><strong>ri</strong></span> <span class='ocrx_word' id='word_1_835' title='bbox 290 5547 513 5644; x_wconf 28' lang='lat' dir='ltr'><strong>nequitt</strong></span> <span class='ocrx_word' id='word_1_836' title='bbox 528 5561 587 5606; x_wconf 91' lang='lat' dir='ltr'><strong>ut</strong></span> <span class='ocrx_word' id='word_1_837' title='bbox 609 5550 772 5609; x_wconf 87' lang='lat' dir='ltr'><strong>homo</strong></span> <span class='ocrx_word' id='word_1_838' title='bbox 796 5557 972 5627; x_wconf 87' lang='lat' dir='ltr'><strong>reipsa</strong></span> <span class='ocrx_word' id='word_1_839' title='bbox 1003 5564 1195 5620; x_wconf 88' lang='lat' dir='ltr'><strong>multas</strong></span> <span class='ocrx_word' id='word_1_840' title='bbox 1215 5577 1414 5625; x_wconf 88' lang='lat' dir='ltr'><strong>mortes</strong></span> <span class='ocrx_word' id='word_1_841' title='bbox 1430 5544 1666 5644; x_wconf 72' lang='lat' dir='ltr'><strong>oppetat,</strong></span> <span class='ocrx_word' id='word_1_842' title='bbox 1696 5580 1813 5634; x_wconf 87' lang='lat' dir='ltr'><strong>ani-</strong></span> 
     </span>
    </p>
   </div>
   <div class='ocr_carea' id='block_1_112' title="bbox 210 5638 3530 5759">
    <p class='ocr_par' dir='ltr' id='par_1_112' title="bbox 210 5638 3530 5759">
     <span class='ocr_line' id='line_1_112' title="bbox 210 5638 3530 5759; baseline 0.015 -65"><span class='ocrx_word' id='word_1_843' title='bbox 210 5638 703 5759; x_wconf 39' lang='lat' dir='ltr'><strong>Tfna-c‘zol‘t‘t‘t-ttt—te</strong></span> <span class='ocrx_word' id='word_1_844' title='bbox 734 5645 1061 5759; x_wconf 47' lang='lat' dir='ltr'><strong>hocpl&#39;ecisti.</strong></span> <span class='ocrx_word' id='word_1_845' title='bbox 1079 5653 1160 5757; x_wconf 40' lang='lat' dir='ltr'><strong>.Et</strong></span> <span class='ocrx_word' id='word_1_846' title='bbox 1183 5660 1323 5727; x_wconf 89' lang='lat' dir='ltr'><strong>quod</strong></span> <span class='ocrx_word' id='word_1_847' title='bbox 1363 5638 1654 5724; x_wconf 74' lang='lat' dir='ltr'><strong>maximum</strong></span> <span class='ocrx_word' id='word_1_848' title='bbox 1682 5681 1803 5738; x_wconf 89' lang='lat' dir='ltr'><strong>est,</strong></span> <span class='ocrx_word' id='word_1_849' title='bbox 1921 5638 1936 5654; x_wconf 53' lang='grc'><strong><em>⁸</em></strong></span> <span class='ocrx_word' id='word_1_850' title='bbox 1992 5677 2047 5730; x_wconf 75' lang='grc'><strong>2.</strong></span> <span class='ocrx_word' id='word_1_851' title='bbox 2092 5679 2300 5734; x_wconf 84' lang='lat' dir='ltr'><strong>Etenim</strong></span> <span class='ocrx_word' id='word_1_852' title='bbox 2352 5682 2440 5737; x_wconf 90' lang='lat' dir='ltr'><strong>ille</strong></span> <span class='ocrx_word' id='word_1_853' title='bbox 2483 5684 2666 5739; x_wconf 82' lang='lat' dir='ltr'><strong>Jacobi</strong></span> <span class='ocrx_word' id='word_1_854' title='bbox 2711 5684 2986 5758; x_wconf 81' lang='lat' dir='ltr'><strong>lilius,qui</strong></span> <span class='ocrx_word' id='word_1_855' title='bbox 3014 5687 3308 5759; x_wconf 85' lang='lat' dir='ltr'><strong>Josephum</strong></span> <span class='ocrx_word' id='word_1_856' title='bbox 3338 5706 3368 5744; x_wconf 93' lang='lat' dir='ltr'><strong>a</strong></span> <span class='ocrx_word' id='word_1_857' title='bbox 3414 5706 3530 5745; x_wconf 84' lang='lat' dir='ltr'><strong>ma-</strong></span> 
     </span>
    </p>
   </div>
   <div class='ocr_carea' id='block_1_113' title="bbox 209 5730 1858 5853">
    <p class='ocr_par' dir='ltr' id='par_1_113' title="bbox 209 5730 1805 5853">
     <span class='ocr_line' id='line_1_113' title="bbox 209 5730 1805 5828; baseline 0.013 -40"><span class='ocrx_word' id='word_1_858' title='bbox 209 5744 328 5788; x_wconf 76' lang='lat' dir='ltr'><strong>t‘um</strong></span> <span class='ocrx_word' id='word_1_859' title='bbox 356 5730 460 5788; x_wconf 88' lang='lat' dir='ltr'><strong>alia</strong></span> <span class='ocrx_word' id='word_1_860' title='bbox 495 5733 779 5802; x_wconf 82' lang='lat' dir='ltr'><strong>perlerres,</strong></span> <span class='ocrx_word' id='word_1_861' title='bbox 813 5739 911 5793; x_wconf 88' lang='lat' dir='ltr'><strong>alia</strong></span> <span class='ocrx_word' id='word_1_862' title='bbox 938 5741 1048 5809; x_wconf 86' lang='lat' dir='ltr'><strong>jam</strong></span> <span class='ocrx_word' id='word_1_863' title='bbox 1077 5745 1288 5820; x_wconf 86' lang='lat' dir='ltr'><strong>jamque</strong></span> <span class='ocrx_word' id='word_1_864' title='bbox 1309 5765 1681 5828; x_wconf 76' lang='lat' dir='ltr'><strong>exspectares,</strong></span> <span class='ocrx_word' id='word_1_865' title='bbox 1711 5730 1805 5820; x_wconf 60' lang='lat' dir='ltr'><strong>Dei</strong></span> 
     </span>
     <span class='ocr_line' id='line_1_114' title="bbox 209 5825 1480 5853; baseline 0 0"><span class='ocrx_word' id='word_1_866' title='bbox 209 5825 374 5853; x_wconf 64' lang='lat' dir='ltr'><strong>Iam“...</strong></span> <span class='ocrx_word' id='word_1_867' title='bbox 438 5826 591 5853; x_wconf 73' lang='lat'><strong>-..:....</strong></span> <span class='ocrx_word' id='word_1_868' title='bbox 629 5831 888 5853; x_wconf 46' lang='lat'><strong>..-_..-:---.</strong></span> <span class='ocrx_word' id='word_1_869' title='bbox 938 5836 948 5853; x_wconf 82' lang='grc' dir='ltr'>ι</span> <span class='ocrx_word' id='word_1_870' title='bbox 1001 5852 1038 5853; x_wconf 63' lang='lat'><strong>,,</strong></span> <span class='ocrx_word' id='word_1_871' title='bbox 1083 5839 1110 5853; x_wconf 75' lang='grc' dir='ltr'><strong><em>η</em></strong></span> <span class='ocrx_word' id='word_1_872' title='bbox 1151 5841 1163 5853; x_wconf 93' lang='grc'><em>.</em></span> <span class='ocrx_word' id='word_1_873' title='bbox 1384 5847 1396 5853; x_wconf 90' lang='grc'><strong>-</strong></span> <span class='ocrx_word' id='word_1_874' title='bbox 1469 5849 1480 5853; x_wconf 89' lang='grc'><strong>-</strong></span> 
     </span>
    </p>
   </div>
   <div class='ocr_carea' id='block_1_114' title="bbox 1968 5730 3524 5853">
    <p class='ocr_par' dir='ltr' id='par_1_114' title="bbox 1994 5730 3524 5853">
     <span class='ocr_line' id='line_1_115' title="bbox 1994 5730 3524 5853; baseline 0.008 -29"><span class='ocrx_word' id='word_1_875' title='bbox 1994 5769 2162 5835; x_wconf 84' lang='lat' dir='ltr'><strong>bestia</strong></span> <span class='ocrx_word' id='word_1_876' title='bbox 2191 5770 2510 5829; x_wconf 85' lang='lat' dir='ltr'><strong>devoratum</strong></span> <span class='ocrx_word' id='word_1_877' title='bbox 2550 5791 2671 5832; x_wconf 87' lang='lat' dir='ltr'><strong>esse</strong></span> <span class='ocrx_word' id='word_1_878' title='bbox 2700 5779 2834 5847; x_wconf 88' lang='lat' dir='ltr'><strong>patri</strong></span> <span class='ocrx_word' id='word_1_879' title='bbox 2857 5730 3076 5836; x_wconf 46' lang='lat' dir='ltr'><strong>&#39;d‘iicebat</strong></span> <span class='ocrx_word' id='word_1_880' title='bbox 3118 5730 3270 5852; x_wconf 54' lang='lat' dir='ltr'><strong>(&#39;Gen.</strong></span> <span class='ocrx_word' id='word_1_881' title='bbox 3295 5783 3405 5853; x_wconf 77' lang='lat'><strong>37),</strong></span> <span class='ocrx_word' id='word_1_882' title='bbox 3462 5798 3524 5837; x_wconf 86' lang='lat' dir='ltr'><strong>ac</strong></span> 
     </span>
    </p>
   </div>
   <div class='ocr_carea' id='block_1_115' title="bbox 202 5825 3524 5944">
    <p class='ocr_par' dir='ltr' id='par_1_115' title="bbox 202 5825 3524 5944">
     <span class='ocr_line' id='line_1_116' title="bbox 1666 5825 3524 5853; baseline 0.007 -28"><span class='ocrx_word' id='word_1_883' title='bbox 1666 5825 1674 5828; x_wconf 65' lang='grc'>,</span> <span class='ocrx_word' id='word_1_884' title='bbox 2119 5825 2123 5835; x_wconf 80' lang='grc'>,</span> <span class='ocrx_word' id='word_1_885' title='bbox 2240 5825 2252 5828; x_wconf 23' lang='grc' dir='ltr'><strong>θ</strong></span> <span class='ocrx_word' id='word_1_886' title='bbox 2310 5825 2324 5827; x_wconf 17' lang='grc' dir='ltr'>ἡ</span> <span class='ocrx_word' id='word_1_887' title='bbox 2367 5825 2510 5829; x_wconf 74' lang='lat'>___--_</span> <span class='ocrx_word' id='word_1_888' title='bbox 2558 5825 2669 5832; x_wconf 52' lang='grc' dir='ltr'><strong>η---</strong></span> <span class='ocrx_word' id='word_1_889' title='bbox 2700 5825 2834 5847; x_wconf 53' lang='grc' dir='ltr'><strong>ρ-..</strong></span> <span class='ocrx_word' id='word_1_890' title='bbox 2866 5825 3076 5836; x_wconf 54' lang='grc' dir='ltr'><strong>νην.-.</strong></span> <span class='ocrx_word' id='word_1_891' title='bbox 3119 5825 3405 5853; x_wconf 60' lang='lat'><strong>,--....,.,,</strong></span> <span class='ocrx_word' id='word_1_892' title='bbox 3462 5825 3524 5837; x_wconf 69' lang='grc' dir='ltr'><strong>-ν</strong></span> 
     </span>
     <span class='ocr_line' id='line_1_117' title="bbox 202 5825 3524 5944; baseline 0.017 -70"><span class='ocrx_word' id='word_1_893' title='bbox 202 5825 375 5881; x_wconf 86' lang='lat' dir='ltr'><strong>tamen</strong></span> <span class='ocrx_word' id='word_1_894' title='bbox 435 5826 594 5895; x_wconf 87' lang='lat' dir='ltr'><strong>cujus</strong></span> <span class='ocrx_word' id='word_1_895' title='bbox 627 5831 890 5902; x_wconf 87' lang='lat' dir='ltr'><strong>permissu</strong></span> <span class='ocrx_word' id='word_1_896' title='bbox 935 5836 1049 5892; x_wconf 65' lang='lat' dir='ltr'><strong>hinc</strong></span> <span class='ocrx_word' id='word_1_897' title='bbox 1078 5839 1296 5913; x_wconf 82' lang='lat' dir='ltr'><strong>ﬂebant,</strong></span> <span class='ocrx_word' id='word_1_898' title='bbox 1346 5847 1571 5918; x_wconf 85' lang='lat' dir='ltr'><strong>gloriam</strong></span> <span class='ocrx_word' id='word_1_899' title='bbox 1617 5855 1688 5912; x_wconf 92' lang='lat' dir='ltr'><strong>ob</strong></span> <span class='ocrx_word' id='word_1_900' title='bbox 1737 5872 1801 5914; x_wconf 87' lang='lat' dir='ltr'><strong>ea</strong></span> <span class='ocrx_word' id='word_1_901' title='bbox 1915 5861 2230 5922; x_wconf 81' lang='lat' dir='ltr'><strong>sceleratam</strong></span> <span class='ocrx_word' id='word_1_902' title='bbox 2261 5864 2492 5921; x_wconf 76' lang='lat' dir='ltr'><strong>tabulam</strong></span> <span class='ocrx_word' id='word_1_903' title='bbox 2516 5868 2730 5940; x_wconf 83' lang='lat' dir='ltr'><strong>agebat,</strong></span> <span class='ocrx_word' id='word_1_904' title='bbox 2769 5880 2929 5944; x_wconf 89' lang='lat' dir='ltr'><strong>atque</strong></span> <span class='ocrx_word' id='word_1_905' title='bbox 2960 5871 3058 5927; x_wconf 91' lang='lat' dir='ltr'><strong>hac</strong></span> <span class='ocrx_word' id='word_1_906' title='bbox 3085 5874 3232 5929; x_wconf 84' lang='lat' dir='ltr'><strong>larva</strong></span> <span class='ocrx_word' id='word_1_907' title='bbox 3277 5875 3524 5930; x_wconf 67' lang='lat' dir='ltr'><strong>fraternae</strong></span> 
     </span>
    </p>
   </div>
   <div class='ocr_carea' id='block_1_116' title="bbox 538 5937 3178 6039">
    <p class='ocr_par' dir='ltr' id='par_1_116' title="bbox 538 5937 3178 6039">
     <span class='ocr_line' id='line_1_118' title="bbox 538 5937 3178 6039; baseline 0.016 -42"><span class='ocrx_word' id='word_1_908' title='bbox 538 5937 813 6005; x_wconf 66' lang='lat' dir='ltr'><strong>Pmor.</strong></span> <span class='ocrx_word' id='word_1_909' title='bbox 861 5945 980 6010; x_wconf 81' lang='lat' dir='ltr'><strong>(in.</strong></span> <span class='ocrx_word' id='word_1_910' title='bbox 1021 5948 1156 6016; x_wconf 73' lang='grc' dir='ltr'><strong>ιιι.</strong></span> <span class='ocrx_word' id='word_1_911' title='bbox 2553 5937 2573 5940; x_wconf 67' lang='grc'><em>’</em></span> <span class='ocrx_word' id='word_1_912' title='bbox 2841 5937 2861 5944; x_wconf 63' lang='grc'>⁷</span> <span class='ocrx_word' id='word_1_913' title='bbox 3106 5979 3178 6039; x_wconf 65' lang='lat' dir='ltr'><strong>1t</strong></span> 
     </span>
    </p>
   </div>
   <div class='ocr_carea' id='block_1_117' title="bbox 1927 5311 3532 5391">
    <p class='ocr_par' dir='ltr' id='par_1_117' title="bbox 1927 5311 3532 5391">
     <span class='ocr_line' id='line_1_119' title="bbox 1927 5311 3532 5391; baseline 0.011 -31"><span class='ocrx_word' id='word_1_914' title='bbox 1927 5323 2040 5362; x_wconf 65' lang='lat' dir='ltr'><strong>suae</strong></span> <span class='ocrx_word' id='word_1_915' title='bbox 2078 5311 2426 5368; x_wconf 63' lang='lat' dir='ltr'><strong>conscientia:</strong></span> <span class='ocrx_word' id='word_1_916' title='bbox 2466 5313 2725 5384; x_wconf 84' lang='lat' dir='ltr'><strong>judicium</strong></span> <span class='ocrx_word' id='word_1_917' title='bbox 2752 5316 3029 5388; x_wconf 73' lang='lat' dir='ltr'><strong>effugiant,</strong></span> <span class='ocrx_word' id='word_1_918' title='bbox 3062 5321 3204 5391; x_wconf 92' lang='lat' dir='ltr'><strong>quod</strong></span> <span class='ocrx_word' id='word_1_919' title='bbox 3236 5336 3333 5376; x_wconf 86' lang='lat' dir='ltr'><strong>nec</strong></span> <span class='ocrx_word' id='word_1_920' title='bbox 3354 5323 3532 5391; x_wconf 87' lang='lat' dir='ltr'><strong>vitari,</strong></span> 
     </span>
    </p>
   </div>
   <div class='ocr_carea' id='block_1_118' title="bbox 1927 5394 3536 5479">
    <p class='ocr_par' dir='ltr' id='par_1_118' title="bbox 1927 5394 3536 5479">
     <span class='ocr_line' id='line_1_120' title="bbox 1927 5394 3536 5479; baseline 0.011 -26"><span class='ocrx_word' id='word_1_921' title='bbox 1927 5415 2025 5455; x_wconf 89' lang='lat' dir='ltr'><strong>nec</strong></span> <span class='ocrx_word' id='word_1_922' title='bbox 2052 5405 2321 5474; x_wconf 89' lang='lat' dir='ltr'><strong>corrumpi</strong></span> <span class='ocrx_word' id='word_1_923' title='bbox 2350 5413 2547 5475; x_wconf 86' lang='lat' dir='ltr'><strong>potest,</strong></span> <span class='ocrx_word' id='word_1_924' title='bbox 2575 5423 2675 5463; x_wconf 91' lang='lat' dir='ltr'><strong>nec</strong></span> <span class='ocrx_word' id='word_1_925' title='bbox 2707 5409 2800 5464; x_wconf 87' lang='lat' dir='ltr'><strong>ulli</strong></span> <span class='ocrx_word' id='word_1_926' title='bbox 2827 5394 3020 5466; x_wconf 81' lang='lat' dir='ltr'><strong>terrori</strong></span> <span class='ocrx_word' id='word_1_927' title='bbox 3049 5413 3210 5479; x_wconf 85' lang='lat' dir='ltr'><strong>cedit,</strong></span> <span class='ocrx_word' id='word_1_928' title='bbox 3245 5428 3344 5469; x_wconf 92' lang='lat' dir='ltr'><strong>nec</strong></span> <span class='ocrx_word' id='word_1_929' title='bbox 3383 5413 3536 5470; x_wconf 89' lang='lat' dir='ltr'><strong>blan-</strong></span> 
     </span>
    </p>
   </div>
   <div class='ocr_carea' id='block_1_119' title="bbox 1922 5492 3533 5573">
    <p class='ocr_par' dir='ltr' id='par_1_119' title="bbox 1922 5492 3533 5573">
     <span class='ocr_line' id='line_1_121' title="bbox 1922 5492 3533 5573; baseline 0.011 -28"><span class='ocrx_word' id='word_1_930' title='bbox 1922 5492 2068 5548; x_wconf 86' lang='lat' dir='ltr'><strong>ditiis</strong></span> <span class='ocrx_word' id='word_1_931' title='bbox 2093 5505 2185 5550; x_wconf 86' lang='lat' dir='ltr'><strong>aut</strong></span> <span class='ocrx_word' id='word_1_932' title='bbox 2211 5499 2556 5566; x_wconf 80' lang='lat' dir='ltr'><strong>pecuniarum</strong></span> <span class='ocrx_word' id='word_1_933' title='bbox 2577 5501 2857 5572; x_wconf 69' lang='lat' dir='ltr'><strong>largitione</strong></span> <span class='ocrx_word' id='word_1_934' title='bbox 2875 5503 3246 5573; x_wconf 72' lang='lat' dir='ltr'><strong>labelactatur,</strong></span> <span class='ocrx_word' id='word_1_935' title='bbox 3272 5521 3374 5562; x_wconf 91' lang='lat' dir='ltr'><strong>nec</strong></span> <span class='ocrx_word' id='word_1_936' title='bbox 3397 5516 3533 5562; x_wconf 86' lang='lat' dir='ltr'><strong>lem-</strong></span> 
     </span>
    </p>
   </div>
   <div class='ocr_carea' id='block_1_120' title="bbox 1921 5584 2776 5654">
    <p class='ocr_par' dir='ltr' id='par_1_120' title="bbox 1921 5584 2776 5654">
     <span class='ocr_line' id='line_1_122' title="bbox 1921 5584 2776 5654; baseline 0.013 -17"><span class='ocrx_word' id='word_1_937' title='bbox 1921 5584 2067 5654; x_wconf 88' lang='lat' dir='ltr'><strong>poris</strong></span> <span class='ocrx_word' id='word_1_938' title='bbox 2096 5586 2446 5646; x_wconf 86' lang='lat' dir='ltr'><strong>diuturnitate</strong></span> <span class='ocrx_word' id='word_1_939' title='bbox 2471 5595 2776 5649; x_wconf 82' lang='lat' dir='ltr'><strong>marcescit.</strong></span> 
     </span>
    </p>
   </div>
  </div>
