4172 6490
697 389 799 450 603

1429 395 1488 453 S.
1527 398 1800 458 JOANNIS
1836 404 2305 465 CHRYSOSTOIII
2345 408 2665 468 ARCHIEP.
2705 409 3250 468 CONSTANTINOP.

3820 402 3930 459 60$

694 524 857 580 undis
908 525 1108 582 crimen
1158 527 1406 586 obvelare
1457 541 1680 588 conatus
1724 542 1809 590 est
1825 576 1841 602 ,
1873 537 2009 606 patri
2055 537 2268 608 quidem

2398 519 2772 583 onscientiam,
2796 536 2917 588 quis
2949 522 3123 590 ipsum
3152 517 3478 590 coarguebat
3497 556 3512 582 ,
3545 516 3688 572 ferre
3722 513 3927 587 potuit.

701 612 878 669 fucum
927 625 1051 671 tunc
1101 615 1264 687 fecit,
1309 621 1690 677 conscientiam
1733 635 1910 681 autem
1970 641 2119 681 suam
2171 628 2271 682 mi—

707 707 850 760 nime
882 706 1083 775 fefellit,
1125 724 1222 766 nec
1255 711 1323 766 ab
1362 727 1425 768 ea
1451 722 1510 769 ut
1537 716 1941 785 conquiesceret
1984 719 2271 786 impetrare

707 797 869 864 potuit
897 813 911 853 :
940 813 1125 856 verum
1153 815 1216 856 ea
1245 813 1553 860 constanter
1586 806 1841 862 adversus
1875 808 2049 877 ipsum
2092 808 2269 865 insur-

701 887 889 954 gebat,
922 888 1159 945 clamans
1199 903 1454 962 perpetuo
1475 936 1492 962 ,
1535 911 1707 966 neque
1731 913 1977 968 umquam
1997 902 2272 970 compesci

701 984 928 1046 poterat.
954 977 1087 1034 Nam
1118 996 1238 1037 cum
1279 983 1585 1040 diuturnum
1618 986 1726 1057 jam
1764 989 2017 1058 temporis
2042 992 2269 1060 spatium

699 1066 1108 1138 intercessisset,
1141 1070 1186 1126 is
1213 1073 1299 1143 qui
1327 1073 1616 1130 admissum
1646 1076 1821 1133 scelus
1850 1079 1984 1148 patri
2011 1079 2273 1134 iuﬁciatus

701 1159 894 1225 fuerat,
925 1175 1098 1232 neque
1119 1164 1360 1234 cuiquam
1385 1167 1474 1221 alii
1506 1168 1846 1237 prodiderat,
1877 1171 2090 1228 nemine
2117 1186 2270 1228 accu-

700 1257 871 1315 sante,
902 1253 1112 1308 nomine
1131 1256 1508 1324 convincente,
1531 1260 1742 1317 nemine
1761 1263 2010 1331 instante,
2039 1278 2101 1318 ac
2125 1263 2274 1319 fabu-

700 1338 808 1393 lam
837 1339 974 1395 illam
1005 1342 1056 1396 in
1087 1346 1395 1400 memoriam
1425 1349 1523 1418 ipsi
1551 1351 1843 1420 redigente,
1876 1367 1997 1408 cum
2019 1352 2087 1409 de
2112 1354 2274 1410 liber-

701 1440 810 1488 tate
836 1448 898 1488 ac
925 1433 994 1490 de
1029 1435 1142 1505 ipsa
1175 1438 1279 1491 vita
1309 1440 1726 1509 periclitaretur,
1757 1445 2095 1500 conscientiae
2119 1459 2274 1501 accu-

700 1533 934 1579 satorem
960 1526 1011 1579 in
1041 1535 1148 1581 tam
1161 1528 1328 1600 longo
1351 1539 1590 1601 tempore
1615 1549 1720 1588 non
1746 1534 1974 1597 siluisse.
2004 1550 2108 1590 non
2129 1550 2275 1590 com-

704 1626 946 1682 pressum
973 1615 1145 1673 fuisse
1171 1620 1442 1687 ostendit,
1487 1637 1609 1678 cum
1653 1624 1734 1679 his
1775 1625 1950 1680 verbis
1983 1634 2227 1681 uteretur
2259 1646 2272 1682 :

705 1700 850 1756 Certe
878 1721 896 1758 :
926 1705 977 1759 in
1003 1710 1216 1776 peccatis
1241 1711 1373 1765 enim
1395 1728 1568 1768 sumus
1594 1729 1687 1783 pro
1720 1715 1882 1784 fratre
1913 1725 2084 1770 nostro
2112 1733 2131 1771 :
2157 1719 2276 1789 quia

707 1795 1019 1864 despeximus
1041 1801 1408 1858 tribulationem
1431 1807 1560 1877 ejus,
1591 1817 1638 1861 et
1653 1807 1880 1863 dolorem
1907 1811 2090 1864 anima:
2115 1811 2271 1877 illius,

704 1885 824 1938 dum
851 1887 1201 1957 deprecaretur
1222 1909 1345 1958 nos;
1373 1911 1433 1948 en
1462 1898 1667 1968 sanguis
1693 1899 1801 1968 ejus
1826 1917 1858 1953 a
1883 1901 2023 1955 nobis
2053 1902 2276 1971 exquiri-

705 1984 788 2027 tur
818 1975 965 2046 (Cen.
995 1979 1084 2034 η.
1115 1982 1231 2052 21).
1258 1985 1416 2054 Atqui
1452 1986 1593 2041 aliud
1631 1999 1746 2044 erat
1775 1989 1977 2046 crimen
2006 1991 2147 2062 quod
2178 1992 2278 2063 ipsi

707 2066 1076 2126 intendebatur
1105 2092 1117 2126 :
1147 2088 1266 2128 nam
1292 2075 1414 2130 furti
1444 2075 1864 2148 insimulabatur,
1893 2090 2072 2152 atque,
2105 2090 2160 2138 ut
2183 2097 2279 2138 au-

706 2172 856 2212 reum
899 2162 1142 2228 poculum
1183 2165 1510 2236 sull'uratus,
1555 2170 1604 2223 in
1640 2170 1895 2240 judicium
1936 2173 2278 2239 trahebatur;

707 2262 889 2304 verum
937 2255 1185 2322 quoniam
1215 2257 1412 2314 nullius
1448 2260 1707 2328 ejusmodi
1734 2261 1972 2316 criminis
2007 2263 2106 2318 sibi
2149 2279 2280 2319 cen-

709 2341 850 2396 scius
876 2353 1008 2412 erat,
1039 2361 1144 2402 non
1167 2347 1268 2404 hoc
1293 2351 1508 2407 nomine
1533 2351 1971 2422 discruciabatur,
2003 2370 2099 2410 uec
2128 2369 2187 2412 se
2215 2358 2283 2412 ub

712 2449 776 2488 ca
797 2477 811 2498 ,
841 2435 908 2490 de
943 2437 1134 2506 quibus
1155 2440 1410 2508 judicium
1445 2442 1653 2498 subibat
1681 2453 1840 2517 atque
1873 2445 1925 2500 in
1953 2447 2159 2501 vincula
2187 2447 2285 2502 du-

712 2525 933 2581 cebatur
956 2570 970 2594 ,
1005 2529 1117 2585 haec
1142 2534 1343 2602 perpeti
1365 2533 1576 2590 dicebat
1607 2552 1620 2589 :
1650 2535 1743 2591 sed
1769 2535 1839 2591 ob
1880 2550 1942 2592 ea
1971 2551 2090 2608 quae
2129 2552 2287 2594 nemo

712 2618 814 2688 ipsi
840 2619 1144 2689 objiciebat,
1171 2638 1270 2680 nec
1295 2625 1363 2680 de
1391 2626 1452 2679 iis
1481 2641 1668 2696 pinnas
1691 2627 1976 2698 expetebat
1996 2670 2010 2695 ,
2037 2643 2138 2684 nec
2163 2643 2285 2684 eum

710 2712 765 2766 in
799 2711 1053 2781 judicium
1083 2715 1356 2784 trahebat,
1393 2717 1500 2773 into
1526 2733 1644 2790 quae
1683 2717 1922 2775 nondum
1953 2728 2289 2790 perpetrave-

714 2814 800 2861 rat
823 2844 836 2868 .
865 2806 936 2861 ob
964 2822 1025 2862 ea
1052 2850 1068 2875 ,
1109 2809 1322 2882 inquam
1348 2851 1364 2878 ,
1406 2810 1521 2881 ipse
1544 2827 1604 2868 se
1627 2811 1883 2883 prodebat
1906 2820 1962 2868 et
1981 2812 2284 2868 accusabat.

715 2896 1052 2954 Conscientia
1091 2901 1234 2956 enim
1264 2899 1438 2971 ipsum
1463 2902 1850 2974 perstringebat
1872 2921 1890 2957 :
1915 2912 1974 2959 et
1997 2902 2087 2973 qui
2109 2903 2290 2960 animo

715 3002 885 3059 usque
907 2991 1041 3048 adeo
1069 2991 1223 3048 ﬁrmo
1250 3002 1306 3049 et
1330 2993 1593 3066 intrepido
1617 2993 1796 3050 fratris
1819 3008 2064 3050 cruorem
2092 2993 2292 3050 elude-

721 3089 824 3148 rat,
857 3083 1002 3139 nullo
1030 3085 1278 3141 mmroris
1303 3099 1467 3142 sensu
1493 3085 1735 3153 aﬁectus,
1766 3101 1908 3142 nunc
1935 3095 2122 3142 contra
2149 3086 2292 3142 illius

716 3172 886 3224 vicem
916 3171 1166 3240 dolebat;
1196 3182 1251 3230 et
1283 3189 1417 3246 quos
1457 3176 1677 3232 sceleris
1716 3177 1892 3232 socios
1918 3193 1983 3232 ac
2010 3177 2293 3247 participes

718 3259 994 3330 habuerat,
1017 3264 1318 3330 accusabat,
1345 3265 1816 3338 crudelitatemque
1835 3281 2050 3322 omnem
2079 3267 2292 3339 tragicis

721 3353 900 3407 verbis
927 3356 1295 3425 exaggerabat,
1319 3357 1525 3424 dicens,
1551 3357 1686 3414 Dum
1710 3359 2064 3429 deprecaretur
2093 3376 2186 3415 nos
2203 3400 2220 3423 ,
2247 3369 2293 3415 et

724 3445 1039 3516 despuimus
1063 3448 1432 3506 tribulationem
1457 3453 1604 3524 ejus,
1646 3461 1695 3507 et
1736 3454 1961 3511 dolorem
2005 3455 2191 3509 animi:
2229 3456 2296 3510 il-

724 3535 844 3589 lius.
873 3536 1021 3603 Quod
1050 3538 1268 3608 perinde
1293 3549 1376 3596 est
1399 3555 1462 3597 ac
1491 3542 1535 3598 si
1564 3543 1765 3600 diceret
1792 3561 1805 3598 :
1839 3543 1920 3600 Ad
1945 3545 2296 3602 emolliendus

725 3628 935 3684 animos
958 3641 1188 3698 nostros,
1211 3641 1372 3704 atque
1389 3634 1456 3690 ad
1483 3635 1900 3693 misericordiam
1925 3638 2294 3708 inﬁectendos,

725 3727 915 3772 natura
955 3719 1068 3789 ipsa
1107 3722 1217 3777 sola
1246 3722 1541 3781 sufﬁciebat
1571 3735 1667 3782 :at
1707 3727 1800 3784 ille
1835 3728 2099 3801 lacrymas
2137 3731 2296 3786 etiam

729 3811 1085 3884 adjungebat,
1125 3818 1452 3887 supplexque
1481 3832 1579 3874 nos
1622 3819 1970 3887 obsecrabat;
2005 3836 2069 3876 ac
2111 3837 2178 3877 ne
2221 3823 2300 3878 sic

729 3903 940 3971 quidem
973 3919 1070 3960 nos
1101 3906 1324 3974 iuﬁexit,
1350 3923 1533 3964 verum
1565 3909 1900 3980 Despeximus
1929 3913 2301 3968 tribulationem

729 3998 858 4066 ejus,
889 4008 936 4052 et
960 4000 1184 4056 dolorem
1212 4005 1394 4058 anima
1419 4005 1576 4059 illius.
1609 4004 1766 4072 ideo,
1801 4005 2002 4076 inquit,
2041 4005 2300 4076 judicium

730 4088 833 4144 hoc
869 4091 1023 4146 nobis
1049 4101 1291 4163 paratum
1330 4104 1413 4152 est
1435 4135 1452 4164 ,
1499 4096 1620 4155 ideo
1649 4097 1709 4152 in
1756 4098 2028 4169 sanguinis
2066 4098 2304 4170 periculo

729 4197 1042 4250 versamur,
1078 4188 1328 4257 quoniam
1366 4188 1420 4244 in
1466 4190 1776 4261 sanguinem
1822 4192 2183 4261 peccavimus.
2222 4191 2304 4248 Ad

731 4272 873 4329 hunc
901 4276 1116 4333 modum
1143 4279 1302 4335 etiam
1334 4279 1497 4338 ludas
1523 4291 1898 4353 coarguentem
1923 4283 2303 4339 conscientiam

732 4365 951 4423 minime
975 4369 1170 4439 ferens,
1200 4373 1266 4428 ad
1308 4373 1553 4446 laqueum
1581 4389 1640 4431 se
1665 4377 1919 4444 contulit,
1950 4391 2122 4448 eoque
2142 4377 2303 4433 vitam

734 4458 831 4512 sibi
859 4458 1071 4516 ademit.
1109 4463 1175 4517 Et
1197 4464 1412 4533 quidem
1439 4506 1454 4532 ,
1481 4480 1602 4522 cum
1631 4466 1910 4536 impudens
1939 4467 2067 4522 illud
2096 4477 2305 4538 pactum

736 4547 872 4604 inire
901 4565 1006 4606 non
1031 4552 1327 4623 dubitabat,
1355 4555 1538 4611 dicens
1569 4574 1582 4610 :
1617 4557 1752 4623 Quid
1773 4558 1921 4611 vultis
1946 4557 2070 4612 mihi
2097 4559 2238 4624 dare,
2261 4567 2308 4612 et

736 4655 827 4708 ego
854 4642 990 4696 vobis
1009 4659 1122 4698 eum
1145 4646 1343 4698 tradam
1363 4645 1576 4717 (Matth.
1595 4645 1692 4702 26.
1716 4647 1844 4718 l5)?
1872 4662 1976 4702 non
2001 4662 2118 4714 eos,
2141 4649 2230 4718 qui
2257 4648 2309 4702 id

736 4730 1037 4801 audiebant,
1066 4735 1368 4803 verebatur,
1405 4751 1599 4809 nempe
1623 4738 1763 4809 quod
1787 4738 2078 4810 discipulus
2105 4740 2158 4795 in
2199 4754 2311 4794 ma-

735 4821 956 4890 gistrum
995 4824 1254 4895 ejusmodi
1276 4829 1476 4885 scelera
1505 4829 1799 4894 moliretur,
1822 4845 1921 4885 nec
1946 4845 2043 4900 per
2063 4844 2155 4886 eos
2173 4830 2308 4896 dies,

738 4915 828 4983 qui
862 4916 1060 4972 interea
1092 4917 1384 4984 ﬁnxerunt,
1409 4919 1518 4976 ullo
1537 4920 1721 4976 dolore
1741 4922 2094 4992 pangebatur,
2123 4937 2309 4978 verum

738 5019 800 5058 ea
826 5005 1096 5075 voluptate
1118 5049 1134 5074 ,
1165 5023 1323 5078 quam
1352 5009 1402 5064 ei
1442 5011 1680 5080 pecunias
1723 5010 1983 5081 cupiditas
2011 5010 2265 5068 alferebat
2291 5051 2312 5081 ,

743 5096 1082 5161 temulentus,
1114 5100 1453 5156 conscientia:
1480 5102 1870 5158 accusationem
1899 5118 2004 5158 non
2027 5102 2311 5158 admodum

744 5186 1023 5242 sentiebat.
1056 5191 1125 5242 At
1162 5199 1441 5261 postquam
1472 5191 1647 5248 scelus
1677 5193 1900 5262 peregit,
1930 5194 2316 5264 pecuniamque

743 5281 989 5347 sumpsit,
1013 5297 1074 5336 ac
1095 5283 1227 5337 lucri
1252 5283 1464 5353 quidem
1491 5284 1737 5356 voluptas
1764 5285 1923 5340 ﬁnem
1961 5287 2184 5354 accepit,
2213 5287 2315 5340 cri-

745 5370 900 5425 minis
929 5382 1103 5428 autem
1134 5375 1399 5431 accusatio
1422 5376 1601 5448 vigere
1631 5377 1792 5446 cepit,
1827 5386 1938 5432 tum
1963 5376 2194 5448 denique
2219 5393 2314 5432 uc-

745 5462 888 5517 mine
908 5473 1208 5530 accusante,
1236 5465 1446 5522 nemine
1465 5467 1571 5522 vim
1595 5465 1871 5533 aﬁ‘erente,
1893 5466 2105 5523 nemine
2124 5465 2318 5521 cohor-

751 5561 914 5622 tante,
943 5568 1129 5625 sponte
1155 5571 1249 5611 sua
1275 5558 1478 5624 abiens,
1509 5566 1622 5612 tum
1653 5557 1933 5627 pecuniam
1971 5557 2036 5612 iis
2064 5571 2094 5609 a
2124 5555 2315 5616 quibus

756 5653 1068 5713 acceperat,
1101 5646 1362 5714 projecit,
1404 5657 1513 5701 tum
1559 5649 1737 5703 scelus
1785 5663 1940 5702 suum
1973 5647 2316 5702 audientibus

757 5733 865 5788 illis
916 5736 1197 5792 confessus
1246 5745 1351 5802 est,
1394 5738 1479 5792 his
1528 5738 1709 5792 verbis
1758 5754 1770 5788 :
1822 5737 2056 5803 Peccavi,
2110 5741 2316 5794 tradens

762 5829 1060 5897 sanguinem
1110 5830 1314 5902 justum
1367 5829 1588 5901 (Matth.
1642 5830 1732 5884 27.
1786 5831 1868 5899 4).
1931 5830 2113 5902 Neque
2169 5833 2312 5887 enim

2444 609 2647 664 Peccati
2675 611 2980 668 conscientia
3003 612 3269 681 cantites;
3292 610 3498 680 lugendi
3526 617 3814 679 peccatores
3830 622 3854 673 ,'
3872 606 3956 662 ui-

2375 701 2500 755 tium
2525 701 2597 754 est
2629 701 2813 754 anime
2836 717 2991 755 mors.
3028 730 3100 741 —
3127 700 3203 754 Ea
3248 714 3478 770 namque
3515 699 3716 769 peccati
3760 707 3959 752 natura

2374 800 2458 846 est
2476 832 2491 855 ,
2523 799 2581 845 ut
2604 793 2908 862 priusquam
2952 801 3313 862 perpetratum
3337 791 3444 856 sit,
3484 789 3758 845 hominem
3783 797 3961 844 temu-

2375 881 2534 938 lentia
2561 881 2789 948 alliciat;
2820 891 3162 954 posteaquam
3182 891 3360 937 autem
3389 880 3659 952 expletum
3688 894 3755 936 ac
3783 879 3964 950 perfe-

2375 982 2516 1027 ctum
2533 983 2633 1036 est,
2657 981 2783 1028 tunc
2801 988 2865 1028 ea
2887 972 3127 1044 voluptas
3151 987 3271 1028 sese
3295 972 3551 1042 proripiat
3568 981 3623 1028 et
3645 971 3964 1041 exstingua-

2379 1074 2484 1129 tur,
2511 1080 2573 1120 ac
2599 1067 2744 1122 solus
2761 1066 2868 1136 jam
2892 1065 3148 1135 deinceps
3172 1072 3278 1120 stet
3301 1073 3600 1131 accusator,
3621 1063 3963 1119 conscientia

2377 1157 2625 1210 nimirum
2660 1157 2926 1212 carniﬁcis
2966 1156 3141 1211 locum
3166 1154 3442 1211 obtinente
3464 1196 3481 1221 ,
3521 1169 3586 1211 ac
3612 1163 3963 1225 peccatorem

2377 1245 2697 1309 lancinaute,
2741 1245 2810 1300 ab
2839 1261 3008 1316 eoque
3037 1255 3303 1303 extremas
3346 1259 3532 1315 pinnas
3573 1246 3846 1316 exigente,
3899 1257 3966 1297 ac

2379 1335 2596 1406 plumbo
2621 1337 2811 1408 quovis
2839 1337 3050 1407 gravius
3074 1337 3174 1406 ipsi
3202 1337 3560 1392 incumbente.

2448 1428 2500 1482 ὅ.
2535 1428 2708 1498 Atque
2750 1427 3054 1498 huiusmodi
3091 1426 3304 1497 quidem
3334 1428 3385 1481 in
3422 1426 3523 1482 hac
3549 1425 3656 1480 vita
3696 1424 3965 1496 supplicia

2379 1527 2503 1573 sunt
2533 1536 2545 1572 :
2573 1517 2628 1572 in
2661 1519 2837 1574 futura
2876 1528 3074 1582 autem,
3102 1527 3299 1589 quanta
3324 1517 3390 1573 iis
3413 1518 3504 1588 qui
3530 1532 3590 1574 se
3619 1517 3703 1573 his
3740 1516 3970 1573 sceleri-

2380 1610 2480 1664 bus
2521 1609 2879 1679 devinxerint,
2931 1619 3328 1682 proponentur,
3378 1609 3713 1679 exploratum
3771 1609 3964 1664 habes.

2379 1703 2717 1774 Quapropter
2756 1703 2855 1758 hos
2894 1703 3146 1774 lacrymis
3174 1701 3423 1773 prosequi
3452 1717 3522 1756 ac
3561 1702 3764 1757 deﬂere
3802 1715 3968 1770 opor-

2383 1802 2457 1848 tet
2481 1811 2500 1847 ε
2532 1809 2652 1848 nam
2679 1803 2733 1847 et
2772 1793 2965 1848 Paulus
2990 1793 3070 1848 sic
3097 1792 3255 1861 facit,
3283 1792 3411 1847 dum
3438 1793 3507 1846 iis
3532 1793 3623 1862 qui
3652 1800 3870 1848 certant
3901 1805 3970 1845 ac

2381 1880 2654 1952 dimicant,
2680 1885 2937 1956 malisque
2955 1883 3277 1952 afﬁciuntur,
3307 1885 3634 1954 gratulatur;
3657 1898 3759 1939 eos
3785 1893 3969 1938 autem

2381 1976 2472 2044 qui
2501 1987 2754 2045 peccant,
2787 1977 2932 2047 luget
2962 1993 2976 2030 :
3006 1975 3077 2031 ob
3105 1975 3263 2045 idque
3289 1975 3451 2030 etiam
3478 1974 3655 2030 aiebat
3687 1991 3701 2028 ε
3726 1973 3813 2028 Nc
3837 1974 3973 2043 forte

2384 2085 2498 2122 cum
2527 2085 2725 2134 venero,
2750 2069 2980 2123 humilia
3008 2084 3088 2123 me
3116 2067 3255 2122 Deus
3279 2083 3421 2122 meus
3443 2067 3512 2121 ad
3538 2083 3646 2132 vos,
3679 2079 3728 2120 et
3763 2067 3971 2137 lugeant

2384 2160 2568 2212 multos
2588 2174 2757 2213 eorum
2785 2159 2872 2229 qui
2895 2167 3014 2213 ante
3042 2166 3390 2228 peccauerunt,
3413 2169 3461 2212 et
3488 2173 3590 2211 non
3618 2165 3831 2226 egerunt
3856 2171 3970 2226 ρω-

2385 2250 2648 2304 nitentiam
2666 2265 2821 2318 super
2839 2248 3158 2302 immunditia
3182 2257 3229 2301 et
3255 2247 3585 2318 fornicatione
3619 2255 3664 2300 et
3689 2245 3970 2316 impudici-

2387 2344 2457 2396 tia
2481 2359 2632 2410 quam
2656 2349 2861 2412 egerunt
2887 2340 2964 2411 (2.
3002 2339 3122 2396 Cor.
3154 2339 3241 2394 l2.
3287 2337 3413 2410 2i);
3458 2353 3523 2392 ac
3551 2351 3738 2392 rursus
3763 2337 3832 2390 ad
3874 2350 3974 2391 eos

2388 2435 2477 2505 qui
2503 2439 2556 2490 in
2575 2435 2869 2490 certamine
2894 2432 3243 2489 versabantur
3265 2448 3280 2485 :
3301 2430 3530 2496 Gaudeo,
3555 2439 3605 2485 et
3627 2431 3859 2500 gratulor
3883 2444 3974 2482 uo-

2390 2528 2464 2582 bis
2483 2528 2712 2582 omnibus
2732 2525 2987 2595 (Philipp.
3009 2527 3060 2580 2.
3094 2522 3200 2594 l7).
3228 2522 3490 2590 Quocirca
3518 2534 3618 2576 nec
3637 2535 3822 2576 eorum
3849 2534 3975 2589 qua:

2390 2621 2747 2688 contigerunt,
2780 2630 2880 2671 nec
2904 2629 3088 2671 eorum
3113 2629 3232 2684 quae
3255 2612 3348 2666 tibi
3373 2611 3751 2666 denuntiantur
3774 2649 3790 2672 ,
3815 2608 3976 2679 quid-

2389 2727 2548 2784 quam
2572 2709 2928 2782 tepcrturbet.
2947 2707 3130 2780 Neque
3150 2705 3293 2762 enim
3325 2703 3515 2760 ﬁuctus
3540 2717 3728 2774 rupem
3760 2700 3974 2771 percel-

2393 2805 2528 2870 lunt,
2551 2817 2736 2859 verum
2757 2816 2862 2873 quo
2879 2798 3280 2856 vehementiore
3299 2797 3498 2866 impetu
3523 2795 3577 2849 in
3597 2808 3717 2849 eam
3738 2792 3972 2854 irruunt,

2395 2909 2464 2952 eo
2491 2894 2659 2965 magis
2681 2892 2752 2948 ab
2787 2906 2853 2948 ea
2879 2889 3239 2960 infringuntur
3267 2901 3330 2942 ac
3356 2885 3423 2942 de
3451 2886 3627 2941 medio
3667 2883 3926 2938 tolluntur
3957 2898 3972 2934 :

2392 2984 2538 3057 quod
2560 2984 2722 3040 etiam
2751 2983 2804 3038 in
2832 2981 2952 3038 istis
2972 2994 3183 3052 quoque
3201 2976 3442 3049 contigit,
3467 2984 3522 3032 et
3546 2974 3842 3045 continget,
3865 2973 3979 3027 imo

2394 3079 2566 3135 multo
2589 3076 2776 3148 magis.
2799 3073 3012 3132 Etenim
3038 3087 3224 3144 rupem
3244 3069 3458 3142 quidem
3483 3068 3676 3124 fluctus
3695 3079 3801 3121 non
3826 3064 3979 3119 labe-

2396 3170 2596 3225 factant
2644 3185 2657 3220 :
2708 3174 2763 3220 at
2805 3175 2858 3221 te
2893 3179 2997 3219 non
3045 3161 3204 3219 modo
3250 3175 3359 3216 non
3399 3156 3829 3220 labefactarunt,
3877 3152 3978 3209 sed

2394 3261 2554 3316 etiam
2582 3257 2872 3313 ﬁrmiorem
2899 3253 3268 3311 reddiderunt.
3301 3251 3374 3306 Ea
3400 3249 3544 3306 enim
3576 3244 3940 3318 improbitatis
3958 3283 3976 3308 ,

2394 3366 2459 3408 ea
2484 3349 2695 3406 virtutis
2723 3357 2911 3404 natura
2939 3356 3044 3402 est.
3072 3344 3171 3400 llla-
3190 3343 3317 3400 dum
3345 3341 3546 3398 bellum
3573 3338 3762 3405 infert,
3791 3335 3981 3408 oppri-

2397 3444 2559 3499 mitur
2587 3459 2601 3497 :
2623 3440 2739 3496 hac
2761 3439 2886 3494 dum
2908 3437 3048 3494 bello
3069 3445 3308 3500 vexatur,
3333 3433 3528 3490 clarius
3544 3429 3779 3501 effulget.
3804 3428 3981 3498 Atque

2400 3537 2515 3592 lucc
2557 3549 2666 3590 non
2705 3530 2866 3588 modo
2902 3537 3022 3601 post
3045 3526 3376 3592 certamina,
3421 3524 3517 3582 sed
3544 3523 3705 3580 etiam
3748 3521 3802 3576 in
3849 3519 3984 3590 ipsis

2399 3624 2781 3686 certaminibus
2807 3623 3037 3695 palmam
3058 3619 3284 3686 obtinet,
3307 3631 3370 3673 ac
3393 3624 3663 3672 certamen
3687 3611 3789 3682 ipsi
3807 3617 3985 3666 certa-

2401 3720 2560 3776 minis
2581 3717 2856 3790 prazmium
2878 3713 3141 3770 efﬁcitur:
3167 3710 3256 3766 illa
3280 3719 3458 3764 autem
3489 3720 3610 3762 cum
3637 3703 3802 3760 vincit
3819 3741 3839 3770 ,
3868 3709 3982 3757 tum

2403 3811 2607 3882 majore
2631 3807 2834 3880 pudore
2859 3803 3198 3866 suffunditur,
3232 3808 3342 3855 tum
3368 3795 3724 3859 excruciatur,
3758 3803 3870 3848 tum
3899 3792 3984 3846 in-

2404 3906 2548 3977 genti
2577 3897 2868 3973 ignominia
2897 3894 3232 3967 perfunditur
3253 3932 3270 3958 ,
3300 3899 3460 3960 atque
3498 3895 3628 3942 ante
3650 3882 3984 3977 reconditum

2407 3973 2507 4066 ipsi
2537 3989 2879 4062 supplicium,
2911 4001 3018 4042 non
3045 3981 3205 4039 modo
3231 3990 3349 4053 post
3379 3985 3741 4051 perpetratum
3770 3973 3948 4030 scelus
3966 4011 3983 4038 ,

2406 4065 2502 4143 sed
2540 4086 2593 4140 in
2619 4083 2736 4154 ipso
2762 4081 2924 4134 etiam
2951 4086 3115 4147 Opere
3138 4074 3428 4130 cruciatur.
3463 4067 3616 4138 Quod
3642 4068 3687 4122 si
3716 4065 3769 4122 id
3793 4065 3986 4121 obscu-

2408 4178 2523 4234 rius
2558 4175 2654 4231 tibi
2678 4171 2926 4235 vidctur,
2956 4169 3169 4223 beatum
3201 4163 3423 4220 Paulum
3452 4161 3606 4224 audi,
3638 4167 3864 4228 utraque
3889 4156 4002 4235 ista,

2407 4268 2844 4337 distinguentem.
2873 4260 2954 4316 Ad
2980 4259 3248 4314 Romanos
3263 4255 3412 4312 enim
3436 4250 3702 4324 quondam
3725 4249 3986 4315 scribens,

2407 4368 2566 4431 atque
2591 4359 2851 4426 impuram
2881 4349 3253 4407 nonnullorum
3289 4346 3453 4400 vitam
3477 4341 3786 4406 traducens,

2409 4429 2647 4520 deusque
2677 4454 2974 4518 peceatum,
2997 4440 3156 4499 etiam
3175 4445 3300 4493 ante
3320 4436 3518 4492 illatam
3549 4445 3786 4503 penam,
3805 4429 3861 4488 iu
3877 4429 3988 4500 ipsa

2411 4542 2619 4598 actione
2635 4537 2944 4606 adiunctum
2969 4529 3287 4601 supplicium
3313 4525 3536 4587 habere,
3557 4535 3679 4577 cum
3702 4520 3990 4576 sceleratos

2414 4643 2525 4688 tum
2551 4630 2867 4686 feminarum
2897 4632 3010 4679 tum
3033 4621 3268 4676 virorum
3294 4657 3312 4684 ,
3351 4614 3443 4686 qui
3470 4611 3809 4684 praescriptas
3841 4623 3872 4664 a
3902 4623 3992 4666 ua-

2416 4733 2533 4780 tura
2558 4721 2702 4792 leges
2726 4717 3094 4778 violaverant,
3121 4724 3186 4766 ac
3214 4707 3574 4780 prodigiosum
3604 4700 3891 4775 quamdam
3926 4699 3989 4792 li:

2415 4786 2649 4871 bidinem
2675 4805 3107 4878 excogitaverant
3127 4842 3145 4870 ,
3187 4797 3360 4854 coitus
3384 4799 3865 4870 commemorasset
3886 4829 3903 4856 ,
3927 4786 3990 4842 ad

2416 4905 2560 4960 hunc
2589 4900 2802 4956 modum
2841 4895 3078 4968 loquitur
3107 4909 3123 4948 :
3154 4890 3294 4946 Nam
3327 4887 3530 4958 femina
3553 4900 3732 4941 eorum
3756 4882 3990 4935 immuta-

2417 5004 2590 5054 verunt
2618 4989 2901 5047 naturalem
2927 5002 3074 5044 usum
3102 4985 3156 5039 in
3182 4999 3299 5038 eum
3327 4981 3413 5048 qui
3436 4989 3509 5034 est
3536 4985 3713 5032 contra
3739 4983 3971 5029 naturam

2421 5087 2669 5146 Similiter
2692 5093 2858 5136 autent
2878 5088 2926 5134 et
2951 5075 3184 5139 masculi,
3205 5073 3380 5130 relicto
3406 5068 3755 5124 naturalium
3775 5064 3989 5136 femine,

2420 5183 2712 5236 exarserunt
2731 5173 2784 5226 in
2809 5167 3069 5225 desideriis
3089 5165 3192 5221 suis
3219 5163 3452 5226 inuicem,
3473 5157 3686 5213 masculi
3711 5157 3765 5210 in
3793 5170 3990 5208 mascu-

2420 5274 2498 5329 los
2534 5265 2894 5338 turpitudinem
2919 5266 3184 5330 operantes
3203 5297 3218 5322 ,
3244 5264 3292 5309 et
3321 5251 3626 5315 mercedem,
3671 5261 3994 5338 qumnropgr-

2425 5363 2520 5417 tuit
2539 5401 2556 5429 ,
2586 5333 2770 5415 erroris
2794 5354 2872 5409 sui
2897 5353 2952 5406 in
2976 5347 3256 5416 semetipsis
3284 5344 3580 5413 recipientes
3619 5337 3793 5429 (Rom.
3904 5333 3991 5390 26.

2421 5425 2551 5524 2⁵7).⁷
2586 5447 2722 5516 Quid
2761 5445 2838 5501 ais
2862 5487 2877 5511 ,
2917 5441 3120 5499 Paule?
3159 5440 3347 5493 Annon
3383 5432 3656 5524 voluptate
3683 5425 3993 5524 afﬁciuntur

2423 5518 2513 5619 qui
2541 5545 2656 5599 haec
2701 5538 2935 5601 audent,
2971 5543 3131 5602 atque
3176 5542 3304 5619 cum?
3339 5523 3629 5596 cupiditate
3678 5518 3989 5619 flagitiosum

2428 5610 2566 5695 hunc
2597 5634 2889 5700 divinisque
2909 5627 3118 5695 legibus
3140 5618 3479 5676 interdictum
3508 5610 3850 5668 concubitum
3879 5622 3995 5679 per-

2428 5726 2674 5802 pctrant?
2703 5725 2941 5790 Quonam
2970 5718 3126 5789 igitur
3154 5721 3307 5782 pacto
3335 5723 3429 5802 eos
3461 5707 3512 5760 in
3540 5704 3643 5758 hoc
3668 5702 3786 5802 ipso
3815 5713 3993 5802 pinnas

2432 5794 2561 5879 dare
2589 5819 2704 5875 ais?
2732 5814 2882 5885 Quod
2909 5808 3257 5872 sententiam,
3289 5799 3492 5876 inquit,
3513 5811 3618 5856 non
3647 5794 3714 5852 ab
3743 5801 3997 5860 urotan-
