4216 6480
243 568 430 639 ωπείῳ
457 565 634 639 τούτῳ
656 567 752 638 τὴν
783 564 1198 635 ἀδελφοκτονίαν
1227 561 1516 616 συσκιάσαι
1548 560 1829 629 ἐπιχειρη-

245 680 364 727 σας,
402 662 495 716 τὸν
546 662 645 732 μὲν
693 661 911 731 πατέρα
955 660 1205 730 ἡπάτησε
1250 657 1391 720 τότε,
1421 654 1482 708 τὸ
1513 654 1569 706 δὲ
1596 650 1837 713 συνειδὸς

241 756 341 809 οὐκ
381 755 691 824 ἠπάτησεν,
728 752 849 806 οὐδὲ
881 753 1097 805 ἔπεισεν
1122 749 1453 821 ἡσυχάζεινο
1491 745 1606 800 ἀλλ’
1642 745 1835 814 ἔμενεν

241 845 409 899 αὑτοῦ
465 844 1019 913 κατεξανιστάμενον,
1077 839 1365 894 καταϐοῶν
1407 835 1696 910 διηνεκῶς,
1744 835 1839 887 καὶ

243 935 504 990 οὐδέποτε
550 934 1062 1006 ἐπιστομιζόμενον.
1097 930 1307 1001 Χρόνου
1331 931 1441 1002 γὰρ
1471 925 1838 998 παρελθόντος

246 1026 484 1100 μακροῦ,
509 1029 538 1081 6
561 1026 654 1080 τὸν
680 1024 1052 1095 γεγεννηκότα
1076 1021 1457 1094 ἀρνησάμενος
1476 1020 1538 1073 τὸ
1557 1019 1837 1089 τόλμημα,

242 1121 380 1189 ὅπερ
445 1119 770 1190 ἐτόλμησεν,
821 1117 851 1170 ό
913 1115 1100 1187 μηδενὶ
1149 1113 1259 1168 τῶν
1299 1112 1476 1168 ἀλλων
1532 1109 1838 1182 ἀνθρώπων

244 1211 500 1278 ἐξειπὼν,
535 1211 749 1274 οὐδενὸς
768 1208 1224 1281 κατηγοροῦντος,
1264 1205 1480 1267 οὐδενὸς
1504 1203 1840 1274 ἐλέγχοντος,

237 1302 462 1367 οὐδενὸς
518 1300 846 1371 ἐφεστῶτος,
883 1300 1007 1354 οὐδέ
1041 1300 1551 1372 ἀναμιμνήσκοντός
1581 1298 1684 1369 τῆς
1710 1298 1844 1369 δρα-

247 1394 589 1465 ματουργίας
614 1392 853 1461 ἐκείνης,
886 1390 1213 1444 κινδυνεύων
1243 1391 1372 1460 περὶ
1399 1389 1714 1460 ἐλευθερίας
1747 1390 1841 1443 καὶ

248 1481 417 1536 αὑτοῦ
455 1480 550 1536 τοῦ
599 1481 720 1553 ζῇν,
770 1481 987 1544 δεικνὺς
1045 1481 1129 1534 ὃτι
1186 1481 1287 1533 οὐκ
1342 1479 1713 1551 ἐπεστομίσθη
1746 1480 1842 1534 τοῦ

251 1575 554 1638 συνειδότος
583 1575 612 1628 6
653 1573 958 1644 κατήγορος
1008 1574 1066 1626 ἐν
1090 1572 1234 1626 οὕτω
1269 1573 1467 1644 μακρῷ
1497 1573 1693 1643 χρόνῳ,
1722 1571 1842 1626 οὐδὲ

245 1666 598 1739 κατεχώσθη,
630 1665 804 1721 ταῦτά
845 1681 979 1735 φησι
1000 1665 1069 1718 τὰ
1095 1666 1316 1735 ῥήματα
1339 1683 1352 1696 θ
1389 1667 1505 1719 Ναί
1521 1683 1532 1697 ’
1561 1667 1630 1720 ἐν
1654 1667 1840 1735 ἀμαρ-

242 1759 403 1823 τίαις
424 1757 539 1826 γάρ
558 1757 747 1827 ἐσμεν
779 1755 911 1824 περὶ
941 1755 1046 1809 τοῦ
1063 1754 1332 1824 ἀδελφοῦ
1356 1753 1544 1824 ἡμῶν·
1568 1755 1669 1810 ὅτε
1697 1773 1839 1810 κατ⁸

243 1850 447 1904 εδέετο
502 1847 692 1919 ήμῶν,
716 1849 814 1902 καὶ
842 1846 1232 1916 ὐπερείδομεν
1254 1845 1370 1915 τὴν
1390 1849 1603 1917 θλίψιν
1632 1848 1841 1912 αὐτοῦ,

244 1942 344 1995 καὶ
376 1939 496 2009 τὴν
529 1939 761 2005 ὀδύνην
786 1936 899 2007 τῆς
920 1936 1133 2008 ψυχῆς
1161 1939 1352 1992 αὐτοῦ
1373 1953 1386 1968 ’
1408 1939 1506 1992 καὶ
1535 1938 1655 1993 νῦν
1675 1936 1844 2006 ἐκζηο

229 2033 430 2104 ατεῖται
459 2031 527 2086 τὸ
558 2027 704 2101 αἷμα
730 2029 918 2085 αὑτοῦ
948 2030 1017 2094 ἐξ
1047 2027 1238 2099 ἡμῶν.
1273 2028 1427 2102 [585]
1449 2030 1844 2101 Καίτοιέτερον

243 2119 335 2195 ἦν,
386 2125 526 2195 ὅπερ
585 2124 824 2193 ἐπήγετο
880 2121 1030 2194 αύτῷ
1065 2122 1342 2194 ἔγκλημα,
1369 2121 1464 2176 καὶ
1517 2121 1606 2175 διὰ
1636 2121 1844 2192 κλοπὴν

243 2215 514 2286 ἐκρίνετο,
547 2215 644 2269 καὶ
675 2214 751 2276 ὡς
786 2214 1118 2284 ὑφελόμενος
1175 2214 1373 2269 κύλικα
1430 2215 1637 2286 χρυσῆν
1671 2213 1843 2279 οὕτως

242 2307 325 2367 εἰς
364 2304 718 2375 δικαστήριον
769 2305 967 2374 ἡγετο·
1016 2303 1133 2358 ἀλλ’
1158 2304 1346 2373 ἐπειδὴ
1397 2303 1606 2356 τούτων
1664 2303 1844 2375 ἐαυτῷ

243 2394 398 2450 οὐδὲν
445 2393 682 2464 συνῄδει,
721 2394 863 2464 ὑπὲρ
891 2393 990 2464 μὲν
1023 2392 1228 2446 τούτων
1258 2392 1358 2446 οὐκ
1383 2392 1558 2462 ἡλγει,
1586 2391 1708 2444 ούδέ
1737 2389 1843 2460 ἐφη

245 2484 422 2539 ταῦτα
464 2484 695 2554 πάσχειν
729 2484 870 2554 ὑπὲρ
893 2477 969 2537 ὧν
1004 2483 1251 2555 ἐκρίνετο
1279 2482 1375 2536 καὶ
1398 2479 1618 2551 δέσμιος
1643 2481 1808 2551 ἤγετο
1827 2496 1839 2510 ⁸

243 2577 389 2646 ὑπὲρ
419 2575 477 2630 δὲ
511 2569 587 2628 ὦν
633 2574 810 2637 οὐδεὶς
855 2574 1124 2642 ἐνεκάλει,
1155 2573 1277 2627 ούδέ
1333 2572 1566 2636 εὐθύνας
1620 2573 1843 2644 ἀπῄτει,

243 2668 368 2721 οὐδὲ
411 2669 494 2730 είς
543 2666 896 2736 δικαστήριον
950 2659 1122 2731 εἷλκε,
1161 2664 1362 2734 μᾶλλον
1383 2664 1440 2716 δὲ
1473 2663 1595 2717 ούδέ
1624 2663 1724 2734 ἡδη
1751 2680 1842 2715 τε-

243 2757 606 2829 τολμημένων
640 2756 810 2827 αὐτῷ,
837 2757 977 2827 ὑπὲρ
1001 2756 1065 2826 δὴ
1096 2755 1300 2809 τούτων
1331 2756 1492 2819 αὐτὸς
1523 2753 1719 2809 ἐαυτοῦ
1751 2755 1843 2808 καὶ

243 2849 470 2920 ἐλεγχος
504 2851 599 2903 καὶ
627 2850 935 2920 κατήγορος
973 2849 1206 2916 γίνεται.
1263 2848 1704 2919 Ἐπελαμὸάνετο
1732 2848 1843 2919 γὰρ

244 2939 412 2993 αὐτοῦ
463 2939 525 2992 τὸ
579 2938 844 3002 συνειδὸς,
897 2939 992 2992 καὶ
1034 2941 1064 2992 6
1093 2940 1232 3010 μετὰ
1267 2940 1454 3004 ἀδείας
1480 2940 1750 3011 τοσαύτης
1782 2941 1844 2994 τὸ

245 3028 385 3102 αἷμα
413 3031 614 3100 ἐκχέας
643 3029 739 3082 τοῦ
768 3029 1020 3099 ἀδελφοῦ,
1046 3033 1141 3084 καὶ
1176 3031 1343 3102 μηδὲν
1377 3032 1586 3098 παθὼν,
1625 3033 1720 3086 νῦν
1749 3035 1842 3086 καὶ

247 3123 666 3195 συμπαθητικὺς
696 3123 927 3192 ἐγίνετο,
963 3125 1058 3177 καὶ⁹
1085 3123 1179 3178 τοῦ
1236 3125 1393 3196 χοροῦ
1441 3126 1549 3179 τῶν
1588 3143 1844 3198 κοινωνη-

246 3220 458 3271 σάντων
494 3214 644 3285 αὑτῷ
692 3216 792 3286 τῆς
855 3216 1170 3286 μιαιφονίας
1217 3216 1535 3287 κατηγόρει,
1591 3217 1686 3271 καὶ
1741 3219 1842 3289 τὴν

244 3307 507 3378 ὡμότητα
536 3309 718 3360 πᾶσαν
770 3305 1088 3378 ἐτραγῴδει,
1123 3307 1324 3376 λέγων·
1357 3309 1486 3362 Ὅτε
1529 3309 1842 3364 κατεδέετο

243 3399 438 3469 ἡμῶν,
474 3398 573 3453 καί
624 3399 1020 3468 ὑπερείδομεν
1070 3399 1186 3469 τὴν
1227 3401 1443 3469 θλίψιν
1472 3402 1682 3466 αὐτοῦ,
1743 3403 1843 3457 καί

242 3490 360 3560 τὴν
389 3490 624 3559 ὀδύνην
670 3488 784 3558 τῆς
837 3489 1051 3558 ’ψυχῆς
1071 3491 1282 3547 αὑτοῦ.
1314 3493 1512 3563 Ἤρκει
1544 3493 1647 3563 μὲν
1676 3493 1838 3567 γάρὴ

246 3586 432 3655 φύσις,
465 3583 620 3652 φησι,
655 3581 895 3653 μαλάξαι
934 3583 1030 3636 καὶ
1071 3584 1384 3655 ἐπικάμψαι
1421 3584 1556 3656 πρὸς
1600 3586 1783 3640 ἐλεονο
1812 3588 1843 3640 6

240 3678 295 3731 δέ
327 3678 424 3730 καὶ
467 3675 679 3747 δάκρυα
712 3674 1042 3744 προσετίθει,
1073 3677 1167 3728 καὶ
1206 3677 1489 3749 ἱκετηρίαν
1525 3679 1712 3746 ἐτίθει,
1746 3681 1841 3734 καὶ

239 3769 361 3822 ούδέ
403 3767 580 3831 οὓτως
641 3768 793 3838 ἡμᾶς
835 3766 1158 3837 ἐπέκαμψεν
1185 3784 1198 3796 ·
1242 3768 1359 3821 ἀλλ’
1429 3770 1842 3842 Ὑπερείδομεν

243 3861 362 3928 τὴν
402 3861 619 3928 θλίψιν
655 3859 865 3924 αὐτοῦ,
899 3859 1000 3912 καί
1051 3858 1169 3926 τὴν
1213 3860 1443 3931 ὀδύνην
1485 3862 1596 3932 τῆς
1627 3863 1840 3934 ψυχῆς

244 3952 458 4008 αὑτοῦ.
495 3951 596 4005 Διά
631 3951 792 4005 τοῦτο
819 3953 950 4022 ἡμῖν
975 3951 1038 4003 τὸ
1065 3951 1415 4026 δικαστήριον
1446 3954 1602 4008 τοῦτο
1641 3973 1839 4025 συγκε-

243 4045 532 4116 κρότηται,
565 4044 718 4113 φησὶ,
754 4043 841 4096 διὰ
877 4042 1037 4096 τοῦτο
1076 4047 1204 4114 περὶ
1251 4046 1482 4115 αἵματος
1527 4048 1835 4101 κινδυνεύο-

243 4154 363 4206 μεν,
395 4135 586 4206 ἐπειδὴ
609 4136 706 4189 καὶ
746 4137 906 4207 ἡμεῖς
944 4138 1025 4200 είς
1055 4131 1195 4208 αἷμα
1223 4140 1647 4210 ἡμαρτήκαμεν.
1680 4140 1838 4195 Οῦτω

238 4233 332 4284 καὶ
369 4232 399 4284 6
449 4227 648 4292 Ἰούδας
685 4229 786 4282 οὐκ
833 4229 1072 4297 ἐνεγκὼν
1106 4229 1200 4282 τοῦ
1243 4231 1544 4295 συνειδότος
1571 4231 1662 4285 τὸν
1685 4232 1838 4303 ἐλεγε-

237 4336 351 4388 χον,
383 4316 480 4369 ἐπὶ
514 4316 708 4388 βρόχον
738 4316 988 4389 ὥρμησε,
1020 4319 1115 4372 καὶ
1161 4319 1228 4373 δι’
1285 4321 1523 4392 ἀγχόνης
1575 4322 1666 4375 τὸν
1721 4323 1835 4394 βίον

234 4409 559 4462 κατέλυσεν.
601 4409 711 4462 Καὶ
741 4409 831 4462 ὅτε
880 4410 980 4480 μὲν
1013 4411 1073 4464 τὸ
1103 4411 1457 4482 ἀναίσχυντον
1488 4415 1664 4468 ἐκεῖνο
1697 4433 1835 4486 συμ-

233 4499 452 4553 ϐόλαιον
476 4499 700 4570 ἐτόλμα,
730 4499 934 4568 λέγων’
966 4503 1027 4555 Τί
1047 4502 1254 4557 θέλετέ
1278 4522 1381 4573 μοι
1408 4505 1641 4572 δοῦναι,
1671 4509 1834 4578 κάγὼ

231 4591 379 4660 ὑμῖν
429 4584 620 4646 αὐτὸν
665 4593 1031 4661 παραδώσω;
1066 4595 1126 4647 ού
1170 4599 1296 4661 τοὺς
1330 4599 1629 4664 ἀκούοντας
1661 4601 1830 4672 ᾐσχύ-

231 4699 381 4749 νετο,
415 4683 500 4736 ὅτι
533 4682 781 4755 μαθητὴς
813 4684 889 4737 ῶν
914 4685 1138 4740 τοιαῦτα
1171 4689 1300 4759 περὶ
1335 4690 1656 4745 διδασκάλου
1703 4693 1829 4747 ἐτύ-

233 4790 412 4842 ρευεν,
444 4774 546 4828 οὐκ
592 4776 652 4828 ἐν
703 4779 824 4839 ταῖς
857 4777 1094 4847 ἡμέραις
1139 4782 1258 4844 ταῖς
1292 4782 1496 4850 μεταξὺ
1528 4786 1827 4856 κατενύγη,

230 4857 370 4912 ἀλλὰ
403 4859 626 4929 μεθύων
659 4862 740 4915 ἐτι
767 4866 834 4935 τῇ
867 4865 1028 4936 ἡδονῇ
1055 4867 1156 4937 τῆς
1185 4868 1568 4942 φιλαργυρίας,
1604 4875 1665 4927 ού
1697 4877 1827 4943 σφό-

226 4944 332 5018 δρα
359 4945 628 5016 ᾐσθάνετο
659 4951 758 5020 τῆς
787 4953 1120 5024 κατηγορίας
1152 4955 1244 5009 τοῦ
1280 4960 1598 5026 συνειδότος.
1642 4963 1828 5018 Ἐπει-

225 5037 292 5109 δὴ
329 5037 389 5090 δέ
420 5039 625 5111 ἔπραξε
654 5043 755 5115 τὴν
788 5031 1087 5118 ἁμαρτίαν,
1123 5051 1217 5102 καὶ
1243 5052 1305 5104 τὸ
1331 5053 1596 5126 ἀργύριον
1640 5057 1823 5122 ἔλαϐε,

225 5129 326 5180 καὶ
361 5130 396 5198 ἡ
430 5129 590 5200 ἡδονὴ
626 5132 726 5201 μὲν
761 5133 1041 5188 ἐπαύσατο
1068 5137 1163 5188 τοῦ
1187 5137 1500 5210 λήμματος,
1531 5145 1564 5213 ἡ
1609 5144 1667 5196 δὲ
1697 5163 1826 5200 κατ-

226 5221 430 5291 ηγορία
470 5221 564 5274 τοῦ
618 5222 1093 5296 πλημμελήματος
1129 5229 1282 5299 ἡνοει
1336 5233 1543 5299 λοιπὸν,
1566 5237 1688 5290 τότε
1716 5256 1824 5312 μη-

222 5312 376 5376 δενὸς
443 5313 865 5382 ἀναγκάζοντος,
925 5319 1154 5389 μηδενὸς
1203 5321 1548 5393 βιαζομένου,
1593 5329 1824 5398 μηδενὸς

224 5407 647 5477 παραινοῦντος,
700 5411 1010 5483 αὐτόματος
1065 5416 1338 5484 ἀπελθὼν,
1374 5421 1436 5474 τό
1468 5440 1526 5476 τε
1558 5424 1821 5499 ἀργύριον

223 5499 567 5590 προσέρριψε
597 5503 710 5565 τοῖς
738 5502 1016 5570 δεδωκόσι,
1049 5509 1144 5560 καὶ
1169 5510 1268 5580 τὴν
1303 5515 1654 5586 παρανομίαν
1682 5518 1823 5590 ὡμο-

220 5587 455 5658 λόγησεν
508 5590 695 5659 αὐτοῦ,
726 5593 1032 5649 ἀκουόντων
1076 5598 1301 5653 ἐκείνων
1347 5602 1557 5673 λέγων’
1598 5587 1820 5680 Ἥμαρ-

219 5696 330 5734 τον
361 5682 672 5750 παραδοὺς
695 5681 839 5756 αἷμα
869 5689 1081 5744 ἀθῶον.
1107 5692 1180 5745 Οὐ
1205 5695 1314 5765 γὰρ
1347 5698 1543 5767 ἡνεγκε
1574 5702 1667 5755 τοῦ
1690 5722 1817 5760 συν-

219 5769 421 5832 ειδότος
447 5773 537 5824 τὸν
566 5774 807 5846 ἔλεγχον.

291 5874 548 5931 Τοιοῦτον
574 5880 684 5952 γὰρ
723 5884 755 5953 ἠ
791 5885 1062 5958 ἀμαρτίω
1095 5893 1225 5961 πρὶν
1258 5895 1291 5966 ἢ
1325 5896 1426 5966 μὲν
1472 5899 1816 5975 ἀπαρτισοῆ-

1671 435 2058 496 EPISTULA}.

3433 429 3550 486 σοι·

1947 570 2057 616 ναι,
2090 549 2309 623 μεθύειν
2359 551 2501 603 ποιεῖ
2547 547 2638 601 τὸν
2671 547 2902 602 ἀλόντα’
2937 543 3158 599 ἐπειδὰν
3187 543 3245 598 δέ
3276 543 3550 620 πληρωθῇ

1945 643 2039 696 καὶ
2069 640 2402 713 ἀπαρτισθῇ,
2422 639 2543 692 τότε
2583 637 2652 691 τὰ
2675 637 2774 709 μὲν
2790 635 2890 705 τῆς
2917 633 3113 705 ἡδονῆς
3132 631 3340 701 ταύτης
3375 630 3550 697 ὑπεξ·

1950 733 2163 787 ίσταται
2205 731 2301 785 καὶ
2353 728 2661 790 σϐέννυται,
2714 725 2920 797 γυμνὸς
2981 724 3038 777 δὲ
3077 723 3278 793 ἕστηκε
3305 720 3493 774 λοιπὸν
3521 722 3551 775 6

1948 824 2275 894 κατήγορος,
2323 820 2415 874 τοῦ
2476 815 2775 880 συνειδότος
2809 814 3006 886 δημίου
3033 811 3186 878 τάξιν
3235 810 3550 882 ἐπέχοντος,

1950 914 2044 970 καὶ
2058 912 2475 980 καταξαίνοντος
2494 909 2587 964 τὸν
2603 905 3131 979 πεπλημμεληκότα,
3161 903 3256 958 καὶ
3274 904 3373 977 τὴν
3388 901 3553 973 ἐσχά-

1950 1023 2050 1078 την
2076 1004 2436 1068 ἀπαιτοῦντος
2461 1003 2637 1073 δίκην,
2677 1000 2773 1055 καὶ
2818 998 3078 1072 μολίϐδου
3125 997 3331 1062 παντὸς
3383 995 3553 1068 βαρύ-

1950 1116 2106 1170 τερον
2140 1096 2510 1168 ἐπικειμένου.

2024 1188 2178 1264 [586]
2202 1190 2272 1259 γ’.
2308 1190 2420 1244 Καὶ
2447 1189 2516 1243 τὰ
2551 1188 2653 1260 μὲν
2679 1184 2917 1241 ἐνταῦθα
2942 1183 3169 1238 τοιαῦτα
3186 1200 3201 1216 ο
3240 1183 3310 1235 τὰ
3336 1180 3393 1234 δὲ
3413 1182 3554 1246 ἐκεῖ,

1952 1279 2110 1337 οἶσθα
2138 1282 2303 1353 ἡλίκα
2331 1284 2444 1346 τοῖς
2488 1279 2735 1334 τοσαῦτα
2770 1277 3175 1352 ἐργασαμένοις
3194 1273 3342 1330 κακά
3372 1272 3556 1328 κείσε-

1952 1393 2043 1431 ται
2089 1375 2234 1429 τότε.
2272 1372 2511 1437 Τούτους
2553 1370 2650 1428 οὖν
2698 1372 2805 1444 χρὴ
2853 1370 3134 1442 δακρύειν,
3169 1367 3390 1431 τούτους
3422 1366 3558 1438 θρη-

1952 1475 2085 1538 νεῖν,
2107 1470 2232 1525 ἐπεὶ
2260 1471 2356 1524 καὶ
2386 1469 2600 1535 Παῦλος
2632 1469 2808 1534 οὕτως
2843 1468 3041 1535 ἐποίει,
3071 1469 3186 1529 τοῖς
3224 1466 3329 1537 μὲν
3360 1463 3558 1518 ἀθλοῦ-

1957 1586 2028 1634 σι,
2055 1568 2150 1622 καί
2177 1568 2621 1639 ἀγωνιζομένοις,
2655 1567 2752 1621 καὶ
2785 1565 2974 1630 κακῶς
3005 1566 3279 1636 πάσχουσι
3327 1562 3556 1633 συνηδό-

1957 1683 2138 1736 μενος,
2172 1667 2301 1729 τοὺς
2325 1664 2382 1718 δέ
2405 1664 2825 1736 ἁμαρτάνοντας
2851 1662 3067 1717 πενθῶν
3087 1678 3101 1691 '
3142 1662 3223 1716 διὸ
3256 1651 3350 1715 καὶ
3376 1660 3554 1730 ἔλεγε*

1951 1763 2181 1832 Μήπως
2229 1764 2485 1819 ἐλθόντα
2520 1780 2597 1834 με
2642 1763 2986 1831 ταπεινώσῃ
3018 1765 3052 1817 ὀ
3085 1761 3229 1827 Θεός
3259 1778 3380 1830 μου
3403 1760 3558 1829 πρὸς

1949 1860 2130 1931 ὑμᾶς.
2163 1860 2260 1915 καί
2313 1860 2597 1927 πενθήσω
2643 1860 2919 1926 πολλοὺς
2958 1859 3081 1915 τῶν
3101 1857 3559 1928 προημαρτηκό-

1952 1974 2094 2025 των,
2127 1959 2224 2012 καί
2248 1958 2335 2027 μὴ
2357 1956 2870 2026 μετανοησάντων
2895 1956 2994 2010 ἐπὶ
3036 1954 3113 2024 τῇ
3143 1955 3431 2024 ἀσελγείᾳ
3459 1950 3558 2007 καί

1953 2054 2295 2124 ἀκαθαρσίᾳ
2346 2047 2387 2126 ᾖ
2435 2053 2744 2123 ἔπραξαν·
2794 2055 2909 2117 τοῖς
2975 2051 3034 2106 δέ
3097 2051 3553 2123 ἀγωνιζομένοις·

1953 2152 2150 2220 Χαίρω
2180 2150 2279 2206 καί
2301 2152 2615 2221 συγχαίρω
2645 2149 2839 2205 πᾶσιν
2865 2149 3031 2220 ὑμῖν.
3065 2148 3248 2220 Μηδὲν
3285 2147 3466 2201 τοίνυν
3497 2162 3559 2198 σε

1954 2247 2252 2319 θορυδείτω
2311 2248 2449 2320 μήτε
2495 2247 2604 2301 τῶν
2631 2247 2965 2318 γενομένων,
3003 2247 3140 2318 μήτε
3165 2245 3276 2299 τῶν
3303 2243 3560 2298 ἀπειλου-

1956 2343 2154 2414 μένων.
2187 2343 2322 2397 Οὐδὲ
2361 2344 2471 2416 γάρ
2504 2343 2603 2416 τὴν
2637 2343 2844 2415 πέτραν
2868 2341 3178 2397 διασαλεύει
3213 2343 3282 2396 τά
3309 2341 3556 2410 κύματα,

1953 2437 2071 2492 ἀλλ’
2105 2440 2217 2510 ὅσῳ
2252 2439 2390 2510 μετά
2421 2439 2667 2504 πλείονος
2701 2442 3147 2512 προσρηγνυνται
3195 2440 3294 2510 τῆς
3353 2440 3558 2510 ῥύμης.

1952 2536 2195 2608 τοσούτῳ
2225 2537 2488 2607 μειζόνως
2517 2538 2690 2592 ἐαυτά
2715 2538 2972 2608 ἀφανίζει
2993 2554 3008 2568 ο
3032 2538 3062 2590 δ
3098 2537 3164 2609 δὴ
3193 2537 3287 2590 καὶ
3317 2537 3411 2589 ἐπὶ
3437 2536 3564 2590 τού-

1953 2650 2062 2687 των
2089 2634 2184 2687 καὶ
2213 2635 2405 2703 γέγονε
2422 2635 2518 2688 καὶ
2534 2634 2712 2701 ἔσται,
2745 2634 2947 2706 μᾶλλον
2977 2635 3037 2690 δὲ
3053 2635 3148 2689 καὶ
3168 2633 3348 2706 πολλῷ
3372 2633 3559 2690 πλέον.

1955 2729 2066 2800 Τὴν
2087 2730 2187 2801 μὲν
2216 2730 2327 2800 γὰρ
2351 2729 2563 2802 πέτραν
2579 2731 2641 2785 ού
2654 2731 2964 2787 διασαλεύει
2980 2731 3050 2787 τὰ
3073 2731 3321 2804 κύματαο
3338 2730 3396 2785 σὲ
3413 2731 3471 2785 δὲ
3496 2730 3562 2786 οὐ

1956 2827 2118 2896 μόνον
2135 2828 2195 2881 οὐ
2210 2827 2579 2895 διεσάλευσεν,
2593 2829 2730 2884 ἀλλά
2742 2830 2838 2884 καὶ
2856 2831 2975 2902 ίσχυ
2983 2830 3104 2902 ροτέ
3111 2848 3212 2902 ραν
3231 2831 3556 2903 πεποίηκεν.

1954 2925 2213 2979 Τοιοῦτον
2259 2926 2368 2997 γὰρ
2396 2927 2427 2997 ἡ
2460 2925 2647 2992 κακία,
2673 2927 2919 2982 τοιοῦτον
2944 2929 2978 3000 ἡ
3005 2929 3198 3000 ἀρετή.
3242 2929 3308 2983 Ἡ
3335 2929 3436 2999 μὲν
3468 2945 3564 2983 πο-

1954 3021 2220 3093 λεμοῦσα,
2249 3021 2617 3076 καταλύεταιο
2653 3025 2686 3094 ἡ
2734 3021 2791 3076 δὲ
2812 3024 3223 3097 πολεμουμένη,
3260 3025 3561 3097 διαλάμπει

1956 3118 2242 3191 μειζόνως.
2299 3119 2409 3172 Καὶ
2450 3120 2484 3189 ἡ
2541 3119 2640 3190 μὲν
2673 3120 2735 3173 οὐ
2769 3121 2912 3191 μετά
2959 3122 3087 3187 τοὺς
3119 3123 3338 3191 ἀγῶνας
3373 3124 3560 3194 μόνον,

1953 3214 2091 3269 ἀλλά
2123 3214 2220 3268 καὶ
2247 3215 2305 3268 ἐν
2335 3214 2519 3278 αὐτοῖς
2547 3217 2662 3280 τοῖς
2692 3216 2900 3285 ἀγῶσιν
2934 3218 3044 3290 ἔχει
3077 3219 3148 3274 τά
3176 3218 3428 3290 βραδεῖα,
3463 3220 3561 3277 καὶ

1951 3310 1981 3362 6
2003 3305 2166 3373 ἆθλος
2182 3307 2416 3364 ἔπαθλον
2441 3310 2580 3383 αὐτῇ
2609 3311 2822 3380 γίνεται
2841 3315 2908 3386 ’ἡ
2940 3314 2998 3369 δὲ
3030 3316 3159 3372 ὅταν
3187 3318 3410 3392 νικήσῃ,
3435 3318 3561 3374 τότε

1957 3406 2159 3476 μᾶλλον
2210 3406 2660 3478 καταισχύνεται,
2697 3410 2820 3463 τότε
2851 3411 3170 3477 κολάζεται,
3198 3414 3323 3466 τότε
3360 3408 3556 3485 πολλῆς

1953 3501 2260 3574 πληροῦται
2289 3503 2388 3572 τῆς
2407 3503 2654 3576 ἀτιμίας,
2689 3506 2782 3560 καὶ
2809 3507 2918 3580 πρὸ
2939 3511 3036 3580 τῆς
3061 3509 3437 3582 ἀποκειμένης
3467 3513 3561 3565 a6-

1951 3601 2018 3671 τῇ
2044 3599 2343 3666 κολάσεως,
2372 3602 2430 3654 ἐν
2452 3602 2602 3674 αύτῷ
2626 3602 2706 3674 τῷ
2736 3605 3002 3677 πράττειν
3021 3609 3435 3683 τιμωρουμένη,
3463 3611 3562 3668 καὶ

1950 3695 2071 3766 οὐχὶ
2106 3697 2246 3767 μετά
2279 3697 2341 3751 16
2370 3698 2576 3770 πρᾶξαι
2600 3699 2783 3770 μόνον.
2819 3701 2886 3757 Et
2916 3701 2974 3756 δὲ
3000 3704 3377 3776 ἀσαφέστερος
3409 3709 3438 3762 6
3469 3707 3561 3763 λό-

1950 3807 2068 3860 γος,
2094 3792 2332 3847 ἄκουσον
2350 3793 2446 3846 τοῦ
2479 3795 2758 3867 μακαρίου
2787 3798 3009 3853 Παύλου
3041 3801 3216 3856 ταῦτα
3265 3803 3558 3878 ἀμφότερα

1947 3887 2335 3960 διακρίνοντος.
2372 3890 2609 3963 Γράφων
2649 3893 2760 3966 γάρ
2817 3913 2950 3950 ποτε
2979 3895 3296 3968 Ῥωμαίοις,
3330 3903 3423 3954 καὶ
3464 3903 3557 3958 τὸν

1949 3985 2263 4059 ἀκάθαρτόν
2306 4004 2470 4042 τινων
2512 3991 2881 4062 ἐκπομπεύων
2929 3993 3067 4066 βίον,
3106 3997 3200 4050 καὶ
3231 3997 3448 4065 δεικνὺς
3473 4001 3556 4056 ὅτι

1947 4084 2044 4138 καὶ
2074 4085 2181 4157 πρὸ
2212 4087 2312 4156 τῆς
2344 4088 2641 4159 τιμωρίας,
2670 4091 2728 4143 ἐν
2749 4090 2886 4164 αὐτῇ
2918 4095 2984 4164 τῇ
3015 4093 3213 4164 πράξει
3246 4097 3347 4168 τὴν
3375 4116 3552 4170 τιμω-

1948 4181 2072 4252 ρίαν
2120 4184 2154 4254 ἡ
2201 4183 2493 4254 ἁμαρτίαι
2553 4187 3093 4263 συγκεκληρωμένην
3148 4193 3283 4264 ἔχει,
3348 4196 3552 4267 μίξεων

1947 4278 2283 4350 παρανόμων
2313 4280 2576 4352 μνησθεὶς
2606 4284 2887 4352 γυναικῶν
2930 4304 2992 4340 τε
3047 4291 3144 4343 καὶ
3175 4292 3408 4364 ἀνδρῶν,
3439 4295 3552 4352 τῶν

1943 4379 2070 4440 τοὺς
2097 4379 2257 4450 ὅρους
2279 4380 2380 4450 τῆς
2410 4379 2628 4448 φύσεως
2683 4384 3074 4456 παραϐάντων,
3108 4392 3204 4445 καὶ
3249 4394 3550 4467 ἐπιθυμίαν

1943 4475 2066 4529 τινὰ
2108 4476 2396 4533 ἀλλόκοτον
2430 4479 2863 4549 ἐπινοησάντων,
2893 4483 3038 4537 οὕτω
3079 4486 3197 4552 πώς
3244 4507 3412 4560 φησιν
3432 4509 3446 4523 ·
3476 4496 3550 4548 Δί

1943 4573 2053 4643 γὰρ
2077 4573 2313 4640 θήλειαι
2331 4575 2534 4631 αὐτῶν
2551 4580 2953 4650 μετήλλαξαν
2973 4584 3092 4655 τὴν
3109 4589 3389 4658 φυσικὴν
3408 4591 3541 4663 χρῆ.

1941 4689 2046 4725 σιν
2079 4675 2166 4738 είς
2191 4672 2308 4742 τὴν
2331 4674 2492 4744 παρὰ
2512 4677 2730 4745 φύσιν.
2775 4681 3022 4751 Ὁμοίως
3056 4683 3126 4737 δὲ
3157 4687 3258 4740 καί
3287 4691 3341 4741 οἱ
3371 4689 3546 4760 dips-

1939 4785 2064 4835 νες,
2116 4769 2373 4839 ἀφέντες
2413 4773 2529 4843 τὴν
2565 4778 2844 4848 φυσικὴν
2879 4780 3107 4851 χρῆσιν
3136 4784 3245 4854 τῆς
3275 4789 3544 4859 θηλείας,

1939 4866 2365 4938 ἐξεκαύθησαν
2404 4871 2524 4940 μὲν
2548 4872 2623 4942 τῇ
2648 4873 2837 4943 ὀρέξει
2859 4878 3063 4934 αὐτῶν
3088 4883 3177 4948 είς
3202 4884 3540 4956 ἀλλήλους,

1938 4963 2187 5034 ἄρρενες
2221 4967 2292 5020 ὲν
2323 4969 2534 5039 ἄρρεσι
2561 4973 2678 5042 τὴν
2707 4975 3162 5049 ἀσχημοσύνην
3196 4986 3544 5054 κατεργαζό-

1930 5080 2122 5132 μενοι,
2161 5067 2260 5120 καὶ
2291 5067 2409 5137 τὴν
2436 5069 2842 5141 ἀντιμισθίαν,
2869 5075 2949 5145 ἣν
2973 5079 3116 5146 ἔδει,
3159 5081 3270 5151 τῆς
3299 5085 3546 5154 πλάνης

1935 5160 2155 5228 αὐτῶν,
2181 5165 2253 5218 ὲν
2283 5166 2522 5234 ἑαυτοῖς
2559 5171 3116 5244 ἀπολαμϐάνοντες.
3155 5183 3221 5236 Τί
3268 5184 3467 5255 λέγεις,
3497 5183 3545 5244 ὦ

1936 5259 2152 5326 Παῦλε;
2209 5263 2319 5317 Καὶ
2370 5265 2478 5337 μὴν
2528 5266 2750 5338 ἥδονται
2780 5272 2829 5324 οί
2856 5273 3033 5328 ταῦτα
3077 5278 3410 5351 τολμῶντες,
3445 5289 3542 5342 καὶ

1938 5359 2055 5426 μετ’
2090 5359 2385 5432 ἐπιθυμίας
2418 5363 2518 5433 τὴν
2572 5368 2893 5439 παράνομον
2949 5373 3154 5448 ταύτην
3205 5381 3536 5452 ἐργάζονται

1936 5455 2115 5560 μίξιν;
2144 5457 2270 5560 Πῶς
2303 5455 2396 5513 οὖν
2425 5462 2627 5528 αὐτοὺς
2664 5467 2802 5540 ἔφης
2835 5471 3163 5538 κολάζεσθαι
3209 5481 3266 5533 ἐν
3296 5483 3448 5555 αύτῷ
3469 5488 3537 5560 δὴ

1931 5553 2146 5656 τούτῳ;
2185 5557 2313 5656 ’,Οτι
2358 5560 2456 5632 τὴν
2487 5562 2690 5633 ψῆφον,
2722 5569 2912 5637 φησὶν,
2935 5573 3035 5626 οὐκ
3064 5576 3174 5629 ἀπὸ
3205 5580 3305 5651 τῆς

1929 5651 2038 5705 τῶν
2061 5654 2382 5722 νοσούντων,
2413 5659 2528 5712 ἀλλ’
2551 5663 2660 5716 ἀπὸ
2684 5664 2785 5735 τῆς
2804 5668 2910 5722 τῶν
2944 5676 3286 5746 πραγμάτων
3309 5651 3535 5756 ὲκφέ

1993 5793 2404 5882 ξ’..ΡΒξρωξξ-ᾒγ
2433 5805 2709 5882 τῖονηείανῄ
2734 5809 2971 5882 ἁμαρτία.
2992 5815 3117 5882 [ntro
3147 5826 3248 5869 tres
3279 5835 3396 5872 mss.
3421 5825 3535 5882 τοὺς

1927 5855 2065 5932 δε9νε
2087 5863 2170 5914 τῆς
2210 5859 2402 5927 ,φύσεως
2445 5855 2859 5920 ὑπεξεκινάζέῶηἵ
2875 5855 3125 5928 ’ὦκ’ίέἒῖ
3147 5855 3396 5933 ”ἴ;ἷςε’ἱ.’›”’
3424 5855 3534 5882 ‘W‘

1928 5917 2130 5978 ϐαντων,
2157 5931 2319 5969 mmus
2341 5930 2496 5974 recte.
3091 5911 3127 5938 ις
3169 5900 3199 5946 φ
3333 5903 3353 5940 ς
3375 5903 3534 5951 παρα.
