4172 6486
231 450 338 505 (διὶῆ

241 575 372 616 tium
402 561 687 629 voluptate
711 600 726 624 ,
765 555 856 610 sed
886 553 951 607 ab
981 552 1092 620 ip-a
1126 563 1300 602 reinm
1335 553 1518 597 natura
1552 539 1836 608 proferam.

241 651 693 724 Quandoquidem
723 649 880 702 etiam
904 644 1128 703 adulter,
1161 640 1306 709 prius
1327 650 1484 706 quam
1511 646 1692 702 pmnas
1715 645 1847 700 pen-

245 723 358 810 dat,
388 748 439 800 in
465 746 587 814 ipso
616 744 776 798 etiam
805 737 1047 792 adulterii
1078 747 1241 801 opere
1269 729 1505 800 ptmitur,
1529 723 1736 779 etiamsi
1757 736 1849 777 vo-

248 844 450 910 luptate
482 836 622 892 allici
653 851 711 890 se
741 833 1026 887 arbitretur
1051 869 1066 892 ,
1097 827 1224 880 dum
1257 823 1494 894 pejorem
1522 833 1584 872 ac
1613 817 1848 873 scelera-

245 938 445 988 tiorem
492 931 726 984 animam
766 925 958 981 reddit.
1002 921 1238 978 Sicarius
1289 920 1412 972 item
1439 957 1454 982 ,
1503 913 1648 982 prius
1687 911 1848 965 etiam

244 1041 411 1087 unam
445 1023 676 1078 tribunal
706 1033 768 1074 ac
799 1027 1093 1088 praeacutos
1119 1012 1324 1084 gladios
1351 1006 1661 1080 prospiciat,
1691 1013 1850 1072 atque

245 1116 613 1169 admissorum
644 1110 905 1164 scelerum
938 1120 1121 1176 pcenas
1151 1103 1268 1166 det,
1299 1101 1350 1154 in
1385 1099 1499 1167 ipso
1525 1095 1689 1151 czedis
1718 1092 1850 1148 laci-

249 1220 386 1260 uore
413 1204 591 1274 periit,
621 1211 675 1255 ut
703 1200 790 1269 qui
817 1199 975 1254 etiam
1005 1197 1118 1266 ipse
1137 1190 1458 1248 deteriorem
1486 1187 1587 1242 sibi
1613 1185 1714 1256 ipsi
1735 1184 1852 1238 ani-

249 1313 399 1352 mam
430 1295 689 1351 eﬂ‘ecerit.
734 1290 995 1361 Quodque
1023 1289 1074 1341 in
1110 1298 1336 1356 corpore
1366 1280 1586 1336 morbus
1614 1288 1696 1334 est
1719 1320 1733 1344 ,
1762 1287 1853 1331 aut

251 1390 446 1456 febris,
465 1398 554 1442 aut
571 1383 892 1457 hydropisis,
916 1389 1007 1434 aut
1026 1377 1171 1434 aliud
1195 1373 1456 1446 ejusmodi
1480 1369 1770 1442 quidpiam,
1799 1377 1854 1422 et

251 1483 310 1536 in
344 1480 488 1534 ferro
509 1477 714 1545 rubigo,
745 1482 800 1530 et
821 1474 872 1527 in
893 1473 1012 1526 lana
1043 1470 1205 1534 tinea,
1233 1475 1288 1520 et
1309 1467 1362 1518 in
1387 1464 1532 1533 ligno
1557 1461 1776 1526 vermis,
1799 1466 1855 1513 et

249 1575 311 1628 in
349 1545 599 1626 cornibus
640 1570 786 1638 ipes,
829 1565 930 1619 hoc
954 1564 1005 1616 in
1031 1560 1208 1615 anima
1245 1557 1432 1611 vitium
1459 1561 1560 1611 est.
1593 1551 1852 1608 Servilem

248 1667 404 1720 enim
442 1673 600 1732 atque
638 1661 929 1728 subjectam
958 1664 1013 1711 et
1042 1651 1309 1707 sordidam
1339 1665 1456 1704 eam
1487 1646 1694 1708 reddit;
1727 1644 1853 1715 quid

249 1767 440 1811 autem
470 1753 715 1808 servilem
738 1762 790 1805 et
806 1746 1074 1804 sordidam
1101 1742 1256 1799 dico?
1287 1742 1572 1796 Brutorum
1604 1753 1721 1794 eam
1750 1737 1836 1790 ani

252 1866 404 1905 mam
435 1848 616 1910 efﬁcit,
643 1846 784 1898 illam
813 1855 1004 1910 nempe
1025 1838 1153 1907 lupi,
1181 1835 1323 1890 illam
1352 1835 1531 1896 canis,
1564 1832 1704 1886 illam
1734 1844 1854 1884 ser-

255 1939 456 2011 pentis,
483 1939 621 1990 illam
653 1937 866 2003 viperm,
890 1932 1031 1986 illam
1061 1927 1356 1998 cujuSpiam
1378 1925 1513 1994 alios
1541 1922 1745 1978 bestiae.
1774 1920 1860 1974 ld-

252 2048 366 2101 que
389 2040 444 2083 ut
465 2027 753 2081 indicarent
772 2025 1062 2094 propltela},
1089 2015 1543 2085 mutationemque
1565 2029 1630 2069 ex
1660 2014 1854 2080 impro-

253 2123 428 2178 bitate
442 2127 768 2175 contractam
799 2113 1045 2168 omnibus
1069 2110 1410 2179 conspicuam
1440 2109 1689 2167 lacerent,
1721 2104 1858 2156 alius

252 2213 472 2269 dicebat
494 2229 506 2263 :
537 2209 696 2264 Canes
715 2208 858 2271 muti,
879 2221 980 2258 non
1006 2202 1226 2256 valentes
1255 2195 1612 2265 latrare(lsai.
1633 2194 1719 2251 56.
1743 2194 1854 2262 10),

253 2305 516 2362 subdolos
544 2303 768 2366 scilicet,
797 2314 860 2354 ac
883 2306 1215 2351 veteratores
1239 2293 1506 2356 homines,
1529 2291 1750 2358 aliisque
1778 2289 1859 2340 iu-

253 2401 426 2456 sidias
444 2400 578 2454 clam
607 2405 876 2452 struentes
898 2391 1096 2446 rabidis
1121 2388 1343 2443 canibus
1369 2397 1708 2454 comparans.
1741 2381 1856 2434 Non

258 2494 410 2551 cnim
439 2492 532 2555 illi,
561 2505 680 2546 cum
711 2487 856 2541 rabie
892 2485 1170 2546 laborant,
1205 2481 1459 2534 latrantes
1485 2478 1741 2545 impetum
1778 2473 1856 2526 la-

255 2589 447 2653 ciunt,
477 2583 569 2640 sed
611 2595 923 2648 compresso
967 2578 1203 2630 clamore
1243 2572 1560 2627 accedentes
1585 2611 1599 2632 ,
1646 2567 1860 2638 gravius

259 2693 422 2749 quam
455 2677 489 2729 ii
530 2675 620 2746 qui
665 2674 900 2736 latrant,
944 2683 1038 2724 cos
1081 2680 1216 2736 quos
1261 2666 1508 2718 mordent
1551 2660 1855 2714 vulnerant.

257 2770 414 2825 Alius
442 2781 652 2821 rursum
691 2763 959 2819 cornicem
991 2761 1062 2830 (a)
1093 2757 1339 2811 homines
1373 2753 1631 2824 quosdam
1663 2750 1852 2820 appel-

257 2861 404 2916 labat
434 2858 565 2929 (Jer.
608 2857 660 2908 5.
705 2855 786 2923 ‘2).
830 2852 980 2906 Alius
1016 2851 1140 2904 item
1187 2847 1402 2902 aiebat:
1437 2844 1606 2899 llomo
1647 2860 1762 2896 cum
1807 2843 1863 2896 in

258 2953 451 3006 honore
483 2958 644 3011 esset,
685 2963 784 3000 non
816 2943 1062 2998 intellexit
1094 2958 1112 2995 :
1143 2950 1468 3009 comparatus
1513 2945 1586 2990 est
1612 2935 1862 3005 jumcntis

258 3044 614 3116 insipientibus
634 3084 648 3108 ,
680 3051 723 3096 et
755 3039 934 3094 similis
965 3041 1130 3110 [actus
1159 3045 1232 3089 est
1258 3035 1362 3088 illis
1413 3032 1584 3104 (Psal.
1624 3032 1714 3085 48.
1748 3031 1858 3102 15).

256 3139 311 3194 Β
336 3137 567 3207 denique
588 3138 675 3207 qui
709 3135 985 3204 plusquam
1014 3130 1274 3200 propheta
1301 3138 1415 3183 erat
1438 3169 1454 3194 ,
1488 3128 1532 3182 is
1554 3170 1566 3192 ,
1598 3126 1812 3197 inquam
1841 3168 1858 3194 ,

260 3230 466 3286 sterilis
497 3228 658 3293 ﬁlius,
687 3226 750 3280 ad
781 3224 1068 3280 Jordanem
1099 3231 1278 3286 stans,
1313 3230 1591 3289 serpentes
1613 3233 1675 3273 ac
1707 3218 1859 3288 vipe-

258 3335 437 3375 rarum
463 3318 768 3388 progeniem
792 3314 1050 3386 quosdam
1080 3310 1439 3379 nuncupabat.
1465 3307 1728 3375 Quidnam
1755 3307 1856 3379 igi-

263 3421 350 3466 tur
378 3411 502 3466 huic
530 3409 792 3480 snpplicio
821 3423 914 3477 par
939 3420 1059 3460 esse
1088 3412 1282 3474 queat,
1325 3416 1446 3456 cum
1489 3401 1533 3455 is
1564 3401 1654 3470 qui
1682 3401 1749 3455 ad
1778 3401 1860 3455 di-

261 3504 443 3558 vinam
471 3501 756 3571 imaginem
801 3497 1084 3562 conditus,
1117 3505 1368 3564 tantoque
1407 3493 1613 3549 honore
1638 3503 1860 3548 ornatus

256 3605 358 3662 est,
394 3595 522 3649 illud
547 3637 562 3659 ,
594 3595 806 3663 inquam
833 3634 846 3656 ,
877 3593 1084 3644 ratione
1108 3603 1172 3643 ac
1197 3601 1404 3642 summa
1444 3585 1858 3642 mansuetudine

257 3687 540 3758 pra-(litum
568 3684 790 3747 animal,
825 3682 878 3736 in
915 3689 1116 3734 tantam
1149 3679 1412 3732 feritatem
1445 3676 1787 3746 prolabitur?

330 3781 386 3834 4.
421 3777 610 3832 Vidisti
638 3773 907 3846 quomodo
935 3772 1096 3826 etiam
1136 3777 1260 3823 ante
1289 3768 1609 3837 supplicium
1657 3767 1860 3836 impro-

252 3870 394 3926 bitas
420 3868 470 3922 in
493 3868 666 3937 seipsa
690 3879 902 3936 poenam
929 3859 1162 3916 habeat?
1196 3857 1437 3929 lntellige
1460 3873 1601 3912 nunc
1622 3872 1856 3926 quonam

251 3973 415 4034 pacto
445 3962 640 4024 virtus,
671 3959 833 4014 etiam
860 3965 984 4011 ante
1012 3955 1228 4024 praemia
1252 3995 1270 4021 ,
1300 3953 1412 4022 ipsa
1441 3952 1540 4005 sibi
1574 3953 1856 4021 praemium

283 4055 350 4118 ﬂ.
378 4051 446 4108 Ut
468 4053 608 4107 enim
641 4051 690 4104 in
713 4062 972 4118 corpore;
998 4046 1070 4100 nil
1101 4047 1243 4100 enim
1268 4043 1541 4114 prohibet,
1569 4045 1854 4113 quominus

285 4065 289 4066 ⁷
379 4065 446 4108 υι
468 4067 608 4107 enim
641 4067 690 4104 ιη
713 4065 972 4118 corpore;
998 4065 1070 4100 1111
1101 4065 1243 4100 enlm
1268 4065 1541 4114 promum,
1569 4065 1853 4113 quominus

249 4065 446 4200 etiam
469 4155 657 4195 rursus
678 4139 943 4208 exemplo.
974 4135 1116 4206 quod
1143 4134 1537 4206 perSpicuitatis
1565 4135 1853 4204 plurimum

249 4233 432 4298 θίγοι-ι,
463 4243 709 4296 utamur;
741 4241 820 4295 ut,
861 4231 1098 4300 inquam,
1137 4229 1188 4282 in
1217 4243 1474 4298 corpore,
1505 4228 1549 4281 is
1576 4227 1664 4298 qui
1691 4242 1855 4282 sanus

247 4337 339 4380 est
363 4367 376 4390 ,
418 4339 481 4378 ac
526 4323 680 4378 ﬁrma
722 4321 1026 4376 valetudine
1060 4319 1315 4390 prmditus
1339 4361 1352 4384 ,
1395 4329 1559 4388 atque
1597 4319 1665 4373 ab
1705 4323 1852 4374 omni

249 4417 446 4474 morbo
472 4415 680 4472 alienus
705 4457 720 4481 ,
752 4414 912 4472 etiam
943 4424 1068 4469 ante
1097 4413 1322 4468 delicias
1352 4412 1454 4468 hoc
1487 4414 1602 4482 ipso
1635 4415 1851 4468 nomine

247 4513 309 4567 in
337 4509 539 4565 deliciis
565 4518 681 4575 est,
714 4517 899 4578 utpote
939 4507 1029 4577 qui
1070 4505 1410 4575 coniunctam
1457 4520 1577 4560 eum
1623 4506 1852 4561 sanitate

250 4601 582 4672 voluptatem
612 4601 826 4665 habeat,
859 4609 1017 4669 atque
1046 4597 1115 4651 ita
1143 4608 1488 4667 comparatus
1515 4598 1584 4651 sit
1611 4639 1626 4662 ,
1665 4608 1723 4652 ut
1752 4613 1851 4654 nec

249 4695 394 4749 aeris
423 4692 675 4757 varietas,
705 4705 804 4746 nec
828 4701 1020 4753 mstus,
1048 4703 1149 4744 nec
1175 4689 1346 4758 algor,
1380 4704 1478 4743 nee
1511 4705 1711 4744 mensae
1742 4691 1850 4746 vili-

252 4797 335 4841 tas
354 4825 369 4850 ,
403 4798 506 4838 nec
525 4782 811 4853 quidquam
840 4780 984 4835 aliud
1013 4779 1276 4849 ejusmodi
1306 4779 1608 4833 molestiam
1643 4781 1740 4850 ipsi
1774 4782 1849 4835 al-

249 4880 398 4934 t’erre
443 4876 632 4945 possit,
673 4873 820 4944 quod
865 4872 1116 4928 videlicet
1163 4871 1367 4926 sanitas
1409 4871 1510 4938 iis,
1556 4887 1676 4940 qua:
1723 4873 1847 4927 inde

243 4969 535 5031 oriuntur,
579 4965 912 5020 detrimentis
958 4963 1334 5033 propulsandis
1373 4977 1470 5031 par
1511 4962 1579 5016 sit
1612 4980 1624 5017 :
1653 4963 1844 5018 eodem

245 5058 410 5112 modo
437 5058 488 5110 in
512 5057 686 5110 anima
708 5069 919 5126 quoque
944 5070 1042 5107 usu
1074 5055 1258 5108 venire
1285 5053 1585 5108 consuevit.
1617 5056 1696 5108 Ae
1722 5069 1846 5123 pro-

239 5163 431 5222 pterea
475 5149 671 5204 Paulus
711 5150 872 5205 etiam
903 5164 1022 5202 cum
1051 5147 1229 5216 ﬂagris
1253 5146 1551 5202 caaderetur
1574 5189 1588 5210 ,
1619 5163 1841 5202 vexare-

247 5253 358 5307 tur,
391 5240 687 5294 innumeris
711 5239 865 5294 malis
889 5240 1213 5302 afﬁceretur,
1242 5237 1526 5307 gaudebat,
1561 5237 1643 5291 his
1663 5239 1842 5293 verbis

248 5341 434 5396 utens,
471 5332 679 5385 Gaudeo
706 5333 758 5383 in
799 5331 1111 5400 passionibus
1156 5329 1276 5382 meis
1319 5345 1410 5397 pro
1440 5328 1576 5381 vobis
1608 5328 1741 5398 (Col.
1789 5330 1836 5382 l.

240 5424 365 5495 9.4).
397 5423 514 5478 Non
541 5422 722 5484 modo,
762 5423 978 5491 inquam
1002 5461 1018 5487 ,
1052 5421 1102 5473 in
1144 5421 1398 5474 calorum
1447 5433 1612 5488 regno
1658 5419 1839 5474 virtuti

240 5517 523 5588 prmminm
552 5525 792 5585 paratum
820 5525 940 5580 est,
972 5512 1067 5568 sed
1106 5513 1268 5568 etiam
1311 5513 1362 5566 in
1403 5512 1516 5580 ipsa
1561 5512 1837 5566 calamita-

237 5621 356 5664 tum
400 5609 775 5678 perpessione;
819 5603 1250 5677 quandoquidem
1299 5602 1438 5658 istud
1483 5617 1694 5672 quoque
1723 5617 1838 5654 am-

305 5721 378 5835 go)
411 5720 748 5771 \‘erisimilitcr
772 5722 819 5768 in
842 5729 1010 5770 mente
1034 5718 1203 5787 habuit
1234 5719 1363 5767 hunc
1407 5717 1564 5767 locum
1588 5719 1833 5773 Jeremize,

369 5796 384 5833 :
415 5792 468 5834 tn
487 5784 572 5834 uiis
593 5781 762 5834 sedisti
784 5782 904 5832 sicut
927 5794 1099 5832 cornu
1134 5781 1384 5835 desolata;
1418 5779 1497 5828 vel
1521 5786 1680 5835 certe,
1705 5778 1833 5835 quod

234 5787 289 5835 5.
312 5778 384 5835 ῖς
415 5792 468 5834 tn
487 5784 572 5834 uiis
593 5781 762 5834 sedisti
784 5782 904 5832 sicut
927 5782 1099 5832 corner
1134 5781 1384 5838 desolata;
1418 5779 1497 5828 vel
1521 5786 1680 5841 certe,
1705 5778 1835 5841 quod

239 5856 347 5917 est“
363 5847 412 5917 iu
430 5848 574 5917 epist.
599 5854 787 5917 J_e_rem_._
808 5858 853 5892 v.
879 5845 964 5917 at,
971 5842 1109 5917 sicut
1141 5841 1270 5893 enim
1308 5841 1568 5894 comicqu
1589 5839 1639 5892 in
1675 5838 1834 5890 medio

233 5907 347 5961 ωειὶ
369 5915 413 5960 et
432 5907 600 5961 (errat.
625 5913 736 5958 ttae
759 5912 928 5958 Fronto
951 5913 1168 5956 Dacicus.

1720 421 2096 480 EPISTULA}.

3466 400 3566 458 (306

1959 554 2182 625 plissimi
2214 553 2415 623 prmmii
2446 551 2614 606 instar
2640 556 2742 610 est,
2771 560 2963 616 nempe
2991 559 3086 615 pro
3110 541 3336 600 veritate
3356 539 3557 595 incom-

1957 645 2117 701 modo
2148 645 2326 713 aliquo
2368 641 2532 697 allici.
2575 639 2658 695 Ob
2684 653 2912 707 eamque
2942 649 3156 691 causam
3191 628 3577 713 apostolorum:

1955 737 2153 791 chorus
2183 752 2213 792 e
2239 735 2547 791 Judaeorum
2578 732 2806 788 concilio
2851 732 3005 785 hctus
3053 727 3251 790 rediit,
3301 741 3409 780 non
3445 705 3583 777 tanJ

1957 839 2067 882 tum
2098 829 2168 882 ob
2194 843 2415 898 regnum
2463 825 2720 881 czelorum
2753 866 2768 889 ,
2802 825 2897 878 sed
2941 822 3060 892 quia
3095 819 3242 890 digni
3273 818 3439 873 habiti
3487 816 3561 869 ln-

1955 930 2111 976 erant
2159 935 2254 990 pro
2302 919 2520 973 nomine
2561 917 2688 972 Jesu
2738 915 3118 970 contumeliam
3168 912 3273 982 pati
3318 909 3457 984 (Act.
3507 908 3562 960 ξ).

1955 1010 2070 1083 ιι).
2110 1010 2240 1066 Nam
2271 1019 2326 1065 et
2354 1009 2458 1065 hoc
2484 1009 2658 1079 ipsum
2692 1022 2787 1078 per
2816 1020 2875 1060 se
2901 1004 3264 1074 amplissimus
3289 1003 3483 1066 honor,
3507 1009 3561 1052 et

1955 1120 2175 1170 corona,
2200 1114 2254 1159 et
2285 1104 2562 1173 prmmium
2584 1111 2685 1166 est,
2710 1099 3104 1166 voluptatisque
3133 1104 3406 1167 perpetua:
3437 1109 3522 1148 ma
3540 1121 3558 1130 -

1957 1199 2110 1253 teria.
2140 1196 2326 1252 Gaude
2352 1196 2509 1265 igitur
2535 1203 2589 1249 et
2615 1193 2844 1247 cxsulta.
2878 1190 2995 1245 Non
3019 1189 3162 1243 enim
3193 1202 3437 1258 parvum,
3469 1185 3563 1240 se.l

1957 1303 2213 1359 perquam
2241 1287 2424 1357 ingens
2440 1287 2542 1340 hoc
2562 1292 2833 1339 cartamen
2855 1291 2954 1345 est,
2978 1280 3226 1333 nimirum
3249 1277 3533 1333 calumnia)
3555 1294 3566 1330 :

1957 1395 2019 1434 ac
2051 1379 2348 1449 prmsertim
2400 1391 2520 1430 cum
2568 1375 2636 1430 ob
2692 1386 2795 1428 tam
2831 1374 3017 1443 ingens
3065 1371 3267 1426 crimen
3320 1371 3572 1434 exsistit,

1958 1470 2258 1541 cujusmodi
2308 1484 2449 1523 nunc
2479 1463 2630 1523 nobis
2663 1468 2676 1498 ¹
2711 1465 3051 1527 alﬁnxerunt,
3087 1465 3138 1518 in
3169 1463 3384 1534 publico
3415 1463 3574 1518 nimi-

1960 1577 2077 1616 rum
2123 1561 2374 1616 tribunali
2404 1561 2558 1614 nobis
2586 1559 2889 1614 incendium
2921 1558 3250 1628 objicieutes.
3295 1557 3575 1624 Quamob-

1958 1669 2072 1709 rem
2126 1655 2287 1709 etiam
2340 1653 2591 1708 Salommi
2647 1652 2956 1708 certaminis
3009 1650 3167 1720 hujus
3236 1651 3573 1706 atrocitatem

1957 1747 2233 1802 declarare
2271 1747 2515 1814 cupiens,
2564 1744 2699 1811 Vidi,
2751 1746 2940 1814 inquit,
2973 1744 3255 1798 calumnias
3299 1760 3417 1814 qua:
3445 1745 3575 1813 ﬁunt

1958 1839 2048 1893 sub
2070 1839 2196 1901 sole,
2225 1848 2272 1893 et
2304 1854 2416 1892 ecce
2442 1839 2693 1907 lucri/mas
2715 1853 2889 1890 eorum
2915 1836 3000 1906 qui
3029 1836 3297 1890 calumniis
3322 1839 3578 1908 impetusi-

1962 1941 2063 1998 tur,
2087 1942 2133 1984 et
2165 1948 2265 1984 non
2292 1941 2400 1982 erat
2430 1931 2516 2001 qui
2538 1947 2620 1984 eos
2641 1929 2990 1983 consolaretur
3011 1926 3208 1998 (Eccle.
3232 1929 3282 1984 4.
3318 1930 3396 1999 1).
3421 1928 3576 1997 Quod

1961 2023 2005 2077 si
2037 2037 2285 2091 magnum
2318 2031 2588 2076 certamen
2619 2030 2722 2087 est,
2759 2031 2814 2074 ut
2845 2034 3031 2075 revera
3061 2029 3164 2084 est,
3209 2021 3374 2090 liquet
3400 2022 3579 2090 prole-

1961 2126 2048 2170 cto
2082 2115 2342 2186 majorem
2373 2130 2588 2185 queque
2629 2129 2884 2169 coronam
2932 2113 3032 2182 ipsi
3059 2113 3402 2168 constitutam
3434 2127 3577 2168 esse.

1968 2208 2047 2262 Ac
2078 2216 2362 2278 prepterea
2389 2207 2635 2262 Christus
2661 2220 2755 2261 eos
2781 2205 3014 2276 gaudere
3038 2215 3093 2260 et
3113 2204 3384 2260 exsultare
3400 2204 3576 2274 jubet,

1962 2299 2054 2367 qui
2114 2313 2240 2354 cum
2296 2313 2358 2352 ea
2416 2313 2519 2368 qua
2568 2313 2664 2368 par
2719 2307 2802 2352 est
2849 2297 3102 2367 patientia
3135 2297 3237 2352 hoc
3284 2297 3579 2352 certamine

1969 2393 2282 2463 funguntur.
2318 2391 2543 2446 Gaudete
2571 2391 2737 2457 enim,
2765 2391 2954 2460 inquit,
2990 2400 3036 2445 et
3066 2391 3333 2454 exsultute,
3364 2408 3480 2444 cum
3502 2393 3554 2443 di

1961 2485 2128 2539 xerint
2157 2485 2359 2538 verbum
2405 2501 2552 2538 omne
2585 2485 2776 2537 malum
2817 2484 3087 2538 adversum
3125 2500 3211 2538 vos
3247 2485 3572 2549 mentientes,

1965 2589 2169 2648 propter
2194 2593 2292 2642 mc,
2339 2578 2578 2646 quoniam
2609 2593 2794 2631 merces
2833 2586 2996 2630 vestra
3019 2577 3224 2645 copiosa
3253 2585 3326 2630 est
3365 2578 3416 2629 in
3445 2576 3582 2629 (αἰὲς

1966 2663 2183 2740 (Manli.
2239 2669 2292 2722 5.
2328 2670 2411 2722 ll.
2467 2667 2576 2735 l2).
2630 2667 2862 2722 Videsne
2905 2675 3158 2736 quantam
3209 2667 3578 2736 voluptatem,

1965 2776 2218 2832 quantam
2269 2761 2597 2826 mercedem,
2643 2771 2899 2830 quantam
2946 2761 3112 2814 animi
3163 2761 3576 2816 oblectationem

1967 2854 2151 2908 hostes
2193 2853 2348 2907 nobis
2399 2853 2717 2907 accersunt?
2749 2854 2942 2906 Annon
2987 2852 3146 2922 igitur
3192 2861 3582 2921 prmposterum

1967 2945 2146 3010 fuerit,
2175 2945 2368 3015 quibus
2397 2954 2448 3000 te
2477 2943 2630 2997 malis
2655 2943 2725 2997 illi
2753 2942 2970 2996 allicere
2994 2958 3099 2996 non
3131 2954 3442 3011 petiuerunt,
3473 2945 3581 2998 imo

1966 3039 2158 3110 quibus
2201 3039 2468 3093 contraria
2515 3035 2829 3100 elleeerunt,
2883 3037 2964 3090 his
3016 3037 3239 3108 teipsam
3286 3052 3315 3089 a
3356 3047 3406 3092 te
3438 3041 3577 3090 mul-

1963 3133 2140 3188 ctari?
2169 3133 2431 3200 Quidnam
2460 3141 2638 3186 autem
2664 3131 2747 3186 his
2773 3131 2952 3186 verbis
2984 3130 3145 3185 volo?
3182 3129 3260 3184 llli
3289 3146 3395 3186 non
3421 3133 3581 3186 modo

1966 3241 2180 3296 ptenam
2209 3242 2238 3280 a
2272 3236 2322 3280 te
2353 3238 2610 3298 expetere
2642 3240 2747 3280 non
2782 3233 3088 3295 potuerunt,
3118 3224 3210 3278 sed
3237 3225 3403 3279 etiam
3430 3225 3580 3280 dele-

1967 3319 2220 3373 ctationis
2249 3333 2313 3372 ac
2348 3328 2621 3387 rei-petum
2651 3317 2937 3388 voluptatis
2962 3330 3145 3370 ansam
3199 3316 3290 3370 tibi
3320 3331 3580 3386 pertexe:

1967 3421 2094 3466 runt
2124 3429 2136 3463 :
2169 3421 2222 3465 tu
2273 3426 2401 3464 vero
2433 3411 2501 3463 ita
2536 3411 2759 3479 teipsam
2810 3424 2918 3478 pra:
2950 3408 3113 3462 animi
3143 3410 3585 3465 consternatione

1967 3518 2242 3573 premens,
2269 3503 2588 3572 supplicium
2620 3503 2688 3558 de
2731 3500 2898 3571 teipsa
2927 3501 3115 3567 sumis,
3147 3500 3274 3556 dum
3320 3502 3399 3557 sic
3422 3504 3584 3560 anxia

1965 3597 2333 3668 perturbaris,
2383 3606 2541 3666 atque
2590 3595 2790 3665 ingenti
2840 3594 3094 3650 intestitia
3147 3594 3410 3664 impleris.
3456 3595 3582 3651 Ηωο

1963 3692 2108 3746 enim
2137 3691 2260 3745 illos
2293 3689 2471 3744 lacere
2498 3687 2802 3757 oportebat,
2837 3687 2880 3740 si
2909 3686 3124 3757 quidem
3154 3687 3442 3758 aliquando
3471 3690 3581 3741 sal-

1962 3792 2069 3838 tem
2103 3783 2240 3836 mala
2269 3796 2363 3836 sna
2394 3795 2690 3853 agnoscere
2718 3780 2937 3834 vellent.
2972 3778 3114 3846 Illos,
3141 3780 3378 3850 inquam.
3410 3781 3569 3849 ﬁere,

1963 3874 2166 3944 lugere,
2199 3873 2544 3938 erubescere,
2576 3887 2684 3940 pra:
2711 3871 2918 3942 pudore
2942 3886 3035 3925 ora
3063 3886 3158 3924 sua
3186 3871 3459 3940 obtegere,
3490 3882 3573 3925 at-

1959 3983 2064 4029 que
2110 3968 2162 4020 in
2195 3977 2392 4022 terram
2426 3981 2485 4020 se
2536 3963 2737 4019 abdere
2770 3979 2981 4034 aequum
3013 3973 3152 4030 erat,
3185 3977 3248 4018 ac
3295 3980 3362 4017 ne
3405 3963 3576 4019 solem

1962 4057 2179 4129 quidem
2213 4057 2354 4112 hunc
2386 4058 2718 4127 prospicere,
2751 4057 2846 4110 sed
2887 4071 3009 4111 sese
3039 4056 3092 4110 in
3142 4055 3376 4111 tenebris
3403 4055 3576 4110 inclu-

1957 4150 2168 4216 dentes,
2205 4161 2312 4203 tum
2363 4163 2457 4204 sua
2488 4149 2624 4202 mala
2667 4148 2969 4218 deplorare,
3010 4158 3119 4202 tum
3153 4163 3217 4203 ea
3262 4148 3314 4202 in
3344 4162 3467 4218 qua:
3498 4156 3576 4204 tot

1959 4246 2229 4300 Eeclesias
2270 4245 2618 4314 coniecerunt
2648 4260 2660 4295 :
2695 4253 2746 4296 te
2785 4257 2913 4296 vero
2959 4241 3232 4297 exsultare
3279 4256 3344 4297 ae
3389 4241 3574 4296 laetitia

1959 4337 2185 4392 diffundi
2212 4336 2488 4399 convenit,
2518 4335 2640 4404 quia
2671 4333 2812 4403 quod
2843 4333 3098 4387 virtutum
3144 4342 3304 4404 caput
3334 4341 3418 4388 est
3439 4337 3575 4404 primo

1957 4430 2162 4486 stitisti.
2193 4429 2343 4484 Nosti
2395 4429 2562 4493 enim,
2610 4428 2750 4482 nosti
2800 4427 3041 4496 profecto
3088 4426 3218 4480 nihil
3265 4442 3387 4481 esse
3429 4426 3571 4496 quod

1960 4521 2271 4592 patientiam
2296 4519 2586 4587 adaequare
2606 4518 2793 4588 possit,
2825 4533 3010 4571 verum
3039 4517 3207 4586 ipsam
3233 4516 3570 4586 potissimum

1957 4614 2213 4666 virtutum
2263 4612 2502 4681 reginam
2555 4625 2707 4674 esse,
2759 4625 2936 4664 rerum
2989 4608 3246 4679 prmclare
3298 4619 3570 4680 gestarum

1955 4705 2384 4769 fundamentum,
2419 4711 2628 4774 portum
2673 4703 3038 4771 tranquillum,
3085 4701 3137 4754 in
3171 4699 3311 4756 bello
3339 4716 3568 4772 pacem,

1955 4799 2004 4853 in
2037 4805 2355 4868 tempestate
2379 4795 2840 4866 tranquillitatem,
2867 4784 2919 4848 in
2951 4793 3159 4849 insidiis
3183 4795 3564 4852 securitatem:

1952 4908 2076 4962 qua:
2107 4900 2426 4946 sectatorem
2479 4904 2632 4943 suum
2678 4888 2964 4943 adamante
3003 4887 3297 4942 lirmiorcm
3349 4887 3564 4955 reddit,

1951 4983 2193 5053 hancque
2220 4990 2465 5035 naturam
2498 4979 2678 5045 habet,
2712 4989 2770 5032 ut
2799 4994 2917 5032 eam
2948 4993 3047 5033 nec
3076 4993 3224 5032 arma
3256 4988 3422 5042 mota,
3455 4996 3560 5036 nec

1950 5076 2198 5132 instructi
2229 5075 2518 5138 exercitus,
2550 5088 2651 5127 nec
2677 5071 2914 5125 adhibita
2946 5078 3232 5135 tormenta,
3261 5085 3358 5123 nec
3376 5085 3558 5134 arcus,

1949 5184 2050 5223 nec
2071 5168 2272 5222 lancea:
2301 5166 2536 5229 emisszr,
2569 5179 2666 5217 nec
2692 5163 2864 5232 ipsum
2887 5161 3193 5215 daemonum
3220 5175 3439 5231 agmen,
3463 5177 3564 5217 nec

1949 5259 2199 5315 terriﬁca:
2245 5257 2673 5311 adversariarum
2723 5264 3052 5324 potestatum
3098 5253 3412 5323 phalanges,
3462 5269 3562 5309 nec

1946 5351 2180 5420 denique
2219 5348 2465 5402 diabolus
2496 5349 2608 5416 ipse
2653 5362 2774 5400 cum
2807 5345 3058 5399 omnibus
3085 5343 3197 5398 suis
3241 5344 3412 5413 copiis
3441 5361 3558 5398 ma-

1948 5443 2232 5513 chinisque
2256 5441 2310 5495 in
2339 5439 2510 5495 aciem
2545 5438 2822 5510 prodiens,
2852 5437 3178 5492 detrimento
3204 5435 3316 5490 ullo
3344 5435 3561 5489 afﬁcere

1946 5536 2134 5606 possit.
2168 5533 2307 5602 Quid
2331 5534 2488 5603 igitur
2518 5529 2869 5586 extimescis?
2896 5528 3022 5600 quid
3053 5527 3406 5592 excruciaris,
3428 5542 3551 5582 eum

2009 5650 2023 5680 ³
2063 5655 2191 5697 Unus
2231 5653 2334 5701 Ms.,
2357 5644 2506 5702 vobis,
2534 5651 2664 5695 teste
2687 5649 2930 5692 Frontone
2947 5647 3138 5690 Ducaeo.
3163 5646 3376 5702 Utraque
3402 5636 3552 5702 lectio

1942 5711 2178 5772 quadrat:
2207 5698 2330 5772 nam
2353 5721 2463 5772 cum
2494 5698 2816 5772 Chrysostomi
2862 5703 3150 5772 adversarii,
3175 5698 3327 5772 ipsius
3351 5698 3556 5772 assertis

1944 5761 2158 5822 incendii
2179 5771 2366 5819 crimen
2391 5761 2644 5826 atl'errerit,
2671 5769 2828 5829 potuit
2869 5761 3232 5829 Chrysostomus
3253 5761 3444 5829 dicere.
3469 5771 3555 5807 no-

1946 5832 2038 5892 bis,
2059 5845 2172 5882 sese
2198 5833 2246 5879 in
2270 5840 2604 5892 accusatorum
2631 5822 2838 5892 numero
2861 5822 3321 5892 wm'prehendens;
3347 5822 3447 5881 vel,
3468 5833 3555 5871 no-

1946 5887 2034 5958 bis,
2057 5899 2122 5944 de
2143 5892 2423 5956 Olympiade
2443 5891 2652 5956 aliisque
2677 5891 2753 5940 sui
2776 5890 3043 5942 fautoribus
3066 5887 3293 5951 loquens.
