4172 6492
666 399 770 458 807

665 516 836 584 ipsam
868 531 1080 587 quoque
1105 516 1286 579 vitam,
1315 518 1358 571 si
1406 525 1614 586 tempus
1641 516 1935 586 postularit,
1964 515 2230 585 aspernari

670 608 919 662 diuturna
955 609 1296 664 meditatione
1334 608 1626 664 didiceris?
1656 610 1724 662 At
1747 608 2042 678 urgentium
2069 605 2239 660 malo-

669 709 784 748 rum
819 693 978 752 finem
1023 696 1202 752 videre
1231 698 1397 767 cupis.
1433 698 1544 752 Erit
1585 695 1794 768 quoque
1824 696 1988 764 istud,
2025 705 2080 750 ct
2125 695 2239 765 qui-

667 784 787 840 dem
816 787 982 852 brevi,
1008 789 1116 844 Deo
1131 788 1474 844 concedente.
1501 787 1682 844 Gaude
1704 788 1858 858 igitur
1875 797 1930 842 et
1951 787 2235 850 oblectare,

668 884 829 946 atque
853 879 1144 948 cogitandis
1173 880 1276 934 tuis
1322 889 1469 935 recte
1512 878 1661 934 factis
1702 879 1932 932 animum
1957 877 2189 931 exhilara
2222 895 2236 931 :

671 981 772 1022 nec
797 982 1043 1038 umquam
1071 969 1312 1040 despera,
1339 971 1464 1040 quin
1495 979 1546 1024 te
1575 984 1783 1023 rursum
1832 967 1994 1022 visuri
2032 968 2197 1021 simus
2219 1007 2233 1033 ,

665 1064 824 1127 atque
851 1057 904 1113 in
936 1060 1122 1114 horum
1167 1059 1448 1116 verborum
1479 1059 1787 1115 memoriam
1813 1067 1866 1114 te
1917 1059 2234 1113 revocaturi.

735 1150 817 1202 Ad
859 1152 1082 1204 eamdem
1129 1153 1338 1220 epistola
1381 1149 1543 1203 VIII.
1577 1150 1729 1219 (Cum
1751 1149 2014 1204 Cucusum
2035 1158 2238 1220 peteret

1298 1254 1437 1295 anno
1472 1239 1620 1312 ωδ.)

751 1334 863 1390 Hoc
925 1343 1066 1389 certe
1122 1331 1351 1386 futurum
1415 1339 1562 1395 erat,
1618 1337 1675 1383 ut
1720 1343 1787 1384 ne
1850 1328 2061 1399 quidem
2115 1341 2234 1382 cum

663 1429 732 1484 ab
791 1425 922 1482 urbe
981 1422 1354 1485 accessissem,
1419 1420 1485 1474 iis
1550 1419 1640 1490 qui
1707 1419 1940 1473 animum
2000 1428 2234 1472 nostrum

667 1526 973 1581 conterunt,
1016 1514 1294 1569 liberarer.
1322 1510 1452 1566 Nam
1496 1511 1592 1580 qui
1638 1510 1766 1566 mihi
1797 1511 1849 1564 in
1899 1511 1982 1564 via
2026 1509 2234 1564 obviam

662 1611 818 1676 fiunt,
848 1605 1138 1677 partim'ab
1163 1605 1398 1670 Oriente,
1428 1605 1614 1674 partim
1658 1603 1725 1658 ab
1750 1603 2017 1666 Armenia,
2047 1602 2234 1670 partim

661 1715 730 1755 ex
770 1699 874 1752 alia
903 1697 1084 1768 quavis
1114 1695 1258 1751 orbis
1301 1701 1472 1764 parte,
1504 1695 1854 1762 facrymarum
1902 1690 2076 1746 fontes
2109 1705 2235 1761 pro~

661 1789 889 1845 fundunt
915 1803 1032 1842 cum
1056 1801 1154 1841 nos
1182 1786 1470 1851 intuentur,
1498 1793 1552 1839 et
1577 1784 1806 1854 gemitus
1829 1782 2012 1850 edunt,
2041 1797 2102 1838 ac
2126 1791 2235 1836 toto

661 1879 852 1935 itinere
877 1879 1120 1935 lamentis
1145 1892 1241 1932 nos
1263 1883 1667 1945 prosequuntur.
1697 1873 1820 1928 llmc
1840 1881 2014 1927 autem
2039 1871 2235 1928 idcirco

660 1988 693 2027 a
722 1987 809 2028 nte
852 1977 1263 2026 commemorata
1307 1977 1450 2032 sunt,
1483 1975 1539 2021 ut
1583 1964 1880 2034 intelligatis
1919 1977 2018 2018 nos
2043 1962 2236 2018 multos

667 2061 862 2116 habere
883 2061 971 2132 qui
993 2061 1046 2115 in
1073 2059 1280 2122 eodem,
1313 2071 1416 2126 quo
1437 2069 1552 2120 vos,
1582 2054 1766 2109 dolore
1795 2062 2102 2116 versentur;
2136 2053 2236 2108 hoc

662 2169 824 2223 porro
859 2152 922 2208 ad
969 2149 1381 2206 consolationem
1424 2163 1527 2202 non
1569 2161 1753 2216 parum
1784 2145 2032 2199 momenti
2062 2143 2230 2199 affert.

662 2244 795 2299 Nam
823 2257 943 2298 cum
974 2242 1022 2296 id
1049 2241 1188 2311 quod
1213 2239 1535 2295 contrarium
1563 2247 1664 2303 est,
1694 2247 1956 2306 tamquam
1997 2250 2153 2306 grave
2182 2245 2234 2290 et

662 2331 1049 2390 intolerandum
1080 2330 1336 2402 propheta
1361 2328 1620 2399 deplorct,
1650 2341 1768 2381 cum
1795 2327 1886 2391 ait,
1918 2324 1983 2379 Et
2021 2325 2233 2379 sustinui

659 2428 746 2499 qui
766 2426 916 2482 simul
939 2427 1336 2486 contristantur,
1371 2430 1416 2476 et
1442 2435 1542 2474 non
1570 2419 1682 2489 fuit,
1709 2427 1756 2471 et
1799 2417 1884 2484 qui
1909 2417 2230 2470 consolaren-

659 2530 761 2580 tur,
789 2527 954 2572 etnon
981 2515 1144 2568 inveni
1171 2512 1339 2584 (Psaf.
1361 2511 1448 2567 68.
1474 2510 1567 2579 ει)
1600 2526 1613 2562 :
1645 2509 1806 2578 liquet
1834 2508 2067 2577 profecto
2093 2507 2232 2561 istud

662 2621 906 2678 magnam
937 2603 1348 2660 consolationem
1378 2600 1595 2664 afl’erre,
1625 2599 1869 2652 nimirum
1899 2597 2082 2652 orbem
2113 2599 2229 2658 uni-

658 2712 872 2753 versum
903 2695 1150 2750 mmroris
1177 2692 1377 2748 socium
1410 2691 1618 2746 habere.
1654 2689 1804 2757 Quod
1832 2689 1877 2743 si
1915 2689 2072 2744 etiam
2103 2688 2233 2744 alte-

663 2804 777 2844 ram
808 2785 1224 2842 consolationem
1250 2784 1462 2851 qumris,
1503 2793 1598 2834 nos
1626 2779 1711 2848 qui
1739 2787 1814 2833 tot
1841 2793 1904 2834 ac
1928 2788 2067 2832 tanta
2094 2779 2229 2832 mala

667 2878 978 2948 pertulimus
1003 2917 1016 2942 ,
1061 2872 1334 2929 commoda
1379 2870 1678 2926 valetudine
1724 2871 1938 2936 utimur,
1978 2879 2135 2938 atque
2178 2869 2229 2923 in

658 2970 943 3025 securitate
973 2967 1209 3037 dcgimus
1232 3005 1246 3030 ,
1278 2964 1450 3017 varias
1490 2963 1867 3030 eontinuasque
1914 2969 2121 3015 nostras
2150 2960 2228 3013 af-

661 3063 924 3118 flictiones
977 3070 1030 3115 et
1080 3057 1408 3113 calamitates
1457 3063 1614 3124 atque
1663 3053 1880 3108 insidias
1927 3053 1978 3106 in
2025 3066 2228 3106 summa

662 3156 842 3224 quiete
867 3159 1226 3210 recensentes,
1256 3161 1541 3216 carumque
1570 3144 1938 3200 recordatione
1965 3159 2062 3198 nos
2086 3143 2230 3213 ipsos

658 3255 912 3315 perpetua
936 3242 1112 3297 laetitia
1141 3238 1534 3311 perfundentes.
1559 3238 1682 3292 Hatc
1705 3238 1862 3308 igitur
1889 3239 1996 3308 ipsa
2019 3254 2228 3309 quoque

659 3349 835 3389 tecum
867 3343 1114 3403 reputans
1157 3332 1400 3385 mmroris
1439 3331 1629 3384 nubem
1658 3329 1881 3394 discute,
1926 3329 2096 3398 deque
2141 3340 2225 3383 tua

655 3423 961 3478 valetudine
984 3437 1138 3492 quam
1161 3421 1452 3488 saepissime
1471 3419 1535 3473 ad
1559 3433 1654 3473 nos
1679 3419 1869 3474 scribe.
1892 3420 2227 3489 Quandoqui-

660 3515 780 3570 dem
828 3526 986 3578 nunc,
1031 3525 1149 3566 cum
1181 3510 1484 3566 carissimus
1529 3509 1773 3563 dominus
1819 3523 1967 3562 meus
2005 3510 2226 3563 Arabius

657 3605 722 3660 ad
755 3620 840 3659 me
881 3603 1197 3671 scripsisset,
1229 3600 1517 3654 admiratus
1544 3614 1660 3654 sum
1689 3606 1741 3652 te
1785 3599 1912 3652 nihil
1941 3598 2005 3652 ad
2034 3614 2117 3654 me
2160 3601 2224 3652 li-

661 3704 892 3748 terarum
948 3691 1195 3745 misisse:
1229 3689 1384 3759 idque
1437 3703 1554 3742 cum
1607 3687 1818 3742 domina
1872 3702 2009 3750 mea,
2062 3689 2226 3756 ipsius

660 3802 814 3852 uxor,
862 3784 1012 3838 valde
1056 3794 1107 3838 te
1151 3793 1309 3837 amet.
1361 3782 1489 3835 lllud
1533 3782 1692 3835 etiam
1736 3779 2110 3844 animadverte,
2141 3796 2225 3835 res

655 3888 844 3929 omnes
891 3873 1106 3943 hujusce
1158 3873 1276 3926 vita:
1327 3882 1430 3926 tam
1480 3871 1625 3924 laztas
1671 3881 1724 3924 et
1748 3871 2024 3940 iucundas,
2068 3886 2224 3940 quam

655 3980 843 4036 graves
867 3981 928 4020 ac
957 3966 1205 4020 molestas
1229 3963 1517 4035 prazterire.
1549 3963 1678 4016 Nam
1705 3964 1803 4017 etsi
1824 3973 1968 4018 arcta
2001 3974 2148 4032 porta
2175 3974 2227 4018 et

659 4067 882 4127 angusta
911 4058 992 4110 via
1020 4066 1120 4122 est,
1151 4066 1203 4109 at
1232 4057 1313 4109 via
1341 4065 1512 4109 tamen
1552 4063 1636 4109 est
1657 4051 1863 4125 (Matth.
1898 4055 1949 4107 7.
1982 4055 2065 4110 15.
2097 4057 2222 4124 lt);

660 4151 879 4205 verbum
905 4149 1044 4201 enim
1074 4147 1199 4201 illud
1223 4147 1312 4202 tibi
1341 4149 1391 4200 in
1419 4145 1727 4201 memoriam
1750 4145 1998 4215 redigam,
2029 4145 2096 4200 de
2121 4162 2226 4216 quo

653 4252 798 4309 sape
824 4249 992 4292 tecum
1020 4253 1134 4292 sum
1165 4238 1428 4306 loquutus.
1460 4237 1571 4290 Etsi
1601 4236 1701 4288 lata
1732 4245 1879 4304 porta
1905 4245 1959 4290 et
1997 4239 2223 4305 spatiosa

657 4332 739 4385 via
767 4339 848 4385 est
880 4347 894 4383 :
928 4339 1100 4384 tamen
1133 4329 1247 4382 hate
1272 4345 1477 4398 quoque
1509 4329 1589 4381 via
1633 4338 1732 4381 est.

730 4422 774 4475 Τ
775 4421 972 4474 intende
999 4422 1236 4475 scelerum
1273 4421 1563 4488 impunitas.
1593 4449 1659 4458 —
1687 4419 1815 4486 Qua:
1851 4434 1970 4473 cum
2002 4419 2071 4472 ita
2097 4419 2219 4483 sint,

660 4514 726 4567 da
751 4526 1002 4581 operam,
1030 4521 1087 4564 ut
1115 4526 1142 4562 a
1172 4520 1307 4564 terra
1328 4550 1341 4575 ,
1373 4511 1477 4564 imo
1507 4510 1572 4562 ab
1613 4509 1726 4578 ipso
1754 4524 1958 4580 quoque
1987 4511 2224 4578 corporis

661 4602 869 4656 vinculo
896 4611 946 4655 te
972 4600 1264 4663 abstrahas,
1294 4608 1511 4667 tuasque
1543 4600 1883 4668 philosophia:
1911 4616 2107 4668 pennas
2133 4616 2222 4654 ex-

660 4695 812 4757 cites,
842 4707 1010 4760 neque
1039 4706 1128 4745 eas
1152 4691 1293 4744 sinas
1321 4690 1386 4742 ab
1416 4691 1595 4743 umbra
1626 4703 1676 4743 ct
1704 4692 1843 4743 futuo
1871 4691 1945 4761 (id
1971 4692 2109 4746 enim
2140 4708 2223 4745 res

661 4787 902 4838 humana:
931 4781 1090 4853 sunt)
1120 4781 1373 4850 demergi.
1403 4780 1535 4846 Quin
1568 4783 1738 4849 potius
1764 4784 1920 4836 etiam
1949 4783 1990 4837 si
2018 4798 2110 4837 eos
2136 4785 2223 4852 qui

661 4885 738 4928 tot
765 4875 965 4930 scelera
996 4876 1046 4929 in
1087 4889 1182 4928 nos
1211 4873 1578 4942 designarunt,
1613 4882 1667 4927 et
1704 4874 1812 4927 suis
1845 4874 2058 4928 urbibus
2089 4876 2221 4942 frui,

659 4980 710 5022 et
737 4969 1022 5021 honoribus
1046 4967 1204 5030 affici,
1229 4976 1281 5020 et
1305 4967 1614 5021 satellitibus
1643 4968 1819 5035 stipari
1848 4969 2058 5031 videris,
2086 4969 2222 5022 istud

661 5059 878 5110 verbum
905 5058 1104 5123 accinc,
1132 5057 1256 5110 Lata
1281 5068 1349 5109 est
1378 5067 1520 5124 portu
1541 5071 1584 5110 ct
1614 5060 1830 5124 spatiosa
1854 5060 1930 5112 via
1953 5075 2065 5128 qua:
2088 5061 2221 5113 ducit

661 5151 726 5199 uit
758 5150 1077 5217 perditionem
1107 5149 1324 5218 (Matth.
1354 5150 1405 5202 7.
1436 5150 1533 5219 l3)
1560 5191 1572 5212 ,
1601 5166 1795 5218 eosque
1823 5152 1891 5204 ob
1928 5151 2024 5204 ltoc
2054 5153 2220 5220 ipsum

663 5241 829 5306 magis
871 5241 987 5307 luge
1029 5253 1090 5292 ac
1129 5238 1362 5306 deplora.
1393 5239 1521 5292 Nam
1551 5241 1638 5308 qui
1680 5243 1763 5295 hic
1791 5243 2004 5297 sceleris
2028 5243 2222 5312 aliquid

665 5337 948 5399 perpetrat,
977 5344 1038 5383 ac
1066 5337 1340 5397 propterea
1367 5343 1470 5382 non
1501 5330 1656 5383 modo
1688 5331 1854 5384 nullas
1895 5347 2075 5399 pinnas
2105 5334 2220 5398 luit,

664 5420 754 5472 sed
783 5419 940 5474 etiam
959 5420 1213 5474 honorem
1235 5421 1299 5473 ab
1322 5420 1618 5474 hominibus
1644 5423 1998 5492 consequitur,
2023 5425 2087 5475 ita
2116 5425 2223 5478 dis-

663 5508 817 5562 cedet
841 5549 854 5570 ,
883 5519 940 5563 ut
989 5509 1285 5576 huiusmodi
1323 5509 1489 5565 honor
1519 5512 1744 5565 maxima
1775 5515 1839 5566 sit
1881 5515 1950 5566 illi
1981 5516 2223 5583 supplicii

666 5598 902 5651 materia.
932 5597 1012 5652 0b
1040 5613 1258 5666 eamque
1281 5613 1490 5652 causam
1517 5599 1660 5653 dives
1690 5602 1842 5654 etiam
1875 5603 1961 5656 ille
1991 5614 2220 5659 atrocem

666 5688 719 5738 in
765 5687 974 5740 modum
1015 5689 1337 5749 torrebatnr,
1368 5704 1469 5739 non
1505 5690 1823 5743 crudelitatis
1859 5693 2125 5746 «luminat
2164 5697 2221 5748 ii-

670 5780 787 5843 lius,
807 5795 902 5849 qua
933 5783 984 5834 iu
1003 5781 1250 5834 Lazazttm
1283 5797 1398 5836 usus
1427 5783 1614 5849 fuerat,
1646 5802 1816 5850 μείω-
1853 5787 2101 5854 pendens,
2132 5792 2222 5842 sed

1376 407 1431 462 S.
1469 405 1742 462 JUANNIS
1777 401 2249 460 CllliYSUSTOMl
2290 399 2603 454 AllClllEl’.
2644 399 3167 456 CONSTANTINOP.

3819 399 3923 454 ωε

2350 512 2507 566 etiam
2539 511 2776 568 florentis
2801 522 2999 578 status,
3027 530 3132 584 quo
3161 516 3212 569 in
3241 524 3380 570 tanta
3411 515 3795 572 inhumanitate
3830 531 3926 587 per

2347 617 2557 657 omnem
2595 603 2716 657 vita:
2754 617 2966 658 cursum
3010 604 3218 668 fruens,
3249 621 3317 661 ne
3344 606 3468 662 hinc
3491 607 3705 676 quidem
3736 605 3929 662 melior

2345 693 2563 748 effectus
2599 702 2700 748 est.
2744 693 2869 748 Hzee
2914 695 3122 763 aliaque
3163 695 3214 750 id
3255 711 3422 766 genus
3447 697 3468 766 (
3491 712 3664 766 neque
3687 697 3836 753 enim
3861 711 3926 752 ea

2346 784 2438 838 tibi
2466 799 2712 854 umquam
2754 785 3021 840 inculcare
3049 785 3378 856 destitimus)
3407 797 3580 842 tecum
3609 789 3722 858 ipsa
3750 787 3930 842 disse-

2343 889 2465 929 rens
2489 915 2503 938 ,
2539 875 2930 945 religiosissima
2960 875 3172 930 domina
3201 893 3315 932 mea
3340 918 3354 942 ,
3382 893 3597 947 gravem
3627 877 3764 932 hanc
3790 892 3930 932 mos-

2342 966 2478 1018 roris
2503 965 2762 1018 sarcinam
2791 965 2979 1034 abjice,
3011 966 3180 1035 deque
3213 982 3278 1021 eo
3316 982 3415 1022 nos
3442 968 3522 1022 (ac
3550 968 3832 1032 certiores,
3869 977 3927 1021 ut

2340 1055 2782 1126 quemadmodum
2820 1058 2978 1111 etiam
3019 1057 3085 1111 ad
3123 1068 3174 1112 ω
3209 1057 3429 1126 scripsi,
3473 1074 3591 1114 eum
3630 1072 3926 1115 maerorem

2344 1155 2490 1199 tuum
2519 1145 2687 1200 literis
2725 1147 2918 1200 nostris
2956 1145 3118 1202 levari
3147 1158 3475 1217 perspectum
3517 1148 3771 1213 habuero,
3799 1164 3922 1205 cre-

2340 1235 2489 1289 brius
2513 1235 2811 1304 hnjusmodi
2837 1235 3178 1306 pharmacum
3205 1237 3503 1293 adhibeam.

2342 1325 2420 1377 Ad
2460 1325 2686 1378 eamdem
2722 1327 2868 1394 epist.
2911 1323 3016 1379 IX.
3047 1325 3212 1396 (Cum
3251 1325 3512 1382 Cucusum
3547 1337 3753 1399 peteret
3779 1343 3925 1385 anno

3055 1417 3204 1486 604.)

2409 1504 2539 1560 Cum
2565 1507 2706 1560 viros
2734 1519 2797 1560 ac
2827 1504 3048 1561 feminas
3077 1521 3268 1576 magno
3293 1507 3502 1577 agmine
3519 1549 3535 1575 ,
3565 1523 3660 1578 per
3683 1509 3922 1564 mansio-

2341 1610 2435 1651 nes
2461 1596 2536 1667 (a)
2559 1638 2572 1659 ,
2606 1610 2699 1665 per
2729 1596 2884 1652 urbes
2916 1611 3036 1652 sese
3073 1596 3436 1665 eflundentes,
3463 1608 3624 1668 atque
3652 1598 3720 1653 ad
3750 1601 3919 1654 nostri

2338 1695 2608 1755 aspectum
2651 1687 3088 1757 collacrymantes
3128 1690 3372 1754 intueor,
3399 1703 3506 1759 quo
3543 1690 3597 1742 in
3637 1698 3777 1744 statu
3819 1691 3920 1760 ipsi

2339 1778 2454 1832 sitis
2479 1778 2859 1834 animadverto.
2891 1778 3022 1834 Nam
3050 1795 3169 1835 cum
3210 1781 3245 1834 ii
3281 1781 3369 1851 qui
3399 1796 3538 1835 nunc
3563 1783 3794 1851 primum
3823 1797 3922 1839 nos

2339 1871 2606 1938 viderunt,
2633 1885 2861 1926 maerore
2888 1872 2957 1926 ita
2986 1873 3310 1943 frangantur,
3334 1883 3389 1926 ut
3413 1889 3479 1928 ne
3503 1889 3779 1945 emergere
3800 1877 3922 1947 qui-

2337 1961 2458 2016 dem
2485 1960 2640 2018 facile
2669 1964 2892 2032 possint,
2919 1979 3127 2031 verum,
3153 1979 3272 2020 cum
3297 1980 3390 2020 eos
3414 1980 3661 2035 rogamus
3681 1976 3738 2023 et
3761 1969 3922 2024 obae-

2337 2065 2547 2106 cramus
2573 2063 2733 2124 atque
2766 2053 3114 2111 admonemus
3134 2096 3150 2122 ,
3181 2055 3532 2112 ferventiores
3561 2057 3920 2130 lacrymarum

2338 2143 2510 2200 fontes
2551 2145 2868 2214 profundant
2893 2189 2908 2212 ,
2949 2146 3168 2202 dubium
3213 2151 3449 2219 profecto
3493 2167 3598 2206 non
3640 2162 3757 2217 est,
3790 2154 3920 2224 quin

2335 2238 2546 2307 gravior
2573 2239 2710 2309 apud
2740 2255 2835 2295 vos
2861 2249 3146 2311 tempestas
3169 2242 3256 2296 sit.
3285 2241 3389 2298 Sed
3413 2258 3518 2313 quo
3546 2245 3759 2315 gravior
3785 2255 3919 2300 tem-

2338 2338 2514 2396 pestas
2539 2339 2650 2395 est,
2681 2343 2744 2384 eo
2772 2345 2983 2401 quoque
3009 2333 3260 2401 ampliora
3303 2334 3520 2402 prmmia
3547 2332 3725 2390 futura
3749 2347 3874 2391 sunt
3897 2379 3915 2404 ,

2337 2422 2381 2473 si
2423 2430 2678 2490 perpetuo
2705 2437 2766 2477 ca
2804 2437 2925 2477 cum
2953 2424 3237 2494 gratiarum
3278 2425 3486 2482 actione
3528 2425 3792 2482 sufferatis
3815 2467 3833 2493 ,
3863 2438 3921 2482 ut

2340 2513 2498 2566 etiam
2521 2512 2774 2568 suffertis.
2797 2512 2929 2568 Nam
2952 2524 3003 2568 et
3025 2514 3404 2584 gubernatores
3431 2515 3729 2572 vehementi
3759 2527 3920 2573 vento

2343 2604 2503 2659 flante
2527 2645 2542 2668 ,
2573 2605 2616 2658 si
2655 2605 2768 2659 vela
2799 2606 2932 2659 ultra
2971 2606 3185 2660 modum
3214 2606 3548 2676 espandant,
3577 2610 3752 2664 navim
3790 2612 3920 2665 sul;-

2342 2701 2552 2748 vertunt
2577 2696 2650 2749 :si
2678 2707 2852 2750 autem
2879 2696 3106 2762 modice,
3130 2707 3184 2751 et
3205 2708 3261 2751 ut
3285 2699 3551 2761 convenit,
3574 2715 3635 2754 ea
3661 2700 3915 2772 dirigant,

2337 2785 2593 2839 tutissime
2622 2786 2882 2854 navigant.
2911 2787 3039 2853 Qua:
3070 2801 3190 2841 cum
3219 2788 3490 2858 explorata
3518 2789 3718 2845 habeas
3741 2831 3756 2856 ,
3786 2793 3915 2847 reli-

2333 2874 2627 2943 giosissima
2652 2875 2864 2929 domina
2894 2891 3034 2941 mea,
3061 2893 3129 2931 ne
3153 2886 3204 2931 te
3226 2880 3471 2932 maeroris
3495 2880 3760 2951 tyrannidi
3785 2895 3916 2936 con-

2334 2966 2567 3018 strictam
2602 2964 2767 3029 trade,
2799 2964 2892 3020 sed
2922 2965 3126 3020 ratione
3155 2975 3517 3036 tempestatem
3544 2984 3737 3039 supera
3767 2988 3780 3022 :
3813 2987 3913 3042 po-

2345 3062 2424 3109 tes
2451 3056 2588 3109 enim
2621 3056 2795 3120 istud,
2823 3070 2922 3110 nec
2959 3067 3246 3126 tempestas
3285 3069 3451 3113 artem
3491 3069 3633 3114 tuam
3666 3062 3911 3130 excedit;

2335 3155 2493 3216 atque
2532 3147 2596 3200 ad
2636 3161 2733 3200 nos
2771 3147 2948 3200 literas
2977 3163 3094 3216 qua:
3135 3150 3236 3202 hoc
3273 3149 3602 3219 significent,
3633 3154 3822 3221 mitte,
3855 3164 3915 3210 ut

2332 3237 2491 3291 etiam
2522 3238 2572 3291 in
2595 3251 2775 3292 extera
2803 3239 3014 3308 regioae
3040 3239 3318 3310 degentes,
3346 3241 3628 3296 maximam
3659 3242 3782 3299 hinc
3810 3261 3912 3302 vo-

2333 3326 2579 3395 luptatem
2608 3330 2973 3398 percipiamus,
2997 3345 3116 3384 cum
3141 3340 3189 3384 te
3213 3330 3350 3385 hunc
3374 3347 3658 3388 mmrorem
3681 3350 3766 3402 ea,
3790 3352 3911 3407 qua:

2333 3427 2382 3471 te
2408 3418 2579 3485 decet,
2610 3420 2884 3488 prudentia
2910 3429 2961 3475 et
2983 3421 3237 3490 sapientia
3263 3422 3446 3478 tulisse
3468 3424 3907 3482 intellexerimus.

2331 3509 2484 3575 lla2c,
2523 3526 2643 3564 cum
2676 3512 2786 3581 jam
2829 3511 3067 3568 Caesarea
3103 3529 3206 3568 non
3252 3515 3406 3584 longe
3445 3516 3720 3585 abessem,
3749 3519 3819 3573 ad
3858 3529 3910 3576 te

2331 3601 2538 3670 scripsi.

2332 3692 2410 3743 Ad
2438 3692 2658 3745 eamdem
2689 3693 2835 3762 epist.
2863 3692 2933 3747 X.
2967 3693 3175 3764 (Nicaea:
3215 3696 3406 3767 scripta
3451 3712 3570 3751 cum
3603 3698 3703 3755 iret
3731 3700 3782 3754 in
3808 3715 3908 3756 ea-

2858 3784 3033 3837 silium
3061 3800 3200 3839 anno
3230 3787 3380 3856 404.)

2403 3871 2469 3922 At
2509 3870 2644 3924 hunc
2672 3886 2880 3942 quoque
2924 3882 3118 3928 metum
3163 3877 3400 3932 excutias
3438 3879 3622 3944 velim,
3653 3895 3812 3949 quem
3839 3897 3906 3938 ex

2334 3961 2518 4014 itinere
2546 3973 2724 4016 nostro
2748 3966 3056 4032 concepisti.
3089 3966 3315 4033 Etenim,
3354 3979 3409 4022 ut
3434 3970 3541 4038 jam
3581 3982 3703 4026 ante
3728 3988 3822 4040 per
3848 3973 3910 4027 li-

2335 4061 2472 4105 teras
2502 4054 2592 4107 tibi
2623 4055 2909 4123 signiﬁcavi
2935 4098 2948 4119 ,
2977 4071 3168 4126 corpus
3200 4059 3350 4113 nobis
3380 4070 3432 4114 et
3460 4062 3697 4116 sanitatis
3738 4073 3790 4117 et
3821 4074 3908 4134 η

2332 4144 2472 4198 boris
2514 4147 2868 4201 accessionem
2910 4147 3108 4202 habuit.
3143 4151 3411 4219 Siquidem
3454 4165 3506 4205 et
3547 4169 3642 4208 aer
3681 4154 3908 4225 benigne

2333 4237 2602 4290 nobiscum
2633 4241 2736 4307 egit
2764 4283 2774 4299 ,
2803 4251 2854 4294 ct
2883 4242 2915 4293 ii
2947 4258 2973 4292 a
3002 4242 3192 4310 quibus
3233 4244 3281 4295 in
3321 4246 3565 4297 exsilium
3606 4246 3901 4314 avehimur,

2329 4343 2508 4380 curam
2538 4345 2745 4382 omnem
2789 4340 2842 4384 et
2883 4333 3112 4386 studium
3138 4375 3156 4402 ,
3185 4335 3342 4389 etiam
3378 4351 3530 4406 supra
3569 4353 3723 4406 quam
3755 4342 3907 4394 volu-

2331 4435 2466 4483 mus,
2499 4420 2770 4486 adhibent,
2803 4433 2855 4474 ut
2886 4439 2981 4477 nos
3011 4435 3250 4479 recreent
3278 4442 3338 4481 ac
3369 4429 3625 4496 reficiant,
3652 4445 3821 4498 caque
3850 4431 3904 4486 in

2331 4524 2388 4563 re
2414 4524 2627 4578 Operam
2657 4522 2866 4565 navant.
2898 4513 3026 4567 Cum
3058 4525 3231 4571 autem
3260 4517 3431 4571 Nicma
3457 4519 3789 4576 discessurus
3819 4538 3906 4577 cs-

2330 4614 2440 4653 scm
2463 4641 2477 4664 ,
2509 4599 2643 4654 hanc
2669 4603 2942 4671 epistolam
2970 4604 3033 4658 ad
3065 4615 3114 4660 te
3139 4606 3259 4661 dedi
3282 4650 3294 4670 ,
3327 4611 3478 4662 tertia
3505 4612 3592 4664 die
3618 4609 3762 4666 Julii.
3794 4612 3905 4667 Fac

2332 4693 2484 4760 igitur
2509 4692 2574 4745 ad
2608 4709 2702 4746 nos
2731 4694 2797 4748 de
2828 4704 2909 4748 tua
2941 4697 3234 4751 valetudine
3264 4714 3420 4766 quam
3447 4701 3740 4768 saepissime
3770 4703 3905 4757 scri-

2333 4787 2442 4838 bas.
2472 4785 2550 4838 Ad
2578 4803 2691 4838 eam
2721 4789 2857 4840 enim
2900 4805 3008 4842 rem
3049 4805 3264 4858 operam
3295 4791 3388 4846 tibi
3419 4796 3626 4847 natabit
3655 4795 3904 4852 dominus

2332 4894 2479 4930 meus
2513 4878 2844 4947 Pergamius,
2877 4883 2959 4934 cui
3001 4897 3318 4953 magnOpere
3355 4885 3585 4939 confido.
3627 4887 3731 4944 Nec
3776 4903 3904 4942 vero

2331 4967 2392 5018 de
2423 4978 2506 5018 tua
2534 4970 2805 5023 dumtaxat
2833 4972 2966 5024 bona
2994 4974 3288 5028 valetudine
3311 4979 3566 5031 certiores
3592 4993 3686 5032 nus
3715 4978 3900 5045 facias,

2332 5076 2510 5111 verum
2544 5059 2668 5112 illud
2697 5062 2852 5114 etiam
2882 5063 3145 5131 significes
3170 5066 3346 5128 velim,
3377 5069 3620 5122 ltitBl'Ol'ls
3649 5070 3843 5124 nubem
3872 5088 3901 5123 ει

2333 5159 2382 5202 te
2408 5151 2709 5218 dissipatam
2738 5166 2876 5206 eSsc.
2912 5153 3040 5207 Nam
3079 5155 3120 5207 si
3151 5157 3249 5209 hoc
3275 5173 3337 5211 ex
3368 5161 3470 5211 tuis
3503 5159 3667 5213 literis
3697 5160 3903 5215 intelle-

2334 5243 2581 5303 serimus,
2609 5245 2798 5310 s;epius
2826 5262 3034 5313 quoque
3061 5247 3126 5300 ad
3155 5257 3204 5301 te
3234 5249 3410 5302 literas
3436 5250 3700 5313 dabimus,
3731 5262 3786 5304 ut
3812 5255 3902 5323 qui

2331 5336 2609 5388 scribendo
2633 5336 2823 5404 aliquid
2852 5340 3207 5406 proficiamus.
3234 5341 3584 5407 Quamobrem
3613 5343 3655 5396 si
3686 5347 3903 5401 crebras

2331 5442 2358 5476 a
2398 5427 2548 5479 nobis
2578 5426 2755 5481 literas
2785 5428 3025 5494 accipere
3058 5431 3238 5499 cupis,
3271 5431 3394 5486 illud
3426 5433 3578 5486 nobis
3601 5444 3784 5501 aperte
3818 5436 3899 5488 in-

2331 5517 2443 5569 dica
2464 5557 2478 5582 ,
2506 5532 2571 5570 ex
2601 5516 2959 5587 frequentibus
2987 5521 3182 5576 nostris
3215 5522 3379 5576 literis
3407 5523 3598 5592 aliquid
3636 5528 3905 5581 commodi

2332 5621 2641 5674 promanarc
2666 5626 2676 5660 :
2701 5622 2761 5661 ac
2782 5609 2984 5664 videbis
3008 5626 3102 5665 nos
3127 5611 3174 5664 id
3199 5628 3429 5666 muneris
3452 5613 3745 5682 largissime
3768 5629 3904 5683 pne-

2393 5738 2462 5793 (ut
2496 5747 2632 5808 Fiant
2657 5750 2920 5808 statua-ms
2958 5744 3057 5791 loca
3093 5752 3142 5791 et
3179 5746 3460 5794 tia-citizen
3499 5753 3546 5793 tu
3570 5749 3652 5795 xii.
3679 5747 3902 5808 publica,

2338 5804 2413 5848 tali
2442 5803 2716 5852 nuntianti"
2742 5843 2752 5852 .
2782 5819 2872 5866 ’μζ
2899 5807 2954 5856 J.‘
2981 5817 3034 5856 ις
3061 5810 3178 5853 uitta
