4172 6480
239 451 337 509 σου

239 597 455 645 nantes.
485 584 619 639 Nam
648 596 789 637 nunc
814 594 1045 652 quoque,
1078 591 1196 634 cum
1225 575 1402 643 multi,
1427 573 1517 643 qui
1549 572 1730 647 literas
1758 567 1827 622 ad

239 698 328 734 nos
354 681 554 732 atlerre
581 683 848 745 p0terant,
878 673 978 729 hac
1006 672 1106 726 iter
1135 669 1388 732 facerent,
1421 679 1520 721 nec
1545 660 1828 734 epistolam

236 787 261 824 ιι
282 780 337 825 te
368 768 719 838 accepissem,
747 779 888 836 agre
915 763 1200 819 admodum
1233 761 1283 815 id
1311 759 1430 814 tuli.

238 859 310 916 alii
338 857 568 912 tandem
597 856 747 926 epist.
773 853 878 908 XI.
910 853 1142 924 (Scripta
1162 866 1282 905 cum
1310 843 1705 904 Cucusumil‘et
1735 856 1830 897 ex-

745 944 974 999 sulatum
1003 958 1144 999 anno
1169 940 1319 1010 405.)

300 1039 421 1107 Quo
462 1042 792 1094 mutationes
833 1043 1026 1091 nostra:
1072 1036 1242 1104 magis
1280 1033 1652 1102 ingravescunt
1676 1069 1693 1092 ,
1724 1025 1830 1080 hoc

235 1132 391 1188 etiam
436 1128 612 1199 magis
655 1127 1048 1182 consolationes
1086 1133 1282 1178 nostra:
1320 1130 1613 1190 augentur,
1653 1116 1827 1171 lanio-

237 1236 454 1292 remque
475 1219 550 1274 de
580 1219 770 1274 littoris
792 1233 943 1287 spem
962 1215 1294 1284 concipimus
1315 1228 1494 1269 :nunc
1515 1221 1690 1266 autem
1712 1223 1829 1262 om-

238 1315 318 1368 nia
338 1312 497 1367 nobis
519 1325 588 1366 ex
615 1309 777 1363 animi
801 1308 1065 1363 sententia
1087 1305 1300 1369 cedunt,
1326 1319 1386 1360 ac
1411 1301 1652 1358 secundo
1668 1308 1827 1354 vento

235 1404 566 1471 navigamus.
610 1399 740 1466 Quis
777 1397 941 1452 vidit?
982 1396 1101 1465 quis
1145 1396 1377 1450 audivit?
1414 1395 1585 1450 Petra:
1628 1402 1683 1447 et
1726 1389 1828 1445 sub

233 1493 383 1565 aquis
412 1492 633 1548 latentia
661 1503 788 1544 saxa
807 1531 823 1552 ,
855 1499 908 1543 et
943 1488 1181 1542 turbines
1208 1499 1262 1542 et
1290 1486 1534 1556 procella:
1560 1500 1682 1539 cum
1716 1482 1825 1536 fra-

232 1597 359 1652 gore
400 1591 567 1636 ruunt
597 1596 612 1634 :
645 1595 746 1633 nos
779 1577 991 1645 illunis,
1023 1577 1188 1633 densa
1217 1578 1413 1646 caligo,
1446 1574 1738 1646 praecipitia
1771 1579 1827 1627 et

234 1673 433 1740 acoliuli
465 1689 479 1724 :
512 1682 568 1726 et
593 1679 767 1725 tamen
801 1684 894 1738 per
915 1668 1180 1738 ejusmodi
1209 1683 1356 1723 mare
1389 1669 1719 1737 navigantes,
1746 1664 1828 1720 ni-

235 1761 340 1820 hilo
363 1762 552 1832 pejore
577 1770 719 1816 statu
753 1775 936 1814 sumus
963 1774 1123 1829 quam
1147 1758 1236 1828 qui
1263 1759 1313 1812 in
1344 1765 1498 1829 portu
1531 1757 1822 1827 jactantur.

237 1853 356 1908 llam
383 1853 548 1924 igitur
589 1854 702 1923 ipsa
729 1865 942 1922 quoque
965 1865 1085 1906 cum
1111 1851 1292 1904 animo
1326 1859 1416 1904 tuo
1452 1848 1823 1920 perpendens,

235 1945 443 2000 domina
475 1960 596 1999 mea
622 1942 1039 2012 religiosissima,
1074 1941 1171 1996 hos
1200 1942 1455 1996 tumultus
1484 1956 1546 1996 ac
1571 1942 1826 2011 strepitus

234 2053 443 2107 supera,
472 2037 650 2106 deque
684 2047 771 2091 tua
803 2035 1107 2090 valetudine
1143 2033 1228 2090 fac
1257 2050 1364 2101 me,
1393 2048 1599 2105 qutrso,
1625 2034 1825 2089 certio-

233 2147 343 2186 rem
375 2149 388 2184 :
421 2144 522 2186 nos
545 2130 688 2185 extim
716 2137 772 2184 et
793 2128 1072 2184 commoda
1100 2128 1339 2197 corporis
1365 2127 1666 2182 valetudine
1691 2135 1745 2182 et
1771 2126 1822 2180 in

233 2220 390 2274 animi
420 2219 691 2276 hilaritate
715 2219 982 2288 degimus.
1009 2217 1142 2274 Nam
1165 2229 1220 2273 et
1243 2233 1439 2288 corpus
1463 2228 1708 2273 nostrum
1736 2217 1824 2271 lir-

234 2313 368 2367 mius
391 2311 662 2369 redditum
687 2320 788 2377 eet,
820 2319 872 2367 et
901 2325 1091 2380 purum
1117 2325 1297 2366 aerem
1330 2310 1602 2365 haurimus
1629 2318 1825 2379 :atque

235 2401 468 2472 pra-fecti
513 2396 711 2458 milites
739 2401 848 2473 (α),
879 2401 916 2456 ii
950 2402 1040 2473 qui
1080 2402 1358 2458 nobiscum
1396 2403 1825 2471 peregrinantur,

235 2493 300 2546 ita
327 2508 423 2552 nos
441 2491 636 2549 ofﬁciis
659 2502 1069 2564 prosequuntur,
1093 2503 1152 2548 ut
1175 2509 1242 2548 ne
1270 2493 1586 2548 famulorum
1609 2493 1820 2564 quidem

233 2599 444 2654 operam
487 2586 763 2656 requirere
809 2601 908 2640 nos
947 2587 1158 2648 sinant,
1191 2602 1310 2640 cum
1359 2587 1457 2656 ipsi
1503 2587 1821 2642 famulorum

237 2674 407 2729 munia
436 2686 817 2746 exsequantur.
852 2676 1065 2732 Etenim
1106 2692 1202 2748 pro
1231 2692 1329 2732 suo
1357 2693 1481 2747 erga
1514 2693 1612 2732 nos
1638 2693 1824 2733 amore

235 2762 331 2820 hoc
371 2780 568 2823 munus
621 2768 1026 2835 prwripuerunt.
1079 2769 1249 2838 Atque
1295 2768 1490 2837 ubique
1533 2769 1821 2824 satellitum

234 2869 387 2912 manu
428 2855 728 2924 cingimur,
763 2871 1085 2926 unoquoque
1120 2855 1364 2913 videlicet
1400 2857 1623 2926 hujusce
1658 2859 1821 2912 mini-

233 2945 372 3000 sterii
401 2945 620 3002 nomine
639 2945 850 3002 beatum
877 2960 936 3001 se
961 2945 1302 3015 prmdicante.
1333 2947 1501 3003 Unum
1530 2947 1581 3003 id
1604 2948 1821 3003 demum

233 3036 510 3092 molestum
552 3046 664 3102 est,
697 3037 840 3106 quod
886 3047 937 3092 te
973 3053 1186 3107 quoque
1226 3038 1477 3092 incolumi
1519 3039 1821 3096 valetudine

233 3140 346 3182 esse
366 3142 472 3182 non
493 3128 826 3196 exploratum
855 3121 1162 3184 habeamus.
1190 3127 1296 3183 Fac
1321 3130 1496 3200 itaque
1520 3131 1662 3186 istud
1685 3133 1823 3186 scia-

235 3233 346 3272 mus
375 3237 388 3273 :
418 3226 476 3275 ut
506 3220 610 3297 hoc
637 3220 796 3275 etiam
825 3219 1022 3297 laetitia;
1049 3219 1200 3277 nobis
1237 3220 1477 3287 accedat,
1509 3237 1572 3277 ac
1600 3222 1820 3277 domino

234 3323 350 3366 tneo
387 3291 810 3381 suavissimoque
861 3293 1293 3380 ﬁlio’Pergamio
1336 3313 1578 3383 ingentes
1623 3314 1820 3384 gratias

236 3397 540 3460 habeamus.
571 3400 628 3456 Si
654 3401 746 3456 tibi
772 3401 838 3456 ad
868 3415 966 3458 nos
996 3401 1176 3458 literas
1195 3403 1324 3459 dare
1351 3403 1625 3473 placuerit,
1652 3406 1820 3476 ipsius

233 3501 388 3558 opera
411 3490 479 3547 ad
505 3489 645 3549 hanc
669 3506 780 3547 rem
809 3494 978 3548 utere.
1000 3491 1134 3548 Nam
1153 3503 1208 3548 et
1228 3497 1468 3550 sincerus
1489 3498 1690 3552 amicus
1713 3508 1820 3568 εει,

236 3579 488 3653 nobisque
514 3581 928 3648 addictissimus,
955 3592 1011 3641 et
1040 3593 1182 3641 tuam
1210 3585 1526 3643 modestiam
1556 3603 1621 3644 ac
1654 3589 1820 3659 pieta-

139 3668 141 3670 ’
236 3678 336 3729 tem
361 3673 650 3731 admodum
677 3682 972 3734 reveretur.

236 3763 310 3824 At!
333 3765 562 3828 eamdem
588 3767 737 3837 epist.
765 3766 908 3822 XII.
941 3768 1183 3840 (Scripta
1229 3770 1483 3826 Ctesarea:
1524 3772 1574 3827 in
1606 3772 1816 3844 Cappa-

773 3856 927 3916 docia
953 3874 1096 3917 anno
1120 3859 1274 3932 £04.)

297 3945 428 4005 Cum
454 3964 522 4010 ex
551 3963 617 4004 eo
646 3949 835 4006 morbo
860 3953 1150 4007 evasissem
1175 3993 1190 4016 ,
1218 3969 1325 4023 quo
1352 3953 1409 4013 in
1445 3955 1636 4012 itinere
1663 3956 1816 4013 labo-

235 4041 361 4104 ravi,
382 4042 642 4111 cujusque
663 4041 920 4114 reliquias
942 4041 1242 4100 Caesaream
1270 4061 1436 4117 usque
1462 4048 1574 4111 tuli,
1597 4048 1816 4120 jamque

233 4128 298 4185 ad
325 4129 583 4202 integram
610 4131 967 4189 valetudinem
1001 4134 1301 4199 rediissem,
1331 4152 1396 4192 ex
1430 4138 1546 4208 ipsa
1573 4138 1816 4196 Cassarea

235 4217 344 4276 Ita'c
366 4220 432 4276 ad
459 4231 512 4276 te
535 4222 748 4292 scripsi,
772 4224 828 4278 in
853 4239 956 4295 qua
981 4226 1163 4281 multis
1188 4227 1318 4282 mihi
1351 4227 1601 4285 adhibitis
1640 4247 1817 4288 reme-

234 4308 331 4364 diis
355 4313 546 4369 melius
573 4312 767 4381 habui,
799 4317 1268 4384 praestantissimos
1295 4319 1546 4375 nimirum
1572 4321 1814 4377 celeber-

235 4402 498 4476 rlmosqne
522 4405 761 4462 medicos
783 4416 989 4476 nactus,
1013 4411 1256 4480 aquibus
1284 4427 1389 4468 non
1412 4421 1518 4467 tam
1545 4417 1675 4469 artis
1691 4415 1817 4474 sub-

234 4495 377 4553 sidiis
397 4538 415 4564 ,
440 4513 601 4568 quam
629 4501 1096 4558 commiseratione
1125 4513 1284 4574 atque
1311 4506 1539 4564 amicitia
1566 4509 1812 4565 mirabar.

235 4586 462 4653 Quorum
502 4590 662 4644 etiam
711 4605 848 4647 unus
893 4593 1164 4648 nobiscum
1204 4611 1307 4650 una
1351 4612 1409 4652 se
1453 4598 1814 4667 profecturum

233 4681 512 4749 spopondit
544 4699 557 4735 :
589 4691 748 4754 atque
785 4683 911 4742 item
951 4685 1037 4745 alii
1075 4687 1377 4756 complures
1411 4703 1479 4743 ex
1518 4689 1584 4744 iis
1611 4691 1701 4759 qui
1730 4690 1818 4746 di-

233 4771 512 4838 guitatihus
542 4772 748 4843 praediti
777 4784 921 4829 sunt.
954 4775 1032 4830 Ac
1056 4759 1156 4832 nos
1187 4777 1400 4848 quidem
1433 4779 1502 4836 de
1535 4781 1694 4838 rebus
1720 4797 1820 4838 no-

233 4860 352 4915 stris
389 4876 632 4934 persmpe
658 4863 723 4920 ad
764 4872 816 4921 te
855 4866 1164 4935 scripsimus
1197 4888 1209 4922 :
1245 4880 1299 4925 tu
1327 4886 1453 4927 vero
1473 4914 1488 4938 ,
1520 4889 1627 4944 quo
1655 4876 1814 4931 etiam

235 4949 444 5008 nomine
474 4962 528 5006 te
555 4953 700 5023 prius
727 4955 1002 5022 accusavi,
1031 4973 1154 5013 raro
1183 4959 1232 5014 id
1263 4960 1416 5017 facis.
1446 4965 1620 5034 Atque
1646 4975 1702 5020 ut
1732 4967 1813 5021 in-

234 5040 430 5111 telligas
455 5042 509 5100 id
536 5044 871 5115 negligentiae
897 5054 1002 5104 tum
1026 5089 1041 5114 ,
1072 5065 1134 5105 ac
1163 5066 1268 5106 non
1297 5053 1695 5112 tabellariorum
1724 5074 1817 5128 pe-

237 5131 394 5190 auria:
415 5134 754 5194 tribuendum
777 5145 924 5204 esse;
943 5138 1190 5197 dominus
1216 5158 1388 5213 meus,
1413 5147 1550 5202 beati
1577 5150 1814 5220 episcopi

293 5249 363 5329 ἵε)
389 5250 844 5329 ιῗτξῐεβέίῄφὶιίὲββρ
868 5251 1038 5329 Grece
1064 5256 1655 5329 temtxo‘xerantsmi
1678 5272 1804 5329 Pre-

235 5309 444 5386 feetlani,
469 5327 558 5363 seu
577 5309 928 5386 praefectorum
952 5309 1275 5386 apparitnrcs,
1298 5309 1325 5366 ἐ
1334 5326 1350 5370 ι
1374 5309 1638 5386 satellites,
1660 5309 1804 5386 queis

238 5372 497 5440 utebantur
529 5372 598 5440 ad
622 5387 735 5423 reos
773 5372 960 5440 aliosve
983 5372 1273 5440 'ducendos,
1318 5382 1448 5440 quod
1490 5393 1549 5429 ex
1596 5372 1801 5431 P'al'ladil

235 5433 676 5504 verbisargujtur,
701 5450 811 5504 quae
834 5435 914 5504 hic
928 5439 1228 5504 exscribere
1247 5433 1388 5500 juvat
1411 5456 1423 5489 :
1452 5443 1724 5504 Διηγήσατο
1751 5444 1803 5491 δὲ

236 5495 263 5566 ρ
287 5495 518 5566 Muci;
541 5495 765 5566 otiumst,
778 5499 872 5547 ἀπὸ
892 5501 986 5566 τῷν
1009 5495 1302 5566 intenderunt,
1323 5503 1396 5566 ὅτι
1417 5507 1462 5566 oi
1485 5495 1731 5566 ἐτὲᾶῥχικοὶ
1757 5508 1799 5553 oi

236 5554 478 5636 ξιάγςντεε,ι
502 5560 671 5635 «ergo,
694 5559 769 5636 ἐπὶ
778 5558 1033 5636 Δῖοσοῦτον.
1061 5564 1250 5636 ειξλέιξαν
1271 5554 1378 5636 ιὶαςιθ
1412 5554 1798 5636 ἐνὶολάΐτινωηγ,

236 5617 298 5694 (ξιξ
547 5689 557 5694 Δ
777 5621 974 5694 ράγατον
1006 5617 1236 5694 Δέτξιλθεῖν,
1264 5626 1345 5694 {al
1374 5627 1435 5694 τρ
1454 5630 1534 5687 ζῇν
1556 5617 1800 5694 Rapuisti;

236 5680 458 5754 genicﬁic
480 5689 652 5754 autem
671 5680 754 5730 illa
780 5684 1135 5754 interpretatus
1167 5680 1250 5754 est
1270 5680 1530 5754 Emericus
1556 5680 1758 5754 lligotus
1783 5702 1794 5754 ς

422 5749 581 5812 autent
597 5741 830 5819 diaconus
853 5737 937 5805 qui
953 5743 1015 5819 ab
1035 5743 1284 5819 episcopis.
1306 5746 1481 5816 rediit.
1520 5761 1551 5795 α
1566 5737 1801 5819 profecti

235 5799 473 5873 utiliores.
495 5802 581 5867 qui
599 5817 681 5872 eos
701 5799 1023 5873 deduxerunt,
1049 5799 1342 5873 adeo
1361 5799 1505 5872 jussit
1526 5799 1802 5873 aliquorum

235 5869 438 5920 κεαιοο.
458 5874 509 5916 ια
527 5867 657 5918 mori
694 5872 929 5932 notarent,
967 5875 1012 5921 et
1051 5867 1212 5922 videre
1247 5867 1540 5933 retinerent,
1579 5867 1631 5921 (εὶ
1655 5873 1802 5934 paulo

1767 433 2148 492 Εριδτοιιε.

3407 434 3537 500 ,650

1935 545 2150 604 Μειιὶιηί
2179 544 2377 612 frater,
2405 559 2526 602 cum
2557 543 2948 602 nudiustertius
2971 546 3238 612 venisset,
3269 544 3338 601 ab
3365 561 3542 618 coque

1936 639 2121 698 literas
2165 637 2553 708 postulassent,
2599 640 2815 709 negavit
2859 649 2910 694 te
2952 639 3052 694 sibi
3091 638 3222 695 dare
3258 639 3498 701 voluissn
3537 663 3554 711 ;

1934 736 2096 799 atque
2133 728 2294 785 etiam
2337 728 2574 798 Tigrium
2622 729 2991 801 presbyterum
3012 771 3028 796 ,
3059 744 3182 786 cum
3212 731 3340 786 item
3373 730 3443 789 ab
3489 748 3554 788 eo

1935 818 2204 888 petiisset,
2251 817 2302 873 id
2341 834 2557 888 quoque
2598 819 2774 876 facere
2812 835 3112 877 recusasse.
3144 823 3329 892 Itaque
3360 822 3462 878 hoc
3507 827 3552 877 ei

1935 909 2226 980 exprobres
2245 910 2423 975 velim,
2449 926 2512 966 ac
2535 912 2750 970 sincero
2770 922 2824 967 et
2847 913 3054 970 ardenti
3082 916 3539 980 uostroamatori,

1934 1000 2250 1070 ueterisque
2290 1001 2540 1057 omnibus
2577 1001 2670 1072 qui
2706 1017 2828 1058 cum
2857 1002 3086 1074 Cyriaco
3116 1005 3371 1076 episeopo
3409 1018 3512 1060 con

1935 1090 2270 1150 suetudinem
2301 1091 2516 1150 habent.
2543 1093 2676 1148 Nam
2701 1094 2769 1149 de
2799 1095 2899 1150 loci
2927 1095 3345 1155 commutatione
3372 1095 3537 1151 nolim

1933 1191 2027 1238 aut
2055 1183 2155 1254 ipsi
2185 1193 2277 1238 aut
2305 1185 2552 1256 cuiquam
2594 1185 2684 1241 alii
2725 1188 2996 1267 negotium
3029 1188 3279 1246 facessas.
3319 1189 3536 1247 Benelh-

1933 1274 2076 1333 cium
2102 1275 2413 1345 accipimus.
2447 1276 2697 1333 Fortasse
2722 1281 2865 1334 enim
2895 1283 3200 1349 voluerunt,
3227 1297 3325 1340 nec
3350 1292 3539 1354 powe-

1933 1373 2078 1421 runt.
2099 1364 2282 1422 Gloria
2303 1366 2416 1422 Deo
2437 1379 2656 1437 propter
2673 1371 2850 1426 omnia
2880 1389 2894 1426 :
2919 1386 3094 1442 nequc
3113 1373 3255 1429 enim
3282 1389 3536 1446 umquam

1935 1454 1988 1511 in
2025 1456 2092 1514 iis
2129 1457 2406 1522 omnibus,
2442 1474 2560 1530 qum
2601 1459 2731 1516 mihi
2775 1462 3122 1533 contingunt,
3169 1464 3272 1522 hoc
3314 1465 3534 1520 verbum

1933 1560 2194 1615 usurpare
2222 1546 2488 1602 desinam.
2522 1549 2651 1604 Esto
2681 1560 2859 1606 autem
2891 1552 3031 1613 istud
3053 1595 3071 1620 ,
3102 1570 3207 1611 non
3241 1558 3535 1625 potuerint.

1932 1635 2016 1691 An
2057 1636 2217 1692 etiam
2263 1638 2499 1698 scribere
2539 1656 2647 1700 non
2693 1646 3021 1712 potuerunt?
3049 1648 3118 1706 At
3145 1662 3274 1706 vero
3301 1647 3534 1704 dominis

1932 1730 2101 1796 meis,
2139 1732 2450 1801 cumprimis
2495 1735 2784 1792 venerandi
2822 1738 3059 1812 episcopi
3096 1754 3162 1797 ac
3189 1740 3390 1797 domini
3423 1743 3536 1799 mei

1934 1819 2196 1892 Pergamii
2223 1823 2528 1889 s0roribus,
2560 1841 2677 1894 qua:
2703 1827 2874 1885 nostri
2904 1843 3066 1886 causa
3096 1830 3385 1900 plurimum
3413 1843 3535 1891 stu-

1931 1911 2003 1966 dii
2026 1920 2185 1984 atque
2206 1926 2386 1983 operae
2406 1915 2723 1987 suscipiunt,
2749 1916 2994 1988 ingentes
3012 1922 3214 1990 gratias
3234 1938 3351 1991 age.
3375 1923 3540 1990 Nam,

1934 2011 1992 2058 ut
2016 2003 2264 2060 dominus
2290 2019 2442 2060 meus
2495 2003 2614 2060 Dux
2667 2007 2840 2077 ipsius
2890 2023 3056 2082 gener
3110 2014 3545 2093 propenslssimo

1932 2095 1984 2150 in
2016 2108 2115 2149 nos
2143 2095 2324 2151 animo
2351 2104 2529 2162 esset,
2562 2096 2856 2156 ell‘ecerunt
2878 2141 2894 2166 ,
2923 2100 3060 2160 adeo
3096 2113 3151 2158 ut
3186 2103 3538 2162 vehementer

1933 2187 2046 2258 ipse
2079 2201 2292 2258 quoque
2335 2202 2434 2244 nos
2471 2188 2580 2247 illic
2623 2189 2805 2245 videre
2843 2203 3084 2264 cuperet.
3115 2195 3255 2266 Quin
3289 2206 3343 2255 tu
3371 2200 3547 2256 etiam.

1930 2278 1996 2334 de
2025 2281 2328 2338 valetudine
2359 2290 2468 2346 tua,
2501 2281 2674 2354 deque
2705 2283 2788 2350 iis,
2821 2299 2851 2340 a
2879 2285 3072 2356 quibus
3099 2303 3365 2358 amamur,
3396 2290 3534 2349 scrl-

1930 2370 2060 2428 bere
2080 2413 2095 2438 ,
2123 2387 2306 2442 quaso
2327 2412 2345 2437 ,
2373 2372 2441 2430 ad
2473 2387 2571 2428 nos
2600 2389 2667 2430 ne
2700 2374 3042 2434 intermittas.
3065 2378 3141 2434 De
3170 2379 3323 2435 nobis
3349 2390 3538 2438 autem

1930 2466 2045 2520 sine
2073 2480 2200 2522 cura
2231 2475 2369 2523 esto.
2401 2466 2534 2522 Nam
2576 2475 2631 2523 et
2667 2469 2909 2527 valemus
2929 2511 2944 2535 ,
2977 2481 3032 2527 et
3060 2473 3348 2543 tranquillo
3375 2485 3543 2545 atque

1931 2554 2085 2612 hilari
2114 2557 2296 2611 animo
2320 2570 2505 2613 sumus
2529 2599 2544 2626 ,
2576 2559 2886 2630 ingentique
2918 2561 2984 2618 ad
3027 2561 3169 2618 hunc
3194 2579 3363 2634 usque
3390 2565 3534 2622 diem

1931 2647 2116 2719 requie
2165 2647 2412 2706 fruimur.
2461 2650 2538 2705 De
2581 2652 2869 2711 comitibus
2918 2662 3096 2712 autem
3139 2654 3347 2726 Cyriaci
3391 2658 3534 2715 scire

1929 2754 2152 2796 avemus
2173 2781 2187 2806 ,
2221 2741 2442 2800 missine
2474 2741 2670 2798 fuerint
2702 2763 2715 2798 :
2750 2760 2923 2814 neque
2948 2747 3090 2802 enim
3123 2749 3402 2820 qumquam
3433 2766 3535 2805 no-

1931 2830 2010 2886 bis
2051 2831 2119 2886 de
2154 2848 2216 2888 ea
2260 2847 2320 2888 re
2360 2834 2642 2904 perspicue
2678 2835 2878 2903 aliquid
2923 2838 3103 2893 retulit
3137 2860 3150 2894 :
3180 2855 3348 2911 quare
3394 2843 3537 2898 istud

1927 2939 2141 2994 quoque
2169 2925 2326 2980 nobis
2354 2924 2669 2996 significate.
2694 2926 2800 2996 lpsi
2823 2937 3002 2985 autem
3031 2931 3286 3001 episcopo
3310 2931 3537 3004 Cyriaco

1929 3015 2088 3070 velim
2125 3014 2228 3072 hoc
2266 3015 2449 3083 dicas,
2485 3031 2573 3072 me
2611 3015 2774 3072 animi
2819 3019 3073 3075 mtestitia
3116 3021 3430 3093 impeditum
3465 3025 3540 3084 ail

1928 3121 2050 3162 eum
2083 3106 2226 3162 haud
2256 3107 2560 3188 scripsisse.

2070 3199 2153 3254 Ad
2175 3200 2404 3255 eamdem
2422 3201 2571 3268 epist.
2594 3197 2646 3253 Χ
2651 3197 2714 3255 Il
2722 3198 2771 3256 Ι.
2794 3200 3104 3273 (Postquam
3121 3200 3390 3260 Cucusum

2391 3300 2710 3362 pervenerat
2747 3307 2887 3346 anno
2911 3292 3066 3364 404.)

1998 3379 2238 3436 Tandem
2261 3380 2548 3452 aliquando
2569 3381 2971 3452 respiravimus,
2999 3399 3120 3440 cum
3141 3384 3408 3445 Cucusum
3439 3405 3534 3449 vo-

1928 3473 2124 3538 nimus,
2146 3473 2288 3529 unde
2312 3474 2473 3528 etiam
2499 3472 2594 3527 has
2620 3474 2803 3529 literas
2829 3475 3149 3545 scribimus;
3184 3481 3399 3538 tandem
3427 3483 3532 3540 ηιξ.

1925 3565 2138 3638 quando
2159 3580 2188 3619 a
2213 3565 2382 3633 fumo,
2413 3577 2467 3625 et
2492 3571 2656 3628 variis
2676 3573 2941 3630 malorum
2969 3590 3178 3642 eorum.
3207 3596 3325 3649 qua:
3353 3596 3452 3638 nos
3471 3582 3528 3640 in

1926 3655 2010 3709 via
2028 3656 2364 3724 invaserunt,
2382 3659 2590 3716 nebulis
2607 3663 2781 3718 lucem
2800 3666 3200 3736 conspeximus.
3216 3663 3526 3728 Nunccnint

1926 3756 2272 3817 posteaquam
2301 3763 2386 3816 ea,
2416 3766 2536 3820 quae
2575 3751 2819 3810 dolorem
2850 3753 3006 3812 nobis
3029 3757 3348 3826 aﬂ'erebant,
3377 3761 3530 3818 efﬂu-

1925 3846 2138 3898 xerunt.
2161 3837 2271 3907 jam
2301 3839 2394 3894 tibi
2425 3855 2486 3895 ea
2519 3845 2855 3913 exponimus.
2886 3845 3021 3902 Nam
3048 3864 3173 3905 cum
3193 3851 3244 3905 in
3273 3851 3402 3922 ipsis
3426 3853 3527 3908 ad-

1925 3928 2030 3983 huc
2055 3944 2318 3997 versarer,
2345 3931 2446 3987 hoc
2467 3933 2642 3990 facere
2668 3938 2835 4004 nolui,
2863 3953 2930 3993 ne
2959 3949 3010 3994 te
3037 3941 3088 3995 in
3117 3957 3369 4013 magnum
3393 3960 3531 4003 Intn-

1923 4033 2102 4074 rorem
2129 4021 2472 4091 conjicerem.
2503 4024 2741 4095 Triginta
2787 4030 2930 4088 enim
2973 4033 3360 4101 propemodum
3387 4033 3527 4106 dies,

1923 4119 2016 4165 aut
2059 4113 2218 4167 etiam
2250 4115 2510 4185 amplius,
2540 4132 2662 4174 cum
2695 4120 3060 4178 acerbissimis
3091 4122 3326 4180 febribus
3351 4127 3525 4183 collu-

1923 4207 2055 4259 ctari
2087 4223 2192 4262 non
2221 4207 2400 4263 destiti
2432 4227 2444 4262 :
2478 4221 2640 4281 atque
2667 4213 2739 4267 ita
2780 4213 2995 4285 longum
3027 4215 3128 4272 hoc
3157 4227 3209 4273 et
3236 4220 3527 4276 molestum

1925 4295 2026 4352 iter
2050 4298 2292 4368 agebam,
2325 4301 2550 4374 aliisque
2576 4304 2703 4359 item
2728 4307 3058 4376 gravissimis
3093 4313 3354 4367 stomachi
3382 4329 3532 4369 mur-

1925 4387 2006 4443 bis
2033 4390 2306 4446 ohscssus.
2338 4393 2458 4448 Jam
2483 4410 2604 4465 quae
2645 4396 2770 4453 hinc
2791 4413 3146 4470 sequerentur-
3163 4444 3176 4469 ,
3205 4405 3486 4461 considera
3513 4447 3528 4469 .

1924 4495 2116 4551 nempe
2143 4497 2262 4537 cum
2300 4499 2399 4540 nec
2438 4487 2632 4544 medici
2676 4501 2873 4560 praesto
2915 4502 3118 4559 essent,
3151 4509 3252 4551 nec
3292 4495 3481 4552 balnea
3508 4539 3526 4564 ,

1923 4586 2024 4630 nec
2052 4589 2140 4630 res
2177 4577 2496 4638 necessaria)
2520 4619 2535 4643 ,
2579 4595 2677 4636 nec
2705 4583 2806 4636 alia
2838 4585 3144 4652 commoda,
3174 4601 3238 4642 ac
3269 4597 3527 4657 prietert-a

1927 4661 2226 4721 Isaurorum
2253 4678 2428 4724 metus
2450 4686 2547 4725 nos
2577 4673 2811 4744 undique
2837 4687 3126 4744 premeret,
3150 4679 3360 4750 aliaque
3384 4683 3521 4741 mala

1923 4768 2043 4824 qua:
2072 4769 2140 4810 ex
2169 4757 2420 4814 itinerum
2448 4760 2761 4819 difﬁcultate
2807 4767 2950 4821 nasci
2977 4759 3391 4838 consueverunt,
3422 4773 3527 4828 hoc

1923 4853 2007 4898 est
2030 4859 2178 4912 cura,
2223 4849 2552 4920 sollicitudo,
2595 4855 2759 4908 animi
2807 4861 3194 4928 consternatio,
3225 4863 3401 4934 inopia
3429 4878 3529 4918 eo~

1923 4949 2073 5002 rum,
2110 4953 2141 4990 a
2187 4939 2384 5008 quibus
2409 4945 2583 4998 curari
2625 4961 2862 5015 possem.
2910 4951 2979 5004 At
3016 4967 3158 5007 nunc
3205 4955 3382 5009 omnia
3413 4953 3529 5013 ha-c

1923 5039 2273 5084 evanuerunt.
2317 5031 2387 5088 Ut
2430 5035 2573 5090 enim
2605 5036 2872 5097 Cucusum
2905 5042 3188 5110 venimus,
3224 5054 3332 5099 tum
3383 5061 3532 5103 mon-

1923 5116 2049 5170 bum
2073 5132 2288 5175 onmem
2322 5139 2426 5178 una
2466 5140 2588 5185 cum
2633 5129 2872 5200 reliquiis
2896 5134 3221 5203 :ilijecimus,
3256 5137 3528 5208 integerri-

1923 5222 2116 5278 maque
2149 5213 2454 5270 valetudine
2484 5216 2729 5287 fruimur,
2760 5230 2873 5276 tum
2907 5223 3208 5281 Isaurorum
3239 5239 3386 5283 metu
3428 5231 3496 5283 de

1924 5297 2087 5355 functi
2120 5318 2307 5360 sumus
2331 5348 2344 5371 ,
2373 5308 2573 5379 quippe
2610 5326 2733 5366 cum
2765 5316 2919 5370 multi
2959 5317 3046 5372 llic
3073 5319 3270 5374 milites
3299 5322 3402 5374 sint
3425 5361 3442 5388 ,
3473 5340 3506 5379 ο

1922 5392 2140 5461 quidem
2168 5399 2505 5465 paratissimo
2534 5402 2738 5472 animo,
2774 5416 2829 5462 ut
2859 5423 2982 5463 cum
3027 5410 3157 5479 ipsis
3185 5412 3477 5482 conﬂigant
3503 5434 3518 5470 :

1923 5499 2103 5542 rerum
2127 5504 2341 5560 quoque
2368 5497 2794 5554 necessariarum
2817 5501 2971 5572 copia
3001 5503 3156 5558 nobis
3183 5505 3416 5576 undique
3442 5507 3511 5562 af-

1922 5621 2149 5683 lnl’erlus,
2190 5625 2299 5682 τοὺς
2325 5625 2627 5735 ἐπαρέειιούς,
2661 5632 2987 5692 prartommos
3024 5629 3206 5682 milites
3249 5632 3419 5691 vertit,
3459 5639 3514 5682 et

1922 5685 2123 5735 uuldem
2167 5693 2304 5735 recte
2331 5694 2442 5735 utro
2481 5701 2598 5735 lane
2630 5704 2642 5735 :
2676 5704 2804 5735 nam-
2848 5699 2902 5735 ut
2944 5693 3174 5735 observat
3209 5694 3422 5735 Carmine
3460 5696 3510 5735 in

1960 5685 2139 5763 uidem.
2167 5693 2304 5763 recte
2331 5685 2598 5763 utrobique
2630 5685 2804 5760 :'nam,
2848 5699 2902 5740 ut
2944 5693 3174 5763 observat
3209 5685 3422 5763 {longius
3460 5696 3512 5763 i_n

1947 5746 2175 5817 glossario
2204 5748 2393 5817 Graeco,
2423 5746 2686 5817 iidemgui
2714 5746 2949 5817 vocantur
2971 5755 3220 5817 έπαρχικοί
3247 5755 3294 5804 in
3309 5746 3506 5813 Synod.

1922 5808 2294 5881 Constantinop.
2322 5808 2426 5881 hct.
2451 5811 2500 5881 _7,
2524 5808 2648 5863 infra
2670 5813 2721 5864 in
2755 5815 2930 5863 eodem
2964 5808 3122 5864 Cone?
3143 5808 3392 5880 ταξεωτσιῖ,
3419 5829 3510 5881 ap-

1919 5867 2184 5932 paritores,
2217 5867 2552 5934 appellantur.
