4172 6500
619 400 718 458 θη

609 523 762 591 ﬁuit,
798 519 1042 578 omnibus
1069 530 1271 572 summa
1307 530 1427 570 cum
1466 511 1835 570 benevolentia
1884 524 1982 565 nos
2026 509 2171 565 exci-

610 613 894 684 pientibus,
940 611 1145 666 etiamsi
1187 608 1380 677 alioqui
1409 605 1806 662 desertissimus
1833 602 2049 658 omnino
2089 599 2176 657 hic

609 703 756 757 locus
783 703 872 755 sit.
913 701 983 754 At
1011 714 1136 754 casu
1161 695 1386 765 quodam
1414 693 1663 749 dominus
1690 705 1840 747 meus
1885 691 2174 745 Dioswrus

608 791 694 846 hic
727 800 859 856 erat,
904 789 991 860 qui
1017 789 1175 842 etiam
1212 785 1460 840 famulum
1487 783 1662 838 dedita
1692 795 1854 851 epera
1878 779 2174 834 Ctesaream

609 883 771 944 misit,
803 889 1040 950 rogatum
1066 890 1224 948 atque
1255 876 1586 931 obsecratum
1604 915 1618 938 ,
1645 888 1713 928 ne
1745 871 1924 926 domui
1953 885 2064 924 sum
2092 870 2173 923 al-

613 982 780 1027 teram
804 972 1160 1035 anteferrem;
1187 969 1382 1038 aliique
1405 969 1528 1023 item
1550 967 1726 1036 plures
1755 964 1891 1019 idem
1914 963 2171 1018 fecerunt.

612 1061 805 1117 Verum
838 1063 971 1115 hanc
999 1061 1114 1114 aliis
1146 1059 1523 1129 praeferendam
1551 1056 1849 1110 necessario
1887 1053 2018 1109 mihi
2055 1055 2172 1108 exi-

609 1153 863 1210 stimavi:
905 1153 1081 1221 itaque
1125 1150 1264 1221 apud
1313 1165 1434 1204 eum
1477 1148 1806 1203 divertimus.
1848 1148 2022 1215 Atque
2063 1146 2176 1214 ipse

611 1244 766 1300 nobis
791 1243 996 1314 quidvis
1015 1252 1116 1308 est,
1146 1243 1216 1296 ita
1243 1251 1300 1295 ut
1321 1241 1391 1295 ob
1415 1239 1678 1308 ingentem
1705 1236 1868 1306 ipsius
1893 1235 2177 1291 liberalita-

612 1343 718 1390 tem
743 1343 798 1388 et
835 1333 1126 1403 largitatem
1148 1374 1164 1398 ,
1195 1346 1297 1401 qua
1335 1345 1459 1398 erga
1500 1342 1596 1383 nos
1622 1328 1698 1382 uti
1726 1327 1888 1398 cupit,
1918 1334 2176 1397 perpetuo

611 1441 732 1482 cum
772 1440 835 1480 eo
859 1425 1272 1496 expostulemus.
1299 1421 1503 1491 Quippe
1529 1429 1708 1475 nostra
1738 1433 1895 1475 causa
1923 1421 2081 1472 etiam
2109 1432 2175 1474 ex

614 1519 815 1575 adibus
851 1519 961 1573 suis
1002 1517 1054 1572 in
1082 1516 1261 1571 villam
1299 1513 1579 1584 migravit,
1609 1520 1665 1566 ut
1703 1525 1800 1566 nos
1836 1509 1980 1576 omni
2016 1507 2178 1564 ofﬁcii

614 1625 808 1681 genere
833 1609 1274 1678 complecteretur
1304 1623 1318 1660 :
1349 1614 1507 1674 atque
1532 1603 1747 1672 insuper
1781 1601 1994 1656 domum
2025 1600 2178 1656 nobis

615 1699 684 1756 ad
713 1699 1038 1755 tolerandam
1065 1697 1292 1753 hiemem
1328 1695 1570 1751 idoneam
1607 1692 1849 1752 exstruit.
1882 1705 1979 1762 pro
2007 1705 2177 1762 eaque

614 1806 677 1846 re
703 1791 832 1845 nihil
860 1804 965 1845 nou
991 1789 1097 1858 agit
1119 1801 1180 1842 ac
1203 1785 1450 1851 molitur;
1480 1783 1709 1853 denique
1733 1781 1934 1836 nullum
1961 1781 2178 1836 omnino

615 1881 773 1937 ofﬁcii
792 1895 916 1950 erga
934 1893 1030 1934 nos
1053 1890 1218 1948 genus
1236 1875 1304 1930 ab
1323 1889 1389 1931 eo
1409 1873 1818 1945 prmtermissum
1839 1879 1939 1926 est.
1964 1870 2044 1925 Ad
2065 1869 2180 1926 hac

617 1971 854 2043 plerique
880 1969 968 2024 alii
1000 1974 1368 2038 procuratores
1401 1973 1456 2021 et
1488 1979 1665 2020 rerum
1691 1963 2178 2030 administratores,

615 2064 844 2121 dominis
875 2063 926 2118 id
970 2061 1097 2132 ipsis
1134 2075 1230 2132 per
1265 2060 1448 2115 literas
1495 2056 1912 2127 imperantibus,
1955 2052 2182 2110 subinde

616 2155 722 2212 huc
761 2154 1050 2220 accedunt,
1089 2152 1255 2223 parati
1285 2150 1468 2222 quavis
1495 2149 1698 2204 ratione
1736 2161 1834 2202 nos
1871 2146 2090 2202 reﬁcere
2118 2158 2182 2200 ac

616 2261 879 2302 recreare.
914 2243 1038 2300 Haec
1064 2251 1239 2298 autem
1281 2240 1461 2296 omnia
1504 2239 1703 2294 idcirco
1738 2236 2180 2300 commemoravi,

617 2348 776 2409 atque
799 2337 899 2391 alia
925 2336 1156 2407 quidem,
1189 2335 1291 2391 hoc
1314 2342 1396 2389 est
1418 2376 1432 2399 ,
1466 2333 1662 2404 priora,
1691 2330 1880 2387 deflevi
1897 2372 1914 2398 ,
1954 2329 2057 2385 alia
2084 2345 2182 2384 au-

617 2439 748 2496 tem,
776 2429 876 2485 hoc
902 2437 1002 2493 est,
1025 2429 1144 2484 lata
1163 2435 1217 2483 et
1236 2425 1484 2498 jucunda,
1510 2425 1602 2480 tibi
1624 2423 1870 2494 exposui,
1896 2429 1954 2477 ut
1975 2436 2044 2478 ne
2067 2421 2184 2492 quis

618 2531 819 2578 temere
844 2535 940 2576 nos
970 2520 1094 2574 hinc
1121 2526 1382 2574 emoveat.
1407 2516 1538 2572 Nam
1564 2515 1609 2571 si
1642 2515 1714 2581 ii,
1747 2515 1958 2586 quinos
1981 2513 2182 2570 beneﬁa

620 2613 706 2667 cio
725 2611 935 2667 afﬁcere
980 2611 1232 2680 cupiunt,
1274 2608 1476 2664 arbitrii
1517 2608 1618 2661 hoc
1663 2606 1829 2661 nostri
1874 2605 2096 2672 faciant,
2130 2612 2186 2658 ut

619 2719 727 2772 quo
753 2703 871 2756 loco
890 2701 1133 2766 velimus,
1159 2699 1314 2754 nobis
1337 2712 1455 2754 esse
1483 2696 1658 2761 liceat,
1681 2711 1780 2751 nec
1803 2710 2010 2750 rursum
2032 2694 2184 2748 nobis

620 2793 846 2848 alterum
891 2791 1064 2845 locum
1115 2789 1368 2844 arbitratu
1420 2786 1674 2856 libituque
1723 2801 1822 2840 suo
1870 2785 2184 2854 assignaturi

620 2883 747 2946 sint,
770 2882 872 2937 hoc
893 2880 1208 2936 beneﬁcium
1229 2865 1428 2949 accipe.
1455 2879 1546 2932 Sin
1574 2885 1751 2932 autem
1771 2890 1870 2930 nos
1895 2875 2018 2930 hinc
2037 2889 2190 2928 amo-

623 2983 707 3029 tos
739 2974 793 3028 in
819 2973 1038 3027 alterum
1068 2971 1238 3025 locum
1264 2969 1551 3039 ablegaturi
1592 2976 1754 3032 sunt,
1785 2967 2040 3037 nobisque
2067 2981 2189 3020 rur-

625 3076 743 3118 sum
770 3063 870 3117 iter
893 3062 1093 3128 subire,
1124 3075 1186 3116 ac
1213 3059 1536 3130 peregrinari
1561 3072 1780 3113 necesse
1807 3067 1922 3124 est,
1952 3056 2080 3111 mihi
2107 3072 2192 3112 sa-

625 3169 696 3210 ne
727 3154 828 3210 hoc
875 3154 1028 3222 longe
1066 3152 1275 3224 gravius
1317 3151 1659 3220 acerbiusque
1703 3149 1859 3204 fuerit
1905 3166 1917 3202 :
1963 3149 2190 3218 primum

625 3245 767 3300 enim
797 3243 922 3299 illud
953 3243 1291 3298 metuendum
1331 3252 1433 3309 est,
1462 3257 1528 3296 ne
1558 3257 1653 3295 nos
1680 3241 1732 3294 in
1773 3240 2189 3310 longinquioretn

627 3346 719 3391 aut
745 3337 796 3390 in
823 3336 1144 3405 asperiorem
1170 3335 1344 3389 locum
1373 3333 1603 3388 ducant:
1631 3333 1822 3388 deinde
1848 3333 2053 3388 itineris
2079 3347 2192 3386 mo-

628 3428 834 3482 lestiam
858 3427 1120 3480 sexcentis
1142 3426 1340 3480 exsiliis
1363 3426 1658 3494 graviorem
1689 3439 1808 3479 esse
1835 3424 1990 3479 duco.
2015 3424 2191 3494 Siqui-

630 3515 749 3570 dem
776 3515 1210 3584 peregrinationis
1240 3513 1455 3583 hujusce
1485 3513 1766 3568 difﬁcultas
1791 3513 1855 3568 ad
1880 3516 2019 3584 ipsas
2047 3528 2192 3568 mor-

631 3608 698 3661 tis
727 3616 904 3675 portas
941 3621 1036 3660 nos
1082 3606 1308 3660 detulit:
1352 3621 1593 3675 nuncque
1616 3646 1630 3670 ,
1676 3606 1866 3662 Cucusi
1904 3608 2186 3676 degentes,

632 3706 882 3766 perpetua
910 3699 1146 3751 sessione
1175 3713 1237 3750 ac
1258 3697 1433 3765 quiete
1461 3707 1666 3750 nosmet
1687 3712 2008 3762 recreamus,
2037 3707 2194 3766 atque

630 3798 735 3842 tam
763 3788 996 3842 diuturni
1023 3788 1276 3857 temporis
1300 3803 1571 3853 mrumum,
1595 3788 1980 3858 confractisque
2001 3790 2196 3843 nostris

630 3881 856 3944 ossibus,
889 3889 942 3932 et
973 3880 1194 3949 fatigat-.2
1217 3882 1382 3944 carni,
1403 3881 1596 3949 quietis
1623 3896 1721 3949 ope
1738 3897 1799 3935 ac
1826 3882 2060 3936 subsidio
2082 3897 2196 3937 me-

631 3971 838 4026 demur.
871 3971 1030 4024 Aﬁuit
1055 3973 1215 4025 etiam
1243 3972 1455 4024 domina
1486 3987 1601 4025 mea
1630 3973 1908 4025 Sabiniano
1935 3973 2198 4028 diacouis-

631 4075 689 4114 sa
729 4059 802 4131 (a)
842 4061 1026 4114 eodem
1071 4061 1182 4129 ipso
1223 4061 1310 4114 die
1347 4078 1452 4130 quo
1483 4061 1755 4128 venimus,
1789 4061 1953 4117 fracta
1986 4064 2197 4132 quidem

634 4152 743 4218 ipsa
769 4159 823 4203 et
865 4151 1066 4217 abjccta
1090 4190 1102 4212 ,
1146 4153 1495 4220 a-rumnisque
1524 4151 1708 4204 affecta
1732 4193 1746 4214 ,
1799 4162 1977 4221 utpote
2003 4169 2062 4207 ea
2090 4153 2197 4222 jam

632 4250 817 4303 mtate,
850 4241 900 4293 in
930 4255 1028 4309 qua
1061 4245 1256 4294 moveri
1297 4259 1503 4309 quoque
1530 4242 1741 4296 difficile
1775 4253 1858 4297 est
1897 4262 1908 4294 :
1949 4254 2199 4298 caeterum

635 4333 850 4399 juvenili
891 4334 1050 4385 animi
1099 4335 1369 4388 alacritate
1400 4335 1635 4402 praedita,
1668 4336 1903 4404 nihilque
1947 4336 2200 4391 adversa—

637 4438 751 4475 rum
779 4437 954 4475 rerum
1000 4425 1350 4490 persentiens.
1383 4425 1622 4478 Paratum
1664 4426 1804 4480 enim
1833 4441 1891 4480 se
1917 4441 2035 4481 esse
2064 4427 2202 4482 dixit

638 4513 794 4564 etiam
817 4512 867 4563 iu
894 4512 1160 4580 Scythiam
1193 4515 1474 4582 proficisci,
1501 4516 1926 4586 quandoquidem
1953 4527 2203 4574 constans

639 4602 725 4657 hic
771 4619 950 4657 rumor
979 4613 1128 4668 erat,
1159 4605 1270 4660 fore
1298 4616 1354 4658 ut
1383 4607 1488 4659 illic
1524 4608 1851 4674 deportarer.
1882 4609 2091 4662 Certum
2123 4620 2205 4665 est

638 4702 814 4748 autem
841 4696 915 4760 ei,
943 4706 1000 4749 ut
1019 4697 1112 4761 ait,
1142 4713 1244 4749 non
1271 4697 1378 4766 jam
1402 4698 1467 4750 ad
1494 4713 1617 4752 suos
1649 4700 1861 4764 reverti,
1889 4716 2073 4754 verum
2101 4702 2206 4756 illic

641 4785 730 4839 ubi
757 4783 1008 4839 fuerimus
1031 4788 1368 4840 commorari.
1402 4790 1572 4856 Atque
1603 4789 1736 4842 hanc
1763 4791 1923 4843 etiam
1955 4806 2204 4860 perquam

639 4878 868 4934 humane
895 4893 956 4932 ac
979 4879 1234 4944 studiose,
1264 4895 1556 4950 magnaque
1581 4896 1699 4934 cum
1723 4882 2084 4937 benevolentia
2107 4883 2208 4938 Ec-

640 4971 815 5025 clesia:
865 4970 1063 5024 alumni
1117 4980 1460 5038 exceperunt.
1515 4972 1654 5038 Quin
1705 4972 1949 5026 dominus
1997 4988 2209 5042 quoque

643 5077 794 5114 meus
814 5060 1177 5130 Constantius,
1204 5061 1630 5130 religiosissimus
1669 5063 1961 5132 presbyter,
1990 5063 2210 5132 jampri-

647 5152 766 5205 dem
796 5150 881 5206 hic
906 5151 1110 5206 fuisset.
1140 5153 1268 5206 Nam
1295 5162 1347 5206 et
1369 5169 1574 5208 mecum
1603 5170 1697 5224 per
1719 5156 1897 5209 literas
1923 5167 2124 5225 egerat,
2155 5171 2210 5212 ut

647 5245 743 5311 ipsi
781 5243 884 5296 huc
924 5243 1165 5297 veniendi
1204 5253 1518 5313 potestatem
1562 5244 1786 5299 facerem
1817 5263 1830 5297 :
1866 5263 2034 5317 neque
2068 5250 2208 5303 enim

647 5351 706 5390 se
733 5336 864 5390 citra
892 5336 1214 5389 voluntatem
1249 5352 1418 5390 meam
1446 5347 1600 5407 atque
1626 5339 1940 5392 sententiam
1966 5341 2014 5394 id
2043 5341 2214 5396 facere

713 5489 945 5556 (a)}tane
973 5492 1267 5556 Sabinianam
1305 5493 1616 5556 diaconissam
1640 5503 1856 5556 opinatur
1886 5495 2218 5548 Tillemontius

657 5549 1078 5621 eantfuissequaa
1109 5555 1360 5621 _§a_hiniana
1397 5549 1922 5621 d_i_at_,on_issa'vomtura
1948 5557 2149 5607 Palladio
2169 5562 2217 5608 in

656 5613 763 5658 hist.
792 5613 1007 5676 uosveid.
1035 5627 1082 5673 p.
1107 5614 1218 5670 965,
1240 5628 1381 5676 quam
1405 5616 1518 5665 dicit
1553 5615 1704 5665 fuisse
1726 5620 1920 5666 Joannis
1938 5622 2084 5668 nostri
2104 5623 2218 5668 ami-

654 5676 766 5738 tam.
783 5671 909 5728 quod
930 5674 975 5720 si
998 5671 1092 5721 non
1114 5671 1317 5738 eertum,
1336 5677 1597 5738 verisimile
1615 5680 1783 5738 utique
1808 5688 1901 5728 est.
1924 5683 2221 5731 Constantius

659 5731 779 5804 intra
814 5741 1122 5804 memoratus,
1144 5731 1399 5798 presbyter
1443 5737 1525 5788 ille
1551 5746 1622 5789 est
1645 5731 1873 5802 ad'qucm
1896 5743 2094 5792 mittitur
2115 5745 2213 5804 cpi-

658 5791 777 5841 stola
801 5799 955 5842 te.th
982 5793 1112 5844 infra.

1279 403 1338 462 S.
1374 402 1652 462 JOANNIS
1677 397 2146 458 CHRYSOSTOMI
2185 396 2499 456 ARCIIIEP.
2539 397 3068 456 CONSTANTINOP.

3755 403 3863 460 6η

2280 507 2515 571 audere,
2547 509 2789 578 quamvis
2813 508 3008 578 alioqui
3040 522 3228 578 magna
3265 509 3420 578 hujus
3445 511 3521 564 rel
3561 515 3857 581 cupiditate

2280 597 2619 670 ﬂagrantem;
2641 598 2871 656 addebat
2898 599 3055 654 etiam
3083 613 3142 654 se
3167 615 3234 654 ne
3261 600 3364 654 illic
3387 601 3601 669 quidem
3637 617 3859 659 manere

2281 707 2437 761 posse
2467 711 2480 746 :
2511 709 2632 746 nam
2669 693 2898 748 latebras
2920 693 3131 763 quaerit,
3154 707 3217 747 ac
3245 707 3364 748 sese
3389 694 3640 748 occultat.
3672 694 3858 764 Itaque

2282 783 2527 852 precibus
2565 784 2662 838 abs
2691 793 2742 839 te
2771 783 3058 849 contendo,
3090 793 3147 838 ut
3190 785 3256 838 de
3285 785 3402 840 loco
3433 786 3648 841 minime
3697 785 3858 842 aliter

2280 871 2463 930 facias.
2490 873 2641 942 Quod
2667 875 2711 929 si
2741 889 2926 930 rursus
2948 915 2964 941 ,
2991 874 3119 945 quid
3149 875 3246 944 ipsi
3288 875 3340 928 iu
3375 877 3553 930 animo
3580 876 3854 946 habeant,

2280 966 2683 1038 periclitandum
2725 965 2898 1032 ducis,
2947 977 3002 1022 tu
3030 966 3242 1037 quidem
3271 982 3302 1021 a
3327 977 3380 1023 te
3409 968 3538 1022 nihil
3563 968 3733 1035 dicas,
3760 987 3856 1028 ve-

2281 1073 2396 1112 rum
2428 1072 2524 1128 pro
2550 1066 2638 1111 tua
2669 1057 2964 1127 prudentia,
2997 1072 3225 1128 quonam
3253 1073 3338 1112 me
3363 1058 3626 1115 abducere
3651 1063 3857 1118 consti-

2281 1150 2508 1215 tuerint,
2549 1148 2798 1216 explores
2825 1165 2838 1200 :
2871 1148 2922 1202 id
2950 1151 3090 1203 enim
3127 1158 3296 1218 potes.
3321 1149 3400 1204 Ac
3427 1151 3472 1204 si
3499 1151 3697 1207 videris
3723 1154 3858 1222 ipsis

2281 1238 2334 1292 in
2361 1238 2539 1292 animo
2565 1251 2714 1303 esse,
2753 1254 2857 1292 non
2883 1238 3038 1308 longe
3072 1237 3266 1293 isthinc
3304 1239 3357 1294 in
3397 1242 3713 1297 maritimam
3754 1243 3860 1298 ali-

2279 1343 2438 1397 quam
2461 1326 2666 1391 urbem,
2698 1340 2820 1397 puta
2845 1325 3113 1398 Cyzicum,
3137 1337 3228 1382 aut
3243 1342 3347 1382 non
3373 1328 3528 1400 longe
3554 1345 3583 1384 a
3602 1330 3861 1388 Nicome-

2280 1416 2366 1472 dia
2397 1432 2482 1472 me
2505 1417 2756 1483 avehere,
2797 1419 2898 1472 hoc
2922 1417 3122 1487 accipe.
3163 1417 3256 1472 Sin
3282 1428 3460 1473 autem
3488 1419 3694 1490 longius
3731 1421 3861 1477 hinc

2284 1507 2511 1577 uspiam,
2532 1515 2623 1562 aut
2646 1507 2718 1562 ita
2750 1506 2955 1576 procul,
2984 1515 3042 1561 ut
3067 1507 3153 1562 hic
3179 1507 3327 1563 locus
3351 1517 3456 1574 est,
3483 1524 3552 1564 ne
3579 1511 3812 1580 accipias
3838 1529 3855 1563 :

2284 1597 2387 1652 hoc
2431 1597 2627 1668 quippe
2654 1597 2783 1652 mihi
2826 1612 2986 1668 grave
3021 1611 3084 1652 ac
3121 1598 3502 1667 permolestum
3548 1599 3726 1655 fuerit.
3758 1601 3860 1656 Hic

2283 1692 2425 1748 enim
2447 1691 2498 1746 in
2523 1706 2712 1762 magna
2729 1692 2906 1761 quiete
2925 1689 3192 1760 animique
3221 1691 3536 1747 remissione
3554 1707 3856 1760 versamur,

2283 1790 2356 1840 tta
2379 1795 2435 1840 ut
2463 1785 2622 1841 etiam
2652 1795 2977 1840 contractam
3006 1799 3220 1839 omnem
3246 1799 3312 1840 ex
3343 1785 3532 1841 itinere
3555 1786 3860 1842 molatiam

2283 1876 2445 1931 biduo
2472 1876 2896 1932 absterserimus.

2284 1968 2364 2023 Ad
2387 1971 2609 2024 eamdem
2633 1969 2862 2038 epistola,
2885 1969 2936 2022 in
2961 1985 3060 2039 qua
3099 1977 3470 2036 commemorat,
3497 1984 3611 2037 qua
3626 1969 3727 2039 ipsi
3749 1969 3864 2026 Cc-

2335 2076 2494 2115 same
2511 2061 2800 2116 acciderint.
2821 2059 2900 2115 XI
2920 2059 2981 2115 V.
3012 2059 3244 2131 (Cucuso
3272 2061 3465 2132 scripta
3489 2077 3630 2117 anno
3654 2061 3809 2135 406.)

2360 2155 2411 2208 t.
2440 2153 2576 2221 Quid
2604 2153 2786 2223 luges?
2811 2151 2938 2223 quid
2959 2154 3178 2224 teipsam
3202 2153 3400 2220 tundis,
3426 2169 3621 2225 easque
3641 2169 3775 2224 quas
3795 2171 3867 2212 ne

2289 2245 2470 2301 hostes
2489 2245 2700 2316 quidem
2733 2245 2806 2299 tui
2833 2259 2864 2298 a
2895 2254 2946 2300 te
2970 2245 3183 2314 exigere
3209 2253 3494 2314 potuerunt
3517 2260 3706 2316 prunas
3731 2261 3761 2300 a
3787 2255 3868 2302 te-

2290 2338 2403 2408 ipsa
2423 2337 2650 2406 expetis,
2678 2345 2735 2390 ut
2753 2352 2871 2406 qua:
2895 2336 3128 2389 animum
3158 2342 3303 2390 tuum
3323 2336 3571 2392 maeroris
3597 2337 3869 2407 tyrannidi

2290 2444 2460 2500 usque
2488 2429 2623 2484 adeo
2652 2428 2953 2484 addixeris?
2983 2427 3190 2483 Etenim
3231 2427 3398 2484 lltera:
3429 2428 3532 2484 ille
3552 2471 3567 2495 ,
3606 2444 3742 2498 quas
3771 2444 3871 2500 per

2291 2518 2575 2573 Patricium
2613 2517 2680 2572 ad
2710 2533 2808 2573 nos
2854 2517 3078 2581 misisti,
3111 2517 3224 2587 ipsa
3263 2518 3457 2573 anima:
3501 2528 3606 2574 tua:
3646 2521 3870 2575 vulnera

2293 2607 2446 2664 nobis
2468 2608 2820 2664 declararunt.
2842 2607 3200 2674 Quamobrem
3224 2607 3512 2662 admodum
3531 2607 3688 2664 doleo
3709 2619 3873 2679 atque

2291 2713 2476 2769 angor,
2508 2697 2650 2766 quod
2677 2713 2798 2752 cum
2826 2697 2954 2751 nihil
3001 2713 3104 2750 non
3142 2711 3300 2768 agere
3335 2712 3400 2751 ac
3441 2699 3616 2753 moliri
3645 2698 3871 2766 debeas,

2292 2805 2399 2857 quo
2441 2804 2726 2844 mmrorem
2763 2803 2831 2843 ex
2857 2789 3034 2842 animo
3079 2797 3168 2843 tuo
3214 2789 3520 2859 propulses,
3549 2799 3726 2844 tamen
3758 2791 3872 2860 ipsa

2297 2878 2398 2932 huc
2422 2886 2581 2947 atque
2611 2876 2733 2931 illuc
2759 2885 2811 2932 te
2836 2886 3042 2942 vertas,
3069 2877 3321 2932 molestas
3347 2887 3400 2932 et
3426 2877 3648 2941 acerbas
3670 2881 3876 2950 cogita-

2297 2969 2468 3022 tiones
2496 2967 2770 3035 colligens,
2801 2981 2989 3035 eaque,
3018 2981 3137 3036 quae
3165 2981 3270 3021 non
3291 2977 3414 3022 sunt
3439 2969 3582 3038 (nam
3612 2969 3712 3024 hoc
3739 2985 3876 3042 quo-

2295 3071 2397 3124 que
2425 3056 2652 3126 dixisti),
2681 3057 2860 3110 animo
2887 3056 3178 3126 effingens,
3208 3065 3364 3127 teque
3388 3059 3556 3128 ipsam
3597 3059 3792 3116 frustra
3822 3072 3879 3118 et

2297 3149 2581 3210 incassum,
2613 3147 2719 3202 imo
2742 3162 2949 3202 summo
2969 3163 3088 3202 cum
3108 3147 3431 3204 detrimento
3453 3149 3708 3205 lancinas.
3735 3151 3876 3220 Quid

2296 3240 2436 3292 enim
2463 3238 2703 3307 angeris,
2746 3238 2884 3306 quod
2912 3253 3009 3292 nos
3046 3254 3077 3293 e
3100 3238 3308 3294 Cucuso
3331 3239 3436 3295 alio
3465 3241 3753 3296 transferre
3782 3258 3878 3299 ne-

2295 3329 2552 3399 quivisti?
2592 3328 2922 3399 Quamquam
2959 3330 3136 3400 aliquo
3180 3331 3339 3385 modo
3385 3346 3485 3386 nos
3530 3335 3876 3402 transtulisti,

2296 3418 2422 3474 dum
2451 3419 2582 3474 nihil
2612 3434 2718 3474 non
2740 3420 2858 3475 ideo
2885 3419 2980 3474 abs
3009 3429 3061 3476 te
3091 3429 3350 3476 tentatum
3377 3433 3538 3494 atque
3566 3433 3744 3480 actum
3770 3437 3878 3480 est.

2298 3510 2451 3577 Quod
2497 3512 2543 3565 si
2587 3525 2674 3565 res
2703 3511 2881 3581 perfici
2927 3527 3032 3565 non
3077 3513 3281 3582 potuit,
3314 3529 3418 3568 non
3448 3524 3624 3570 tamen
3655 3515 3882 3585 proinde

2297 3604 2418 3674 angi
2447 3613 2681 3674 oportet.
2705 3602 2837 3658 Nam
2866 3602 3091 3658 fortasse
3113 3605 3212 3659 hac
3236 3604 3302 3659 de
3331 3621 3490 3659 causa
3511 3607 3652 3662 Deus
3677 3608 3882 3677 longio-

2300 3709 2357 3748 ra
2383 3709 2633 3748 cursuum
2672 3696 2840 3763 spatia
2871 3694 3026 3748 nobis
3065 3696 3289 3765 proponi
3332 3696 3532 3760 voluit,
3561 3706 3618 3752 ut
3644 3698 3882 3767 splendi-

2301 3786 2477 3841 diores
2502 3800 2729 3840 eoronas
2753 3800 3166 3856 consequamur.
3191 3787 3326 3854 Quid
3355 3789 3513 3859 igitur
3527 3789 3597 3844 ob
3623 3806 3686 3846 ea
3717 3793 3769 3846 in
3791 3792 3884 3848 do-

2305 3877 2418 3931 lore
2443 3877 2694 3940 versaris,
2723 3876 2792 3930 ob
2816 3893 2933 3947 qum
2965 3879 3204 3932 laudibus
3225 3878 3529 3935 afﬁcimur?
3550 3897 3671 3937 cum
3689 3895 3881 3940 contra

2305 3979 2356 4024 te
2383 3971 2452 4024 ob
2477 3985 2593 4026 eam
2637 3985 2846 4025 causam
2883 3973 3148 4028 exsultare
3183 3988 3245 4028 ac
3280 3975 3589 4044 tripudiare,
3616 3989 3884 4048 caputque

2303 4063 2518 4117 corollis
2570 4061 2832 4118 redimere
2890 4078 2982 4134 par
3035 4065 3142 4132 sit,
3193 4067 3335 4135 quod
3388 4066 3567 4122 divino
3623 4071 3885 4127 beneﬁcio

2306 4167 2416 4207 rem
2446 4163 2642 4207 tantam
2686 4168 2748 4206 ac
2786 4154 2989 4209 meritis
3020 4157 3215 4210 nostris
3261 4157 3416 4226 longe
3460 4163 3883 4226 pra:stantiorem

2305 4248 2614 4315 consequuti
2656 4248 2840 4300 simus.
2887 4250 2953 4300 At
2994 4247 3147 4317 hujus
3176 4249 3277 4304 loci
3307 4252 3535 4305 solitudo
3566 4253 3659 4308 tibi
3689 4270 3888 4311 mmm-

2306 4351 2418 4391 rem
2448 4337 2632 4391 affert?
2661 4337 2866 4406 thuid
2896 4339 3102 4392 tandem
3135 4340 3232 4394 hac
3249 4341 3716 4410 sedejucuudius?
3745 4346 3889 4402 Soli-

2309 4429 2433 4482 tudo
2458 4469 2472 4492 ,
2525 4428 2874 4496 tranquillitas
2900 4430 3083 4498 ingens
3106 4472 3121 4495 ,
3154 4432 3302 4500 quies
3324 4473 3338 4496 ,
3370 4435 3610 4502 corporis
3640 4435 3886 4492 ﬁrmitas.

2308 4520 2637 4587 Quamquam
2675 4523 2812 4572 enim
2859 4535 2956 4575 nee
3001 4523 3192 4588 forum,
3224 4538 3320 4578 nec
3366 4527 3550 4580 venale
3599 4527 3890 4598 quidquam

2313 4611 2425 4664 hare
2456 4609 2581 4662 urbs
2610 4609 2768 4662 habet
2799 4627 2809 4663 :
2844 4612 2973 4665 nihil
2999 4622 3173 4667 tamen
3207 4613 3346 4669 istud
3375 4631 3490 4668 mea
3523 4617 3762 4672 interest.
3794 4619 3891 4674 lli-

2315 4704 2365 4755 hi
2391 4702 2582 4772 quippe
2608 4704 2782 4756 omnia
2818 4716 3081 4776 tamquam
3117 4722 3146 4761 e
3175 4707 3319 4762 fonte
3342 4708 3581 4763 affluunt.
3616 4710 3889 4779 Siquidem

2313 4803 2366 4848 et
2386 4795 2657 4851 dominum
2686 4813 2856 4850 meum
2884 4799 3036 4867 hujus
3056 4799 3154 4853 loci
3184 4800 3513 4869 episc0pum,
3534 4810 3588 4855 et
3613 4803 3887 4860 dominum

2317 4905 2490 4943 meum
2536 4891 2842 4944 Dioscorum
2872 4892 3041 4945 habeo
3061 4933 3074 4957 ,
3107 4893 3194 4961 qui
3224 4892 3352 4946 nihil
3380 4893 3520 4948 aliud
3552 4896 3788 4951 muneris
3808 4907 3890 4952 at-

2316 4993 2418 5048 que
2455 4995 2632 5048 operte
2674 4981 2866 5034 habere
2905 4981 3170 5042 videntur.
3203 4999 3357 5052 quam
3401 4994 3457 5038 ut
3501 5000 3586 5040 me
3628 5000 3891 5045 recreent.

2316 5072 2452 5138 Quin
2488 5074 2773 5141 praeclarus
2812 5089 3022 5143 quoque
3061 5075 3140 5128 vir
3185 5076 3442 5130 Patricius
3476 5078 3567 5131 tibi
3620 5080 3894 5145 narrabit,

2317 5180 2544 5234 quonam
2587 5174 2738 5233 pacto
2769 5166 2818 5219 in
2843 5167 3002 5220 animi
3031 5168 3310 5234 hilaritate,
3343 5169 3394 5222 in
3433 5171 3807 5235 oblectatione,
3842 5175 3896 5228 in

2319 5258 2497 5309 multis
2547 5256 2813 5326 obsequiis
2837 5257 3112 5326 degamus,
3139 5267 3390 5326 quantum
3427 5260 3638 5328 quidem
3667 5261 3733 5315 ad
3761 5262 3898 5320 hanc

2320 5346 2879 5400 cmnmemorationem
2902 5349 3107 5401 attinet.
3139 5347 3289 5412 Quod
3316 5349 3358 5401 si
3387 5364 3446 5400 ea
3479 5365 3598 5418 qua:
3625 5351 3751 5403 mihi
3783 5352 3902 5406 Cm-

2321 5450 2489 5489 sarem
2536 5434 2875 5499 acciderunt,
2931 5438 2981 5490 in
3032 5437 3228 5489 luctum
3261 5447 3312 5490 te
3353 5438 3677 5506 eoujieiunt,
3715 5441 3766 5493 iu
3801 5441 3903 5495 hoc

2323 5526 2479 5578 etiam
2512 5540 2622 5577 rem
2659 5539 2839 5592 parum
2873 5534 2922 5578 te
2971 5525 3178 5593 dignam
3211 5524 3358 5580 facis.
3396 5526 3524 5580 Nam
3558 5527 3662 5582 illic
3691 5544 3904 5598 quoque

2325 5615 2600 5669 luculente
2637 5630 2840 5668 rursum
2869 5617 3018 5670 nobis
3043 5631 3254 5670 corona-
3280 5626 3542 5672 contexta:
3567 5629 3690 5673 sunt
3723 5637 3736 5671 :
3770 5622 3908 5695 adeo

2327 5717 2381 5759 ut
2409 5721 2596 5760 omnes
2625 5721 2721 5760 nos
2749 5707 2978 5770 laudent,
3011 5707 3321 5775 pra-dicent,
3353 5717 3511 5776 atque
3536 5707 3602 5763 ad
3630 5719 3906 5780 stuporem

2330 5813 2494 5868 usque
2513 5798 2860 5866 admirentur,
2887 5799 3024 5870 quod
3051 5799 3297 5870 gravibus
3318 5799 3524 5869 injuriis
3551 5801 3783 5870 acceptis
3797 5802 3908 5872 cjo-
