4216 6490
246 569 348 626 εης
372 567 476 624 μου
501 548 790 619 Διόσκορος
813 541 1048 598 ἐνταῦθα
1072 541 1169 605 ῶν,
1186 539 1247 604 ὃς
1266 538 1360 594 zeal
1386 536 1468 600 είς
1493 530 1834 602 Καισάρειαν

247 651 573 712 ἀπέστειλεν
609 645 827 717 οίκέτην
871 647 951 706 είς
977 643 1110 698 αὐτὸ
1142 640 1320 703 τοῦτο,
1366 631 1704 708 παρακαλῶν
1741 629 1837 684 zeal

246 753 503 824 δεόμενος
529 750 604 821 μὴ
629 747 966 820 προτιμῆσαι
993 744 1093 814 τῆς
1111 740 1280 797 αὐτοῦ
1301 738 1480 803 οίκίας
1501 737 1724 801 ἑτέραν.
1742 734 1838 785 zeal

247 852 429 921 ἕτεροι
455 849 513 902 δὲ
531 847 771 910 πλείους.
787 844 940 899 Ἀλλ’
954 844 1254 912 ἀναγκαῖον
1284 840 1512 910 ἐνόμισα
1531 835 1643 889 τῶν
1660 832 1838 887 ἀλλων

246 949 440 1006 τοῦτον
470 946 828 1020 προτιμῆσαι.
865 943 960 998 zeal
987 939 1340 1013 κατήχθημεν
1371 937 1432 992 ὲν
1479 937 1594 999 τοῖς
1645 930 1834 987 αὐτοῦ.

249 1051 364 1106 Kal
393 1051 576 1105 πάντα
605 1048 737 1119 ἡμῖν
785 1044 950 1106 αὐτὸς
1004 1043 1236 1112 γίνεται,
1275 1040 1353 1102 ὼς
1408 1037 1506 1092 zeal
1560 1031 1839 1104 καταϐοᾷν

249 1152 420 1208 αὐτοῦ
449 1147 712 1221 συνεχῶς,
741 1145 830 1200 διά
853 1144 954 1216 τὴν
975 1143 1178 1214 πολλὴν
1206 1138 1372 1196 αὐτοῦ
1402 1137 1708 1208 δαψίλειαν,
1743 1135 1841 1190 zeal

249 1251 351 1325 τὴν
376 1248 660 1320 ἀφθονίαν,
691 1247 761 1319 ἡν
800 1243 1050 1317 βούλεται
1080 1242 1364 1312 παρέχειν.
1395 1238 1476 1292 Δι’
1519 1237 1670 1310 ἡμᾶς
1703 1233 1838 1305 γοῦν

249 1353 350 1409 zeal
380 1349 616 1422 μετέστη
645 1346 845 1419 χωρίον
875 1343 1042 1398 οίκῶν
1064 1385 1082 1410 ,
1121 1341 1264 1396 ὥστε
1295 1339 1462 1394 παντὶ
1501 1334 1841 1410 θεραπεῦσαι

248 1449 466 1524 τρόπῳ,
514 1448 616 1520 τήν
656 1463 715 1500 τε
746 1443 927 1500 οἰκίαν
951 1444 1085 1514 ἡμῖν
1121 1437 1525 1503 κατασκευάζει
1559 1437 1699 1510 πρὸς
1725 1452 1842 1508 χει-

254 1548 413 1620 μῶνα
431 1542 765 1616 ιπιτηδείαν,
798 1541 977 1596 πάντα
1004 1537 1175 1593 ποιῶν
1198 1537 1340 1608 ὑπὲρ
1371 1535 1562 1591 τούτου
1585 1535 1683 1590 zeal
1707 1550 1845 1606 πρα-

251 1645 662 1717 γματευόμενος
679 1657 694 1673 ·
730 1641 828 1695 zeal
845 1635 1148 1703 ὀλωςούδὶν
1173 1634 1513 1690 ἐλλέλειπται
1541 1632 1846 1706 θεραπείας

249 1747 465 1805 ινεκεν.
486 1747 598 1803 Kal
613 1747 793 1817 ἕτεροι
812 1743 870 1797 δὲ
894 1741 1082 1796 πολλοὶ
1107 1740 1396 1814 ὀπίτροποι
1421 1740 1518 1795 zeal
1544 1738 1844 1808 οίκονόμοι,

252 1847 411 1921 παρά
441 1847 553 1903 τῶν
593 1844 872 1902 δεσποτῶν
918 1841 1029 1897 τῶν
1069 1839 1279 1896 ἑαυτῶν
1329 1836 1714 1901 κελευσθέντες
1755 1835 1849 1890 διά

253 1947 625 2022 γραμμάτων,
685 1941 928 2016 συνεχῶς
970 1940 1394 2014 παραγίνονται,
1431 1938 1648 2008 ἕτοιμοι
1704 1935 1849 1992 κατά

255 2047 441 2104 πάντα
484 2045 687 2118 τρόπον
716 2044 869 2116 ἡμᾶς
916 2041 1251 2098 ἀναπαῦσαι.
1310 2039 1499 2094 Ταῦτα
1548 2038 1610 2094 δι
1669 2038 1850 2093 πάντα

253 2145 481 2219 εἴρηκα,
514 2143 612 2200 καὶ
637 2144 708 2198 τά
739 2143 838 2214 μὶν
864 2140 1264 2214 ἀπωδυράμην,
1291 2138 1364 2195 τά
1393 2139 1662 2212 πρότερα,
1693 2138 1766 2193 τά
1791 2137 1850 2192 δὲ

249 2237 436 2310 εἶπον,
467 2243 537 2298 τά
569 2241 809 2316 χρηστά,
841 2241 931 2297 ἵνα
953 2239 1030 2314 μὴ
1050 2239 1338 2314 προπετῶς
1361 2256 1449 2303 τις
1481 2239 1634 2311 ἡμᾶς
1659 2235 1849 2292 ιντεῦ-

257 2346 352 2404 θεν
381 2347 598 2420 ἐγείρῃ.
622 2346 687 2401 Et
709 2345 813 2417 μιν
831 2344 944 2417 γάρ
962 2347 1012 2400 οί
1037 2342 1354 2417 βουλόμενοι
1380 2342 1566 2398 δοῦναι
1591 2343 1728 2414 ἡμῖν
1750 2342 1853 2414 τὴν

257 2448 444 2524 χάριν,
457 2449 684 2522 κυρίους
705 2447 854 2519 ἡμᾶς
868 2447 1073 2502 ποιοῖεν
1097 2445 1195 2502 τοῦ
1215 2439 1354 2500 εῖναι
1369 2445 1504 2500 ὅπου
1526 2442 1851 2516 βουλόμεθα,

260 2549 360 2604 zeal
391 2548 473 2620 μὴ
509 2547 677 2602 πάλιν
708 2547 896 2621 ῑτερον
924 2548 1059 2620 ἡμῖν
1093 2545 1338 2619 μέλλοιεν
1373 2542 1725 2617 ἀποκληροῦν
1762 2545 1854 2599 τό-

260 2667 386 2715 πον,
415 2649 480 2704 δν
507 2649 577 2704 ἀν
603 2647 856 2710 meum.
886 2645 1180 2712 κατάδεξαι
1206 2646 1308 2718 τὴν
1333 2646 1515 2718 χάριν.
1543 2645 1609 2699 El
1630 2642 1856 2698 δεένθεν

259 2751 414 2823 ἡμᾶς
433 2748 774 2812 ἀνιστάντες,
811 2749 894 2812 είς
912 2747 1102 2819 ἕτερον
1132 2745 1380 2818 μέλλοιεν
1403 2745 1648 2816 πέμπειν
1666 2744 1857 2810 τόπον,

265 2849 361 2905 zeal
394 2848 563 2903 πάλιν
591 2847 731 2914 ὀδός,
782 2847 878 2902 zeal
932 2847 1098 2903 πάλιν
1135 2846 1436 2918 ἀποδημία,
1473 2846 1599 2918 ἐμοὶ
1653 2844 1859 2915 σφόδρα

265 2945 428 3002 τοῦτο
451 2943 864 3017 χαλεπιίιτερον·
899 2944 1118 3016 πριῖιτον
1148 2942 1268 3014 μὲν,
1298 2943 1509 3014 μήποτε
1539 2941 1620 3004 είς
1651 2939 1861 3012 μακρό-

266 3063 427 3120 τερον
460 3045 497 3117 ἡ
550 3045 634 3110 είς
689 3042 1072 3116 χαλεπώτερον
1120 3043 1272 3114 ἡμᾶς
1328 3039 1587 3114 πέμψωσι
1629 3037 1858 3112 χωρίον’

267 3146 463 3202 ἔπειτα
487 3145 567 3212 δὲ,
601 3145 685 3200 ὅτι
717 3143 928 3217 μυρίων
967 3143 1195 3217 ὲξοριιῖιν
1219 3144 1347 3215 ἐμοὶ
1379 3143 1441 3196 τὸ
1464 3141 1672 3197 ὁδεύειν
1696 3142 1861 3212 χαλε-

267 3245 540 3319 πώτερον.
559 3243 671 3300 Kal
697 3243 808 3317 7&9
840 3246 921 3310 είς
945 3243 1117 3310 αὐτάς
1142 3245 1296 3316 ἡμᾶς
1315 3242 1633 3315 κατήνεγκε
1649 3239 1744 3294 τοῦ
1767 3240 1863 3295 θα-

267 3347 431 3402 νάτου
457 3346 564 3411 τάς
590 3345 764 3410 πύλας
797 3345 1003 3417 ταύτης
1033 3345 1133 3416 τῆς
1158 3344 1468 3417 ἀποδημίας
1495 3345 1531 3416 ἡ
1579 3342 1856 3398 δυσκολία.

268 3447 382 3504 Kal
403 3446 756 3519 διατρίϐομεν
780 3444 877 3502 νῦν
903 3447 965 3502 ιν
985 3443 1306 3516 Κουκουσῷ,
1331 3448 1398 3518 τῇ
1427 3445 1664 3517 διηνεκεῖ
1701 3443 1868 3500 καθέ-

270 3551 374 3624 δρα
405 3549 507 3604 καὶ
535 3547 738 3621 ἡσυχίᾳ
759 3545 1138 3618 ἀνακτώμενοι
1165 3547 1416 3610 ἑαυτοὺς,
1441 3545 1534 3600 zeal
1567 3546 1666 3616 τὴν
1693 3546 1752 3600 ὲν
1786 3543 1868 3615 τῷ

279 3652 479 3726 μακρῷ
533 3649 712 3723 χρόνῳ
745 3648 1048 3720 γενομένην
1081 3649 1216 3719 ἡμῖν
1239 3646 1631 3716 ταλαιπωρίαν,
1662 3647 1756 3700 zeal
1798 3646 1867 3700 τά

278 3749 724 3824 συντετριμμένα
742 3747 902 3820 ἡμῶν
925 3748 1080 3815 ὀστᾶ,
1104 3748 1201 3801 zeal
1227 3747 1328 3819 τὴν
1357 3746 1870 3820 ταλαιπωρηθεῖσαν

276 3859 458 3932 σάρκα
483 3856 578 3912 διά
607 3857 707 3926 τῆς
734 3855 968 3926 ἡσυχίας
1003 3852 1426 3925 θεραπεύοντες.
1467 3853 1776 3923 Ἀπήντησε
1811 3853 1869 3906 δὲ

277 3964 373 4018 καὶ
394 3965 429 4034 ἡ
456 3961 627 4034 κυρία
659 3978 761 4031 μου
785 3958 1079 4030 Σαϐινιανὴ
1099 3959 1133 4030 ἡ
1157 3956 1405 4021 διάκονος
1431 3956 1572 4011 κατά
1593 3955 1693 4028 τὴν
1717 3954 1869 4030 [594]

277 4066 497 4138 ἡμέραν
531 4064 631 4135 τὴν
665 4063 853 4135 αὐτὴν,
882 4063 1004 4117 καθ’
1024 4062 1092 4132 ἡν
1124 4063 1221 4115 καὶ
1250 4062 1411 4132 ἡμεῖς
1441 4059 1860 4131 ἀπηντὴσαμεν,

283 4167 724 4240 συντετριμμένη
771 4168 872 4239 μὲν
920 4167 1017 4221 καὶ
1069 4165 1629 4235 τεταλαιπωρημένη,
1665 4165 1760 4219 ἅτε
1815 4167 1874 4219 ὲν

282 4274 454 4344 τούτῳ
472 4271 579 4341 τῆς
603 4270 818 4342 ἡλικίας
844 4265 1002 4335 οὖσα,
1030 4269 1160 4324 ἔνθα
1186 4270 1281 4324 zeal
1303 4268 1571 4323 κινεῖσθαι
1593 4267 1871 4330 δύσκολον·

282 4379 431 4449 ὅμως
450 4377 510 4431 δὲ
535 4377 604 4447 τῇ
633 4375 914 4447 προθυμία
929 4373 1217 4440 νεάζουσα,
1249 4374 1344 4428 zeal
1364 4374 1592 4445 μηδενὸς
1621 4373 1876 4429 αἰσθανο-

288 4482 422 4554 μένη
444 4482 559 4536 τῶν
583 4479 862 4552 λυπηρῶν.
895 4479 1118 4550 Ἐτοίμη
1137 4479 1249 4551 γάρ
1271 4479 1473 4550 ἔφησεν
1515 4475 1652 4533 εἶναι
1679 4479 1774 4533 zeal
1796 4481 1875 4543 είς

287 4583 525 4638 Σκυθίαν
539 4581 969 4654 ἀπαντήσεσθαι,
989 4581 1179 4654 ἐπειδὴ
1194 4583 1437 4647 τοιοῦτος
1457 4583 1678 4654 ἐκράτει
1697 4583 1875 4652 λόγος,

292 4688 367 4754 ὡς
395 4691 514 4744 ἐκεῖ
537 4688 698 4760 ἡμῶν
727 4686 1213 4758 ἀπαχθησομένων.
1237 4687 1462 4759 Ἐτοίμη
1494 4687 1553 4741 δέ
1591 4688 1772 4754 ἐστιν,
1801 4686 1878 4750 ῶς

295 4809 449 4864 φησι,
466 4790 670 4864 μηκέτι
689 4789 1051 4861 ὑποστρέφειν
1079 4789 1350 4861 μηδαμοῦ,
1380 4783 1495 4842 ἀλλ’
1527 4790 1646 4843 ἐκεῖ
1667 4788 1877 4860 διατρί-

292 4894 408 4950 ϐειν
432 4895 570 4950 ἔνθα
588 4894 658 4948 ἂν
689 4887 859 4964 ὦμεν.
893 4893 1104 4964 Σφόδρα
1134 4893 1191 4946 δὲ
1223 4895 1316 4948 zeal
1343 4893 1514 4963 αὐτὴν
1549 4892 1880 4957 ὑπεδέξαντο

294 4999 344 5053 οί
365 5000 466 5072 τῆς
507 4997 837 5067 Ἐκκλησίας
863 4997 1004 5068 μετὰ
1037 4997 1237 5068 πολλῆς
1267 4997 1368 5067 τῆς
1402 4997 1638 5068 σπουδῆς
1669 4998 1880 5066 καὶτῆς

296 5102 527 5167 εὐνοίας.
561 5100 674 5155 Kal
700 5100 730 5152 ὀ
757 5099 945 5171 κύριος
969 5097 1026 5152 δέ
1061 5115 1162 5168 μου
1185 5098 1586 5161 Κωνστάντιος,
1613 5097 1643 5148 ὀ
1664 5096 1882 5149 εὐλαϐέ-

299 5223 491 5270 στατος
531 5202 926 5276 πρεσϐύτερος,
960 5201 1127 5257 πάλαι
1153 5203 1219 5256 ἂν
1247 5201 1481 5256 ἐνταῦθα
1518 5198 1608 5272 ἦν.
1644 5201 1753 5255 Kal
1771 5198 1880 5272 γάρ

301 5310 394 5364 zeal
413 5305 731 5363 ἐπέστειλεν
761 5323 870 5377 μοι,
905 5305 1240 5377 παρακαλῶν
1291 5307 1377 5358 ἴνα
1411 5305 1691 5376 ἐπιτρέψω
1732 5304 1883 5374 αὐτῷ

301 5413 534 5468 ἐνταῦθα
564 5412 740 5466 ὲλθεῖν
762 5427 780 5444 ο
799 5410 899 5481 τῆς
923 5411 1033 5480 γάρ
1061 5413 1202 5482 ἐμῆς
1229 5411 1455 5482 γνώμης
1475 5412 1641 5483 χωρὶς
1665 5413 1791 5483 μηδ’
1815 5412 1883 5468 ἂν

305 5515 568 5587 τολμῆσαι
591 5513 1016 5585 παραγενέσθαι,
1044 5514 1221 5568 καίτοι
1247 5531 1310 5582 γε
1346 5515 1552 5585 σφόδρα
1578 5516 1883 5586 ἐπιθυμῶν,

307 5619 419 5683 zeal,
435 5618 513 5682 ὥς
533 5635 722 5690 φησιν,
738 5617 858 5670 οὐδὲ
886 5618 1074 5671 αὐτόθι
1097 5619 1280 5689 μένειν
1299 5619 1621 5690 δυνάμενος’
1647 5620 1885 5693 κρύπτε⁴

306 5738 394 5774 ται
420 5723 552 5792 γὰρ,
577 5722 674 5775 καὶ
702 5723 952 5776 λανθάνει
971 5741 982 5752 ·
1016 5723 1252 5776 τοσαῦτα
1281 5724 1442 5778 αὑτὸν
1476 5724 1686 5794 συνέχει
1719 5725 1885 5791 κακὰ,

311 5819 486 5891 mm;
506 5841 659 5899 φησι·
686 5827 995 5898 "Way-am
1019 5827 1192 5882 ἐθίθυδ
1226 5829 1301 5900 μὴ
1331 5829 1497 5892 illo);
1542 5830 1767 5900 ratium
1785 5827 1878 5883 τοῦ

1674 409 2065 504 namque.

3419 392 3529 451 διε

1944 522 2114 578 τόπου
2167 523 2372 577 ἕνεκεν.
2412 519 2478 576 El
2513 519 2556 574 δ’
2593 513 2660 573 αὖ
2713 515 2878 572 πάλιν
2906 512 3264 584 δοκιμάσειας
3299 509 3538 565 ἀποπειο

1948 629 2217 702 ρασθὴναι
2244 627 2344 698 τῆς
2369 625 2598 697 γνώμης
2617 622 2820 689 αὐτῶν,
2838 618 2980 692 αὐτὴ
3003 619 3104 690 μὲν
3129 614 3342 670 οἴκοθεν
3368 611 3538 686 μηδὲν

1946 734 2129 806 είπῃς,
2152 732 2448 803 δοκίμασον
2483 730 2542 784 δὲ
2571 726 2676 784 ποῦ
2702 728 3065 800 προῄρηνται,
3109 720 3253 777 κατά
3281 720 3385 792 τὴν
3418 719 3540 774 σύν-

1947 837 2066 892 εσίν
2095 853 2221 892 σου·
2260 835 2486 891 δύνασαι
2523 833 2658 906 γάρ.
2684 831 2806 886 Κάν
2827 831 2946 903 ἴδῃς
2978 829 3061 882 ὅτι
3081 826 3313 899 πλησίον
3343 819 3537 889 αὐτόθι

1947 956 2052 993 που
2085 939 2146 992 ἐν
2179 935 2610 1010 παραθαλασσίῳ
2639 933 2815 1002 πόλει,
2845 934 2881 1004 ἢ
2907 933 2972 986 έν
3001 929 3230 1001 Κυζίκῳ
3250 967 3269 993 ,
3303 926 3340 998 ἦ
3371 925 3543 980 Νικο-

1951 1045 2178 1118 μηδείας
2201 1044 2453 1116 πλησίον,
2483 1042 2579 1098 zeal
2597 1039 2759 1095 τοῦτο
2787 1037 3100 1106 κατάδεξαι.
3123 1036 3191 1090 Et
3217 1034 3262 1089 δ’
3289 1033 3400 1105 ἄρα
3431 1047 3541 1102 μα-

1949 1147 2209 1222 κρότερόν
2245 1164 2374 1215 που,
2399 1145 2435 1219 ἡ
2452 1145 2549 1201 τοῦ
2575 1145 2745 1200 τόπου
2769 1142 2964 1198 τούτου
2983 1139 3341 1213 μακρότερον,
3356 1136 3393 1208 ἡ
3413 1150 3541 1191 τοσσ-

1947 1248 2107 1306 οῦτον
2163 1251 2288 1305 ὅσον
2333 1241 2510 1314 οὗτος,
2545 1247 2624 1321 μὴ
2652 1247 2754 1322 an
2772 1263 2786 1280 °
2818 1245 2942 1300 tul
2989 1243 3198 1316 σφόδρα
3253 1239 3413 1296 τοῦτό
3446 1254 3540 1312 μοι

1953 1355 2093 1428 βαρὺ
2125 1354 2234 1409 ’καὶ
2275 1350 2681 1425 χαλεπώτερον.
2717 1350 2872 1416 Τέως
2913 1349 3025 1422 γὰρ
3062 1345 3265 1418 πολλῆς
3301 1341 3542 1400 ἐνταῦθα

1950 1459 2188 1525 ἀνέσεως
2217 1456 2587 1530 ἀπολαύομεν,
2623 1456 2700 1521 ώς
2723 1455 2822 1510 zeal
2851 1455 2911 1509 ιν
2935 1453 3031 1508 δύο
3061 1449 3299 1526 ἡμέραις
3321 1449 3541 1506 ἃπασαν

1951 1563 2052 1637 τὴν
2073 1563 2268 1636 ἀηδίαν
2294 1562 2660 1635 ἀπονίψασθαι
2685 1561 2789 1634 τὴν
2833 1561 2900 1616 ἑκ
2926 1559 3031 1632 τῆς
3065 1556 3188 1614 ὀδοῦ
3220 1552 3540 1628 γεγενημέμ-
3573 1623 3576 1626 γ

1953 1686 2054 1741 νην
2079 1670 2234 1742 mm.

1982 1827 2137 1898 Πρὸς
2174 1825 2290 1898 τὴν
2319 1823 2517 1898 αὐτὴν
2546 1823 2842 1898 ἐπιστολὴ
2881 1826 2992 1898 μ’,
3021 1820 3202 1898 δι’ζῆς
3222 1820 3510 1892 διηγεῖται

2204 1892 2278 1950 τά
2307 1897 2380 1952 ἐν
2408 1892 2736 1966 Κωσαρείᾳ
2761 1892 2926 1962 αὐτῷ
2954 1892 3293 1964 συμϐάντα.

2026 2057 2097 2106 α’.
2111 2049 2177 2104 Τί
2187 2049 2426 2123 θρηνεῖς;
2440 2048 2496 2105 τί
2509 2050 2732 2119 κόπτεις
2747 2049 2974 2124 σαυτὴν,
2990 2049 3087 2106 zeal
3105 2049 3258 2114 δίκας
3271 2051 3548 2119 ἀπαιτεῖς,

1956 2153 2027 2220 ἀς
2063 2153 2190 2210 οὐτε
2217 2155 2270 2210 οί
2293 2153 2482 2228 ἐχθροί
2511 2171 2606 2210 σου
2639 2155 2945 2226 ἀπαιτῆσαι
2993 2170 3053 2210 σε
3090 2153 3341 2226 ἴσχυσαν,
3371 2152 3548 2218 οὕτως

1957 2261 2026 2331 τῇ
2061 2258 2340 2331 τυραννίδι
2379 2259 2482 2332 τῆς
2509 2259 2753 2332 ἀθυμίας
2797 2258 3034 2315 ἔκδοῦσά
3064 2276 3163 2314 σου
3199 2259 3302 2331 τὴν
3329 2257 3550 2331 ψυχήνς

1961 2362 2045 2417 Τά
2074 2362 2186 2435 7&9
2205 2362 2533 2435 γράμματα,
2561 2363 2600 2419 ἀ
2626 2363 2718 2418 διά
2746 2363 3048 2436 Πατρικίου
3081 2363 3215 2436 ἡμῖν
3239 2363 3551 2436 διεπέμψω,

1961 2465 2138 2521 ταῦτα
2184 2467 2422 2539 ὲδὴλωσέ
2453 2484 2546 2522 σου
2573 2467 2646 2521 τά
2674 2467 2969 2540 τραύματα
3015 2467 3119 2540 τῆς
3166 2466 3427 2532 διανοίας.
3461 2464 3556 2523 Διδ

1964 2565 2058 2620 καὶ
2093 2564 2296 2638 σφόδρα
2316 2565 2471 2636 ἀλγῶ
2492 2566 2586 2622 zeal
2609 2567 2911 2638 ὀδυνῶμαι,
2940 2567 3025 2622 ὀτι
3063 2567 3356 2639 ὀφείλουσα
3376 2568 3558 2624 πάντα

1965 2671 2136 2724 κινεῖν
2160 2671 2255 2724 zeal
2276 2652 2787 2742 πραγματεύεσθαι,
2809 2671 2954 2725 ὥστε
2979 2670 3312 2726 ἀπελαύνειν
3335 2688 3430 2726 σου
3455 2672 3557 2744 τῆς

1964 2773 2145 2846 ψυχῆς
2167 2774 2268 2846 τὴν
2295 2774 2566 2847 ἀθυμίαν,
2600 2777 2870 2850 περιέρχῃ
2913 2777 3229 2848 συνάγουσα
3262 2777 3560 2850 λογισμοὺς

1966 2879 2263 2952 ὀδυνηρούς
2287 2918 2304 2944 ,
2338 2881 2434 2934 zeal
2466 2879 2537 2934 τά
2581 2880 2658 2952 μὴ
2686 2881 2816 2936 ὀντα
2844 2881 3045 2952 (τοῦτο
3077 2881 3189 2954 γάρ
3220 2882 3390 2954 εφης)
3419 2882 3556 2937 ἀνα-

1969 2984 2302 3052 πλάττουσα,
2324 2984 2418 3038 zeal
2437 2984 2841 3054 καταξαίνουσα
2865 2985 3069 3060 σαυτὴν
3089 2983 3215 3058 είκῆ
3231 2987 3327 3042 καὶ
3357 2987 3556 3060 μάτην,

1971 3092 2066 3146 zeal
2096 3090 2189 3143 ἐπὶ
2212 3089 2384 3162 βλάϐη
2415 3090 2669 3163 μεγίστη.
2713 3091 2780 3145 Τί
2808 3092 2918 3164 γάρ
2950 3109 3012 3146 σε
3059 3092 3260 3159 λυπεῖ,
3298 3095 3381 3148 ὅτι
3414 3095 3561 3149 Κου-

1972 3197 2172 3252 κουσοῦ
2203 3198 2302 3252 οὐκ
2335 3198 2563 3269 ἴσχυσας
2582 3198 2733 3270 ἡμᾶς
2769 3199 3148 3270 μεταστῆσαις
3178 3198 3373 3254 Καίτοι
3405 3215 3469 3268 γε
3499 3199 3564 3254 τὺ

1975 3301 2070 3357 σὺν
2100 3303 2266 3374 μέρος
2297 3302 2656 3374 μετέστησας,
2675 3303 2855 3358 πάντα
2875 3305 3149 3377 κινήσασα
3180 3305 3276 3358 zeal
3304 3320 3564 3377 πραγμα-

1972 3409 2304 3480 τευσαμένη.
2337 3410 2401 3464 Εί
2427 3409 2483 3464 δὲ
2515 3410 2596 3474 είς
2617 3407 2772 3474 τέλος
2799 3408 2861 3464 τὸ
2880 3408 3044 3482 ἔργον
3087 3410 3190 3465 οὐκ
3216 3406 3404 3482 ἦλθεν,
3437 3411 3563 3466 οὐδὲ

1975 3511 2065 3566 διά
2091 3509 2250 3566 τοῦτο
2273 3513 2460 3582 ἀλγεῖν
2483 3512 2583 3571 δεῖ.
2606 3515 2769 3578 Ἴσως
2799 3513 2912 3586 γάρ
2932 3512 3080 3580 ἔδοξε
3105 3512 3184 3585 τῷ
3212 3512 3332 3586 Θεῷ
3359 3531 3568 3586 μακρο-

1976 3617 2170 3689 τέρους
2196 3634 2288 3688 μοι
2314 3616 2540 3689 τεθῆναι
2568 3617 2677 3672 τῶν
2708 3619 2926 3692 δρόμων
2966 3622 3094 3686 τοὺς
3114 3620 3387 3686 διαύλους,
3422 3621 3567 3678 ὥστε

1979 3725 2074 3778 zeal
2095 3723 2511 3796 λαμπροτέρους
2538 3723 2790 3794 γενέσθαι
2808 3725 2936 3792 τοὺς
2965 3727 3285 3797 στεφάνους.
3303 3729 3369 3782 Τί
3387 3730 3569 3786 τοίνυν

1982 3829 2168 3898 ἀλγεῖς
2199 3829 2341 3900 ὑπὲρ
2364 3828 2591 3897 τούτων,
2630 3831 2724 3900 ἀφ’
2751 3826 2828 3886 ὧν
2857 3829 3021 3904 ἡμεῖς
3050 3834 3569 3908 ἀνακηρυττόμεθα,

1980 3935 2099 3989 δέον
2133 3953 2194 3989 σε
2233 3937 2462 4007 σκιρτᾷν
2501 3936 2589 3990 διά
2616 3937 2791 3991 ταῦτα
2837 3937 2937 3992 zeal
2965 3939 3212 4011 χορεύειν
3238 3942 3330 3995 zeal
3368 3960 3570 4013 στεφα-

1981 4040 2072 4095 νοῦ
2080 4039 2225 4105 σθαι,
2239 4041 2319 4094 ὅτι
2335 4039 2591 4094 τοσούτου
2613 4041 2928 4114 κατηξιώθη
2937 4061 3034 4116 μεν
3053 4044 3399 4118 πράγματος.

1986 4145 2191 4216 σφόδρα
2213 4145 2634 4217 ὑπερϐαίνοντος
2651 4147 2810 4218 ἡμῶν
2825 4147 2923 4219 τὴν
2951 4146 3108 4212 ἀξίαν
3123 4164 3139 4215 ;
3155 4148 3296 4202 Ἀλλ’
3313 4152 3348 4220 ἡ
3366 4150 3572 4222 ἐρημία

1987 4269 2047 4305 σε
2071 4252 2231 4305 λυπεῖ
2254 4251 2362 4306 τῶν
2397 4250 2632 4306 ἐνταῦθα
2657 4269 2672 4319 ;
2703 4253 2816 4315 Καὶ¹
2845 4253 2899 4306 τί
2923 4253 3025 4326 τῆς
3053 4253 3338 4328 διατριϐῆς
3363 4255 3464 4326 τῆς
3485 4257 3572 4311 ὲν-

1986 4357 2161 4412 ταῦθα
2187 4358 2368 4428 ἦδιον;
2414 4358 2668 4430 Ἡσυχία,
2697 4359 2931 4430 γαλήνη,
2951 4360 3350 4432 ἀπραγμοσύνη
3379 4361 3572 4434 πολλὴ,

1989 4461 2240 4534 σώματος
2266 4463 2559 4535 εὐρωστία.
2589 4464 2652 4517 Εἰ
2678 4464 2789 4534 γάρ
2819 4464 2959 4534 μήτε
2987 4466 3214 4537 ἀγοράν,
3244 4468 3383 4538 μήτε
3414 4467 3574 4523 ὢνιον

1990 4567 2100 4638 ἔχει
2129 4569 2163 4638 ἡ
2190 4567 2366 4631 πόλις,
2393 4567 2544 4620 οὐδὲν
2581 4567 2740 4620 τοῦτο
2778 4569 2913 4638 πρὸς
2945 4569 3065 4638 ἐμέ.
3104 4570 3288 4623 Πάντα
3331 4572 3442 4645 γάρ
3483 4589 3573 4642 μοι

1991 4669 2241 4741 καθάπερ
2272 4672 2336 4724 ἐκ
2371 4669 2562 4742 πηγῶν
2600 4672 2838 4743 ἐπιρρεῖ.
2874 4673 2982 4724 Kal
3013 4673 3122 4745 7&9
3143 4674 3235 4728 zeal
3268 4675 3359 4728 τὸν
3388 4674 3576 4747 κύριόν

1994 4793 2095 4847 μου
2135 4776 2223 4828 τὸν
2249 4775 2548 4830 ἐπίσκοπον
2579 4776 2669 4830 τὸν
2703 4777 2962 4843 ἐνταῦθα,
3000 4780 3093 4833 καὶ
3127 4779 3221 4834 τὸν
3257 4781 3445 4853 κύριόν
3472 4799 3576 4854 μου

1991 4882 2280 4953 Διόσκορον
2313 4881 2444 4953 ἔχω,
2483 4881 2643 4953 ἔργον
2663 4883 2824 4936 τοῦτο
2852 4885 3211 4955 ποιουμένους
3237 4887 3409 4942 διόλου
3427 4930 3442 4956 ,
3476 4889 3578 4960 τὴν

1991 4985 2268 5057 ἡμετέραν
2287 4986 2618 5040 ἀνάπαυσιν.
2661 4987 2807 5057 Ἐρεῖ
2842 4987 2899 5042 δέ
2947 5006 3030 5042 σοι
3070 4991 3162 5043 zeal
3195 4993 3223 5044 ὁ
3257 4992 3419 5056 καλὸς
3464 4996 3578 5047 Πα-

1989 5093 2221 5164 τρίκιος,
2255 5093 2402 5156 ὅπως
2427 5091 2684 5163 διάγομεν
2717 5094 2774 5147 ἐν
2802 5095 3058 5167 εὐθυμία,
3091 5099 3149 5151 ἐν
3171 5100 3579 5172 εὐφροσύνῃ,ὲν

1993 5197 2262 5270 θεραπεία
2293 5197 2484 5270 πολλῇ,
2505 5197 2567 5251 τό
2592 5215 2657 5266 γε
2683 5200 2763 5262 εἰς
2792 5200 2890 5271 τὴν
2922 5200 3203 5274 διατριϐὴν
3226 5205 3324 5274 τὴν
3345 5204 3580 5259 ἐνταῦθα

1991 5300 2148 5376 ἦκον.
2183 5303 2246 5358 EE
2278 5303 2336 5357 δὲ
2357 5303 2425 5357 τά
2448 5304 2506 5356 ὲν
2536 5303 2844 5374 Καισαρείᾳ
2882 5304 3135 5377 θρηνεῖς,
3167 5307 3262 5359 zeal
3289 5307 3448 5361 τοῦτο
3487 5309 3582 5363 ἀν-

1994 5408 2162 5476 αξίως
2193 5425 2288 5461 σου
2320 5411 2513 5470 ποιεῖς.
2544 5408 2653 5460 Kal
2678 5408 2786 5479 γὰρ
2814 5409 2932 5463 ἐκεῖ
2957 5409 3200 5481 λαμπροὶ
3227 5412 3389 5466 πάλιν
3417 5411 3584 5470 ἐπλά-

1997 5532 2173 5584 κησαν
2202 5516 2333 5584 ἡμῖν
2355 5515 2404 5568 οἱ
2433 5514 2709 5584 στέφανοι,
2742 5513 2819 5579 ὡς
2843 5516 3051 5579 πάντας
3092 5518 3239 5588 ἡμᾶς
3271 5519 3582 5591 ἀνακηρύτ-

1996 5637 2130 5684 τειν,
2157 5621 2530 5692 ἀναγορεύειν,
2555 5621 2880 5693 θαυμάζειν,
2911 5623 3346 5694 ἐκπλήττεσθαι,
3379 5625 3465 5694 ἐφ’
3500 5617 3584 5691 οἷς

2001 5726 2183 5790 κακῶς
2227 5727 2490 5792 παθόντες
2545 5727 2936 5800 ὲξ;6λὴθημεν.
2981 5728 3140 5784 Ἀλλά
3186 5729 3359 5784 ταῦτα
3395 5729 3584 5801 μηδεὶς

1998 5830 2126 5895 τέω-ε
2163 5832 2364 5902 ξίὓξῖιη,
2390 5836 2436 5886 εξ
2470 5836 2556 5889 καῖ
2601 5834 2774 5888 πυ)ληῖ
2807 5835 2940 5890 7⁸5·τά
2970 5834 3401 5906 δτς.θτο·.ι).λοῦσιν.
3430 5833 3578 5905 Ἐδή-
