4216 6522
269 442 372 501 635

267 565 416 636 ἡμᾶς
440 564 767 635 φιλούντων·
801 565 1055 633 Ἀπελθε,
1078 566 1272 638 δέομαί
1298 583 1422 621 σουο
1458 569 1539 632 είς
1573 567 1847 639 Ἰσαύρους

267 663 538 734 ἔμπεσον,
582 664 744 734 μόνον
787 665 945 736 ημῶν
997 665 1365 736 ἀπαλλάγηθι.
1411 666 1601 722 ’Ὅπου
1635 667 1746 738 γάρ
1783 666 1851 720 ἂν

270 758 543 832 ἐμπέσῃς,
578 761 658 825 είς
690 762 1414 833 ἀσφάλεωνγέμπίπτεις,’ἃν
1443 763 1718 834 ἡμετέρας
1736 762 1852 816 δια-

273 860 469 928 φύγοις
500 863 718 931 χεῖρας.
767 860 954 916 Ταῦτα
986 861 1268 918 ἀκούσασα
1318 864 1408 918 1:01
1431 862 1614 934 δρῶσα
1642 863 1680 933 ἡ
1714 861 1852 932 καλὴ

270 956 554 1023 Σελευκία,
583 959 618 1029 ἡ
653 958 746 1013 τοῦ
769 960 960 1031 κυρίου
993 979 1096 1031 μου
1133 961 1414 1032 Ῥουφῖνον
1442 960 1703 1033 ἐλευθέρα
1726 960 1855 1032 (καὶ

272 1058 380 1128 γάρ
440 1058 646 1129 σφόδρα
705 1061 857 1131 ἡμᾶς
916 1061 1314 1135 ἐθεράπευσε),
1368 1061 1708 1134 παρεκάλεσε
1760 1061 1855 1115 1:01

273 1154 496 1226 ἐδεήθη,
521 1157 664 1212 ὥστε
687 1161 768 1221 εἰς
788 1160 850 1212 τὸ
880 1161 1201 1230 προάστειον
1224 1163 1393 1232 αὐτῆς
1409 1162 1731 1226 καταλῦσαι,
1750 1162 1857 1234 πρὸ

284 1256 450 1309 πέντε
498 1257 691 1328 μιλίων
738 1260 837 1330 τῆς
864 1261 1070 1326 πόλεως
1101 1263 1182 1328 ὃν,
1207 1263 1303 1317 καὶ
1335 1263 1680 1334 συνέπεμψεν
1721 1264 1855 1334 ἡμῖν

273 1351 596 1428 ἀνθρώπους
617 1398 632 1423 ,
662 1360 757 1414 1:01
776 1361 1098 1434 ,ἀπήλθομεν
1130 1365 1331 1417 ἐκεῖσε.

346 1487 418 1555 Υ.
456 1487 593 1540 Ἀλλ’
626 1488 744 1542 οὐδὲ
777 1489 894 1544 ἐκεῖ
927 1481 1156 1558 ἔμελλεν)
1195 1492 1352 1563 ἡμῶν
1389 1491 1793 1562 ἀποστήσεσθαι
1821 1491 1856 1560 ἡ

277 1584 538 1657 ἐπιϐουλὴ
561 1587 719 1658 αὕτη.
761 1589 848 1652 Ὦς
883 1589 992 1660 γὰρ
1025 1588 1165 1657 ἐγνω
1194 1591 1224 1642 6
1243 1589 1559 1661 Φαρέτριος,
1591 1589 1857 1660 ἐδήλωσεν

277 1686 417 1756 αὐτῇ
435 1725 450 1748 ,
475 1687 656 1750 καθὼς
678 1688 852 1758 ἔλεγε,
884 1688 1083 1752 πολλάς
1103 1689 1354 1753 ἀπειλάς.
1391 1689 1544 1742 Ἐπεὶ
1567 1687 1624 1740 δέ
1673 1703 1739 1756 με
1774 1686 1854 1749 είς

277 1784 339 1837 τδ
361 1788 684 1857 προάστειον
730 1789 900 1858 αὐτῆς
952 1788 1278 1854 ὖπεδέξατο,
1316 1787 1472 1857 κάγὼ
1500 1787 1706 1842 τούτων
1757 1789 1856 1841 οὐκ

280 1885 428 1955 ᾔδειν
453 1885 638 1939 οὐδέν·
670 1886 783 1940 ἀλλ’
822 1887 1112 1953 ἐξελθοῦσα
1154 1888 1294 1960 πρὸς
1325 1889 1502 1958 ἡμᾶς,
1559 1885 1730 1939 ταῦτα
1763 1885 1861 1955 μὲν

283 1987 435 2056 ἡμᾶς
464 1985 794 2057 ἀπέκρυϐεν,
817 1986 1006 2057 ἐδήλου
1031 1985 1088 2040 δὲ
1108 1985 1188 2057 τῷ
1214 1986 1496 2057 ἐπιτρόπῳ
1517 1987 1697 2039 ἐκεῖσε
1725 1984 1859 2048 δντι,

283 2085 465 2139 πᾶσάν
486 2102 545 2138 τε
572 2087 704 2155 ἡμῖν
737 2086 1046 2141 ἀνάπαυσιν
1073 2087 1399 2158 παρασχεῖν,
1424 2085 1521 2139 1:01
1543 2083 1598 2137 εἴ
1622 2101 1768 2146 τινες
1783 2084 1862 2146 είς

282 2188 431 2258 ἡμᾶς
455 2187 733 2241 ἐπέλθοιεν
760 2188 1106 2258 μονάζοντες,
1137 2186 1454 2258 βουλόμενοι
1476 2188 1622 2258 ἡμᾶς
1655 2185 1863 2258 ἐνυϐρί-

284 2304 375 2340 σαι
393 2286 424 2357 ἢ
451 2288 764 2358 συντρίψαι,
785 2291 1112 2358 συναγαγεῖν
1130 2287 1412 2359 γεωργοθς
1427 2287 1538 2341 ἀπὸ
1559 2287 1667 2341 τῶν
1687 2287 1863 2340 ἄλλων

283 2388 455 2456 αὐτῆς
490 2389 727 2459 χωρίων,
762 2390 858 2443 καὶ
876 2389 1018 2444 οὕτω
1042 2389 1458 2462 παρατάξασθαι
1485 2391 1620 2461 πρὸς
1645 2389 1862 2452 αύτούς,

287 2487 596 2557 Παρεκάλει
639 2489 696 2543 δὲ
726 2491 822 2542 1:01
875 2492 954 2554 είς
1012 2490 1112 2562 τὴν
1143 2489 1322 2544 οἰκίαν
1368 2490 1539 2560 αὐτῆς
1576 2487 1866 2544 κάστελλον

283 2590 538 2658 ἔχουσαν,
585 2587 680 2642 1:01
708 2589 1007 2659 ἀχείρωτον
1027 2585 1191 2643 οὖσαν
1223 2591 1584 2659 καταφυγεῖν,
1604 2589 1744 2642 ῶστε
1769 2587 1864 2641 τοῦ

283 2687 590 2739 ἐπισκόπου
607 2687 701 2740 1:01
726 2687 1070 2760 μοναζόντων
1083 2689 1342 2758 ἐκφυγεῖν
1358 2687 1457 2752 τάς
1476 2690 1684 2758 χεῖρας.
1704 2685 1866 2741 Ἀλλά

282 2785 442 2838 τοῦτο
490 2786 592 2859 μὲν
636 2789 738 2842 οὐκ
767 2788 1099 2859 ἠνεσχόμην,
1133 2787 1419 2858 ἀλλήμην
1474 2788 1533 2841 ἐν
1599 2785 1678 2857 τῷ
1735 2803 1868 2858 προ-

288 2885 515 2958 αστείῳ,
551 2887 702 2940 οὐδὲν
718 2885 875 2950 εἰδὼς
898 2887 1007 2940 τῶν
1033 2886 1172 2957 μετά
1197 2886 1369 2940 ταῦτα
1391 2884 1866 2957 κατασκευαζομέο

292 3006 423 3045 νων.
454 2989 590 3044 Οὐδέ
613 2990 771 3044 τοῦτο
790 2991 973 3054 αὐτοῖς
993 2991 1227 3062 ἦρκεσεν
1247 2992 1327 3056 είς
1355 2989 1416 3045 :6
1445 2991 1746 3061 ἀποστῆναι
1769 2990 1868 3061 τῆς

287 3088 414 3142 καθ’
448 3090 606 3161 ἡμῶν
631 3089 848 3161 μανίας.
875 3085 1008 3144 Εἶτα
1033 3089 1242 3145 νυκτῶν
1272 3090 1472 3161 μέσων,
1489 3089 1640 3144 οὐδὲν
1665 3088 1869 3144 τούτων

288 3178 446 3253 εἰδὼς
473 3189 674 3259 (πολὺς
699 3189 808 3262 γὰρ
836 3191 1086 3243 ἐπέκειτο
1117 3192 1146 3243 6
1171 3191 1469 3261 Φαρέτριος
1493 3189 1687 3261 ἀπειλῇ
1714 3191 1870 3244 61:0:-

289 3287 396 3343 λῶν
421 3289 625 3362 ἐκείνῃ.
653 3290 835 3354 καθώς
859 3307 1014 3362 φησι,
1041 3289 1493 3359 καταναγκάζων,
1523 3291 1700 3357 ὠθῶν,
1727 3291 1871 3346 ὥστε

294 3391 448 3461 ἡμᾶς
484 3385 736 3446 ἐκϐαλεῖν
775 3391 874 3445 1:01
911 3393 1022 3447 τῶν
1061 3394 1444 3465 προαστείων),
1472 3395 1532 3447 οὐ
1564 3393 1805 3465 φέρουσα
1836 3397 1870 3465 ἡ

290 3491 433 3560 γυνὴ
450 3490 549 3562 τὴν
569 3490 772 3562 ἐπάχθε
780 3508 865 3546 ιαν
881 3491 1178 3558 αύτοῦ,ούκ
1198 3493 1399 3557 είδότος
1422 3495 1449 3546 ἐ
1456 3492 1585 3563 μού)
1604 3493 1872 3565 ἐδήλωσεν

295 3590 452 3665 [598]
488 3591 710 3655 αὐτόθι,
741 3593 823 3647 δτι
853 3593 904 3647 01
945 3593 1211 3665 βάρϐαροι
1245 3595 1574 3661 ἐπέστησαν,
1623 3597 1874 3666 αἰσχυνο-

296 3690 436 3761 μέν-η
460 3691 560 3761 τὴν
595 3691 840 3763 ἀνάγκην
886 3694 1173 3767 εἰπεῖνηὴν
1203 3693 1514 3763 ὑπέμεινεν.
1556 3696 1665 3748 Καὶ
1694 3694 1874 3764 μέσων

295 3790 507 3844 νυκτῶν
559 3790 812 3844 εἰσελθὼν
866 3791 1004 3862 πρός
1041 3809 1108 3863 με
1140 3775 1372 3864 Εὐήθιος
1402 3794 1432 3846 6
1481 3793 1874 3864 πρεσϐύτερος,

301 3890 634 3945 καθεύδοντά
693 3908 759 3960 με
816 3892 1108 3964 διεγείρας,
1169 3893 1307 3964 μετά
1356 3893 1558 3964 πολλῆς
1590 3894 1701 3964 ’τῆς
1747 3893 1877 3966 βοῆς

296 3993 471 4044 ταῦτα
497 3991 715 4060 ἔλεγεν·
747 3993 1058 4064 Ἀνάστηθι,
1089 3993 1413 4064 παρακαλῶ,
1449 3993 1714 4064 βάρϐαροι
1744 3992 1878 4046 ἐπέ-

298 4107 525 4164 στησαν,
559 4091 794 4146 ἐνταῦθα
822 4093 1043 4162 πλησίον
1083 4093 1243 4148 ἐίσίν.
1290 4094 1572 4164 Ἐννόησον
1597 4095 1681 4157 τίς
1729 4095 1878 4166 ήμην

295 4191 474 4246 ταῦτα
495 4193 731 4246 ἀκούων.
762 4189 893 4246 Εἶτα
915 4193 990 4256 ὡς
1017 4193 1152 4264 πρὸς
1177 4194 1339 4247 αὐτὸν
1368 4188 1540 4259 εἷπον,
1559 4195 1669 4247 K01
1696 4194 1748 4246 τί
1769 4194 1878 4247 δέοι

298 4291 540 4366 πρᾶξαις
570 4296 652 4358 είς
678 4295 775 4366 τὴν
805 4295 958 4349 πόλιν
1003 4295 1064 4348 ού
1113 4296 1387 4367 δυνάμεθα
1415 4298 1771 4366 καταφυγεῖν,
1805 4297 1879 4369 μὴ

302 4394 666 4468 χαλεπώτερα
690 4395 953 4466 πάθωμεν
992 4388 1068 4448 ὧν
1095 4397 1144 4448 01
1180 4395 1412 4466 Ἰσαῦροι
1445 4395 1726 4465 μέλλουσιν
1749 4398 1880 4467 ἡμῖν

299 4496 496 4557 ποιεῖν,
531 4492 840 4562 ἠνάγκαζεν
872 4494 1092 4560 ἐξιέναι.
1133 4495 1248 4560 Νὺξ
1287 4490 1356 4564 ἦν
1397 4494 1679 4565 ἀσέληνος,
1716 4496 1751 4566 ἡ
1785 4495 1880 4564 νὺξ

305 4594 469 4667 μέση,
499 4591 765 4662 ζοφώδης,
802 4597 1046 4664 σκοτεινή
1064 4611 1078 4624 ο
1110 4593 1384 4648 καὶτοῦτο
1405 4594 1537 4648 αὐτὸ
1565 4595 1727 4650 πάλιν
1748 4598 1883 4650 ἀπο-

303 4692 427 4764 ρίας
458 4691 761 4762 ἀνάμεστον
787 4689 855 4764 ἦν
881 4695 1043 4764 ἡμῖν*
1083 4703 1177 4748 και
1206 4694 1379 4758 οὐδεὶς
1407 4696 1436 4748 ό
1462 4693 1674 4766 παρὼν,
1708 4695 1882 4759 οὐδεὶς

302 4793 331 4844 6
359 4791 593 4862 βοηθῶν,
630 4791 829 4856 πάντες
855 4794 963 4866 γάρ
995 4795 1143 4864 ἡμᾶς
1175 4794 1751 4865 ἐγκατέλιπον.Ὂμως
1779 4795 1884 4849 ύπὺ

306 4892 398 4946 τοῦ
442 4891 610 4962 φόϐου
642 4893 1010 4957 συνωθισθεὶς.
1047 4896 1143 4946 1:01
1173 4895 1483 4964 προσδοκῶν
1508 4895 1710 4961 εὐθέως
1746 4898 1883 4952 ἀπο.

305 4991 608 5057 θανεῖσθαι,
660 4993 938 5065 διανέστην
989 4994 1572 5066 τεταλαιπωρημένος,
1624 4998 1885 5064 κελεύσας

303 5092 598 5166 λαμπάδας
626 5095 952 5166 ἀναφθῆναι.
971 5096 1130 5149 Ἀλλά
1171 5097 1265 5150 καὶ
1304 5098 1502 5161 ταύτας
1529 5101 1558 5151 6
1588 5099 1888 5168 πρεσϐύτε-

311 5216 404 5271 ρος
423 5199 680 5254 ἐκέλευσε
704 5200 1047 5264 σϐέννυσθαι,
1079 5203 1308 5271 μήποτε,
1333 5203 1518 5273 φησιν,
1546 5203 1596 5256 οί
1621 5203 1886 5274 βάρϐαροι

309 5306 389 5378 τῷ
429 5307 574 5378 φωτὶ
614 5306 935 5375 καλούμενοι
975 5305 1112 5378 πρὸς
1145 5307 1312 5377 ἡμᾶς,
1347 5307 1671 5362 ἐπιτεθῶσιν
1717 5311 1883 5380 ἡμῖν·

311 5412 650 5483 ἐσϐέσθησαν
675 5413 770 5465 καὶ
797 5412 853 5466 αί
880 5411 1179 5482 λαμπάδες.
1212 5407 1346 5464 Εἶτα
1372 5413 1401 5466 6
1427 5412 1630 5484 βόρδων
1651 5415 1681 5466 6
1705 5415 1889 5487 φέρων

310 5517 470 5588 ἡμῶν
516 5517 577 5570 :6
612 5515 882 5571 λεκτίκιον
913 5515 1174 5586 (τραχεῖα
1211 5515 1320 5588 γὰρ
1346 5511 1414 5588 ἦν
1444 5517 1649 5588 σφόδρα
1687 5520 1720 5590 ὴ
1747 5519 1888 5583 ὁδὸς,

312 5622 410 5680 καὶ
435 5622 670 5693 ἀνάντης
695 5622 788 5677 1:01
815 5620 1086 5692 λιθώδης),
1113 5620 1455 5692 κατενεχθεὶς
1482 5623 1574 5675 61:1
1597 5622 1746 5692 γόνυ,
1769 5640 1893 5677 κατ-

313 5729 516 5802 ήνεγκέ
572 5746 641 5801 με
689 5728 834 5783 ἔνδον
879 5728 1040 5794 ὄντα,
1091 5727 1186 5781 καὶ
1237 5726 1434 5798 μικροῦ
1477 5729 1621 5793 δεῖν,
1670 5727 1892 5798 ἔμελλον

316 5833 672 5903 ἀπόλλυσθαι,
688 5829 809 5892 εῐτα
831 5833 1166 5906 ἐκπηδήσας,
1190 5832 1486 5904 συρόμενος
1503 5835 1887 5907 περιεπάτουν,

1660 441 2048 504 εριετοιε.

3435 421 3546 483 θίϐ

1962 560 2068 614 61:6
2090 557 2323 630 Εὐηθίου
2345 554 2442 611 τοῦ
2475 553 2850 626 πρεσϐυτέρου
2882 553 3246 625 κατεχόμενος
3269 551 3544 628 (κατεπή-

1957 666 2091 736 δησε
2121 664 2230 734 γὰρ
2257 663 2353 718 καὶ
2381 661 2543 726 αὐτὸς
2566 659 2660 716 τοῦ
2685 659 3032 731 ὑποζυγίου),
3063 659 3158 714 και
3184 659 3361 723 οὕτως
3386 675 3549 732 χειρ-

1959 766 2345 836 αγωγούμενος
2385 763 2652 830 ἐϐάδιζον,
2701 763 2901 834 μᾶλλον
2946 761 3006 816 66
3057 761 3349 834 ἑλκόμενος
3368 778 3383 794 ο
3418 760 3548 818 οὕτε

1959 870 2070 940 γάρ
2122 869 2357 940 βαδίζειν
2401 863 2470 939 ἦν
2518 869 2598 932 είς
2641 867 2913 938 τοσαύτην
2958 866 3414 938 δυσχωρίαν,’καὶ
3440 865 3545 938 δρη

1961 972 2197 1045 χαλεπὰ.
2223 974 2282 1026 ἐν
2303 973 2459 1026 νυκτὶ
2485 971 2650 1046 μέση.
2666 970 2949 1042 Ἐννόησον
2974 970 3029 1023 τί
3056 987 3125 1040 με
3148 969 3380 1040 πάσχειν
3400 967 3550 1032 είκδς

1958 1073 2030 1148 ἦν
2073 1077 2348 1141 τοσούτοις
2387 1075 2744 1148 συνεχόμενον
2779 1076 2991 1141 κακοῖς,
3026 1074 3121 1127 1:01
3161 1071 3259 1128 τοῦ
3309 1070 3549 1144 πυρετοῦ

1964 1181 2340 1252 ἐπικειμένου,
2396 1180 2564 1252 μηδέν
2609 1178 2789 1232 είδότα
2837 1177 2948 1232 τῶν
2999 1175 3548 1248 κατεσκευασμένων,

1963 1283 2100 1337 ἀλλά
2143 1283 2424 1337 δεδοικότα
2466 1283 2594 1346 τοὺς
2640 1280 2972 1352 βαρϐάρους,
3001 1280 3097 1334 1:01
3127 1279 3422 1350 τρέμοντα,
3453 1275 3552 1332 καὶ

1963 1386 2364 1458 προσδοκῶντα,
2390 1388 2470 1450 είς
2497 1385 2598 1449 τάς
2627 1387 2811 1457 χεῖρας
2848 1383 3031 1438 αὐτῶν
3058 1383 3436 1455 ἐμπεσεῖσθαι.
3473 1380 3551 1434 Οὐ

1964 1491 2112 1543 δοκεί
2137 1507 2220 1542 σοι
2250 1490 2386 1561 μόνα
2404 1488 2576 1543 ταῦτα
2599 1487 2668 1542 τά
2695 1487 3022 1557 παθήματα,
3045 1488 3093 1539 εῖ
3116 1487 3211 1541 1:01
3237 1485 3404 1556 μηδὲν
3418 1469 3557 1538 ’ἀλλο

1971 1609 2062 1663 μοι
2105 1592 2294 1662 ἕτερον
2329 1591 2686 1662 συμϐεϐήκοι,
2721 1588 2892 1642 πολλὰ
2939 1587 3097 1659 ἡμῶν
3135 1587 3396 1640 δύνασθαι
3435 1585 3553 1639 δια-

1965 1694 2113 1748 λύειν
2147 1694 2256 1748 τῶν
2287 1693 2719 1766 ἁμαρτημάτων,
2764 1694 2859 1746 καὶ
2904 1692 3106 1763 πολλήν
3155 1709 3245 1763 μοι
3293 1690 3557 1763 παρέχειν

1967 1800 2372 1871 εύδοκιμήσεως
2399 1800 2688 1869 ἀφορμήν;
2728 1797 2804 1850 T6
2840 1796 2897 1849 δέ
2942 1797 3142 1861 αἴτιον,
3172 1794 3248 1858 ὡς
3275 1793 3452 1863 ἐγωγε
3475 1787 3558 1846 01-

1971 1921 2090 1974 μαι,
2121 1903 2322 1966 πάντες
2367 1900 2568 1964 εὐθέως
2607 1899 2915 1954 είσελθόντα
2943 1915 3013 1970 με
3055 1900 3115 1953 ἐν
3144 1896 3475 1968 Καισαρείᾳ,
3505 1896 3558 1950 οι

1968 2008 2026 2060 ἐν
2068 2004 2395 2075 ἀξιώμασιν,
2429 2006 2479 2058 οί
2535 2003 2646 2057 ἀπὸ
2700 2002 2987 2074 βικαρίων,
3031 2004 3081 2055 οἱ
3119 2000 3229 2056 ἀπὸ
3271 2000 3558 2074 ἡγεμόνων

1970 2109 2241 2179 σοφισταὶ,
2275 2110 2325 2162 οῖ
2355 2107 2466 2162 ἀπὸ
2499 2106 2817 2179 τριϐούνων,
2843 2109 2873 2160 6
2899 2106 3074 2177 δῆμος
3112 2104 3258 2167 ἀπας
3281 2103 3402 2158 καθ’
3425 2104 3560 2159 ἐκά-

1973 2230 2106 2283 στην
2131 2211 2318 2282 ἐώρων
2345 2212 2445 2282 τὴν
2471 2210 2706 2281 ἡμέραν.
2741 2209 3095 2281 ἐθεράπευον,
3130 2210 3226 2282 ἐπὶ
3253 2207 3354 2276 τῆς
3390 2207 3562 2279 κόρης

1970 2315 2079 2369 τῶν
2102 2313 2395 2384 ὀφθαλμῶν
2423 2313 2724 2378 ἐϐάσταζον
2743 2331 2757 2344 ο
2780 2312 2954 2366 ταῦτα
2981 2307 3138 2383 οἶμαι
3163 2310 3454 2366 ύποκνίσαι
3470 2309 3563 2364 τὸν

1970 2417 2291 2489 Φαρὲτρισν,
2324 2419 2420 2470 1:01
2469 2417 2562 2470 τὸν
2607 2416 2804 2485 φθόνον
2844 2417 2937 2469 τὸν
2981 2415 3250 2470 ἐλάσαντα
3274 2415 3424 2484 ἡμᾶς
3453 2412 3566 2468 ἀπὸ

1972 2521 2617 2586 Κωνσταντινουπόλεως,
2641 2520 2764 2575 0666
2787 2519 3021 2574 ἐνταῦθα
3046 2518 3205 2590 ἡμῶν
3232 2517 3562 2588 ἀποστῆναι,

1975 2626 2052 2688 ὡς
2105 2625 2283 2694 ἐγωγε
2330 2620 2516 2695 οἶμαιο
2543 2621 2667 2677 οὐδὲ
2715 2623 2825 2692 γάρ
2861 2620 3259 2691 ἀποφαίνομαι,
3292 2619 3408 2674 ἀλλ’
3433 2620 3566 2672 61:0-

1973 2726 2178 2780 πτεύω.
2206 2727 2271 2779 Τί
2315 2727 2382 2782 ἀν
2425 2743 2512 2790 τις
2550 2727 2692 2779 εῖποι
2739 2725 2809 2778 τά
2852 2723 2986 2779 ἀλλα
3020 2723 3088 2777 τὰ
3121 2723 3264 2778 κατά
3293 2722 3390 2795 τὴν
3421 2722 3564 2790 όδδν,

1972 2834 2097 2895 τοὺς
2125 2831 2347 2900 φόϐους,
2374 2832 2504 2895 τοὺς
2538 2830 2855 2912 κινδύνους;

2048 2946 2228 3017 ’Δπερ
2248 2943 2372 2998 καθ’
2394 2943 2632 3013 εκάστην
2655 2941 2872 3014 ἡμέραν
2895 2939 3450 3012 ἀναμιμνησκόμενος
3471 2941 3569 2996 αὐ·

1973 3053 2085 3118 τὸς,
2117 3052 2213 3105 1:01
2246 3052 2334 3105 ἀεὶ
2369 3052 2429 3104 ἐν
2458 3049 2670 3121 διανοίᾳ
2699 3048 3034 3120 περιφέρων,
3063 3045 3298 3116 πέτομαι
3334 3044 3443 3098 ὑπὸ
3468 3044 3568 3117 τῆς

1975 3156 2190 3230 ἡδονῆς,
2229 3155 2438 3227 σκιρτῶ
2465 3154 2542 3217 ὡς
2569 3151 2845 3223 θησαυρὸν
2889 3150 3063 3222 μέγαν
3098 3149 3237 3220 ἔχων
3275 3147 3572 3220 ἀποκείμε-

1976 3275 2065 3311 νον
2080 3274 2094 3287 °
2121 3256 2346 3328 καὶγὰρ
2370 3255 2543 3318 οὕτως
2568 3253 2676 3324 ἔχω
2701 3252 2797 3306 1:01
2816 3252 3094 3322 διάκειμαι
3112 3261 3161 3303 ι.
3192 3248 3344 3322 [599]
3361 3248 3453 3302 Διὸ
3472 3249 3572 3304 καὶ

1976 3361 2077 3432 τὴν
2129 3360 2228 3433 σὴν
2276 3357 2578 3430 παρακαλῶ
2609 3355 2899 3426 τιμιότητα
2941 3352 3156 3425 χαίρειν
3203 3352 3298 3405 ἐπὶ
3334 3350 3570 3418 τούτοις,

1978 3462 2389 3535 εὐφραίνεσθαι,
2420 3455 2674 3532 σκιρτᾷν,
2699 3458 2791 3512 τὸν
2835 3456 2969 3511 Θεὸν
3011 3454 3276 3522 δοξάζειν,
3307 3453 3400 3508 τὸν
3437 3471 3574 3509 κατ-

1978 3566 2292 3632 αξιώσαντα
2314 3540 2466 3637 ημᾶς
2494 3563 2721 3618 τοιαῦτα
2765 3562 2982 3618 παθεῖν.
3033 3560 3146 3615 K01
3190 3558 3345 3632 παρά
3393 3561 3568 3632 σαυτῇ

1980 3670 2288 3733 παρακαλῶ
2314 3669 2490 3724 ταῦτα
2512 3670 2682 3741 ἐχειν,
2716 3668 2813 3723 1:01
2839 3666 2981 3739 πρὸς
3008 3664 3211 3738 μηδένα
3237 3664 3494 3732 ἐξειπεῖν,
3521 3665 3574 3718 εί

1984 3777 2077 3830 1:01
2111 3778 2180 3833 τά
2241 3775 2477 3846 μάλιστα
2529 3775 2581 3828 01
2625 3775 2918 3844 ἐπαρχικοὶ
2955 3773 3136 3826 πᾶσαν
3165 3770 3444 3842 ἐμπλῆσαι
3469 3770 3574 3840 τὴν

1983 3865 2138 3918 πόλιν
2172 3863 2379 3935 ἔχουσι,
2409 3865 2505 3918 1:01
2533 3864 2690 3918 αὐτοὶ
2712 3863 2842 3936 περὶ
2869 3861 2980 3916 τῶν
3017 3861 3266 3932 ἐσχάτων
3295 3859 3575 3915 κινδυνεύ-

1985 3985 2195 4033 σαντες.

2051 4084 2115 4140 δ’.
2138 4081 2284 4154 Πλὴν
2300 4081 2454 4154 παρὰ
2467 4081 2569 4152 τῆς
2589 4080 2691 4151 σῆς
2705 4077 2991 4142 εὐλαϐείας
3014 4077 3204 4150 μηδεὶς
3233 4075 3420 4130 είδέτω
3443 4073 3573 4129 τοῦ·

1987 4203 2070 4252 το,
2109 4184 2248 4238 ἀλλά
2278 4185 2372 4239 1:01
2401 4182 2734 4238 κατάστελλε
2759 4182 2888 4246 τοὺς
2908 4181 3189 4249 λέγοντας.
3222 4181 3286 4235 E1
3314 4180 3372 4234 δὲ
3396 4179 3486 4237 διά
3504 4179 3577 4236 τά

1995 4289 2222 4360 λείψανα
2268 4288 2371 4356 τῆς
2420 4287 2721 4352 κακώσεως
2772 4286 2997 4355 ἀλγεῖς,
3046 4284 3186 4357 μάθε
3229 4284 3440 4356 σαφῶς,
3491 4285 3578 4340 δτι

1989 4395 2253 4466 καθαρῶς
2285 4394 2546 4450 ἁπάντων
2573 4391 2924 4463 ἀπηλλάγην,
2962 4391 3060 4472 καέ
3100 4389 3579 4462 ἐρρωμενέστερον

1988 4501 2100 4573 ἐχω
2122 4502 2184 4556 τὸ
2213 4502 2397 4572 σῶμα,
2431 4501 2465 4571 ἢ
2493 4501 2682 4554 αύτόθι
2710 4498 3030 4571 διατρίϐων.
3061 4498 3166 4552 Τὸν
3193 4499 3251 4552 66
3280 4497 3491 4569 κρυμὸν
3524 4495 3580 4550 τί

1987 4604 2229 4669 δέδοικας
2251 4620 2267 4670 ;
2291 4603 2510 4675 καὶγὰρ
2536 4603 2631 4658 1:01
2657 4604 2937 4675 οἰκήματα
2962 4601 3248 4672 ἐπιτήδεια
3270 4602 3401 4670 ἡμῖν
3428 4617 3582 4654 κατε·

1995 4711 2290 4765 σκεύασται
2309 4725 2323 4738 ·
2356 4710 2453 4763 καὶ
2481 4709 2708 4763 πάνταό
2737 4707 2932 4780 κύριός
2965 4723 3068 4779 μου
3099 4705 3391 4776 Διόσκορος
3439 4705 3585 4759 ποιεῖ

1990 4814 2085 4870 1:01
2142 4813 2596 4885 πραγματεύεται
2622 4851 2640 4879 ,
2693 4812 2838 4865 ὥστε
2893 4809 3029 4882 μηδὲ
3079 4806 3281 4880 μικρὰν
3329 4805 3583 4878 αἴσθησιν

1995 4916 2144 4986 ἡμᾶς
2165 4914 2355 4969 λαϐεῖν
2394 4915 2504 4968 ἀπὸ
2539 4912 2636 4966 τοῦ
2672 4913 2920 4984 κρυμοῦ;
2967 4911 3031 4964 El
3061 4910 3118 4964 δέ
3148 4909 3298 4963 ἐστιν
3327 4909 3437 4964 ἀπὸ
3473 4908 3584 4964 τῶν

1993 5017 2298 5089 προοιμίων
2344 5015 2731 5088 στοχάσασθαι,
2763 5014 2889 5085 ἐμοὶ
2919 5015 2950 5068 ό
2979 5012 3076 5067 νῦν
3119 5012 3230 5084 ἀὴρ
3266 5013 3586 5079 ἀνατολικδς

1993 5117 2136 5175 εἶναι
2159 5121 2326 5186 δοκεῖ,
2363 5120 2459 5174 1:01
2493 5119 2648 5173 οὐδὲν
2675 5118 2894 5172 ἐλαττον
2935 5117 3285 5188 Ἀντιοχείας.
3314 5115 3585 5173 Τοσοῦτον

1992 5223 2054 5276 τὸ
2083 5223 2305 5288 θάλπος,
2335 5221 2572 5294 τοσαύτη
2613 5223 2649 5293 ὴ
2697 5221 2968 5293 εὐκρασία
3004 5219 3100 5273 τοῦ
3153 5219 3335 5289 ἀέρος.
3370 5218 3585 5292 Σφόδρα

1993 5327 2051 5380 δέ
2093 5343 2161 5398 με
2198 5327 2479 5399 ἐλύπησας
2523 5324 2885 5392 είποῦσα,ὅτι
2933 5325 3064 5390 ίσως
3114 5325 3212 5378 1:01
3258 5300 3396 5394 πρὸς
3434 5326 3587 5396 ἡμᾶς
3642 5310 3644 5312 ’

1999 5431 2142 5502 λυπῇ
2175 5431 2252 5495 ὡς
2277 5431 2683 5504 ἀμελήσαντας.
2720 5429 2914 5485 Καίτοι
2954 5446 3019 5499 γε
3059 5429 3166 5500 1:96
3198 5427 3409 5482 πολλῶν
3449 5430 3587 5501 ἡμι-

1999 5539 2111 5610 ρῶν
2146 5541 2436 5596 ἐπέστειλα
2464 5541 2601 5612 πρὸς
2636 5541 2736 5611 τὴν
2767 5540 2864 5612 σὴν
2891 5537 3201 5610 τιμιότητα,
3245 5536 3584 5604 παρακαλῶν

2065 5790 2092 5818 ⁸
2118 5783 2224 5832 Duo
2247 5783 2469 5847 1990.31.01
2492 5783 2582 5845 γὰρ
2608 5783 2731 5847 ἔχων
2771 5783 2898 5834 οὕτω
2930 5782 3190 5844 διάκειμαι.
3211 5777 3355 5831 Alius
3379 5777 3460 5828 1:01

2002 5847 2068 5899 ὡς
2090 5848 2213 5908 ἔχων
2224 5845 2350 5894 οὕτω
2369 5843 2623 5906 διάκειμαι.
