4172 6488
238 416 342 474 6H

239 541 420 587 tecum
459 531 780 602 agebamus,
827 543 895 584 nc
923 540 1019 581 nos
1061 523 1188 578 hinc
1210 534 1510 578 emoveres.
1571 518 1683 588 Ego
1717 531 1845 572 vero

243 621 374 679 illud
425 636 638 677 mecum
679 619 916 691 cogitare
948 623 1220 687 poteram,
1268 613 1422 682 longa
1472 611 1564 666 tibi
1604 609 1847 665 oratione

251 714 545 785 multisque
567 712 845 769 laboribus
881 725 945 766 ac
973 707 1256 764 sudoribus
1282 720 1416 776 opus
1448 705 1594 768 fore,
1631 712 1684 757 ut
1713 700 1847 756 mihi

241 807 312 862 de
346 808 449 862 hoc
471 806 638 861 verbo
665 801 1023 858 satisfacews.
1057 800 1390 868 Quamquam
1417 796 1641 851 fortasse
1669 793 1846 862 aliqua

241 917 310 956 ex
346 911 499 971 parte
542 898 870 966 satisfecisti,
915 912 1037 952 cum
1065 896 1149 950 his
1179 894 1357 951 verbis
1407 908 1500 948 usa
1545 904 1643 958 es,
1700 888 1844 945 Istud

241 994 526 1048 dumtaxat
551 990 752 1062 cogito,
783 999 842 1044 ut
865 989 1222 1044 calamitatem
1251 1000 1424 1040 meam
1471 997 1717 1053 augeam.
1773 982 1844 1036 At

240 1085 348 1140 hoc
376 1099 593 1155 quoque
620 1097 833 1138 rursum
866 1083 916 1136 in
945 1095 1157 1137 summo
1205 1079 1430 1134 crimine
1470 1091 1611 1147 pono
1637 1117 1654 1142 ,
1701 1074 1844 1146 quod

239 1181 322 1235 ais
346 1188 399 1236 te
431 1181 663 1234 libenter
683 1179 751 1234 de
790 1177 1050 1234 industria
1081 1177 1293 1232 dolores
1325 1176 1419 1230 tibi
1450 1189 1545 1244 per
1565 1174 1844 1245 cogitatio-

241 1288 341 1328 nes
362 1287 645 1328 accersere
676 1288 690 1325 :
720 1287 842 1326 nam
870 1286 992 1326 cum
1021 1278 1071 1324 te
1100 1269 1233 1324 nihil
1261 1283 1365 1323 non
1396 1281 1556 1336 agere
1583 1280 1645 1319 ac
1667 1264 1843 1318 moliri

239 1371 511 1434 oporteat,
527 1379 633 1432 quo
654 1363 816 1418 animi
837 1377 1123 1418 mmrorem
1152 1361 1482 1430 exstinguas,
1501 1359 1613 1428 ipsa
1641 1368 1840 1423 tamen,

238 1455 388 1530 quod
415 1454 634 1510 diabolo
663 1462 871 1525 gratum
902 1463 1017 1520 est,
1069 1452 1222 1517 facis,
1276 1465 1563 1506 mmrorcm
1597 1443 1844 1503 videlicet

237 1546 518 1615 animique
551 1546 847 1600 molestiam
876 1559 1098 1615 augens.
1145 1546 1222 1597 An
1249 1551 1298 1597 te
1318 1541 1474 1612 fugit,
1498 1556 1658 1612 quam
1681 1555 1843 1610 grave

237 1638 444 1693 malum
484 1639 555 1693 sit
583 1638 875 1695 mmstitia?
906 1638 981 1694 De
1011 1636 1204 1692 lsauris
1230 1647 1410 1691 autem
1441 1634 1574 1689 nihil
1595 1642 1678 1689 est
1701 1632 1842 1704 quod

237 1730 471 1801 posthac
498 1741 704 1786 metuas
737 1747 750 1784 :
785 1729 984 1786 etenim
1017 1730 1070 1784 in
1094 1729 1366 1798 regionem
1407 1741 1560 1782 suam
1609 1741 1727 1781 sese
1751 1741 1840 1780 re-

237 1833 508 1894 ceperunt
543 1841 556 1878 :
590 1823 748 1894 idque
795 1830 854 1877 ut
892 1820 1165 1886 facerent,
1211 1835 1244 1875 a
1293 1819 1544 1890 prmfecto
1587 1818 1718 1873 nihil
1760 1826 1844 1873 est

240 1917 662 1987 prtetermissum
692 1931 707 1970 :
739 1915 1011 1985 multoque
1038 1915 1200 1970 tutior
1227 1913 1314 1969 hic
1343 1928 1482 1980 sum,
1516 1927 1679 1983 quam
1712 1927 1832 1967 cum

242 2007 513 2064 Cmsarere
540 2021 802 2062 essemus.
845 2006 1125 2063 Neminem
1150 2008 1293 2062 enim
1314 2014 1419 2060 tam
1451 2012 1652 2069 metuo,
1680 2019 1840 2072 quam

237 2101 550 2171 episcopos,
610 2099 795 2170 paucis
831 2101 1088 2170 exceptis.
1141 2100 1324 2170 Itaque
1368 2097 1436 2154 de
1483 2097 1679 2154 lsauris
1709 2095 1841 2150 nihil

238 2202 491 2250 metuas:
521 2193 723 2249 etenim
752 2201 1116 2260 recesserunt,
1146 2202 1372 2266 ortaque
1397 2191 1574 2248 hieme
1603 2191 1747 2246 domi
1779 2205 1838 2244 sc

240 2283 604 2350 incluserunt,
640 2284 821 2339 nescio
867 2298 934 2338 an
975 2293 1096 2354 post
1145 2283 1504 2339 Pentecosten
1549 2282 1838 2353 egressuri.

234 2374 530 2444 Quomodo
566 2375 741 2430 nullas
772 2384 824 2432 te
845 2375 1029 2431 literas
1052 2376 1296 2445 recipere
1327 2374 1441 2430 ais?
1473 2374 1607 2430 Tres
1628 2373 1740 2444 jam
1773 2372 1842 2427 ad

236 2474 296 2521 te
321 2466 579 2538 epistolas
598 2467 741 2533 misi,
764 2480 922 2521 unam
945 2481 1043 2537 per
1071 2466 1353 2537 praztorios
1377 2466 1596 2534 milites,
1616 2465 1842 2522 alteram

236 2571 340 2628 per
365 2539 683 2627 Antonium,
714 2557 875 2612 aliam
903 2560 1000 2629 per
1029 2559 1287 2614 famulum
1327 2566 1476 2614 tuum
1508 2559 1838 2626 Anatolium,

240 2649 433 2721 longas
454 2665 680 2707 omnes:
715 2652 1018 2721 prtcsertim
1047 2661 1226 2707 autem
1248 2651 1382 2707 duas
1409 2651 1696 2722 ejusmodi,
1722 2668 1842 2722 qua:

239 2741 507 2798 salutiferi
563 2742 939 2804 medicamenti
1009 2744 1177 2799 instar
1236 2744 1534 2814 quemlibet
1604 2759 1841 2800 mmrore

240 2831 530 2901 afflictum,
551 2842 712 2904 atque
737 2833 1046 2890 scandalum
1067 2835 1358 2905 patientem
1382 2850 1653 2902 recreare,
1683 2835 1842 2905 atque

239 2923 314 2979 ad
343 2923 607 2995 integram
638 2925 799 2980 animi
836 2926 1274 3006 tranquillitatem
1315 2942 1572 2983 revocare
1610 2926 1838 2997 possint.

241 3015 352 3072 llas
399 3015 562 3087 igitur
605 3031 727 3071 cum
783 3019 1090 3087 acceperis,
1142 3019 1369 3074 subinde
1418 3028 1580 3090 atque
1627 3018 1842 3074 assidue

241 3107 546 3177 pervolvas,
570 3116 731 3179 atque
759 3124 942 3164 earum
965 3111 1071 3165 vim
1098 3119 1153 3166 et
1173 3110 1479 3166 facultatem
1504 3110 1799 3182 perspicies
1823 3129 1837 3166 :

242 3215 308 3255 ac
327 3200 706 3256 medicamenti
733 3201 1014 3256 utilitatem
1044 3201 1258 3257 abunde
1296 3202 1623 3272 experieris,
1653 3203 1840 3257 nobis-

242 3306 348 3363 que
379 3302 431 3349 te
461 3291 694 3348 fructum
721 3293 849 3349 hinc
874 3296 1179 3365 percepisse
1203 3296 1497 3351 nuntiabis.
1535 3296 1630 3352 Est
1658 3307 1838 3352 autem

245 3399 412 3453 penes
459 3401 546 3440 me
574 3387 730 3441 tertia
761 3401 979 3457 quoque
1005 3387 1249 3457 ejusdem
1302 3390 1624 3459 argumenti,
1680 3406 1839 3460 quam

242 3489 391 3530 nunc
417 3474 483 3529 ad
513 3485 565 3531 te
595 3477 809 3532 mittere
839 3478 984 3532 nolui
1016 3497 1029 3532 :
1073 3495 1269 3550 magno
1299 3480 1442 3536 enim
1488 3481 1674 3537 dolore
1719 3483 1842 3537 hinc

237 3581 362 3620 sum
391 3565 631 3634 affectus,
674 3568 814 3638 quod
859 3579 910 3625 te
938 3570 1162 3626 acerbas
1189 3574 1543 3644 cogitationes
1568 3575 1843 3631 cumulare

239 3657 458 3726 scribis,
478 3668 648 3730 atque
676 3676 737 3716 ea
767 3678 887 3734 qua:
926 3679 1031 3718 non
1059 3673 1184 3719 sunt
1209 3665 1486 3736 efﬁngere.
1520 3667 1671 3736 Quod
1718 3670 1842 3740 qui-

240 3749 369 3804 dem
398 3752 622 3808 verbum
649 3767 680 3807 a
726 3761 778 3809 te
821 3753 1049 3824 proferri
1078 3757 1297 3812 minime
1330 3758 1512 3814 decuit
1558 3778 1572 3815 :
1617 3761 1843 3832 ejusque

239 3858 408 3899 causa
453 3844 569 3915 ipse
597 3862 810 3918 quoque
864 3849 1129 3905 erubesco
1174 3866 1237 3906 ac
1291 3851 1493 3921 pudore
1540 3853 1839 3910 suffundor.

236 3934 513 3992 Caeterum
540 3938 796 4007 epistolas
825 3939 944 3996 illas
971 3942 1087 4012 lege
1112 3984 1127 4009 ,
1174 3958 1238 3998 ac
1263 3945 1371 4014 jam
1402 3944 1483 3999 his
1524 3946 1706 4002 verbis
1760 3948 1837 4002 uti

236 4027 477 4097 desines,
507 4031 719 4088 etiamsi
748 4033 946 4104 alioqui
977 4037 1281 4091 sexcenties
1323 4053 1554 4094 mterere
1596 4038 1838 4095 studeas.

241 4119 510 4187 Quoniam
542 4133 720 4180 autem
740 4125 807 4181 de
830 4126 1110 4183 Heraclide
1135 4145 1347 4199 quoque
1375 4132 1630 4201 episcopo
1657 4132 1723 4187 ad
1755 4149 1843 4188 me

237 4211 526 4282 scripsisti,
556 4214 683 4270 licet
710 4215 847 4284 ipsi,
892 4218 936 4272 si
967 4220 1135 4285 velit,
1189 4220 1496 4276 instantiam
1550 4223 1681 4278 dare
1735 4225 1839 4296 (a),

236 4312 402 4374 atque
432 4305 503 4359 ita
530 4307 795 4362 molestiis
817 4309 1065 4366 omnibus
1087 4311 1300 4383 defungi
1335 4332 1347 4368 :
1383 4313 1511 4368 nihil
1535 4316 1675 4370 enim
1699 4317 1842 4372 aliud

234 4407 506 4465 superest.
562 4398 675 4470 Ego
703 4416 833 4456 vero
863 4403 962 4458 etsi
988 4403 1122 4458 nihil
1149 4406 1437 4460 admodum
1469 4407 1838 4477 proficiebam,

241 4495 426 4543 tamen
451 4489 722 4545 dominam
749 4508 920 4548 meam
953 4494 1264 4550 Pentadiam
1291 4499 1508 4564 monui,
1545 4509 1600 4553 ut
1625 4516 1839 4556 omnem

240 4575 574 4648 diligentiam
597 4581 898 4649 adhiberet,
918 4600 1023 4654 quo
1041 4587 1332 4642 calamitati
1355 4589 1601 4645 solatium
1627 4592 1841 4661 aliquod

239 4670 531 4728 inveniret.
584 4675 678 4728 Ais
702 4685 878 4730 autem
909 4684 960 4732 te
979 4719 994 4742 ,
1035 4679 1176 4749 quod
1206 4680 1274 4733 ita
1303 4681 1395 4734 tibi
1425 4682 1494 4734 ab
1519 4697 1582 4736 eo
1611 4682 1841 4751 impera-

242 4770 361 4816 tum
387 4772 551 4827 esset.
581 4764 648 4819 de
668 4765 752 4820 his
773 4768 1033 4824 molestiis
1054 4772 1339 4826 certiorem
1357 4789 1442 4829 me
1467 4774 1641 4832 facere
1657 4792 1840 4832 ausam

238 4868 388 4910 esse.
435 4855 566 4923 Qua:
592 4867 771 4913 autem
799 4859 914 4915 haec
941 4860 1158 4916 audacia
1187 4862 1306 4918 est?

318 4945 470 5001 Nihil
496 4951 759 5005 molestum
783 4962 968 5023 prwter
985 4967 1342 5025 pcccalum.—-
1356 4959 1653 5032 Numquam
1683 4961 1843 5032 igitur

234 5039 346 5094 hoc
390 5040 569 5098 dicere
611 5042 810 5111 destiti,
859 5062 959 5103 nec
1006 5048 1280 5114 desistam,
1332 5068 1490 5107 unam
1522 5054 1693 5110 solum
1727 5072 1838 5110 rem

236 5131 525 5188 molestam
568 5148 722 5198 esse,
787 5152 981 5207 nempe
1025 5153 1300 5208 peceatum
1343 5135 1356 5196 Ξ
1406 5145 1605 5214 reliqua
1661 5150 1837 5202 omnia

239 5223 479 5293 pulveris
518 5240 580 5280 ac
629 5226 756 5282 fumi
804 5231 972 5285 instar
1001 5247 1138 5287 esse.
1169 5235 1299 5302 Quae
1321 5238 1587 5303 molestia,
1623 5255 1840 5297 carcere

235 5315 415 5372 claudi
442 5331 504 5372 ac
532 5321 732 5376 catenis
757 5323 980 5378 vinciri?
1015 5341 1132 5394 qua:
1162 5328 1403 5382 molestia
1445 5331 1838 5388 calamitatibus

299 5452 893 5530 (alpincﬁecoihabetur,
934 5467 1058 5530 eorm
1091 5472 1279 5530 ινστριςιν.
1329 5471 1375 5530 In
1417 5465 1644 5530 Basilicis,
1681 5468 1840 5530 inquit

231 5516 444 5585 Cangius
455 5515 501 5585 in
512 5514 746 5567 Glomario
759 5514 1048 5580 Graeco,h:ec
1062 5523 1335 5585 signiﬁcant
1349 5514 1559 5577 heredis
1569 5514 1840 5579 inSti—tutio;

238 5589 356 5652 nem
383 5589 394 5625 :
420 5577 500 5652 hic
523 5591 660 5652 vero,
681 5588 805 5652 δοῦναι
1012 5623 1024 5641 ,
1049 5577 1161 5647 quae
1179 5594 1257 5636 est
1268 5588 1485 5652 juridicaA
1507 5577 1738 5652 loquendi
1754 5577 1839 5640 is-

244 5639 326 5712 tio,
351 5636 492 5712 nullo
535 5641 678 5712 modo
723 5647 888 5703 potest
920 5636 1180 5695 hoc'sénsu
1205 5636 1738 5712 accipiafivllemontius
1762 5636 1837 5701 ié.

230 5699 452 5774 gendum
468 5699 866 5774 opinatur,st
890 5717 1084 5774 Ws,
1125 5711 1252 5774 quod
1301 5699 1835 5774 significarenabdica-

235 5762 426 5835 tionem
449 5762 602 5833 dare;
625 5765 708 5835 qui
728 5778 929 5835 __sensus
951 5769 1029 5818 hic
1060 5762 1278 5832 app'rime
1309 5762 1588 5835 quadraret.
1604 5762 1703 5824 'Sed
1725 5762 1834 5825 cum

229 5834 418 5897 omnes
439 5824 797 5896 omniuo'ﬁditi
839 5837 988 5892 atque
1035 5824 1140 5881 Ms's'.
1167 5824 1598 5897 tymw'habeant,
1631 5824 1835 5888 sensum

226 5891 428 5937 mutare
452 5897 552 5936 non
575 5891 679 5935 ausi
703 5901 885 5941 smnus.

559 5987 830 6052 Ρηιιοι..
879 5994 995 6055 Gn.
1043 5995 1174 6059 LII.

1703 400 2079 458 Εριετοιιιῑ.

3458 405 3564 465 618

1963 518 2153 584 premi,
2181 529 2302 569 cum
2327 515 2603 572 calamitas
2635 526 2900 574 tantarum
2927 534 3089 590 apum
3115 536 3278 578 causa
3309 524 3416 579 sit?
3441 531 3560 597 qui

1958 607 2225 673 molestia,
2272 608 2530 678 relegatio
2572 623 2636 664 ac
2691 609 2955 666 bonorum
3010 615 3371 685 proscriptio?
3410 614 3557 675 Μαι-ε

1955 697 2116 753 verba
2165 697 2281 753 haec
2329 710 2474 766 sunt,
2519 715 2698 755 rerum
2728 703 3020 759 acerbitate
3047 719 3214 760 vacua
3243 724 3257 760 :
3288 708 3451 764 verba
3492 723 3556 768 ex

1957 803 2191 845 maerore
2227 789 2485 860 profecta.
2533 791 2664 847 Nam
2694 791 2806 849 sive
2834 803 3062 850 mortem
3097 796 3320 865 dixeris,
3354 809 3548 856 natura

1956 880 2194 936 debitum
2222 882 2376 949 dicis,
2407 884 2551 955 quod
2580 885 2795 956 quidem
2827 889 3047 944 omnino
3089 890 3426 947 subeundum
3455 904 3557 958 est,

1955 974 2164 1031 etiamsi
2215 991 2246 1030 a
2298 978 2515 1033 nemine
2570 979 2834 1035 inferatur
2863 998 2876 1036 :
2909 981 3022 1036 sive
3052 983 3300 1040 exsilium
3333 985 3558 1057 dixeris,

1956 1066 2089 1121 nihil
2133 1066 2275 1121 aliud
2324 1068 2480 1134 dicis,
2510 1085 2669 1140 quam
2697 1072 2935 1143 regionis
2959 1088 3021 1130 ae
3046 1076 3333 1134 multarum
3376 1081 3560 1136 civita-

1957 1168 2067 1214 tum
2138 1172 2533 1230 prospectum:
2573 1165 2688 1220 sive
2764 1165 3032 1224 bonorum
3107 1165 3558 1246 proscriptionem

1953 1251 2176 1321 dixeris,
2222 1253 2523 1311 libertatem
2566 1256 2722 1326 dicis,
2767 1273 2833 1314 ac
2874 1260 3108 1323 solutum
3153 1273 3211 1320 et
3250 1267 3559 1338 expeditum

1953 1357 2094 1398 esse.
3116 1422 3118 1424 ν

2026 1435 2079 1490 5.
2125 1435 2422 1492 llarutham
2454 1441 2763 1512 episcopum
2801 1442 2900 1516 (α),
2929 1457 3187 1516 quantum
3217 1449 3269 1506 in
3298 1457 3349 1506 te
3378 1452 3559 1524 fuerit,

1953 1526 2202 1582 omnibus
2229 1527 2420 1584 officiis
2458 1533 2744 1602 complecti
2791 1551 2860 1590 ne
2903 1536 3140 1605 desinas,
3174 1549 3232 1595 ut
3253 1557 3375 1598 eum
3402 1552 3434 1600 e
3459 1544 3559 1604 ιι.

1952 1616 2136 1672 rathro
2165 1619 2443 1676 extrahas.
2489 1622 2623 1678 Nam
2650 1626 2768 1695 ejus
2791 1641 2952 1697 opera
2977 1628 3048 1684 ob
3084 1630 3321 1688 Persidis
3347 1637 3559 1706 negotia

1952 1723 2279 1780 magnopere
2307 1727 2459 1782 egeo.
2492 1716 2689 1786 Atque,
2724 1717 2768 1772 si
2799 1719 2852 1774 id
2877 1736 2906 1773 a
2937 1731 2989 1776 te
3021 1722 3136 1778 fieri
3166 1733 3362 1794 potest,
3398 1743 3464 1783 ex
3492 1743 3560 1784 eo

1953 1799 2211 1871 intellige,
2245 1804 2499 1872 quidnam
2527 1807 2635 1862 illic
2662 1809 2830 1880 ipsius
2856 1812 3035 1868 studio
3051 1825 3214 1886 atque
3242 1833 3403 1889 opera
3438 1836 3562 1891 per-

1953 1891 2151 1948 fectum
2194 1896 2302 1950 sit:
2336 1907 2391 1952 et
2433 1914 2533 1955 cur
2575 1902 2713 1959 istuc
2753 1907 3023 1974 profectus
3057 1909 3148 1978 sit,
3176 1910 3262 1968 fac
3289 1915 3478 1982 sciam,
3504 1926 3562 1974 et

1955 2000 2083 2040 num
2114 1987 2164 2042 ei
2194 1987 2328 2044 duas
2355 1991 2634 2060 epistolas,
2665 2010 2798 2065 quas
2825 1998 2891 2053 ad
2911 2013 3032 2054 eum
3065 2001 3210 2068 misi,
3234 2005 3556 2076 reddideris;

1952 2077 1996 2131 si
2019 2079 2086 2133 ad
2119 2095 2204 2135 me
2231 2082 2470 2138 scribere
2503 2085 2652 2152 velit,
2688 2104 2901 2144 rursum
2943 2093 3214 2161 scribam;
3246 2098 3328 2152 sin
3360 2102 3558 2156 rescri-

1952 2169 2080 2226 bere
2122 2186 2394 2244 gravetur,
2445 2178 2656 2247 saltem,
2699 2182 2826 2252 quid
2870 2184 2980 2240 illic
3007 2186 3305 2256 profectum
3339 2191 3431 2259 sit,
3465 2194 3559 2250 tibi

1951 2276 2204 2336 exponat,
2233 2275 2288 2323 et
2314 2273 2572 2341 numquid
2604 2289 2792 2330 rursus
2811 2277 3000 2332 eodem
3031 2280 3379 2349 proficiscens
3415 2300 3560 2355 prte-

1952 2358 2175 2418 stiturus
2217 2361 2307 2417 sit.
2357 2363 2490 2418 Nam
2523 2380 2622 2437 ego
2652 2366 2753 2424 hac
2780 2368 2848 2426 de
2877 2386 3036 2428 causa
3068 2373 3243 2445 ipsum
3270 2381 3561 2439 convenire

1951 2451 2258 2510 studebam.
2304 2454 2604 2528 Utcumque
2645 2459 2736 2525 sit,
2781 2463 3036 2532 quidquid
3087 2477 3296 2525 tuarum
3327 2473 3558 2541 partium

1951 2553 2056 2612 est,
2107 2555 2322 2616 praesta,
2368 2564 2674 2620 munusque
2724 2561 2870 2610 tuum
2911 2557 3092 2627 exple,
3122 2560 3332 2618 etiamsi
3371 2578 3562 2621 omnes

1914 2677 1918 2680 .
1951 2650 2124 2706 prono
2163 2639 2338 2709 capite
2375 2640 2430 2695 in
2477 2658 2720 2714 praseeps
2750 2645 3012 2703 ferantur.
3046 2650 3251 2708 Merces
3293 2655 3439 2710 enim
3469 2668 3557 2712 tua

1953 2731 2192 2783 numeris
2247 2731 2497 2789 omnibus
2553 2735 2799 2791 absoluta
2850 2739 2973 2794 erit.
3030 2740 3168 2797 Eum
3209 2743 3371 2815 igitur
3398 2759 3559 2818 quam

1953 2820 2186 2876 maxime
2226 2824 2449 2892 poteris,
2481 2825 2818 2884 demercare.
2855 2831 2967 2888 Hoc
2994 2843 3174 2890 autem
3205 2839 3346 2907 quod
3383 2840 3559 2896 dictu-

1953 2925 2044 2965 rus
2071 2925 2212 2980 sum,
2242 2929 2309 2969 ne
2340 2926 2648 2986 praetereas,
2680 2936 2866 2976 verum
2900 2923 2966 2979 de
2996 2939 3062 2980 eo
3091 2942 3345 2999 perquam
3371 2931 3560 3001 ingens

1951 3002 2185 3058 studium
2213 3006 2490 3064 exhibeas.
2523 3009 2888 3069 Narravcrunt
2929 3017 3059 3072 mihi
3089 3019 3248 3075 Marsi
3281 3035 3346 3077 ac
3373 3021 3560 3079 Gottbi

1953 3096 2238 3186 monachi,
2288 3099 2428 3170 apud
2472 3117 2607 3172 quos
2654 3102 2917 3176 Serapion
2961 3109 3248 3181 episcopus
3296 3125 3561 3186 perpetuo

1952 3184 2317 3256 delitescebat,
2347 3190 2680 3248 Moduarium
2703 3195 2988 3253 diaconum
3016 3200 3249 3270 venisse,
3279 3184 3414 3260 illud
3429 3205 3562 3263 affe-

1952 3290 2183 3344 rentem,
2216 3281 2586 3340 admirandum
2619 3286 2768 3343 illum
2796 3291 3108 3364 episcopum
3140 3294 3372 3366 Unilam,
3397 3314 3559 3370 quem

1954 3390 2059 3428 non
2113 3375 2182 3428 ita
2232 3375 2437 3445 pridem
2487 3381 2728 3436 ordinavi
2784 3394 2946 3455 atque
3003 3388 3055 3442 in
3110 3390 3381 3448 Gotthiam
3411 3395 3558 3461 misi,

1953 3466 2135 3520 multis
2160 3484 2222 3523 ac
2248 3470 2453 3539 magnis
2483 3472 2644 3529 rebus
2673 3477 2858 3545 gestis,
2896 3479 3038 3535 diem
3067 3496 3224 3538 suum
3255 3496 3559 3544 extremum

1951 3560 2248 3618 clausisse:
2293 3578 2357 3619 ac
2405 3566 2546 3638 regis
2575 3566 2896 3626 Gotthorum
2927 3571 3111 3629 literas
3136 3578 3406 3644 attulisse,
3437 3583 3562 3650 qui-

1952 3651 2074 3717 bus,
2117 3663 2175 3707 ut
2216 3654 2282 3708 ad
2322 3671 2418 3712 eos
2458 3660 2744 3730 episcopus
2784 3664 3044 3731 mittatur,
3093 3669 3245 3737 petit.
3293 3670 3562 3737 Quoniam

1954 3743 2111 3813 igitur
2137 3744 2202 3799 ad
2234 3746 2637 3805 subversionem
2665 3767 2806 3818 eam,
2843 3756 2993 3826 cujus
3015 3757 3174 3814 mina:
3201 3761 3352 3818 nobis
3378 3762 3556 3819 inten-

1955 3844 2154 3905 tantur,
2173 3838 2547 3910 depellendam
2570 3845 2775 3901 nullum
2794 3847 2937 3904 aliud
2955 3850 3323 3920 adjumentum
3351 3859 3561 3928 conspi-

1953 3933 2055 3999 cio,
2090 3951 2248 4004 quam
2286 3940 2684 3997 cunctationem
2714 3958 2780 3998 ac
2807 3943 3119 4001 dilationem
3161 3948 3182 4019 (
3214 3965 3387 4020 neque
3413 3952 3556 4007 enim

1954 4042 2095 4082 nunc
2124 4029 2222 4098 ipsi
2251 4031 2303 4085 in
2338 4031 2692 4102 Bosphorum,
2725 4045 2818 4091 aut
2841 4037 2893 4093 in
2941 4038 3058 4094 illas
3090 4052 3270 4109 partes
3307 4044 3560 4116 navigare

1955 4119 2224 4190 possunt),
2251 4120 2318 4176 da
2349 4137 2566 4192 operam
2596 4136 2654 4182 ut
2681 4128 2804 4189 illos
2834 4132 3094 4201 tantisper
3133 4133 3203 4189 ob
3231 4135 3442 4192 hiemen
3473 4153 3562 4193 re-

1954 4214 2184 4268 moreris
2223 4230 2237 4267 :
2283 4213 2420 4282 hrec,
2467 4233 2684 4287 qumso,
2731 4237 2802 4276 ne
2850 4224 3182 4295 negligenter
3229 4236 3556 4297 prastereas:

1952 4305 2096 4360 istud
2140 4309 2281 4363 enim
2327 4312 2543 4366 maximi
2589 4318 2844 4370 momenti
2894 4326 2993 4372 est.
3046 4318 3160 4372 Duo
3186 4322 3383 4391 quippe
3408 4334 3554 4391 sunt,

1953 4414 2073 4468 qua:
2116 4400 2162 4454 si
2203 4403 2534 4473 contingant,
2567 4407 2710 4476 quod
2760 4409 2900 4462 Deus
2930 4417 3158 4477 avertat,
3211 4415 3443 4470 maxime
3471 4432 3562 4470 me

1951 4491 2290 4562 excruciant;
2324 4511 2516 4564 nempe
2543 4507 2598 4553 et
2630 4500 2773 4569 quod
2803 4501 2870 4556 ab
2902 4502 3017 4556 istis
3046 4503 3314 4560 creandus
3343 4504 3435 4562 ille
3465 4509 3557 4575 sit,

1953 4588 2042 4656 qui
2087 4597 2163 4644 tot
2203 4590 2342 4645 mala
2394 4601 2793 4661 perpetrarunt,
2827 4606 2880 4650 et
2927 4611 2957 4650 a
2988 4597 3182 4667 quibus
3210 4600 3383 4654 creari
3406 4603 3560 4658 nefas

1953 4687 2068 4744 est;
2099 4688 2154 4735 et
2181 4682 2322 4752 quod
2355 4682 2670 4754 simpliciter
2697 4687 2960 4757 quispiam
2989 4698 3221 4745 creetur.
3251 4690 3384 4746 Nam
3412 4695 3558 4765 quod

1953 4789 2059 4828 non
2106 4775 2207 4830 hoc
2248 4778 2516 4841 Studeant,
2551 4789 2607 4833 ut
2651 4781 2876 4849 probum
2910 4782 3082 4836 virum
3131 4783 3429 4852 instituant,
3463 4787 3556 4842 tibi

1951 4882 2163 4937 quoque
2212 4879 2551 4940 perspectum
2595 4881 2699 4927 est.
2729 4872 2884 4941 Quod
2917 4874 2962 4928 si
3007 4875 3110 4930 hoc
3140 4875 3249 4941 fiat,
3276 4877 3418 4947 quod
3447 4879 3558 4933 uti-

1953 4975 2074 5012 nam
2122 4976 2190 5014 ne
2239 4961 2350 5024 fiat,
2382 4979 2500 5032 qua:
2544 4962 2801 5035 deinceps
2826 4978 3119 5037 sequentur
3145 4966 3287 5023 haud
3318 4977 3371 5024 te
3399 4967 3556 5041 fugit.

1953 5053 2029 5105 Ac
2073 5053 2318 5121 proinde,
2372 5071 2438 5110 ne
2477 5056 2604 5125 quid
2655 5057 2844 5112 horum
2895 5060 3004 5124 fiat,
3037 5059 3183 5114 omni
3213 5061 3389 5116 studio
3427 5075 3559 5117 con-

1955 5147 2130 5201 tende.
2158 5147 2310 5215 Quod
2339 5149 2382 5202 si
2443 5149 2746 5206 Moduarius
2773 5151 2908 5206 clam
2933 5167 2994 5208 ac
3018 5153 3136 5208 sine
3179 5153 3288 5210 ullo
3329 5155 3558 5225 strepitu

1951 5239 2018 5295 ad
2050 5255 2147 5296 nos
2173 5258 2462 5299 excurrere
2493 5253 2693 5313 posset,
2726 5245 2777 5300 id
2809 5261 2986 5315 operae
3012 5249 3240 5316 pretium
3269 5256 3430 5305 esset.
3459 5249 3555 5304 Sin

1949 5342 2128 5388 autem
2171 5333 2221 5389 id
2266 5345 2518 5405 nequeat,
2548 5336 2696 5402 flant,
2728 5346 2786 5392 ut
2815 5338 2958 5406 licet,
2986 5355 3105 5409 quae
3135 5339 3250 5395 fieri
3281 5347 3555 5411 poterunt.

1951 5423 2082 5478 Nam
2111 5426 2251 5495 quod
2282 5428 2331 5480 in
2365 5428 2604 5497 pecuniis
2628 5442 2726 5484 usu
2749 5430 2910 5496 venit,
2941 5437 3101 5501 atque
3126 5432 3286 5487 etiam
3314 5432 3366 5487 in
3392 5433 3553 5489 vidua

1949 5517 2036 5571 illa
2079 5519 2320 5588 contigit,
2351 5517 2454 5573 hoc
2482 5534 2695 5590 quoque
2722 5520 2772 5574 in
2802 5522 3027 5591 negotiis
3059 5521 3234 5577 locum
3265 5523 3447 5581 habet.
3485 5525 3555 5583 Ut

1949 5611 2092 5665 enim
2140 5611 2226 5665 illa
2266 5611 2478 5667 duobus
2521 5613 2693 5669 obolis
2740 5615 2949 5670 collatis
2999 5632 3208 5683 omnes,
3262 5617 3352 5688 qui
3400 5617 3554 5686 plura

1947 5704 2306 5771 contulerant,
2351 5706 2640 5775 superavit,
2695 5716 2750 5761 ut
2779 5724 2898 5778 qua:
2929 5709 3208 5764 universas
3247 5725 3374 5766 suas
3419 5725 3552 5781 ope!

2011 5837 2085 5900 (α)
2120 5846 2188 5889 De
2214 5838 2427 5908 Marutha
2445 5839 2547 5908 viro
2571 5847 2740 5908 sancto
2777 5842 3009 5908 EpiscOpo
3050 5841 3426 5907 atartyropoleos
3445 5842 3549 5908 [lu-

1947 5901 2086 5952 ribus
2107 5909 2267 5951 actum
2294 5909 2371 5952 est
2394 5901 2445 5950 in
2471 5902 2567 5952 vita
2589 5901 2907 5967 chrysostomi

3062 6005 3137 6066 15
