4172 6500
677 408 782 464 819

683 541 1002 617 profudisset
1039 539 1190 613 (Luc.
1220 536 1312 594 il.
1337 535 1392 590 2.
1419 535 1474 608 5)
1500 552 1514 589 :
1544 534 1625 590 sic
1659 533 1819 589 etiam
1846 547 1936 603 qui
1962 533 2015 587 ln
2045 532 2254 602 negotia

680 637 827 692 omni
853 635 1013 690 animi
1037 632 1376 690 contentione
1403 629 1733 696 incumbunt,
1763 637 2016 699 quantum
2041 625 2251 697 quidem

680 729 734 784 in
779 730 904 800 ipsis
951 738 1052 792 est,
1097 726 1274 781 omnia
1314 724 1677 789 confecerunt,
1723 721 1929 778 etiamsi
1973 719 2105 775 nihil
2129 719 2253 775 inde

677 820 915 874 utilitatis
939 816 1184 881 manarit,
1215 815 1618 886 mercedemque
1647 828 1794 869 suam
1821 813 2056 868 numeris
2078 812 2252 866 omni-

675 912 774 968 bus
800 910 1099 967 absolutam
1121 910 1338 964 habent.
1370 909 1566 962 Hilario
1585 908 1836 977 episcopo
1856 904 2114 964 maximas
2130 918 2251 975 gra-

676 1004 773 1058 tias
798 1017 898 1074 ago
929 1016 1063 1072 :per
1086 1000 1269 1056 literas
1293 1000 1436 1056 enim
1478 1014 1507 1053 a
1540 1015 1623 1055 me
1663 999 1830 1068 petiit,
1860 1006 1919 1053 ut
1939 997 2039 1053 sibi
2069 998 2122 1051 in
2156 1013 2239 1051 ur-

672 1095 791 1150 bem
809 1109 957 1150 suam
982 1094 1209 1152 abeundi
1245 1101 1554 1164 potestatem
1572 1095 1816 1155 facerem,
1833 1090 2246 1161 compositisque

668 1189 826 1244 rebus
847 1203 908 1244 se
931 1189 996 1244 ad
1025 1203 1121 1243 nos
1147 1189 1440 1252 ﬁliorum
1464 1186 1765 1256 spopondit.
1797 1185 2057 1254 Quoniam
2086 1185 2245 1255 igitur

669 1281 832 1348 ipsius
860 1279 1135 1350 pmentia
1167 1295 1270 1333 non
1297 1295 1481 1350 parum
1530 1279 1672 1332 utilis
1701 1288 1787 1351 est
1819 1278 1838 1348 (
1866 1293 1986 1332 nam
2017 1279 2096 1331 vir
2126 1277 2243 1346 pius

665 1382 763 1438 ost,
798 1375 1166 1445 constath
1213 1387 1272 1427 ac
1317 1373 1522 1428 fervido
1548 1371 1788 1444 animo),
1835 1387 1956 1426 eum
2002 1371 2242 1424 hortatus

665 1473 781 1518 sunt
802 1465 819 1496 ¹
840 1473 914 1528 ιιι,
959 1480 1078 1520 cum
1123 1471 1188 1518 co
1230 1464 1498 1534 profectus
1523 1463 1700 1532 fuerit,
1729 1464 1906 1518 statim
1933 1462 2132 1518 redeat.
2164 1464 2244 1518 Ac

665 1555 886 1624 proinde
911 1555 974 1609 da
1009 1570 1243 1625 operam,
1273 1564 1330 1610 ut
1356 1556 1579 1626 epistola
1623 1565 1798 1612 nostra
1828 1564 1883 1610 et
1915 1554 2161 1610 celeriter
2187 1561 2242 1610 et

667 1655 778 1701 tuto
807 1647 906 1718 ipsi
935 1647 1203 1715 reddatur,
1229 1662 1296 1702 ac
1326 1661 1430 1702 non
1453 1648 1758 1717 projiciatur
1787 1664 1800 1700 :
1832 1645 2090 1716 siquidem
2121 1661 2237 1701 ma-

663 1756 767 1811 gna
789 1757 909 1796 cum
934 1741 1217 1811 cupiditate
1235 1756 1302 1796 ac
1325 1741 1658 1797 vehementia
1699 1750 1910 1796 nostras
1936 1740 2118 1794 literas
2140 1753 2237 1810 po-

663 1833 913 1898 stulavit,
971 1833 1343 1904 ingentemque
1395 1833 1560 1902 ipsius
1625 1833 1904 1901 praesentia
1958 1831 2234 1888 utilitatem

662 1923 835 1978 affert.
873 1923 1040 1979 Velim
1084 1926 1241 1994 igitur
1281 1939 1372 1980 eas
1397 1926 1679 1995 diligenter
1699 1940 1872 1992 cures,
1911 1934 1968 1980 ut
1991 1925 2092 1980 nisi
2120 1941 2238 1996 pre-

657 2015 842 2086 sbyter
891 2015 1158 2070 llelladins
1205 2015 1324 2071 istic
1367 2016 1455 2082 sit,
1509 2031 1604 2086 per
1651 2016 1961 2086 prudentem
2001 2015 2234 2088 aliquem

664 2104 832 2159 virum
861 2119 924 2159 ac
947 2106 1166 2162 cerebro
1192 2107 1472 2178 prteditum
1499 2107 1685 2161 amicis
1707 2105 2020 2164 reddantur.

745 2197 828 2250 Ad
862 2199 1086 2253 eamdem
1118 2198 1330 2269 epistola
1353 2197 1406 2252 Χ
1421 2197 1479 2251 ν.
1513 2198 1803 2272 (Arabisso
1829 2212 1968 2253 anno
1991 2197 2143 2270 ιοϐ.)

727 2288 896 2356 Tune,
918 2306 1038 2347 cum
1055 2291 1122 2346 ab
1141 2293 1357 2347 ineunte
1372 2298 1525 2346 nitate
1549 2299 1751 2346 tantum
1769 2289 2112 2362 philosophiae
2122 2305 2237 2361 spo-

659 2380 829 2434 cimen
847 2381 1076 2447 dederis,
1102 2381 1492 2451 humanumque
1519 2380 1705 2436 fasmtn
1727 2381 2066 2451 proculcaris,
2081 2396 2232 2452 spem

658 2471 889 2528 habebas
905 2472 1017 2529 fore
1045 2483 1102 2529 ut
1119 2474 1451 2544 tranquillam
1468 2488 1532 2528 ac
1553 2482 1788 2543 pacatam
1809 2475 1968 2528 vitam
1984 2473 2233 2530 duceres?

654 2562 756 2630 Qui
773 2578 900 2620 vero
921 2563 974 2619 id
995 2563 1107 2620 fieri
1121 2565 1324 2634 posset?
1333 2563 1464 2620 Nam
1480 2579 1600 2620 cum
1620 2564 1860 2620 homines
1874 2577 1994 2619 cum
2012 2564 2234 2620 homini-

656 2656 754 2712 bus
777 2657 1151 2722 collnaantes,
1182 2657 1485 2714 innumeras
1513 2666 1622 2712 tum
1652 2657 1703 2713 in
1736 2657 1996 2728 palaestris
2035 2666 2146 2714 tum
2177 2659 2230 2714 in

657 2749 804 2805 bellis
831 2749 1012 2821 plagas
1035 2752 1292 2822 accipiant
1321 2771 1334 2808 :
1363 2761 1439 2815 tu,
1466 2767 1585 2824 qum
1614 2752 1868 2808 adversus
1904 2752 2229 2822 principatus

651 2853 706 2897 et
746 2852 1055 2913 potestates,
1099 2844 1354 2899 adversus
1382 2844 1564 2900 mundi
1609 2853 1846 2900 rectores
1889 2845 2225 2900 tenebrarum

645 2933 808 3002 hujus
845 2934 1044 3002 saeculi,
1083 2933 1336 2990 adversus
1361 2935 1651 3005 spiritualia
1681 2935 1928 3006 nequitiae
1959 2945 2012 2992 te
2045 2936 2226 2992 accin-

653 3025 774 3080 xisti
810 3024 1025 3097 (Ephes.
1053 3025 1105 3082 6.
1139 3025 1250 3097 12),
1297 3034 1350 3082 et
1387 3027 1598 3098 quidem
1644 3028 1714 3082 ita
1760 3037 1998 3094 strenue,
2045 3036 2227 3098 totque

650 3127 849 3188 tropaea
879 3119 1116 3186 erexisti,
1143 3134 1205 3174 ac
1231 3120 1504 3176 tot-modis
1534 3120 1768 3175 ferocem
1802 3119 1948 3174 illum
1975 3127 2030 3175 et
2064 3120 2227 3191 pesti-

644 3211 820 3266 lterum
847 3210 1140 3268 daemonem
1185 3212 1427 3269 molestia
1456 3212 1708 3276 alfecisli.
1752 3213 1892 3269 unde
1931 3212 2142 3268 tandem
2171 3215 2224 3269 in

649 3317 766 3358 eam
793 3318 940 3373 spem
955 3318 1203 3370 veneras,
1227 3303 1341 3359 fere
1370 3315 1424 3359 ut
1443 3304 1781 3375 tranquillam
1803 3319 1865 3360 ac
1890 3305 2221 3378 negatiorum

650 3394 906 3452 molestiis
929 3409 1147 3450 vacuam
1171 3397 1330 3451 vitam
1356 3398 1580 3468 ageres?
1607 3395 1866 3464 Quocirca
1892 3411 2000 3452 non
2033 3411 2099 3453 eo
2124 3413 2221 3452 no-

643 3487 796 3544 mine
836 3488 1127 3560 perturbari
1152 3492 1416 3556 convenit,
1446 3491 1587 3560 quod
1619 3491 1782 3545 multa
1803 3489 2032 3561 undique
2056 3490 2219 3557 bella,

647 3569 903 3651 multique
939 3580 1192 3636 tumultus
1237 3595 1300 3636 ac
1329 3582 1752 3652 perturbationes
1793 3583 2220 3653 oriantur:quin

649 3671 844 3739 pctius,
889 3670 937 3726 si
981 3671 1112 3726 nihil
1143 3672 1331 3726 hormn
1361 3673 1702 3744 contigiSset,
1736 3682 1845 3728 tum
1871 3672 2083 3730 demum
2109 3684 2222 3729 erat

649 3775 747 3817 cur
773 3762 1062 3818 mirareris.
1107 3763 1379 3834 Siquidem
1423 3765 1602 3819 virtuti
1647 3763 1798 3820 labor
1824 3779 1900 3820 ac
1933 3764 2219 3820 discrimen

646 3851 907 3908 adnexum
933 3863 1032 3909 est.
1057 3854 1217 3925 quue
1239 3866 1292 3908 tu
1322 3855 1465 3923 prius
1485 3857 1664 3922 etiam,
1696 3870 1852 3925 quam
1873 3865 2083 3911 nostras
2107 3855 2222 3911 lite-

646 3958 734 4000 ras
761 3945 920 4014 legas,
947 3955 1278 4015 perspectum
1311 3946 1493 4012 habes,
1527 3962 1624 4002 nec
1649 3961 1782 4017 opus
1811 3958 1895 4002 est
1920 3957 1976 4002 ut
2003 3947 2071 4002 ab
2105 3948 2222 4002 aliis

643 4037 855 4092 discas:
883 4051 1002 4090 nam
1032 4052 1130 4093 nec
1159 4036 1279 4107 ipsi,
1316 4039 1730 4109 utgnorantem
1769 4037 2076 4105 doceamus,
2108 4037 2222 4094 haec

644 4127 946 4183 scribimus.
994 4126 1202 4183 Scimus
1242 4127 1406 4195 enim,
1456 4143 1558 4184 nec
1604 4128 1870 4195 exsilium,
1918 4144 2019 4185 nec
2059 4142 2218 4199 opmn

641 4220 920 4291 iacturam,
965 4219 1105 4290 quod
1149 4220 1386 4290 plerique
1437 4220 1823 4276 intolerandum
1853 4221 2079 4290 ducunt,
2112 4236 2216 4277 non

643 4311 1039 4377 contumeliam,
1081 4327 1185 4367 non
1228 4311 1385 4367 aliam
1417 4313 1576 4369 ullam
1607 4313 1909 4384 hujusmodi
1943 4315 2218 4370 calamita-

645 4415 752 4459 tem
800 4413 854 4458 te
890 4405 1196 4473 perturbare
1225 4419 1401 4476 posse.
1430 4404 1560 4460 Nam
1589 4421 1710 4461 cum
1739 4421 1953 4473 eorum,
1986 4407 2074 4478 qui
2106 4406 2218 4462 lucc

647 4495 997 4565 pertulerunt,
1021 4499 1151 4554 socii
1177 4497 1317 4553 beati
1342 4499 1713 4568 prmdicentur,
1742 4502 1912 4556 multo
1937 4511 2082 4556 certe
2102 4501 2220 4557 bea-

645 4589 814 4643 tiores
835 4588 1073 4659 suntqui
1102 4589 1153 4643 in
1180 4589 1245 4644 iis
1269 4599 1568 4645 versantur.
1597 4590 1778 4661 anue
1805 4590 1874 4646 de
1901 4605 2059 4647 causa
2083 4591 2219 4647 Pau-

643 4681 726 4736 lus
758 4688 981 4750 utroque
1005 4681 1217 4738 nomine
1255 4695 1350 4739 eos
1385 4683 1474 4754 qui
1501 4682 1570 4738 ab
1595 4682 1937 4740 llebrmorum
1964 4685 2218 4756 religione

641 4770 709 4825 ad
736 4769 1090 4827 Christianam
1126 4771 1284 4830 ﬁdem
1310 4789 1370 4830 se
1397 4775 1752 4842 contulerant,
1782 4775 1865 4831 his
1898 4778 2074 4834 verbis
2101 4778 2216 4834 lau-

641 4863 731 4918 dat
757 4880 771 4918 :
809 4862 1234 4921 Rememoramini
1257 4868 1493 4937 pristinos
1515 4867 1641 4934 dies,
1669 4868 1723 4922 in
1741 4869 1916 4938 quibus
1947 4870 2221 4924 illuminati

642 4973 881 5027 magnum
903 4969 1155 5013 certamen
1176 4961 1485 5016 sustinuistis
1511 4962 1816 5030 passionum,
1844 4963 1898 5017 in
1921 4961 2078 5017 altero
2105 4965 2219 5032 qui-

644 5044 759 5100 dem
787 5048 1066 5116 opprobriis
1089 5064 1150 5102 ac
1177 5049 1582 5104 tribulationibus
1613 5053 1957 5121 spectaculum
1993 5055 2135 5124 facti,
2164 5055 2218 5108 in

645 5136 805 5190 altera
845 5147 1011 5190 autem
1039 5141 1160 5193 socii
1205 5141 1369 5195 (aliter
1410 5143 1807 5196 conversantium
1840 5143 2002 5212 eﬂ'ecti
2031 5143 2214 5216 (Hebr.

645 5228 732 5286 10.
765 5227 852 5286 52.
882 5230 995 5301 33).
1026 5230 1106 5286 Ob
1131 5231 1288 5304 idque
1317 5248 1384 5288 ne
1410 5248 1507 5290 nos
1532 5234 1746 5306 quidem
1784 5234 1993 5306 longam
2021 5237 2220 5308 episto-

645 5319 749 5375 lam
795 5320 1098 5397 condimus.
1144 5321 1312 5379 Nemo
1351 5325 1494 5380 enim
1543 5325 1611 5381 ad
1657 5341 1778 5382 eum
1823 5329 1911 5398 qui
1942 5329 2216 5385 victoriam

642 5411 864 5482 adeptus
907 5424 1008 5478 est,
1036 5427 1099 5468 ac
1126 5414 1450 5471 luculentum
1477 5427 1735 5488 tropmum
1767 5420 1968 5487 statuit,
1992 5422 2217 5489 accedit,

645 5510 700 5558 ut
721 5516 876 5573 opem
903 5502 1056 5569 ferat,
1083 5504 1175 5561 sed
1206 5514 1262 5561 ut
1284 5506 1495 5563 laudem
1523 5518 1578 5563 et
1603 5508 2052 5579 praedicationem.
2076 5511 2221 5581 Quo-

705 5639 724 5670 ⁸
757 5641 830 5689 sic
851 5647 955 5690 Mss.
974 5651 1176 5700 omnes;
1200 5641 1336 5700 Editl,
1370 5640 1547 5692 hortati
1578 5648 1704 5694 sunt.
1730 5650 1903 5694 Veram
1928 5660 2039 5698 esse
2061 5655 2221 5700 uanu-

643 5701 924 5774 scriptorum
961 5701 1221 5774 lectionem
1257 5710 1392 5774 patet
1435 5715 1504 5773 ex
1545 5707 1707 5774 serie:
1735 5706 2009 5768 Epistoiam,
2046 5712 2217 5774 inquit,

644 5773 797 5810 meum
819 5765 910 5831 ipsi
930 5765 1022 5812 cito
1061 5765 1246 5836 mittito,
1277 5765 1392 5829 quia
1422 5765 1476 5814 in
1519 5777 1577 5816 ea
1614 5765 1828 5819 hortatus
1859 5783 1967 5821 sum
2001 5765 2131 5836 m;
2168 5765 2218 5826 ut

643 5824 992 5888 quampt'unnm
1016 5824 1195 5876 redeat.

1456 397 1514 454 s.
1552 396 1829 454 manus
1887 383 2352 449 cunvsosront
2392 389 2708 450 ARClllEP.
2746 355 3282 454 consumimur.

3838 386 3956 448 σεο

2364 502 2504 558 niam
2548 504 2709 575 igitur
2754 520 2852 561 nos
2891 520 3100 577 quoque
3143 506 3340 562 scimus
3366 515 3620 576 quantam
3651 505 3706 562 in
3729 505 3797 563 iis
3820 520 3954 576 qua:

2360 591 2453 648 tibi
2493 593 2820 664 acciderunt,
2850 595 3239 668 philosophiam
3279 596 3604 662 esbibueris,
3637 597 3850 654 beatam
3892 608 3952 652 te

2356 683 2599 741 ducimus
2641 700 2705 742 ac
2742 688 3079 758 suspicimus,
3132 697 3242 760 tum
3271 689 3341 746 ob
3370 689 3699 758 patientiam,
3728 695 3842 744 tum
3866 687 3950 744 ob

2357 776 2569 845 praemia
2599 791 2719 848 qua
2740 778 2864 834 hinc
2885 779 2978 834 tibi
3001 781 3053 834 in
3089 771 3359 850 mimi
3390 779 3771 836 reconduntur.
3802 779 3947 849 Quia

2353 878 2530 924 autem
2576 873 2687 926 scio
2733 881 2784 926 te
2828 871 2897 926 de
2944 888 3118 928 rerum
3147 882 3446 929 nostrarum
3483 882 3622 929 statu
3650 874 3946 930 certiorem

2355 959 2466 1016 fieri
2497 976 2728 1029 cupere;
2771 963 3030 1033 siquidem
3063 964 3150 1019 diu
3195 965 3333 1021 tacui
3361 983 3374 1020 :
3408 964 3510 1022 hoc
3532 965 3748 1033 habeto,
3776 979 3881 1020 nos
3911 980 3946 1019 e

2351 1053 2661 1121 gravissimo
2687 1053 2902 1124 quidem
2932 1055 3121 1111 morbo
3148 1055 3456 1124 emersisse,
3479 1065 3730 1112 cmternm
3758 1056 3942 1112 morbi

2351 1145 2601 1215 reliquias
2641 1148 2931 1202 etiamnum
2967 1149 3329 1206 circtunferre.
3359 1149 3601 1220 Optimos
3638 1157 3787 1206 certe
3814 1163 3944 1204 tne-

2347 1235 2496 1292 dicos
2543 1250 2740 1316 prmio
2780 1240 3037 1296 habemus
3077 1257 3092 1295 :
3145 1240 3239 1296 sed
3283 1241 3704 1298 necessariarum
3746 1251 3938 1296 rerum

2349 1327 2524 1397 inopia
2551 1330 2829 1387 medicina:
2869 1330 3146 1388 utilitatem
3186 1330 3485 1387 labefactat.
3516 1331 3614 1387 Hic
3639 1332 3790 1390 enini
3822 1348 3938 1385 non

2347 1418 2506 1475 itinde
2548 1422 2970 1478 necessariorum
3018 1423 3531 1478 medicamentorum
3573 1421 3938 1492 periuri“,

2344 1521 2766 1585 ceterarumque
2812 1530 2990 1571 rerum
3036 1516 3228 1586 quibus
3259 1529 3458 1586 aegrum
3486 1529 3682 1586 corpus
3701 1514 3936 1571 relatari

2345 1613 2539 1673 potest,
2570 1620 2753 1660 verum
2779 1607 2938 1663 etiam
2965 1606 3132 1663 fames
3154 1622 3218 1662 ac
3235 1607 3401 1678 pestis
3429 1606 3728 1662 imminent.
3754 1607 3938 1674 Atque

2345 1695 2459 1750 hac
2487 1695 2624 1752 mala
2655 1705 2944 1768 perpetuus
2973 1699 3239 1754 latronum
3269 1699 3498 1770 impetus
3534 1698 3645 1769 jam
3677 1697 3931 1769 parturit,

2341 1788 2431 1858 qui
2472 1804 2631 1858 quam
2663 1790 2972 1861 longissime
3011 1803 3336 1864 grassantes,
3363 1801 3524 1864 atque
3548 1806 3739 1847 omnes
3774 1793 3939 1848 undi-

2339 1895 2444 1950 que
2471 1882 2583 1936 vias
2609 1881 3044 1948 intercludentes,
3076 1885 3198 1940 hinc
3223 1899 3434 1955 quoque
3457 1899 3561 1940 non
3589 1899 3812 1955 parvum
3838 1885 3931 1950 iis,

2337 1969 2428 2040 qui
2450 1970 2553 2028 iter
2574 1971 2794 2042 faciunt,
2835 1975 3128 2045 periculum
3165 1987 3369 2032 creant.
3399 1974 3540 2033 Sane
3563 1976 3931 2041 Andronicus,

2338 2072 2397 2118 ut
2437 2063 2552 2135 ipse
2595 2066 2689 2133 ait,
2720 2067 2776 2122 in
2801 2081 2989 2123 eorum
3031 2081 3222 2123 manus
3266 2067 3470 2134 incidit,
3509 2078 3674 2139 atque
3701 2067 3770 2124 ab
3796 2068 3933 2138 ipsis

2336 2156 2717 2228 dispoliatus‘,
2765 2158 2844 2215 ita
2868 2160 3046 2216 salvus
3087 2161 3279 2217 evasit.
3303 2160 3662 2230 Quamobrem
3687 2171 3742 2217 te
3771 2174 3927 2231 rogo,

2338 2263 2408 2305 ne
2430 2264 2586 2320 quem
2615 2249 2834 2320 posthac
2861 2251 2966 2308 huc
2989 2253 3190 2308 mittas.
3223 2252 3316 2308 Est
3343 2254 3488 2309 enim
3509 2251 3827 2320 verendum,
3857 2268 3929 2308 ne

2337 2340 2683 2410 profectionis
2721 2343 2789 2399 ad
2837 2359 2935 2402 nos
2961 2359 3120 2401 causa
3161 2345 3230 2410 ei,
3273 2347 3362 2417 qui
3404 2347 3508 2402 iter
3545 2345 3647 2400 hoc
3675 2345 3921 2416 suscipit,

2338 2445 2523 2487 necem
2568 2438 2828 2490 accersat.
2860 2435 3012 2503 Quod
3041 2437 3087 2492 si
3115 2435 3343 2502 accidat,
3373 2451 3477 2492 non
3508 2446 3560 2492 te
3597 2435 3730 2507 fugit
3754 2451 3927 2508 quan-

2338 2530 2446 2577 tum
2473 2522 2711 2580 dolorem
2757 2525 2810 2582 id
2856 2526 3010 2582 nobis
3037 2525 3320 2582 allaturum
3343 2527 3432 2581 sit.
3467 2525 3664 2582 Verum
3689 2527 3737 2582 si
3759 2542 3924 2597 quem

2333 2623 2584 2682 spectata:
2623 2614 2744 2671 fidei
2786 2615 3058 2672 hominem
3097 2617 3440 2680 nanciscaris,
3469 2616 3560 2688 qui
3599 2615 3669 2672 ob
3697 2616 3802 2670 alia
3826 2632 3924 2671 ne-

2329 2706 2475 2774 gotia
2519 2705 2624 2763 huc
2661 2722 2722 2764 se
2757 2707 3014 2773 conferat,
3057 2722 3155 2778 per
3185 2723 3330 2775 eum,
3370 2723 3476 2779 quo
3503 2716 3644 2764 statu
3668 2708 3924 2764 valetudo

2323 2796 2422 2854 Ilia
2464 2799 2566 2866 sit,
2607 2798 2690 2856 fac
2727 2801 2911 2856 sciam.
2958 2800 3211 2857 Privatim
3255 2808 3432 2856 autem
3457 2814 3521 2856 ac
3548 2810 3748 2856 nostra
3771 2800 3922 2856 utili-

2333 2893 2454 2964 tatis
2496 2908 2654 2949 causa
2685 2910 2844 2952 nemo
2871 2895 2974 2952 huc
3016 2898 3192 2953 veniat
3212 2939 3226 2959 ,
3258 2895 3328 2952 ob
3357 2911 3478 2952 eum
3499 2910 3656 2968 quem
3685 2894 3923 2962 dixit“:

2329 2993 2550 3040 metunt.

2435 3077 2517 3132 Ad
2541 3080 2765 3134 canitiem
2793 3080 3004 3148 epistola
3034 3079 3085 3134 X
3099 3079 3194 3135 VI.
3224 3080 3456 3150 (Cucuso
3485 3095 3627 3137 anno
3653 3080 3810 3153 ωε.)

2404 3168 2538 3225 Deus
2569 3187 2658 3240 per
2687 3171 2802 3224 tatur
2826 3184 2872 3225 et
2900 3175 3110 3226 adversa
3147 3174 3343 3242 piorum
3379 3175 3530 3227 vitam
3565 3173 3921 3244 gubernat.—

2331 3260 2623 3331 Utrumque
2667 3262 2947 3319 ineﬂ‘ahilis
3006 3263 3100 3319 Dei
3155 3265 3497 3334 benignitatis
3538 3275 3916 3332 argumentum

2327 3364 2447 3420 est;
2476 3369 2666 3424 nempe
2695 3355 2836 3425 quod
2868 3367 2922 3410 et
2951 3363 3028 3410 tot
3059 3356 3148 3411 tibi
3177 3364 3454 3426 mittasque
3480 3357 3802 3412 tentationes
3829 3358 3918 3412 in-

2328 3446 2448 3500 ferri
2489 3448 2777 3516 permittit,
2813 3462 2918 3516 quo
2944 3447 3347 3517 splendidiores
3372 3460 3601 3502 coronas
3635 3446 3914 3512 obtineas,

2327 3548 2381 3592 et
2409 3539 2798 3608 quamprimum
2829 3540 2909 3593 his
2931 3548 2983 3594 te
3013 3539 3221 3602 liberat,
3256 3554 3324 3594 ne
3350 3539 3610 3593 illatarum
3637 3538 3919 3594 Calamila-

2329 3641 2437 3683 tum
2467 3629 2811 3685 diuturnitate
2854 3645 3063 3686 rursum
3107 3629 3550 3700 opprimaris.-Ad
3591 3629 3732 3685 hunc
3764 3631 3914 3686 enim

2327 3722 2539 3777 modum
2571 3721 2709 3778 Deus
2731 3719 2947 3778 fortium
2977 3722 3137 3779 etiam
3169 3723 3380 3776 illorum
3409 3722 3665 3786 virorum,
3701 3721 3803 3776 hoc
3826 3734 3916 3775 est

2325 3811 2685 3881 apostolorum
2714 3821 2770 3868 et
2797 3813 3173 3884 prophetarum
3202 3812 3364 3866 vitam
3394 3812 3738 3882 gubernarit,
3764 3826 3916 3868 nunc

2328 3903 2520 3958 fluctus
2557 3903 2775 3960 excitari
2804 3904 2986 3960 sinens
3007 3946 3020 3969 ,
3051 3919 3192 3970 nunc
3216 3912 3394 3960 autem
3435 3903 3782 3960 adversarum
3817 3919 3914 3958 re-

2327 4010 2443 4049 rum
2468 4010 2614 4050 mare
2639 3994 2941 4065 increpans,
2965 4011 3026 4052 ac
3050 4010 3243 4050 smvam
3270 4005 3634 4066 tempestatem
3657 3996 3712 4050 in
3733 4009 3912 4052 amoe-

2325 4100 2446 4140 nam
2495 4087 2927 4156 tranquillitatem
2970 4097 3311 4142 convertens.
3347 4087 3510 4158 Igitur
3551 4088 3677 4142 llere
3716 4100 3781 4142 ac
3825 4098 3916 4142 te-

2325 4180 2490 4244 ipsam
2512 4191 2743 4234 maerore
2762 4176 3027 4234 conﬁcere
3045 4177 3250 4242 desine,
3273 4191 3372 4234 nec
3390 4177 3667 4234 dumtaxat
3689 4178 3912 4234 crebras

2322 4285 2431 4335 eas,
2463 4271 2572 4325 imo
2611 4281 2894 4342 perpetuas
2922 4271 3241 4328 acerbitates
3271 4313 3288 4336 ,
3314 4286 3434 4342 qum
3457 4271 3553 4326 tibi
3585 4269 3911 4339 inferuntur,

2322 4370 2446 4416 ante
2487 4362 2674 4417 oculos
2711 4362 2804 4417 tibi
2846 4377 3117 4434 propone,
3149 4377 3330 4417 verum
3370 4363 3528 4418 etiam
3569 4361 3909 4417 celerrimasu

2323 4467 2506 4506 carum
2550 4451 2914 4521 depulsionem
2944 4494 2959 4518 ,
3003 4466 3228 4522 eamque
3273 4467 3392 4522 quae
3431 4451 3553 4506 hinc
3579 4451 3673 4508 tibi
3704 4452 3913 4522 paritur

2323 4543 2464 4596 omni
2505 4543 2746 4598 oratione
2777 4544 3195 4613 praestantiorem
3240 4542 3744 4598 remunerationem.
3772 4540 3910 4597 Nam

2323 4637 2463 4704 quod
2491 4651 2698 4691 aranea:
2729 4636 2854 4702 tela,
2881 4647 2933 4690 ct
2962 4636 3170 4700 umbra,
3202 4643 3258 4690 et
3285 4636 3459 4690 fumus
3485 4645 3587 4698 est,
3616 4644 3672 4690 et
3699 4633 3744 4690 si
3777 4635 3909 4704 quid

2324 4728 2407 4782 his
2446 4727 2601 4783 vilius
2629 4725 2754 4799 fingi
2791 4735 3013 4800 potest,
3043 4726 3144 4783 hoc
3184 4736 3310 4784 sunt
3348 4737 3534 4783 Omnes
3564 4727 3655 4782 tibi
3694 4725 3910 4783 inflicta

2321 4817 2636 4874 acerbitates
2655 4860 2670 4884 ,
2698 4819 2742 4873 si
2769 4832 2890 4874 eum
2919 4819 2984 4874 iis
3014 4818 3244 4888 praemiis
3273 4817 3613 4874 conferantur
3632 4833 3753 4888 quae
3783 4817 3911 4873 hinc

2324 4911 2415 4964 tibi
2447 4910 2722 4965 tribuenda
2766 4919 2910 4966 sunt.
2949 4909 3086 4978 Quid
3131 4909 3272 4966 enim
3309 4919 3393 4966 est
3421 4910 3638 4967 civitate
3668 4910 3822 4981 pelli,
3854 4922 3909 4966 et

2322 5022 2385 5057 ex
2415 5005 2530 5057 aliis
2562 5005 2692 5060 locis
2719 5005 2771 5060 in
2799 5005 2898 5058 alia
2929 5005 3156 5061 subinde
3191 5006 3448 5076 migrare,
3475 5014 3635 5076 atque
3669 5003 3909 5077 undique

2322 5099 2577 5168 exagitari
2608 5107 2660 5152 et
2687 5097 2970 5167 proscribi,
2997 5108 3050 5154 et
3076 5096 3142 5153 ad
3171 5096 3451 5153 tribunalia
3481 5097 3639 5164 trahi,
3668 5107 3725 5154 et
3747 5114 3777 5151 a
3803 5099 3908 5156 mi-

2323 5188 2336 5241 l
2364 5188 2503 5243 tibus
2525 5188 2747 5259 raptari,
2768 5197 2822 5244 et
2847 5189 2913 5244 ab
2935 5190 2999 5245 iis
3025 5189 3113 5260 qui
3136 5189 3407 5245 sexcentis
3432 5188 3704 5244 beneficiis
3725 5189 3906 5245 affecti

2324 5281 2552 5346 fuerint,
2585 5283 2850 5338 contraria
2881 5297 3020 5337 nunc
3046 5283 3285 5352 perpeti,
3315 5289 3472 5352 atque
3499 5291 3609 5335 tum
3633 5294 3665 5334 a
3691 5279 3909 5337 famulis

2318 5384 2434 5428 tum
2462 5389 2492 5427 a
2521 5374 2704 5428 liberis
2731 5374 2908 5428 vexari
2934 5413 2950 5438 ,
2982 5388 3103 5428 cum
3143 5371 3337 5428 horum
3385 5373 3661 5442 praemium
3710 5371 3907 5428 celum

2322 5464 2418 5528 sit,
2442 5471 2496 5518 et
2524 5463 2803 5534 purissima
2825 5464 2911 5518 illa
2938 5463 3094 5529 bona,
3123 5478 3243 5534 quas
3264 5477 3364 5520 nec
3389 5462 3568 5518 verbis
3590 5461 3712 5517 ullis
3733 5462 3910 5534 expli-

2322 5555 2430 5611 Cari
2460 5562 2694 5627 queunt,
2726 5570 2824 5611 nec
2855 5556 3012 5610 linem
3051 5555 3283 5623 habent,
3320 5570 3506 5612 verum
3545 5553 3910 5610 immortalem

2387 5715 2402 5745 ί
2440 5712 2573 5761 Prius
2598 5711 2733 5768 editi,
2773 5717 2912 5772 atque
2950 5713 3234 5772 extricatns,
3260 5711 3360 5771 vel,
3385 5710 3628 5763 dimissus.
3652 5718 3759 5762 Duo
3776 5717 3909 5774 κει,

2323 5784 2464 5837 atque
2487 5774 2547 5822 ob
2563 5774 2680 5835 ipsis
2704 5775 2986 5834 dtspoliatns
3008 5789 3024 5832 ;
3051 5783 3102 5825 et
3141 5776 3263 5824 hanc
3283 5789 3378 5825 non
3413 5776 3584 5825 dubito
3604 5787 3772 5837 veram
3793 5787 3910 5827 csso

2327 5836 2599 5914 lectionem.
2627 5836 2709 5887 llic
2729 5837 2910 5902 quippe
2935 5851 3036 5888 mos
3060 5847 3135 5888 est
3159 5838 3412 5899 latronum,
3437 5838 3605 5889 obvios
3623 5836 3862 5901 sinuare.
