4172 6496
248 437 346 492 σοξι

237 552 469 605 fructum
514 560 677 620 atque
721 549 1134 606 oblectationem
1181 546 1454 618 praebent?
1477 542 1833 610 Quamobrem

238 639 486 706 insidias,
518 640 847 706 vexationes,
878 656 1040 711 opum
1064 639 1347 710 jacturam,
1380 637 1660 692 continuas
1686 633 1835 687 loco-

235 746 364 787 tum
395 732 749 798 mutationes,
778 741 939 804 atque
977 731 1031 787 in
1061 739 1245 786 extera
1277 729 1494 800 regione
1529 739 1836 782 commora-

235 824 443 878 tionem
467 824 812 880 considerare
837 823 1148 894 supersede,
1179 831 1338 894 atque
1369 821 1485 876 haec
1511 821 1622 874 luto
1649 818 1836 888 quovis

235 914 402 970 vilius
432 915 766 985 proculcans,
794 929 888 971 eos
914 915 1198 972 thesauros
1227 913 1319 985 qui
1351 913 1475 966 hinc
1501 911 1594 966 tibi
1623 910 1676 964 in
1701 907 1836 964 calo

232 1015 515 1072 creantur,
546 1015 915 1078 quzestumque
954 1006 1048 1077 qui
1085 1004 1354 1061 exhauriri
1384 1013 1439 1058 et
1463 1001 1708 1058 consumi
1737 1014 1833 1054 ne-

232 1098 391 1167 quit,
416 1109 576 1169 atque
602 1114 732 1170 opes
759 1099 827 1156 ab
855 1099 1000 1154 omni
1028 1097 1338 1168 praedonum
1369 1096 1560 1165 injuria
1603 1102 1742 1148 tutas
1780 1100 1835 1147 et

235 1188 511 1246 immunes
551 1191 732 1247 animo
761 1190 1051 1262 perpende.
1079 1194 1149 1245 At
1175 1204 1369 1260 corpus
1397 1199 1544 1244 tuum
1574 1187 1643 1242 ob
1683 1185 1832 1241 labo-

237 1293 333 1333 res
358 1289 412 1336 et
425 1297 700 1338 aerumnas
730 1284 868 1339 male
896 1282 1144 1338 affectum
1173 1291 1254 1338 est
1278 1323 1294 1348 ,
1333 1281 1670 1349 hostiumque
1699 1277 1832 1332 insi-

233 1371 347 1426 dia:
373 1375 617 1430 morbum
643 1375 1016 1432 adduxerunt?
1042 1372 1306 1429 Nimirum
1339 1371 1570 1442 ingentis
1610 1369 1832 1423 alterius

234 1477 404 1536 atque
431 1467 711 1523 inell‘abilis
734 1479 972 1540 quaestus
1001 1467 1279 1522 materiam
1309 1466 1438 1520 mihi
1465 1478 1649 1520 rursus
1679 1476 1832 1517 com-

236 1573 530 1614 memoras.
577 1559 692 1616 Scis
734 1560 876 1616 enim
899 1602 913 1625 ,
944 1560 1080 1624 scis,
1110 1559 1356 1628 inquam,
1387 1557 1577 1625 plane,
1619 1563 1832 1624 quanta:

237 1646 418 1703 laudis
461 1649 572 1717 sit,
618 1651 863 1720 corporis
902 1651 1147 1705 morbum
1176 1663 1438 1720 generoso
1467 1650 1646 1701 animo
1674 1653 1834 1714 atque

235 1756 367 1796 cum
395 1744 686 1813 gratiarum
717 1744 927 1800 actione
950 1741 1110 1799 ferre.
1141 1743 1282 1807 lloe,
1308 1752 1366 1796 ut
1391 1756 1534 1810 stepe
1557 1740 1701 1804 dixi,
1733 1738 1834 1793 La-

237 1849 370 1887 zaro
397 1849 652 1889 coronam
695 1837 872 1891 attulit
905 1853 918 1890 :
951 1835 1054 1891 hoc
1084 1836 1135 1890 in
1164 1835 1282 1891 Jobi
1311 1834 1694 1890 ceruuninibus
1718 1831 1833 1886 dia-

234 1924 419 1978 bolum
453 1926 739 1996 ignominia
780 1927 990 1992 affecit,
1040 1927 1375 1998 pugilemque
1421 1925 1492 1980 ob
1529 1923 1831 1994 hujusmodi

236 2017 548 2084 patientiam
576 2019 858 2074 clariorem
890 2019 1140 2074 reddidit.
1171 2018 1284 2073 lloc
1311 2017 1480 2086 magis
1505 2032 1661 2087 quam
1697 2030 1828 2085 pau-

236 2109 468 2175 perlatis
502 2123 674 2175 amor,
707 2124 869 2179 eputn
908 2111 1269 2180 contemptio,
1309 2124 1372 2164 ac
1415 2108 1693 2176 repentina
1737 2104 1828 2160 illa

236 2200 470 2254 ﬁliorum
499 2201 736 2269 amissio,
764 2213 818 2258 et
844 2213 1112 2257 sexcenta:
1138 2202 1365 2268 insidiae,
1394 2201 1565 2270 ipsum
1594 2197 1747 2253 laude
1768 2212 1831 2253 ac

238 2291 620 2359 praedicatione
670 2294 890 2362 extulit,
917 2305 1076 2364 atque
1107 2295 1389 2364 impudens
1426 2293 1658 2362 perversi
1692 2291 1831 2345 illius

232 2379 496 2438 dmmonis
526 2399 588 2439 os
613 2384 864 2454 perfacile
893 2386 1177 2443 obstruxit.
1209 2387 1332 2442 llaec
1363 2388 1522 2458 igitur
1559 2388 1669 2456 ipsa
1697 2398 1830 2454 quo-

233 2490 343 2542 que
387 2485 644 2545 perpetuo
689 2476 860 2531 tecum
908 2489 1158 2548 reputans
1183 2520 1198 2543 ,
1241 2480 1412 2549 gaude
1443 2487 1496 2533 et
1534 2477 1825 2543 oblectare,

231 2566 380 2634 quod
412 2568 643 2624 maxime
672 2571 968 2625 certamine
991 2571 1270 2640 perfuncta
1296 2572 1395 2638 sis,
1421 2581 1579 2642 atque
1607 2571 1657 2626 id
1685 2571 1826 2641 quod

236 2660 590 2714 tentationum
619 2669 776 2729 caput
798 2671 899 2726 est,
931 2660 1015 2717 fac
1039 2662 1248 2732 placido
1269 2664 1448 2717 animo
1471 2661 1631 2726 feras,
1653 2677 1828 2733 eoque

232 2753 456 2809 nomine
482 2753 697 2825 benigni
719 2755 814 2810 Dei
837 2755 1058 2826 gloriam
1087 2757 1368 2827 praedices,
1391 2757 1481 2827 qui
1506 2772 1626 2810 cum
1648 2743 1826 2811 omtﬂa

227 2845 413 2901 subito
459 2847 638 2904 delere
677 2864 740 2904 ac
781 2850 848 2905 de
885 2850 1062 2906 medio
1103 2851 1289 2906 tollere
1326 2859 1522 2921 queat,
1553 2865 1614 2904 ea
1647 2859 1826 2905 tamen

228 2937 364 2992 oriri
412 2938 573 3006 sinit,
621 2951 679 2994 ut
716 2939 810 2995 tibi
854 2941 1077 3010 pulcher
1103 2941 1191 2998 hic
1220 2952 1456 3012 qumstus
1497 2943 1828 3015 splendidior

229 3027 476 3084 exsistat.
505 3028 585 3085 Ob
610 3029 768 3102 idque
810 3031 1020 3087 beatam
1069 3043 1119 3088 te
1164 3033 1456 3103 praedicare
1495 3035 1712 3090 minime
1738 3034 1824 3089 iu-

229 3121 602 3177 termittimus.
633 3122 769 3178 Illud
799 3134 976 3179 autem
1004 3124 1157 3181 nobis
1177 3127 1431 3196 voluptati
1463 3126 1578 3192 fuit,
1609 3127 1747 3198 quod
1771 3137 1826 3183 et

225 3213 417 3269 litibus
437 3226 488 3269 et
513 3216 759 3286 negotiis,
791 3227 845 3271 ut
874 3226 926 3273 te
954 3218 1170 3288 dignum
1201 3229 1338 3283 erat,
1372 3219 1641 3286 defuncta,
1675 3221 1824 3290 ejus-

224 3307 377 3361 modi
413 3309 489 3363 rei
521 3307 678 3363 ﬁnem
709 3310 1060 3379 imposueris,
1092 3319 1149 3366 ut
1174 3326 1274 3367 nec
1301 3327 1364 3367 ea
1393 3313 1580 3382 ignave
1607 3314 1823 3383 abjece-

224 3402 309 3456 ris
335 3442 348 3464 ,
384 3416 482 3456 nec
529 3416 738 3457 rursum
768 3404 1050 3460 retinueris
1073 3447 1087 3470 ,
1130 3421 1192 3460 ac
1229 3405 1580 3462 tribunalibus
1605 3448 1618 3471 ,
1653 3408 1822 3479 iisque

222 3510 352 3565 quae
385 3495 504 3550 hinc
533 3497 778 3551 oriuntur
802 3497 953 3552 malis
980 3499 1204 3568 tcipsam
1234 3500 1597 3565 transﬁxcris;
1637 3516 1822 3556 verum

223 3585 463 3640 medium
495 3588 595 3641 iter
619 3587 856 3659 ingressa
885 3589 961 3645 sis
982 3631 997 3654 ,
1025 3604 1284 3661 eamque,
1326 3607 1444 3661 qua:
1492 3591 1584 3645 tibi
1626 3607 1823 3648 conve-

225 3676 446 3741 niebat,
495 3677 794 3735 libertatem
841 3681 1180 3749 perceperis,
1240 3690 1401 3752 atque
1451 3681 1720 3752 ingentem
1766 3683 1818 3738 in

221 3767 479 3823 omnibus
509 3769 670 3824 rebus
699 3770 1035 3841 prudentiam
1076 3787 1186 3841 pra?
1216 3781 1267 3828 te
1310 3774 1518 3842 tuleris,
1564 3775 1709 3830 edito
1741 3778 1820 3831 vi-

216 3857 423 3912 delicet
471 3868 580 3912 tum
611 3859 882 3929 patientia:
922 3875 986 3916 ac
1033 3864 1355 3928 tolerantize,
1403 3874 1516 3920 tum
1555 3866 1819 3936 ejusmodi

223 3948 548 4019 prudentiae,
579 3965 696 4020 quae
723 3950 998 4008 fraudibus
1025 3953 1392 4011 circumscribi
1413 3957 1619 4028 nequit,
1650 3957 1819 4013 docu-

220 4050 432 4095 mento.

218 4133 310 4186 Ad
337 4133 563 4186 eamdem
591 4135 736 4204 epist.
764 4135 811 4189 X
832 4134 958 4190 VII.
991 4136 1217 4208 (Scripta
1245 4154 1386 4193 anno
1412 4140 1516 4195 404
1549 4141 1632 4196 vel
1662 4141 1813 4215 405.)

297 4221 572 4280 Catamitus
601 4230 706 4294 pios
737 4227 1040 4282 robustiores
1064 4229 1249 4282 reddit.
1271 4261 1343 4272 -—
1362 4230 1503 4286 Nihil
1530 4233 1687 4289 alieni
1712 4236 1728 4266 ¹
1753 4250 1817 4291 ac

221 4315 539 4385 prmposteri
571 4317 621 4371 in
653 4325 703 4372 te
731 4319 974 4389 contigit,
1004 4321 1128 4390 quin
1159 4323 1335 4393 potius
1362 4325 1500 4394 quod
1527 4325 1816 4385 admodum

228 4406 425 4460 talioni
457 4421 872 4464 consentaneum
904 4423 1082 4476 esset,
1118 4430 1309 4483 nempe
1351 4426 1407 4470 ut
1441 4432 1534 4486 per
1571 4420 1814 4478 assiduas

220 4498 548 4553 teutationes
579 4509 693 4554 tuas
719 4501 882 4555 animi
917 4502 989 4556 tui
1022 4506 1196 4558 nervis
1223 4507 1339 4574 plus
1361 4508 1648 4576 ﬁrmitatis,
1675 4511 1816 4581 plus-

218 4605 329 4658 que
371 4589 436 4643 ad
480 4591 758 4647 subeunda
803 4597 1095 4651 certamina
1147 4598 1436 4654 alacritatis
1485 4616 1548 4656 ac
1604 4605 1815 4660 roboris

215 4679 539 4744 accederet,
571 4681 798 4752 hincque
841 4701 1085 4756 magnam
1114 4689 1440 4759 voluptatem
1489 4695 1810 4764 perciperes.

217 4769 354 4823 Nam
405 4770 522 4826 haec
562 4773 875 4830 calamitatis
919 4787 1106 4832 natura
1147 4789 1248 4847 est,
1287 4791 1342 4836 ut
1381 4799 1501 4836 eum
1533 4784 1722 4840 fortem
1753 4801 1815 4841 ac

215 4870 496 4916 strenuam
529 4864 760 4918 animam
795 4876 945 4921 nacta
977 4878 1059 4925 est
1083 4912 1097 4936 ,
1128 4869 1243 4927 hch
1281 4872 1494 4931 efﬁcere
1529 4877 1718 4933 soleat.
1748 4880 1815 4935 Et

214 4952 358 5006 sicut
390 4954 527 5025 ignis
556 4970 741 5011 aurum
773 4960 1046 5028 probatius
1076 4962 1240 5018 efﬁcit
1266 4983 1279 5020 :
1309 4967 1496 5022 eodem
1531 4972 1689 5025 modo
1720 4988 1813 5026 ca-

217 5045 455 5111 lamitas,
486 5047 694 5102 animos
720 5065 912 5106 aureos
941 5053 1180 5120 subiens,
1212 5058 1454 5125 puriorcs
1475 5075 1567 5114 eos
1592 5075 1654 5115 ac
1677 5078 1812 5132 prae-

211 5138 506 5192 stantiores
547 5140 737 5195 reddit.
780 5143 964 5214 quue
1011 5149 1170 5200 etiam
1223 5150 1437 5206 nomine
1485 5152 1679 5209 Paulus
1729 5156 1811 5210 his

212 5227 400 5282 verbis
436 5225 720 5283 utebatur:
753 5229 1029 5288 Tribulatt'o
1067 5239 1361 5304 patientiam
1398 5255 1636 5312 aperatur
1663 5261 1682 5298 :
1712 5264 1809 5316 pa-

213 5317 392 5370 tientia
437 5329 602 5372 autem
641 5323 984 5391 probationem
1022 5327 1212 5397 (Rom.
1245 5333 1298 5386 5.
1327 5334 1379 5387 5.
1409 5335 1503 5404 4).
1547 5337 1809 5402 Quocirca

211 5422 314 5462 nos
341 5424 553 5480 quoque
583 5415 909 5470 exsultamus
934 5432 997 5472 ac
1026 5419 1202 5475 laatitia
1239 5426 1621 5496 perfundimnr,
1651 5440 1810 5500 atque

209 5516 277 5554 ex
314 5501 413 5556 hac
453 5513 536 5557 tua
568 5506 729 5561 animi
759 5511 1122 5579 magnitudine
1152 5519 1440 5574 maximum
1471 5521 1692 5592 hujusce
1715 5541 1807 5581 so-

208 5591 458 5648 litudinis
502 5596 750 5652 solatium
800 5601 1097 5660 haurimus.
1140 5609 1217 5662 Ac
1263 5591 1730 5678 proinde,ictiam
1763 5619 1808 5674 si

207 5685 357 5740 mille
385 5686 488 5756 lupi
521 5703 585 5742 ac
616 5691 762 5746 multi
793 5706 1086 5752 conventus
1118 5700 1548 5770 malignantium“
1565 5714 1616 5761 te
1647 5709 1804 5763 undi-

209 5793 314 5846 que
352 5779 634 5835 obsideant
658 5824 671 5844 ,
702 5785 830 5839 nihil
865 5789 1112 5848 timemus
1143 5811 1154 5847 :
1186 5809 1367 5850 verum
1413 5797 1540 5853 illud
1587 5801 1804 5869 quidem

273 5874 284 5900 ’
321 5869 482 5933 sarit,
509 5871 634 5925 nihil
659 5873 860 5941 indigni.

1712 423 2087 484 EPISTOL-E.

3442 407 3546 463 6‘32

1951 552 2251 608 precamur,
2282 545 2338 590 ut
2361 543 2416 588 et
2448 541 2739 602 prmsentes
2766 530 3088 586 teutationes
3111 525 3538 596 exstinguantur,

1945 643 2045 683 nec
2064 629 2184 683 alia:
2209 627 2430 695 insuper
2451 624 2747 689 accedant,
2777 622 3100 678 dominicam
3128 621 3338 676 scilicet
3369 618 3538 687 legem

1941 720 2257 790 explentes,
2301 735 2422 789 qua:
2460 732 2593 782 nos,
2636 732 2705 772 ne
2731 715 2784 770 in
2819 715 3170 770 tentationcm
3201 710 3538 775 incidamus,

1943 810 2152 880 precari
2183 809 2338 879 jubet
2367 809 2386 880 (
2413 808 2598 864 Matth.
2622 808 2714 863 26.
2738 807 2843 879 41)
2869 825 2882 861 :
2914 807 2996 862 sin
3027 814 3210 860 autem
3240 804 3383 859 Deus
3421 817 3540 856 rur-

1938 916 2059 958 sum
2089 902 2288 957 exoriri
2317 903 2493 968 sinat,
2539 901 2608 956 de
2651 916 2814 957 aurea
2858 909 2945 955 tua
2990 899 3197 962 anima,
3251 910 3372 968 qua
3412 894 3540 948 hinc

1939 993 2100 1048 etiam
2126 993 2485 1063 ampliSsimas
2511 992 2614 1048 sibi
2644 1008 2775 1061 epes
2803 992 3006 1063 aggerit
3025 1033 3041 1058 ,
3070 990 3212 1046 bono
3250 1002 3316 1044 ac
3352 983 3538 1042 fidenti

1939 1083 2120 1139 animo
2146 1099 2353 1140 sumus.
2371 1084 2583 1140 Etenim
2605 1099 2834 1153 quanam
2859 1099 2917 1138 re
2938 1094 3199 1138 terrorem
3223 1080 3316 1136 tibi
3343 1077 3538 1134 aﬁ‘erre

1939 1185 2210 1246 poterunt,
2234 1179 2322 1248 qui
2353 1179 2406 1232 in
2435 1194 2592 1234 suum
2611 1188 2772 1247 caput
2792 1192 3050 1248 suamque
3076 1173 3365 1246 perniciem
3383 1172 3539 1244 quid-

1938 1271 2021 1326 vis
2041 1272 2278 1342 aggressi
2301 1273 2462 1327 sunt?
2483 1274 2730 1342 Opumne
2746 1269 3106 1326 detrimento?
3129 1270 3198 1324 At
3219 1265 3348 1322 illud
3373 1266 3540 1337 probe

1938 1363 2072 1431 scio,
2106 1374 2157 1420 te
2183 1379 2276 1419 eas
2305 1365 2540 1434 pulveris
2570 1366 2738 1420 instar
2764 1364 2985 1431 habere,
3095 1362 3285 1443 quovis
3315 1360 3427 1414 luto
3453 1360 3536 1411 vi-

1939 1458 2100 1516 liores
2124 1460 2456 1515 existimare.
2488 1460 2570 1514 An
2598 1458 2783 1529 patria:
2809 1473 2874 1514 ac
2898 1458 3090 1513 domus
3121 1453 3447 1510 amissione?
3469 1454 3539 1508 At

1939 1558 1997 1604 tu
2036 1550 2242 1619 amplas
2281 1551 2445 1605 etiam
2485 1565 2552 1606 ac
2588 1550 2899 1620 frequentes
2935 1548 3096 1604 urbes
3133 1563 3240 1602 non
3290 1559 3446 1602 secus
3475 1560 3539 1599 ac

1937 1641 2255 1698 solitudines
2299 1643 2536 1700 incolere
2565 1644 2740 1711 nosti,
2789 1653 2849 1698 ut
2886 1657 3007 1714 qua:
3046 1641 3099 1695 in
3131 1642 3242 1697 otio
3266 1656 3332 1695 ac
3358 1639 3540 1710 quiete

1936 1747 2098 1790 omne
2128 1734 2251 1790 vitae
2297 1744 2506 1806 tempus
2537 1736 2900 1808 transegeris,
2944 1744 3107 1806 atque
3148 1733 3372 1804 hujusce
3411 1731 3538 1784 vita:

1936 1841 2161 1896 pompas
2186 1842 2402 1899 semper
2439 1831 2772 1900 protriveris.
2805 1832 2874 1883 At
2905 1837 3134 1884 mortem
3181 1825 3539 1881 minitantur?

1936 1920 2017 1976 Tu
2045 1937 2172 1977 vero
2199 1929 2540 1978 antevertens
2568 1922 2772 1977 nullum
2800 1931 3011 1991 tempus
3038 1917 3290 1984 omisisti,
3315 1917 3442 1989 quin
3470 1917 3539 1971 de

1935 2027 1998 2068 ea
2013 2012 2276 2083 cogitares
2302 2032 2314 2067 :
2345 2023 2528 2084 atque,
2558 2013 2604 2070 si
2631 2014 2697 2069 ad
2715 2028 2903 2070 necem
2926 2021 2978 2069 te
2999 2011 3282 2078 traxerint,
3305 2008 3537 2066 cadaver

1935 2104 2210 2159 dumtaxat
2237 2104 2304 2160 ad
2326 2120 2444 2161 eam
2472 2105 2686 2162 trahent
2709 2107 2749 2161 '.
2772 2104 2912 2174 Quid
2939 2104 3177 2175 pluribus
3202 2102 3381 2159 verbis
3402 2117 3538 2171 epus

1935 2195 2052 2251 est?
2085 2195 2255 2252 Nemo
2281 2205 2334 2252 te
2367 2207 2513 2253 tanto
2539 2199 2648 2253 ullo
2686 2198 2830 2254 malo
2869 2197 3085 2253 afﬁcere
3121 2197 3351 2267 poterit,
3393 2194 3535 2265 quod

1935 2303 2042 2342 non
2069 2289 2306 2344 inveniat
2325 2289 2648 2360 jampridem
2679 2307 2710 2345 a
2743 2301 2796 2347 te
2823 2305 3015 2360 magna
3045 2289 3300 2360 patientia
3339 2287 3535 2345 tolera-

1935 2390 2070 2436 tum.
2101 2381 2236 2437 Nam
2258 2397 2380 2438 cum
2411 2397 2508 2453 per
2535 2392 2736 2439 arctam
2761 2393 2816 2439 et
2843 2393 3123 2454 angustam
3153 2383 3293 2437 viam
3321 2394 3536 2450 semper

1933 2475 2037 2530 iter
2058 2477 2266 2542 feceris,
2293 2475 2379 2531 his
2400 2477 2650 2533 omnibus
2668 2477 2918 2532 diuturna
2941 2476 3327 2533 exercitatione
3348 2489 3535 2530 assue-

1931 2568 2074 2623 visti.
2104 2567 2182 2623 Ac
2210 2567 2439 2638 proinde
2466 2582 2587 2624 cum
2617 2570 3032 2639 pulcherrimam
3072 2568 3214 2625 hanc
3251 2566 3530 2623 scientiam

1934 2660 1986 2714 in
2011 2659 2274 2730 palaestris
2296 2659 2552 2728 colueris,
2582 2676 2727 2716 nunc
2752 2661 2804 2716 in
2833 2660 3217 2716 certaminibus
3243 2659 3528 2716 clariorem

1933 2761 1986 2809 te
2015 2752 2329 2824 prmbuisti»:
2351 2753 2551 2824 quippe
2577 2769 2698 2825 qua:
2726 2755 2797 2809 ob
2824 2769 2888 2809 ea
2917 2769 3038 2824 quae
3059 2752 3399 2822 contingunt,
3421 2766 3528 2808 non

1897 2911 1905 2918 ,
1931 2847 2093 2902 modo
2117 2862 2228 2902 non
2256 2846 2616 2912 conturberis,
2639 2862 2827 2903 verum
2848 2847 3009 2903 etiam
3035 2845 3184 2901 velut
3214 2844 3314 2901 alis
3337 2845 3533 2900 instru-

1929 2947 2014 2993 cta
2041 2939 2259 2995 cxsilias
2282 2954 2346 2996 ac
2381 2939 2661 3011 tripudies.
2685 2938 2819 2995 Nam
2848 2953 3074 3010 quarum
3101 2952 3283 2994 rerum
3318 2936 3528 2993 exerci-

1931 3032 2002 3086 tia
2023 3032 2319 3102 occupasti,
2344 3032 2532 3088 harum
2555 3032 2850 3088 certamina
2880 3031 3015 3088 mira
3045 3046 3167 3087 cum
3192 3029 3452 3087 facilitate
3475 3030 3526 3085 iu

1930 3123 2179 3179 muliebri
2202 3132 2258 3180 et
2287 3124 2498 3181 araneis
2529 3124 2881 3181 imbecilliore
2922 3137 3152 3193 corpore
3189 3137 3335 3178 nunc
3367 3121 3488 3178 obis
3508 3163 3524 3189 ,

1928 3215 2418 3272 valentissimorum
2474 3231 2538 3272 ac
2588 3215 2840 3272 dentibus
2884 3214 3230 3271 stridentium
3287 3215 3527 3269 virorum

1929 3305 2165 3361 furorem
2193 3306 2397 3378 ingenti
2427 3323 2549 3362 cum
2577 3307 2687 3363 risu
2712 3307 2963 3363 calcans:
2995 3314 3053 3361 ut
3075 3322 3195 3378 qua:
3222 3306 3371 3376 plura
3406 3322 3527 3376 per-

1930 3398 2037 3467 peti
2081 3407 2263 3468 parata
2303 3398 2409 3465 sis,
2457 3415 2617 3469 quam
2661 3399 2738 3455 illi
2787 3399 2988 3456 inferre
3026 3409 3239 3470 parent.
3279 3398 3356 3455 Te
3398 3413 3528 3454 veru

1927 3491 2137 3548 beatam
2163 3533 2180 3559 ,
2224 3499 2288 3548 ac
2331 3501 2413 3548 ter
2449 3493 2693 3562 beatam,
2739 3493 2810 3548 ob
2837 3507 3068 3549 coronas
3106 3508 3228 3565 quae
3257 3491 3385 3548 hinc
3424 3492 3520 3548 tibi

1926 3593 2328 3655 comparantur,
2359 3586 2467 3641 imo
2488 3587 2665 3656 potius
2690 3585 2762 3641 ob
2792 3586 2907 3655 ipsa
2934 3586 3252 3643 certamina.
3281 3585 3353 3640 Ea
3380 3584 3524 3640 enim

1927 3678 2117 3734 horum
2148 3679 2501 3734 certaminum
2531 3687 2722 3734 natura
2747 3688 2852 3747 est,
2881 3687 2940 3734 ut
2963 3680 3124 3734 etiam
3147 3688 3272 3735 ante
3306 3682 3525 3749 praemia

1925 3774 1981 3828 in
2026 3773 2138 3844 ipsa
2169 3787 2384 3844 quoque
2411 3787 2575 3828 arena
2606 3787 2758 3828 suam
2793 3772 3097 3828 mercedem
3140 3773 3408 3839 habeant,
3440 3773 3526 3826 ni-

1926 3865 2120 3920 mirum
2150 3865 2499 3936 voluptatem,
2531 3881 2633 3937 qua
2665 3880 2806 3921 nunc
2832 3865 3048 3932 frueris,
3074 3865 3238 3920 animi
3264 3865 3523 3930 lzctitiam,

1925 3956 2320 4026 fortitudinem,
2346 3959 2655 4029 patientiam
2687 3976 2701 4014 :
2732 3958 2970 4030 illudque
2998 3959 3149 4025 item,
3178 3959 3322 4029 quod
3346 3975 3517 4031 expu-

1922 4049 2072 4120 gnari
2112 4059 2274 4122 atque
2311 4051 2544 4122 opprimi
2588 4066 2851 4123 nequeas,
2881 4051 3024 4123 quod
3071 4053 3324 4108 omnibus
3361 4053 3523 4108 rebus

1922 4142 2207 4197 sublimior
2233 4143 2307 4198 sis
2331 4184 2346 4208 ,
2378 4143 2519 4213 quod
2547 4143 2626 4199 sic
2666 4145 2895 4215 tcipsam
2924 4147 3234 4202 exercueris
3256 4188 3270 4214 ,
3304 4155 3361 4200 ut
3391 4144 3522 4200 nihil

1923 4236 2019 4290 tibi
2048 4237 2369 4291 incommodi
2393 4252 2424 4290 a
2453 4252 2720 4308 quoquam
2747 4236 2931 4293 inferri
2956 4239 3144 4308 possit,
3168 4238 3310 4310 quod
3333 4249 3520 4294 exorta

1925 4336 2031 4384 tam
2057 4330 2202 4399 gravi
2230 4339 2547 4400 tempestate
2569 4332 2621 4386 in
2645 4342 2791 4402 petra
2817 4334 3103 4400 consistas,
3127 4332 3268 4403 quod
3291 4332 3520 4404 denique

1921 4421 2056 4475 mari
2104 4420 2314 4477 furente
2363 4437 2553 4493 magna
2615 4439 2737 4478 cum
2791 4425 3172 4492 tranquillitate
3221 4424 3517 4480 secundum

1919 4526 2134 4567 cursum
2166 4505 2375 4569 teneas.
2396 4514 2519 4569 ilzec
2543 4514 2705 4570 etiam
2737 4524 2860 4570 ante
2883 4517 3135 4571 caelorum
3157 4531 3402 4587 regnum,
3426 4530 3519 4572 ca-

1923 4604 2172 4660 lamitatis
2205 4607 2421 4676 praemia
2472 4606 2524 4661 in
2562 4606 2663 4662 hac
2704 4607 2814 4662 vita
2859 4616 3006 4663 sunt.
3047 4609 3180 4665 Illud
3213 4611 3357 4664 enim
3387 4609 3519 4664 mihi

1920 4696 2405 4766 exploratissimum
2432 4706 2552 4763 est,
2587 4707 2641 4754 te
2667 4715 2809 4755 nunc
2837 4701 3018 4756 animo
3052 4701 3121 4756 ita
3150 4711 3516 4772 comparatam

1919 4802 2061 4855 esse,
2088 4798 2149 4842 ut
2183 4804 2251 4844 ne
2283 4804 2511 4860 corpore
2540 4791 2755 4862 quidem
2794 4792 3034 4848 indutam
3077 4804 3128 4849 te
3163 4809 3285 4850 esse
3324 4794 3516 4850 existi«

1919 4894 2069 4945 mes,
2103 4881 2174 4936 ita
2209 4890 2261 4937 te
2292 4891 2576 4952 pennatam
2607 4885 2782 4940 reddit
2811 4886 3056 4956 voluptas
3085 4905 3099 4942 :
3131 4902 3194 4943 ac
3231 4888 3275 4944 si
3306 4896 3516 4959 tempus

1921 4972 1972 5026 id
2004 4973 2274 5043 postulet,
2304 4977 2601 5046 promptius
2644 4976 2777 5034 illud
2817 4989 3042 5035 exulura
3086 4981 3195 5046 sis,
3234 4995 3394 5051 quam
3424 4981 3516 5036 alii

1917 5076 2116 5135 vestes,
2148 5067 2339 5138 quibus
2358 5067 2556 5124 obtecti
2581 5080 2724 5124 sunt.
2748 5070 2932 5127 Gaude
2961 5071 3119 5141 igitur
3142 5080 3196 5128 et
3221 5072 3513 5139 oblectare,

1921 5168 2029 5215 tum
2060 5171 2150 5217 tuo
2181 5163 2420 5231 nomine,
2453 5172 2566 5220 tum
2596 5179 2780 5219 eorum
2809 5166 2896 5234 qui
2925 5165 3132 5220 beatam
3161 5177 3386 5221 mortem
3414 5166 3516 5221 ob-

1918 5253 2112 5318 ierunt,
2147 5267 2254 5307 non
2281 5253 2333 5307 in
2366 5254 2524 5319 lecto,
2555 5270 2655 5310 nec
2683 5255 2850 5322 domi,
2883 5255 2976 5310 sed
3008 5258 3059 5310 in
3083 5272 3297 5312 carcere
3323 5268 3376 5313 et
3401 5258 3515 5313 vin-

1918 5346 2054 5400 culis
2079 5361 2142 5400 ac
2171 5345 2468 5402 tormentis.
2501 5349 2606 5402 Eos
2631 5359 2812 5403 autem
2842 5349 2987 5404 solos
3018 5357 3137 5420 luge
3163 5366 3224 5404 ac
3261 5350 3514 5419 lacrymis

1914 5454 2280 5511 prosequere,
2310 5443 2399 5513 qui
2442 5443 2558 5498 hmc
2592 5452 2918 5512 perpetrant.
2945 5443 3077 5498 Nam
3119 5445 3258 5499 istud
3305 5461 3516 5516 quoque

1921 5543 2011 5589 tua
2041 5534 2374 5606 phi1050phia
2405 5536 2624 5607 dignum
2667 5548 2768 5592 est.
2798 5537 3061 5606 Quoniam
3087 5549 3268 5594 autem
3293 5539 3362 5596 de
3387 5555 3513 5595 eor-

1914 5628 2060 5695 poris
2081 5643 2290 5697 quoque
2319 5629 2487 5682 nostri
2521 5629 2825 5685 valetudine
2848 5629 3047 5686 certior
3077 5630 3192 5687 fieri
3222 5632 3392 5701 cupis,
3415 5646 3514 5686 nos

1913 5733 1977 5773 ex
2005 5734 2071 5772 eo
2102 5721 2322 5785 morbo,
2350 5721 2440 5790 qui
2473 5737 2643 5791 nuper
2668 5721 2823 5778 nobis
2861 5723 3162 5779 molestiam
3193 5725 3511 5793 exhibebat,

1914 5811 2231 5866 cmersimus
2257 5829 2270 5864 :
2297 5828 2540 5883 nuncque
2567 5816 2790 5873 mcliorc
2824 5816 3126 5874 valetudine
3152 5831 3338 5876 sumus
3357 5859 3371 5886 ,
3399 5834 3508 5876 mo-

1983 5901 1994 5932 ¹
2035 5907 2133 5952 l=tto
2151 5909 2274 5964 51:15.,
2309 5904 2557 5958 instituat.
