4172 6496
665 408 771 465 623

661 525 732 578 do
779 540 846 579 lle
888 541 1069 579 rursus
1116 523 1284 577 hiems
1317 520 1572 576 stomachi
1616 517 1780 572 nostri
1811 511 2223 569 imbecillitatem

661 617 894 672 adventu
921 633 1018 671 suo
1047 618 1202 670 ltrtlat
1225 631 1239 672 :
1271 629 1387 667 nam
1413 613 1479 668 de
1506 610 1718 671 lsauris,
1747 608 1890 662 omni
1918 617 2059 660 metu
2081 603 2227 658 vacui

672 720 876 761 sumus.

872 793 1097 849 XVIII.
1130 791 1383 849 (Ἱστιαίω.
1417 791 1645 861 (Cucuso
1675 805 1814 842 anno
1842 787 1993 846 404.)

730 887 854 944 Sive
891 887 1216 957 frequenter,
1243 887 1358 942 sive
1392 902 1514 940 raro
1551 883 1750 937 scribas
1771 924 1785 946 ,
1817 895 1914 933 nos
1943 889 2114 932 tamen
2140 874 2230 944 ju-

658 976 857 1033 dicium
888 977 1044 1042 illud,
1073 976 1214 1048 quod
1253 976 1320 1031 ab
1348 976 1497 1029 initio
1519 974 1586 1028 de
1614 982 1700 1027 tua
1728 971 1946 1026 caritate
1977 967 2227 1034 fecimus,

659 1068 870 1123 tlrmum
896 1082 958 1123 ac
981 1067 1167 1123 stabile
1191 1067 1497 1120 retinemus.
1528 1065 1580 1119 Id
1610 1064 1750 1120 enim
1780 1062 2108 1132 exploratum
2133 1073 2230 1112 no-

658 1159 742 1214 his
764 1170 878 1225 est,
907 1167 988 1224 te,
1016 1159 1128 1214 sive
1164 1158 1396 1217 scribas.
1424 1158 1537 1212 sive
1561 1156 1718 1212 sileas
1736 1195 1752 1220 ,
1785 1153 1972 1209 eodem
2016 1164 2230 1220 semper

656 1265 781 1321 erga
811 1265 908 1306 nos
942 1251 1117 1304 animo
1141 1264 1203 1306 ac
1229 1249 1404 1305 studio
1430 1264 1568 1305 esse.
1606 1247 1768 1303 Velim
1794 1255 1968 1300 autem
2010 1242 2228 1299 celerri-

657 1354 800 1394 mam
828 1339 919 1394 tibi
947 1341 1224 1396 sanitatum
1247 1340 1386 1396 Deus
1413 1337 1668 1410 praebeat,
1689 1347 1847 1406 atque
1867 1335 2010 1391 omni
2038 1334 2229 1389 morbo

658 1439 711 1484 to
755 1429 963 1485 liberet.
1005 1429 1186 1499 Neque
1230 1431 1370 1486 enim
1413 1429 1614 1500 vulgari
1659 1427 2012 1483 sollicitudine
2055 1424 2228 1478 allecti

656 1535 841 1574 sumus
861 1560 876 1584 ,
903 1535 1023 1575 cum
1063 1520 1131 1577 de
1160 1529 1250 1576 tuo
1277 1520 1467 1576 morbo
1495 1520 1561 1576 ad
1600 1533 1699 1575 nos
1724 1519 1939 1574 allatum
1969 1527 2071 1572 est.
2104 1514 2229 1570 Ideo

659 1620 713 1666 te
738 1611 1099 1677 obsecramus,
1133 1619 1189 1665 ut
1216 1612 1422 1682 quoties
1451 1611 1693 1676 licuerit,
1721 1609 1790 1664 de
1821 1619 1905 1663 tua
1930 1604 2230 1661 valetudine

658 1717 759 1756 nos
786 1702 1038 1756 certiores
1062 1700 1254 1766 facias,
1281 1713 1335 1756 et
1362 1713 1488 1755 num
1514 1701 1702 1754 melius
1729 1697 2011 1768 aliquando
2034 1709 2230 1764 corpus

661 1799 806 1845 tuum
837 1799 900 1846 se
925 1790 1115 1846 habeat
1138 1790 1358 1846 indices.
1388 1789 1498 1846 Nec
1521 1791 1660 1844 enim
1695 1799 1746 1844 te
1771 1789 1919 1858 fugit,
1943 1801 2101 1858 quam
2127 1785 2225 1840 do-

657 1880 885 1944 leamus,
929 1896 1048 1935 cum
1096 1890 1146 1936 te
1188 1881 1372 1934 morbo
1419 1881 1583 1934 teneri
1628 1878 1897 1943 audimus,
1927 1893 1990 1932 ac
2030 1884 2226 1947 quanta

655 1969 836 2023 la-titia
859 1969 1170 2036 afficiamur,
1196 1985 1258 2025 ac
1287 1985 1394 2039 prae
1418 1970 1684 2039 voluptate
1713 1969 1852 2023 velut
1900 1983 2098 2038 pennas
2142 1968 2224 2020 in-

654 2060 879 2115 duamus
897 2102 912 2126 ,
940 2077 1058 2117 cum
1090 2074 1140 2118 te
1175 2063 1308 2119 bene
1334 2063 1508 2118 valere
1533 2062 1893 2131 intelligimus.
1921 2060 2044 2116 Hmc
2070 2061 2227 2131 igitur

657 2167 778 2206 cum
809 2152 975 2217 scias,
1007 2154 1342 2209 ornatissima
1372 2169 1434 2208 ac
1463 2153 1786 2208 nobilissima
1819 2152 2030 2206 domina
2067 2166 2182 2204 mea
2205 2191 2221 2216 ,

655 2243 862 2309 quoties
891 2241 1108 2298 facultas
1133 2244 1361 2307 dabitur,
1387 2244 1454 2299 ad
1485 2258 1580 2298 nos
1607 2243 1839 2298 scribere
1861 2257 1928 2298 ne
1959 2242 2222 2311 graveris,

653 2348 861 2403 quaque
889 2334 1187 2390 valetudine
1226 2336 1334 2402 sis,
1366 2335 1616 2389 indicare.
1645 2333 1826 2403 Neque
1853 2334 1995 2387 enim
2022 2333 2222 2402 vulgari

656 2425 915 2480 beneficio
953 2441 1050 2482 nos
1088 2427 1288 2483 aflicies
1309 2467 1326 2495 ,
1358 2442 1477 2482 cum
1503 2425 1760 2496 ejusmodi
1804 2425 1871 2480 ad
1918 2438 2015 2481 nos
2044 2425 2224 2482 literas

651 2517 882 2572 miseris.

651 2606 812 2662 XIX.
851 2608 1104 2663 Marciano
1133 2619 1177 2664 et
1207 2610 1501 2666 Marcellino
1519 2611 1612 2682 (α).
1640 2610 1815 2683 (Anno
1843 2610 1947 2666 404
1969 2611 2051 2666 vel
2073 2609 2221 2676 405.)

721 2697 850 2753 Illud
873 2700 1083 2768 quidem
1105 2717 1436 2772 cuperemus,
1458 2714 1515 2758 ut
1539 2719 1652 2770 vos,
1681 2718 1711 2758 a
1731 2703 1919 2773 quibus
1946 2712 2222 2771 tantopere

647 2803 906 2859 amamur,
939 2806 1226 2862 prtesentes
1255 2811 1464 2867 quoque
1493 2810 1855 2852 cerneremus.
1881 2800 1950 2850 At
1972 2795 2220 2864 quoniam

650 2883 700 2937 id
725 2884 941 2939 minime
970 2886 1090 2941 licet
1120 2887 1261 2958 (nam
1284 2899 1337 2942 et
1364 2892 1459 2944 vite
1485 2889 1857 2960 longinquitas,
1881 2899 1933 2944 et
1952 2889 2140 2952 hiems,
2167 2898 2222 2944 ct

649 2975 954 3043 prtedonum
983 2987 1152 3032 metus
1183 2979 1248 3033 ad
1279 2980 1654 3049 profectionem
1697 2979 2082 3050 impediendam
2109 2979 2221 3034 suf-

647 3063 882 3134 ficiunt),
914 3066 1038 3120 illud
1066 3069 1250 3123 Saltem
1283 3078 1554 3138 Optamus,
1603 3081 1659 3124 ut
1694 3085 1787 3125 eos
1831 3072 1918 3140 qui
1965 3071 2143 3125 literas
2189 3085 2219 3125 a

645 3155 801 3211 nobis
819 3158 882 3212 ad
914 3174 1007 3213 vos
1031 3159 1218 3225 ferant,
1246 3164 1437 3231 Stbplus
1465 3163 1830 3219 nanciscamur
1857 3181 1869 3216 :
1894 3178 1999 3235 quo
2018 3164 2221 3232 cupidi-

646 3257 809 3302 tatem
855 3262 1087 3304 nostrain
1137 3253 1461 3322 amplissime
1505 3256 1716 3324 explere
1761 3256 2044 3325 possimus.
2087 3257 2219 3322 Quia

642 3351 820 3395 autem
841 3384 855 3408 ,
888 3352 994 3397 tum
1033 3344 1103 3398 ob
1131 3343 1287 3414 hujus
1317 3345 1414 3400 loci
1444 3349 1778 3402 solitudinem
1800 3390 1815 3413 ,
1859 3358 1966 3402 tum
2007 3347 2145 3418 quod
2187 3363 2218 3403 a

643 3431 854 3500 publica
897 3433 977 3487 via
1027 3436 1205 3503 procul
1249 3435 1437 3505 distet,
1471 3437 1572 3492 hoc
1599 3438 1748 3493 nobis
1772 3439 2076 3509 ademptum
2100 3449 2213 3505 est,

644 3538 674 3576 a
708 3523 856 3579 vobis
881 3534 1024 3594 peto,
1053 3535 1111 3581 ut
1137 3528 1184 3583 si
1213 3529 1388 3584 minus
1416 3530 1606 3585 crebro
1631 3529 1732 3584 hoc
1758 3530 2033 3599 faciamus,
2063 3532 2217 3588 nobis

643 3617 849 3670 veniam
881 3618 1122 3676 tribuatis
1155 3639 1168 3675 :
1198 3631 1374 3692 atque,
1405 3625 1515 3679 sive
1544 3625 1865 3692 scribamus,
1896 3627 2011 3681 sive
2060 3627 2217 3683 silea-

642 3721 782 3772 mus,
815 3707 952 3764 idem
991 3710 1057 3767 de
1087 3722 1268 3768 nostra
1291 3729 1416 3784 erga
1445 3731 1539 3770 vos
1567 3715 1934 3774 benevolentia
1956 3718 2213 3788 judicium

646 3796 905 3867 habeatis,
936 3801 1062 3857 illud
1091 3804 1359 3860 vobiscum
1383 3817 1706 3876 reputantes,
1734 3808 2079 3864 diuturnioris
2107 3812 2216 3880 ple-

644 3903 866 3958 rumque
906 3890 1096 3947 silentii
1123 3897 1285 3950 nostri
1314 3912 1525 3953 causam
1557 3900 1655 3954 loci
1680 3901 1855 3971 potius
1875 3902 2214 3958 solitudinem

643 3991 763 4033 esse
780 4019 796 4044 ,
824 3994 980 4047 quam
1007 3984 1399 4055 negligentiam.

833 4069 958 4124 ΧΧ.
988 4073 1230 4143 Agapeta.
1265 4075 1492 4145 (Scripta
1520 4079 1710 4136 Cucusi
1737 4097 1875 4136 anno
1896 4082 2045 4155 404.)

712 4160 986 4216 Sincerum
1005 4173 1160 4233 atque
1177 4166 1469 4237 ardentem,
1491 4170 1699 4241 fuciquc
1729 4185 2021 4242 expertem,
2041 4190 2100 4229 ac
2118 4191 2212 4244 pu-

640 4264 758 4303 rum
776 4266 1010 4308 amorem
1025 4263 1168 4309 tuum
1189 4270 1520 4328 perspectum
1541 4262 1709 4319 habeo
1730 4284 1740 4317 :
1756 4266 2001 4335 quodque
2018 4283 2115 4322 nec
2128 4285 2212 4322 ne-

639 4342 903 4407 gotiorum
933 4344 1102 4411 turba,
1129 4363 1226 4402 nec
1243 4351 1494 4420 temporis
1511 4354 1871 4422 diuturnitate,
1892 4374 1990 4413 nec
2010 4360 2212 4416 itineris

641 4428 1022 4501 longinquitate
1045 4435 1308 4493 debilitari
1334 4443 1532 4509 possit;
1565 4445 1676 4500 scio
1702 4447 1828 4502 item
1851 4465 2007 4517 quam
2030 4453 2212 4519 cupias

641 4521 809 4576 oculis
849 4538 946 4576 nos
983 4541 1235 4593 cernere,
1265 4545 1658 4604 congressuque
1697 4549 1880 4593 nostro
1908 4539 2031 4593 frui.
2066 4542 2210 4606 Quo-

638 4791 753 4846 fieri
797 4803 1000 4865 potest,
1033 4799 1098 4855 da
1136 4816 1350 4872 operam
1375 4847 1387 4870 ,
1418 4815 1474 4862 ut
1498 4823 1614 4864 eam
1639 4826 1793 4882 quam
1822 4791 1988 4869 literae
2016 4817 2207 4874 afferre

635 4883 810 4939 solent
835 4887 1240 4948 oblectationem
1273 4897 1424 4953 nobis
1469 4903 1708 4970 praebeas
1728 4947 1742 4970 ,
1776 4906 2000 4962 subinde
2026 4910 2092 4964 de
2118 4919 2202 4965 tua

635 4975 900 5046 totiusque
928 4979 1115 5038 domus
1139 4993 1242 5040 tua:
1263 4988 1564 5046 Valetudine
1584 4997 1841 5050 certiores
1864 5013 1960 5052 nos
1984 4999 2200 5056 faciens.

631 5063 765 5119 Nam
793 5069 836 5121 si
877 5067 1176 5139 hujusmodi
1224 5076 1400 5133 literas
1438 5097 1468 5134 a
1499 5092 1548 5137 te
1577 5085 1766 5138 crebro
1807 5093 2201 5161 acceperimus,

634 5171 740 5210 non
769 5161 1058 5230 vulgarem,
1088 5167 1244 5220 etiam
1273 5170 1322 5222 in
1344 5171 1627 5229 solitudine
1655 5177 1929 5247 degentes,
1957 5188 2201 5238 consola-

633 5245 830 5303 tionem
874 5253 1160 5322 capiemus.
1201 5257 1381 5329 Ncque
1412 5264 1553 5318 enim
1600 5245 1808 5336 ignoras
1828 5311 1841 5334 ,
1873 5271 2085 5329 domine
2108 5277 2204 5343 mi,

630 5352 969 5434 summopere
996 5351 1293 5406 venerande
1318 5363 1480 5423 atque
1507 5356 1812 5417 admirando
1832 5405 1847 5429 ,
1876 5375 2073 5434 quanto
2100 5383 2194 5423 no-

630 5428 712 5484 bis
736 5433 910 5490 studio
939 5446 1098 5505 atque
1126 5455 1268 5496 cura:
1297 5445 1365 5498 sit
1393 5445 1639 5503 valetudo
1666 5459 1776 5506 tua.

942 5527 1100 5584 XXI.
1131 5533 1335 5601 Alphio.
1377 5537 1554 5606 (Anno
1595 5541 1728 5598 forte
1752 5545 1901 5618 405.)

685 5611 758 5666 Te
781 5613 989 5670 beatum
1007 5633 1068 5672 ac
1087 5629 1164 5675 ter
1181 5622 1410 5692 beatmn,
1430 5637 1586 5700 atque
1602 5636 1757 5690 etiam
1775 5611 1968 5710 sazpius
1986 5641 2194 5702 beatum

691 5724 1143 5825 gglmEm‘l’ﬁl‘aﬂhﬁ
1174 5739 1560 5825 __eti
1579 5752 1913 5825 Ahtareerllinum
1951 5764 2198 5825 castigavi-

755 5786 1144 5905 gtﬁduuftg‘torium
1174 5786 2190 5877 33113353335

1432 411 1490 463 5.
1529 403 1801 463 JOANNIS
1838 391 2304 457 CHRYSOSTUMI
2345 389 2656 446 AltClllEP.
2697 388 3219 446 CONSTANTINOP.

3821 385 3930 440 62$

2337 503 2427 574 qui
2439 501 2699 573 ejusmodi
2717 515 2802 556 res
2813 501 3165 570 eflicis,atque
3180 495 3438 567 ejusmodi
3453 495 3675 566 negotiis
3687 495 3928 550 animum

2333 593 2659 663 adjicis,qua:
2673 593 2938 661 ingentem
2955 592 3007 644 in
3019 590 3162 646 caelis
3177 589 3480 644 thesaurum
3497 587 3588 641 tibi
3606 586 3926 641 recondunt.

2333 683 2514 754 Neque
2543 684 2685 738 enim
2706 681 2992 750 vulgariter
3009 680 3240 735 animum
3269 687 3507 734 nostrum
3528 678 3770 741 erexisti,
3800 691 3927 731 cum

2331 774 2400 830 de
2427 776 2644 831 domino
2671 783 2852 828 nostro
2868 772 3075 827 Joanne
3091 770 3404 842 presbytero
3426 769 3578 824 nobis
3605 769 3734 824 illud
3757 782 3928 837 expo-

2332 866 2506 933 suisti,
2536 876 2586 922 te
2607 866 2828 920 multum
2855 879 3036 934 opera:
3057 861 3383 925 adhibuisse,
3409 870 3462 914 ut
3485 876 3606 915 eum
3630 860 3923 924 excitares,

2334 968 2494 1029 atque
2536 960 2586 1014 in
2620 957 2946 1014 Pliteniciam
2996 955 3252 1010 mitteres.
3299 953 3450 1019 Quod
3499 963 3677 1006 autem
3724 964 3919 1004 aurum

2333 1064 2545 1119 quoque
2587 1049 2686 1118 ipsi
2724 1046 2956 1111 dedisti,
2985 1059 3305 1116 quamquam
3347 1054 3400 1096 tu
3443 1057 3539 1112 pro
3577 1050 3772 1096 cretera
3826 1049 3920 1094 tua

2331 1141 2528 1213 pietate
2555 1140 2657 1195 hoc
2682 1139 2962 1202 reticuisti,
2997 1137 3215 1190 minime
3241 1145 3417 1188 tamen
3462 1133 3512 1186 id
3540 1133 3694 1187 nobis
3720 1131 3922 1187 obscu-

2331 1246 2450 1287 rum
2479 1231 2577 1285 fuit
2618 1247 2631 1284 :
2681 1245 2801 1284 nam
2848 1229 2899 1283 id
2941 1229 3100 1283 etiam
3141 1236 3474 1295 compertum
3504 1225 3825 1287 habuimus,
3853 1238 3923 1277 ac

2331 1321 2700 1378 liberalitatem
2731 1335 2847 1375 eam
2877 1335 2976 1390 qua
3005 1333 3132 1373 usus
3157 1334 3234 1373 es.
3265 1317 3344 1372 Ob
3370 1332 3595 1386 eamque
3619 1331 3836 1371 causam
3865 1324 3923 1370 te

2333 1411 2584 1468 admirari
2611 1426 2674 1465 ac
2700 1411 2939 1464 laudibus
2969 1410 3020 1463 in
3049 1410 3238 1464 ctelum
3278 1408 3416 1462 ferre
3452 1423 3556 1461 non
3588 1406 3920 1472 desinimus,

2332 1503 2474 1574 quod
2506 1503 2557 1557 in
2586 1501 2668 1557 his
2707 1503 2868 1557 rebus
2911 1502 3064 1556 dives
3105 1501 3179 1556 sis
3220 1501 3271 1553 in
3312 1500 3503 1570 quibus
3542 1499 3764 1553 divitem
3793 1512 3920 1551 esse

2331 1594 2598 1657 convenit,
2631 1602 2787 1662 teque
2816 1591 3180 1658 obsecramus,
3203 1600 3261 1644 ut
3287 1591 3481 1645 crebro
3506 1589 3573 1643 ad
3602 1603 3703 1643 nos
3731 1588 3919 1643 literas

2330 1684 2445 1740 des.
2479 1685 2611 1741 Nam
2652 1685 2697 1740 si
2741 1685 2857 1740 fleri
2903 1694 3117 1755 posset,
3150 1693 3209 1738 ut
3238 1683 3404 1737 oculis
3437 1693 3486 1737 te
3523 1697 3871 1738 cerneremus
3898 1721 3914 1745 ,

2332 1793 2525 1849 magno
2548 1779 2598 1832 id
2619 1793 2748 1834 sane
2769 1793 3090 1834 emcremus.
3111 1776 3370 1845 Quoniam
3399 1784 3575 1830 autem
3602 1776 3653 1830 id
3677 1774 3919 1829 nond-ira

2331 1868 2474 1934 licet,
2505 1868 2608 1935 fac,
2636 1884 2816 1940 qumso
2837 1910 2851 1933 ,
2883 1868 3107 1925 subinde
3131 1868 3198 1922 ad
3229 1882 3328 1922 nos
3356 1867 3559 1922 scribas
3580 1909 3596 1934 ,
3627 1883 3691 1922 ac
3717 1866 3787 1922 de
3827 1877 3919 1922 tua

2330 1961 2598 2027 totiusque
2625 1961 2814 2016 domus
2841 1972 2944 2015 tum
2974 1961 3280 2016 valetudine
3305 1960 3566 2019 certiores
3596 1973 3694 2014 nos
3727 1959 3916 2014 facias.

2328 2048 2511 2119 Neque
2543 2051 2684 2106 enim
2719 2053 2833 2107 leve
2862 2053 3110 2107 solatium
3148 2053 3421 2121 capiemus
3459 2051 3575 2106 haec
3609 2051 3914 2106 audientes.

2328 2141 2461 2196 Cum]
2496 2144 2669 2212 igitur,
2701 2159 2858 2213 quam
2884 2145 3036 2200 nobis
3063 2154 3269 2214 gratum
3303 2146 3538 2198 facturus
3558 2144 3654 2207 sis,
3691 2145 3918 2202 minime

2334 2235 2566 2302 ignores,
2598 2252 2661 2289 ne
2683 2238 3004 2301 committas,
3038 2248 3095 2291 ut
3119 2246 3260 2291 tanta
3293 2237 3471 2291 laetitia
3502 2252 3806 2292 careamus.

2327 2323 2518 2379 XXII.
2549 2327 2728 2390 Casta,
2771 2327 2988 2394 Valerio,
3015 2327 3331 2398 Diophanto,
3362 2327 3606 2398 Cyriaco,
3633 2329 3921 2384 Antiochia:

2665 2420 2984 2489 presbyteris.
3019 2418 3246 2493 (Cucuso
3267 2436 3409 2474 anno
3435 2418 3580 2490 405.)

2395 2508 2546 2576 Quod
2569 2510 2776 2580 longam
2819 2521 3051 2565 nostram
3071 2511 3348 2580 epiStolam
3395 2511 3607 2566 brevem
3645 2512 3916 2579 dixeritis,

2325 2597 2462 2654 haud
2481 2602 2723 2670 equidem
2749 2603 2930 2656 miror.
2953 2602 3026 2655 Ea
3047 2603 3188 2657 enim
3220 2605 3509 2658 amantium
3528 2614 3715 2658 natura
3735 2618 3835 2668 est,
3857 2616 3920 2660 ut

2324 2689 2620 2745 satietatem
2638 2693 2997 2757 uesciant,ncc
3009 2709 3256 2764 umquam
3270 2695 3468 2764 expleri
3486 2695 3693 2765 possint
3708 2713 3915 2751 :verum

2323 2797 2428 2852 quo
2458 2783 2603 2852 plura
2625 2784 2691 2838 ab
2722 2786 2784 2839 iis
2807 2800 2940 2854 quos
2967 2796 3147 2840 amant
3172 2787 3494 2856 acceperint,
3515 2802 3579 2842 eo
3601 2789 3751 2856 plura
3781 2805 3912 2842 eun-

2322 2875 2615 2944 cupiscant.
2649 2877 2728 2932 ου
2748 2892 2970 2948 eamque
2986 2893 3199 2933 causam
3220 2880 3428 2933 etiamsi
3459 2879 3684 2948 decuplo
3717 2880 3911 2948 major,

2325 2981 2481 3034 quam
2514 2969 2675 3037 prior,
2706 2969 2769 3022 ad
2793 2985 2890 3023 vos
2919 2972 3143 3040 epistola
3174 2970 3427 3035 venisset,
3459 2986 3529 3025 ue
3573 2971 3663 3024 illa
3691 2973 3912 3041 quidem

2328 3055 2602 3128 brevitatis
2633 3059 2945 3114 vocabulum
2983 3060 3257 3129 effugisset
3291 3078 3304 3114 :
3337 3076 3522 3115 verum
3555 3061 3668 3130 ipsa
3696 3077 3913 3131 quoque

2325 3162 2485 3217 parva
2517 3161 2700 3205 voeaita
2735 3151 2953 3218 fuisset,
2985 3153 3094 3207 imo
3124 3168 3227 3208 non
3254 3163 3442 3208 vocata
3467 3153 3740 3224 dumtaxat
3764 3196 3779 3219 ,
3810 3155 3911 3208 sed

2321 3240 2482 3294 etiam
2527 3256 2686 3310 parva
2742 3242 2915 3296 habita
2969 3244 3173 3298 fuisset.
3221 3244 3370 3312 Quod
3420 3245 3580 3298 etiam
3629 3245 3758 3298 mihi
3808 3261 3911 3301 usu

2323 3331 2469 3386 venit
2499 3351 2510 3386 :
2544 3349 2664 3387 nam
2695 3333 2760 3390 ad
2785 3350 3172 3407 quemcumque
3195 3337 3395 3390 amoris
3417 3351 3539 3408 erga
3561 3352 3660 3392 nos
3680 3338 3908 3408 gradum

2324 3427 2710 3493 perveneritis,
2769 3444 2833 3481 co
2881 3428 3099 3483 minime
3151 3431 3385 3483 contenti
3431 3445 3616 3485 sumus
3660 3447 3674 3484 :
3720 3447 3910 3486 verum

2321 3519 2518 3572 amoris
2567 3521 2888 3575 incrementa
2933 3537 3148 3592 semper
3190 3524 3531 3591 expetimus,
3561 3523 3911 3593 caritatisque

2321 3609 2581 3674 debitum,
2626 3612 2766 3680 quod
2798 3613 3005 3665 etiamsi
3033 3628 3246 3682 semper
3276 3614 3545 3680 solvatur,
3573 3629 3789 3683 semper
3821 3624 3908 3669 ta-

2320 3716 2442 3755 men
2474 3701 2696 3756 debetur
2729 3702 2968 3774 (Nemini
3010 3705 3150 3758 enim
3178 3746 3191 3769 ,
3241 3706 3410 3772 inquit
3457 3706 3544 3761 ille
3569 3746 3584 3772 ,
3629 3706 3910 3776 quidquam

2321 3794 2557 3860 debeatis,
2590 3797 2685 3850 nisi
2709 3808 2759 3848 ut
2790 3798 2998 3851 invicem
3032 3799 3252 3868 diligatis
3281 3797 3454 3870 [Rom
3480 3801 3560 3854 15.
3581 3799 3690 3872 8]),
3723 3802 3909 3868 quoti-

2322 3885 2406 3939 die
2431 3900 2459 3938 a
2491 3887 2636 3940 vobis
2662 3885 3030 3957 ein-agitamus,
3064 3904 3276 3957 semper
3303 3889 3516 3958 quidem
3549 3889 3674 3944 illud
3703 3890 3906 3946 affatim

2319 3975 2643 4044 accipientes
2669 4018 2682 4042 ,
2722 3993 2820 4032 nec
2853 3988 3028 4034 tamen
3073 3994 3171 4034 nos
3200 3980 3325 4034 illud
3359 3992 3608 4050 umquam
3647 3983 3792 4036 onmi
3834 3999 3905 4038 ex

2320 4077 2469 4134 parte
2509 4068 2778 4137 accepisse
2806 4071 3149 4126 arbitrantes.
3182 4071 3261 4127 Ne
3285 4115 3298 4136 ,
3329 4088 3509 4140 qumso
3536 4115 3551 4139 ,
3586 4075 3906 4143 praeclarum

2319 4157 2419 4211 hoc
2445 4157 2704 4224 debitum,
2738 4160 3112 4232 duplicemque
3142 4163 3467 4232 voluptatem
3496 4162 3720 4231 habens,
3744 4166 3904 4220 nobis

2318 4249 2620 4316 persolvere
2650 4250 2926 4306 desinatis.
2959 4251 3090 4306 Nam
3142 4262 3195 4307 et
3234 4253 3321 4321 qui
3377 4255 3706 4322 persolvunt,
3733 4264 3786 4310 et
3809 4256 3902 4325 qui

2316 4339 2618 4406 accipiunt,
2658 4355 2837 4408 parem
2865 4341 3186 4411 Voluptatem
3227 4353 3622 4413 consequuntur
3654 4362 3669 4399 :
3700 4346 3903 4416 quippe

2314 4441 2434 4482 cum
2459 4431 2665 4499 utrique
2710 4446 2804 4500 per
2834 4431 3137 4501 hujusmodi
3189 4433 3505 4489 solutionem
3543 4451 3698 4505 aeque
3753 4436 3906 4492 locu-

2317 4519 2602 4587 pletentur.
2630 4520 2781 4587 Quod
2809 4523 3023 4592 quidem
3047 4524 3098 4578 in
3118 4525 3353 4594 pecuniis
3381 4525 3495 4580 fieri
3517 4527 3738 4597 nequit:
3773 4543 3901 4584 nam

2316 4609 2404 4677 qui
2437 4611 2705 4678 persolvit,
2738 4615 2976 4681 egentior
3011 4613 3133 4669 hinc
3163 4613 3424 4682 efficitur;
3459 4617 3502 4671 is
3544 4625 3731 4672 contra
3760 4659 3776 4683 ,
3806 4620 3902 4688 qui

2314 4701 2538 4768 accepit,
2571 4701 2854 4769 cupiosior.
2887 4705 2955 4757 At
2999 4705 3050 4758 in
3083 4706 3318 4760 caritatis
3355 4715 3633 4762 contractu
3665 4707 3766 4762 hoc
3796 4724 3903 4764 usu

2314 4791 2493 4845 venire
2537 4778 2754 4847 minime
2783 4794 2938 4848 solet.
2973 4794 3153 4866 Neque
3181 4798 3325 4852 enim
3355 4813 3476 4853 eum
3518 4800 3608 4867 qui
3638 4800 3903 4869 persolvit

2313 4878 2521 4935 inanem
2550 4897 2612 4935 ac
2636 4898 2858 4936 vacuum
2888 4885 3136 4955 relinquit
3161 4903 3174 4952 ;
3207 4887 3256 4941 id
3287 4889 3424 4957 quod
3456 4891 3678 4959 pecunia
3708 4890 3896 4956 efﬁcit,

2309 4984 2429 5026 Cum
2459 4973 2525 5026 ad
2551 4974 2894 5042 accipientem
2935 4978 3160 5047 migrat;
3192 4980 3318 5050 quin
3361 4982 3537 5051 potius
3567 4982 3739 5052 ipsum
3781 4991 3898 5039 tum

2309 5064 2522 5118 domum
2570 5066 2966 5135 locupletiorem
3019 5071 3227 5135 reddit,
3276 5089 3395 5128 cum
3447 5089 3566 5128 eam
3617 5077 3891 5145 persolvit.

2310 5154 2435 5209 Ιιιυς
2488 5157 2644 5226 igitur
2692 5175 2810 5213 cum
2851 5162 3070 5230 sciatis,
3113 5167 3536 5234 prmstautissimi
3577 5182 3639 5222 ac
3669 5167 3898 5237 piissimi

2309 5244 2508 5299 domini
2541 5248 2666 5308 mei,
2701 5264 2765 5305 ne
2799 5267 3048 5321 umquam
3080 5253 3356 5311 ﬂorentem
3397 5273 3520 5328 erga
3548 5273 3635 5314 me
3661 5259 3902 5317 δρυοτο-

2308 5337 2520 5391 lcntiam
2553 5340 2804 5398 exhibere
2836 5344 3147 5402 intermitte.
3189 5346 3319 5401 Nam
3347 5349 3446 5403 etsi
3477 5357 3536 5403 ut
3581 5349 3633 5404 id
3663 5349 3896 5418 faciatis,

2309 5428 2440 5482 nihil
2473 5440 2650 5485 nostra
2696 5433 3065 5492 eoliortatione
3111 5437 3358 5508 indigetis
3388 5457 3405 5496 :
3439 5450 3613 5495 tamen
3640 5445 3899 5513 quoniam

2307 5531 2405 5572 vos
2435 5523 2682 5588 apprime
2729 5539 2992 5592 amamus,
3042 5539 3321 5598 propterea
3351 5547 3465 5598 vos,
3493 5532 3652 5587 etiam
3687 5535 3731 5588 si
3761 5534 3898 5591 nihil

2308 5624 2530 5665 necesse
2559 5612 2647 5678 sit,
2694 5613 3068 5683 admonemus,
3097 5629 3154 5674 ut
3204 5635 3347 5692 szepe
3377 5625 3444 5676 ad
3474 5637 3572 5678 nos
3612 5623 3894 5694 seribatis,

2306 5709 2466 5773 atque
2510 5719 2617 5773 quo
2659 5715 2797 5762 statu
2854 5711 3104 5766 valetudo
3150 5724 3326 5768 vestra
3387 5715 3499 5780 sit,
3556 5715 3896 5785 signiﬁcetis.

2305 5795 2557 5858 Quamvis
2578 5799 2720 5852 enim
2753 5800 2883 5856 nihil
2912 5802 2979 5858 ad
3006 5817 3122 5858 eam
3153 5819 3268 5860 rem
3298 5807 3561 5862 monitore
3590 5807 3740 5861 vobis
3755 5823 3901 5878 opus

2309 5891 2397 5953 sit,
2428 5897 2478 5943 at
2507 5904 2606 5946 nos
2638 5900 2811 5950 tamen
2838 5893 2891 5950 id
2932 5911 3164 5967 quoque,
3200 5897 3318 5968 quia
3347 5897 3690 5958 vehementer
3715 5915 3897 5968 capo-
