4216 6486
708 425 814 480 625

701 541 963 612 διηνεκῶς
1003 544 1131 614 παρ’
1167 544 1322 614 ὑμῶν
1385 541 1789 614 ἐπιζητοῦντες.
1850 545 1972 597 Ὀτι
2011 543 2111 614 μέν
2162 541 2271 611 γάρ

707 633 942 705 ἐργῶδες
968 634 1126 687 τοῦτο
1152 635 1357 700 λοιπὸν,
1415 635 1510 688 καὶ
1533 635 1622 688 διά
1653 636 1753 706 τὴν
1801 636 1897 689 τοῦ
1926 637 2078 700 ἔτους
2105 637 2274 707 ὥραν,

702 723 799 775 καὶ
832 721 918 775 διά
944 722 1042 793 τὴν
1075 724 1173 794 τῆς
1195 724 1314 778 ὀδοῦ
1343 725 1652 791 δυσκολίαν,
1686 728 1746 780 οὐ
1780 725 1993 780 πολλῶν
2019 722 2278 795 φαινομέ-

701 831 808 868 νων
826 813 934 868 τῶν
954 815 1265 887 ὁδοιπόρων,
1318 815 1426 871 τῶν
1459 817 1597 889 πρὸς
1625 819 1785 872 τοῦτο
1809 817 2278 890 διακονησομένων

704 906 853 976 ὑμῖν.
898 906 1018 960 οὐδὲ
1048 909 1210 979 ἡμεῖς
1239 909 1562 980 ἀγνοοῦμεν·
1595 910 1736 982 πλὴν
1769 911 1882 964 ἀλλ’
1920 909 1994 974 ώς
2022 910 2120 974 ἔνι,
2180 909 2277 966 καὶ

703 992 815 1052 οἷόν
839 996 897 1052 τέ
925 1000 1042 1054 ἐστι
1074 1001 1167 1055 καὶ
1200 1003 1258 1055 ἐν
1289 1002 1522 1074 τοσαύτῃ
1575 1003 1851 1076 δυσκολίᾳ,
1883 1004 2120 1073 συνεχῶς
2150 1005 2270 1058 ἐπι-

707 1089 942 1143 στέλλειν
975 1091 1413 1162 παρακαλοῦμεν,
1443 1093 1534 1146 καὶ
1554 1093 1705 1164 παρά
1731 1093 1828 1165 τῆς
1852 1093 2122 1164 ὑμετέρας
2149 1096 2277 1164 ἀγά-

702 1191 814 1249 πης
849 1177 1052 1249 ταύτην
1079 1178 1335 1250 αἰτοῦμεν
1365 1180 1466 1253 τὴν
1498 1181 1677 1252 χάριν.
1733 1183 1844 1236 Καὶ
1879 1184 1957 1254 τῷ
2014 1185 2185 1256 κυρίῳ
2216 1185 2273 1238 δέ

703 1285 810 1341 μου
833 1269 912 1341 τῷ
939 1270 1315 1344 εὐλαϐεστάτῳ
1372 1273 1728 1346 πρεσϐυτέρῳ
1775 1276 2061 1347 Ῥωμανῷ,
2095 1275 2275 1340 καθὼς

702 1360 1044 1428 ἐκελεύσατε,
1096 1363 1519 1437 ἀπεστάλκαμεν
1575 1369 1668 1420 καὶ
1713 1367 1904 1422 τούτου
1950 1369 2108 1440 χάριν
2144 1369 2274 1439 ὑμῖν

702 1452 902 1519 εἰδότες
931 1455 1150 1528 πολλήν.
1199 1459 1352 1513 Ἐπεὶ
1398 1461 1673 1516 καὶτοῦτο
1697 1464 1900 1534 σφόδρα
1942 1465 2090 1534 ἡμᾶς
2132 1468 2269 1534 ἀγα-

701 1544 930 1601 πώντων
965 1549 1102 1613 ἐστὶ,
1153 1551 1248 1604 καὶ
1306 1551 1425 1622 μεθ’
1465 1554 1770 1626 ὑπερϐολῆς
1827 1557 2144 1626 φιλούντων,
2211 1560 2272 1613 τὸ

701 1637 1041 1708 τηλικούτοις
1063 1642 1286 1714 ἀνδράσι
1324 1646 1419 1698 καὶ
1462 1645 1551 1698 διὰ
1575 1647 1681 1700 τῶν
1710 1637 2052 1720 γραμμάτων
2082 1653 2273 1720 πειρά-

705 1727 980 1793 σθαι,καὶ
1028 1731 1227 1797 πολλὴν
1282 1735 1551 1790 ποιεῖσθαι
1598 1739 1834 1810 σπουδὴν
1885 1741 2271 1812 ἀκριϐέστερον

703 1818 994 1875 συνάπτειν
1040 1823 1207 1892 ἡμᾶς.
1252 1824 1542 1896 Δεξάμενοι
1591 1830 1769 1882 τοίνυν
1813 1832 1970 1902 ἡμῶν
2002 1833 2098 1903 τὴν
2139 1834 2273 1904 πρὸς

701 1909 863 1962 αὐτὸν
887 1911 1191 1983 ἐπιστολὴν,
1223 1916 1316 1967 καὶ
1339 1915 1518 1971 δοῦναι
1551 1917 1958 1991 παρακλὴθητε,
1977 1924 2082 1975 καὶ
2105 1924 2274 1993 χωρὶς

699 1999 799 2068 τῆς
836 2001 1122 2073 ἐπιπολῆς
1155 2010 1468 2076 προσειπεῖν
1485 2011 1644 2063 αὐτὸν
1675 2011 1833 2064 πάλιν
1873 2012 1932 2078 ἐξ
1960 2013 2136 2084 ἡμῶν.
2165 2015 2274 2068 Καὶ

699 2089 808 2162 γὰρ
837 2096 934 2163 οὐχ
960 2094 1035 2159 ώς
1061 2095 1250 2166 ἔτυχεν
1280 2099 1486 2153 ἀνωθεν
1517 2106 1611 2156 καὶ
1638 2104 1696 2169 ἐξ
1726 2106 1899 2176 ἀρχῆς
1934 2109 2159 2178 ἐρασταὶ
2177 2127 2272 2178 γε-

699 2181 938 2252 γόναμεν
995 2186 1161 2240 αὐτοῦ
1201 2189 1567 2262 σφοδρότατον
1631 2195 1724 2246 καὶ
1770 2196 1927 2248 τοῦτο
1959 2198 2274 2266 μανθανέτω

698 2271 785 2324 διὰ
814 2273 914 2343 τῆς
948 2274 1194 2348 γλώττης
1218 2279 1319 2350 τῆς
1348 2281 1639 2352 ὑμετέρας,
1675 2285 1757 2336 ὅτι
1796 2287 1894 2354 τὴν
1929 2286 2096 2356 αὐτὴν
2139 2289 2274 2355 ἀγά-

701 2377 811 2430 πην
853 2364 1083 2433 μένομεν
1117 2367 1514 2440 διατηροῦντες,
1545 2374 1677 2443 ἡμῖν
1711 2376 1893 2440 αὐτοῖς
1944 2378 2012 2430 τά
2041 2381 2272 2448 μέγιστα

701 2456 1069 2526 χαριζόμενον
1102 2460 1197 2514 καὶ
1225 2460 1308 2514 ὅτι
1334 2461 1432 2532 τὴν
1474 2465 1676 2533 μεταξὺ
1716 2468 1874 2538 σιγὴν
1925 2469 1986 2521 οὐ
2035 2469 2275 2539 ῥᾳθυμία

700 2548 1101 2618 πεποιήκαμεν,
1126 2548 1262 2604 ἀλλά
1282 2550 1359 2622 τῷ
1375 2552 1677 2623 γράμματα
1702 2557 1992 2627 ἀναμένειν
2024 2560 2272 2626 δέξασθαι

700 2633 850 2701 παρὰ
882 2635 980 2705 τῆς
1022 2636 1306 2702 εὐλαϐείας
1362 2640 1548 2694 αὐτοῦ.
1601 2642 1818 2716 Ἐπειδὴ
1866 2647 1920 2700 δέ
1973 2651 2273 2720 προτέρους

697 2725 847 2794 ἡμᾶς
876 2726 1074 2796 ᾔτησεν
1103 2729 1424 2796 ἐπιστεῖλαι,
1477 2731 1584 2784 ίδού
1620 2736 1714 2787 καὶ
1767 2737 1926 2791 τοῦτο
1987 2740 2273 2810 ποιοῦμεν,

700 2817 795 2868 καὶ
810 2817 1229 2892 παρακαλοῦμεν
1246 2821 1340 2876 καὶ
1353 2822 1516 2878 αὑτὸν
1547 2826 1782 2897 συνεχῶς
1803 2828 1960 2884 τοῦτο
1976 2832 2109 2901 πρὸς
2128 2834 2274 2904 ἡμᾶς

699 2909 892 2961 ποιεῖν.

1039 3003 1174 3058 KI".
1217 3004 1496 3076 Ῥωμανῷ
1535 3011 1930 3079 πρεσϐυτέρῳ.

770 3106 942 3168 Οἶσθα
982 3115 1078 3168 καὶ
1118 3117 1300 3182 αὐτὸς,
1329 3120 1486 3192 κύριε
1519 3140 1620 3194 μου
1655 3127 1950 3197 τιμιώτατε
1989 3130 2081 3182 καὶ
2115 3129 2272 3184 εὐλα-

703 3201 951 3271 ϐέστατε,
977 3206 1091 3270 πῶς
1116 3208 1204 3260 ἀεὶ
1233 3211 1359 3281 περὶ
1383 3212 1478 3284 τὴν
1506 3214 1603 3284 σὴν
1618 3216 1900 3271 εὐλάϐειαν
1930 3219 2268 3290 διετέθημεν,

702 3293 934 3357 καὶπῶς
959 3297 1048 3350 ἀεὶ
1081 3300 1445 3372 συνδεδεμένοι
1478 3322 1560 3358 σοι
1606 3307 1685 3377 τῷ
1724 3309 1871 3380 νόμῳ
1918 3311 2016 3380 τῆς
2049 3313 2271 3382 ἀγάπης

696 3384 1098 3459 διετελέσαμεν,
1127 3390 1495 3463 θαυμάζοντές
1526 3414 1619 3450 σου
1650 3399 1747 3471 τὴν
1773 3401 1879 3453 τῶν
1909 3403 2125 3474 τρόπων
2158 3407 2272 3459 ἐπι-

701 3476 938 3542 είκειαν,
971 3479 1066 3534 καί⁵
1101 3482 1528 3557 ἐκπληττόμενοι
1561 3489 1659 3560 τῆς
1703 3492 1905 3562 ἀρετῆς
1937 3511 2029 3546 σου
2053 3496 2149 3566 τὴν
2180 3499 2271 3550 εὐ-

704 3569 940 3660 μορφίαν
961 3610 976 3636 ,
999 3571 1066 3625 δι’
1092 3566 1161 3644 ἧς
1197 3576 1403 3641 πάντας
1435 3580 1562 3643 τοὺς
1599 3582 2025 3653 ἐντυγχάνοντας
2055 3589 2273 3660 χειροῦ-

703 3674 814 3714 σαι.
844 3659 944 3751 Διά
967 3660 1032 3733 δὴ
1053 3664 1210 3719 τοῦτο
1232 3667 1326 3720 καὶ
1359 3670 1424 3722 ἐκ
1461 3670 1670 3742 μακροῦ
1707 3673 2006 3746 καθήμενοι
2051 3659 2273 3751 διαστή-

703 3749 1008 3840 ματος,’ἀει
1039 3771 1100 3807 σε
1146 3756 1238 3808 ἐπὶ
1287 3761 1385 3829 τῆς
1427 3759 1662 3826 διανοίας
1722 3763 2125 3840 περιφέρομεν,
2178 3749 2273 3825 καὶ

700 3839 945 3914 δπουπερ
975 3843 1041 3899 ἀν
1071 3846 1304 3918 ἐρημίας
1341 3851 1749 3924 ἀπενεχθῶμεν,
1786 3859 2138 3916 ἐπιλαθέσθαι
2179 3882 2272 3917 σου

700 3932 803 4004 τῆς
832 3935 1053 4028 ἀγάπης
1085 3940 1147 3992 οὐ
1169 3940 1442 4012 δυνάμεθα
1460 3961 1477 3976 ο
1513 3947 1626 3999 ἀλλ’
1655 3949 1728 4012 ὡς
1752 3952 1994 4020 παρόντα
2025 3957 2117 4008 καὶ
2143 3957 2274 4028 πλη-

703 4027 816 4080 σίον
844 4027 990 4094 ὅντα,
1018 4029 1162 4084 οῦτω
1187 4035 1281 4086 καὶ
1307 4037 1521 4107 δρῶμεν
1551 4040 1642 4093 καὶ
1688 4043 2070 4116 φανταζόμεθα
2089 4089 2102 4112 ,
2163 4027 2274 4112 τοῖς

702 4119 798 4190 τῆς
825 4121 1044 4194 ἀγάπης
1068 4123 1365 4196 ὀφθαλμοῖς
1393 4131 1651 4201 συνεχῶς,
1695 4135 1896 4203 μᾶλλον
1932 4139 1987 4191 δέ
2010 4138 2274 4209 διηνεκῶς

704 4227 764 4263 σε
800 4209 1104 4280 βλέποντες,
1137 4217 1230 4269 καὶ
1253 4218 1388 4289 πρὸς
1410 4221 1655 4288 ἅπαντας
1686 4226 2149 4296 ἀνακηρύττοντές
2178 4250 2271 4286 σου

701 4300 798 4372 τὴν
824 4303 1125 4361 εὐλάϐειαν.
1161 4307 1592 4382 Παρακαλοῦμεν
1620 4314 1683 4385 δὴ
1743 4317 1833 4370 καὶ
1866 4319 2028 4372 αὐτὸν
2060 4324 2273 4394 μεμνῆ-

705 4393 827 4486 σθαι
879 4397 1034 4466 ἡμῶν
1065 4398 1344 4470 διηνεκῶς,
1375 4403 1468 4456 καὶ
1515 4405 1610 4475 τὴν
1659 4407 1881 4479 ἀγάπην
1909 4412 1974 4481 ἣν
2011 4413 2069 4477 ἐξ
2096 4393 2272 4486 ἀρχῆς

705 4485 832 4555 περὶ
863 4487 1009 4556 ἡμᾶς
1067 4489 1343 4554 ἐπεδείξω,
1394 4493 1598 4563 ταύτην
1658 4497 1752 4550 καὶ
1792 4497 1886 4552 νῦν
1916 4485 2272 4572 ἀκμάζουσαν

699 4574 996 4670 διατηρεῖν,
1024 4580 1117 4670 καὶ
1138 4578 1388 4649 εῦχεσθαι
1420 4585 1556 4652 μετά
1580 4587 1780 4658 πολλῆς
1819 4591 2092 4656 ἐκτενείας
2134 4599 2270 4670 ὑπὲρ

700 4667 798 4736 τῆς
849 4669 1228 4734 ταπεινώσεως
1280 4671 1380 4742 τῆς
1428 4675 1736 4747 ἡμετέρας,
1790 4682 1883 4734 καὶ
1938 4667 2272 4741 ἐπιστέλλειν

701 4757 860 4847 ἡνίκα
891 4759 959 4812 ἂν
985 4760 1103 4830 ἐξῇ,
1136 4761 1226 4814 καί
1272 4763 1339 4816 τά
1373 4765 1497 4836 περὶ
1539 4767 1640 4838 τῆς
1671 4769 1879 4837 ὑγιείας
1911 4775 2010 4844 τῆς
2053 4779 2149 4847 σῆς
2177 4781 2272 4842 δη-

699 4846 970 4942 λοᾼῦνίῐνα
1000 4853 1094 4904 καὶ⁸
1126 4852 1408 4925 ἐνέρημία
1455 4857 1774 4928 καθήμενοι,
1812 4865 2011 4936 πολλὴν
2046 4887 2270 4942 καρπω-

700 4937 923 5008 σώμεθα
980 4942 1080 5012 τὴν
1111 4944 1478 5015 παράκλησιν,
1532 4949 1631 5020 τῆς
1677 4953 1784 5004 ἀπὸ
1814 4955 1920 5008 τῶν
1967 4937 2140 5029 εὐχῶν
2178 4981 2270 5018 σου

703 5031 1017 5103 συμμαχίας
1034 5035 1100 5090 ἐκ
1128 5036 1382 5091 τοσούτου
1419 5041 1781 5108 ἀπολαύοντες
1814 5047 2198 5124 διαστήματος.

1157 5126 1308 5200 [609]
1349 5133 1472 5184 KA'.
1531 5132 1812 5202 Ἡσυχίῳ.

769 5214 940 5278 Αὐτὸς
962 5215 1071 5309 ᾃμέν
1110 5221 1438 5293 συγγνώμης
1463 5224 1631 5290 ἀξιοῖς
1661 5230 1845 5296 τυχεῖν
1889 5229 2028 5302 ὑπὲρ
2070 5233 2160 5289 τοῦ
2196 5239 2270 5309 μὴ

701 5307 1125 5377 παραγενέσθαι,
1155 5311 1253 5380 τὴν
1282 5315 1590 5384 ἀρρωστίαν
1628 5318 2084 5391 προϐαλλόμενος.
2131 5307 2270 5395 Ἐγώ

698 5398 757 5491 δέ
785 5417 843 5453 σε
873 5402 966 5455 καὶ
998 5405 1247 5472 στεφανῶ
1269 5408 1362 5463 καὶ
1390 5409 1748 5480 ἀνακηρύττω
1776 5413 1874 5485 τῆς
1897 5414 2139 5487 γνώμης.
2176 5423 2268 5491 ἀφ’

697 5484 764 5563 ἧς
791 5493 885 5545 καὶ
917 5497 1316 5567 παραγέγονας,
1347 5501 1440 5553 καὶ
1467 5501 1575 5554 τῶν
1599 5502 1860 5558 ἐλθόντων
1879 5484 2032 5562 οὐδὲν
2053 5484 2270 5569 ἔλαττον

699 5581 840 5652 ιχεις
865 5589 993 5656 παρ’
1017 5588 1150 5658 ἡμῖν
1180 5590 1319 5643 κατά
1337 5590 1428 5644 τὸν
1460 5591 1559 5662 τῆς
1591 5593 1809 5666 ἀγάπης
1845 5596 2017 5666 λόγον.
2065 5603 2270 5669 Ὶκανδς

693 5671 817 5768 δὲῃὺ
843 5674 971 5740 Θεὸς
994 5680 1098 5732 ,καὶ
1122 5680 1219 5750 τῆς
1267 5683 1600 5754 κατεχούσης
1657 5703 1716 5738 σε
1757 5688 2063 5757 ἀπαλλάξαι
2097 5696 2271 5768 ἀρρω-

699 5764 874 5828 στίας,
907 5769 1000 5821 καὶ
1033 5771 1170 5841 πρὸς
1201 5772 1444 5844 καθαρὰν
1495 5775 1680 5842 ὑγείαν
1714 5779 2080 5850 ἐπαναγαγεῖν
2110 5764 2147 5850 ,-
2172 5764 2267 5843 ’ἵνα

699 5872 792 5910 σου
819 5857 912 5910 καὶ
936 5859 1033 5930 τῆς
1061 5861 1181 5915 κατ’
1210 5862 1332 5932 ὄψιν
1369 5865 1764 5938 ἀπολαύσωμεν
1819 5874 2122 5945 συντυχίας.
2157 5881 2266 5933 Καὶ

703 5947 810 6010 γὰρ
842 5949 1046 6008 σφόδρα
1083 5954 1454 6008 ἐπιθυμοῦμέν
1509 5976 1567 6008 σε
1620 5959 1747 6008 ἰδεῖν
1800 5964 1891 6017 καὶ
1935 5971 2263 6034 περιπτύξα-

1427 419 1484 474 S.
1518 418 1802 475 JOANNIS
1840 413 2323 474 ευιιγδοετοιίι
2358 412 2675 473 ABCHIEP.
2700 410 3246 471 CONSTANTINOP.

3854 403 3957 462 626

2383 539 2534 602 σθαι,
2594 539 2685 592 καὶ
2715 536 2814 609 τὴν
2853 537 3010 607 φίλην
3071 537 3202 606 ἡμῖν
3254 530 3476 602 φιλῆσαι
3515 527 3779 598 κεφαλήν.
3811 527 3959 591 Ἕως

2378 632 2424 684 δ’
2457 631 2522 684 ἀν
2544 632 2713 684 ταῦτα
2740 632 2802 682 τό
2829 647 2888 682 τε
2911 629 3214 700 ἀρρωστεῖν
3249 637 3274 666 ι
3307 640 3401 677 σου
3431 621 3530 692 τὴν
3556 620 3837 688 εὐγένειαν
3862 619 3958 672 καὶ

2378 724 2412 792 ἡ
2449 721 2542 776 τοῦ
2578 721 2733 785 ἔτους
2789 720 2910 789 ὥρα
2938 717 3235 788 διακωλύῃ,
3259 717 3318 769 οὐ
3352 712 3674 783 παυσόμεθα
3714 707 3956 778 συνεχῶς

2377 812 2785 875 ἐπιστέλλοντές
2837 828 2930 864 σου
2979 811 3046 880 τῇ
3085 808 3383 881 τιμιότητι,
3425 804 3521 859 καὶ
3559 803 3658 873 τὴν
3707 801 3956 856 ἐντεῦθεν

2378 903 2510 972 ἡμῖν
2539 900 2719 963 αὐτοῖς
2753 896 3269 969 πραγματευόμενοι
3301 894 3520 965 ἡδονήν.

2750 993 2877 1045 κε’.
2932 988 3204 1047 Ἑλπιδίω
3236 985 3566 1048 ἐπισκόπφ.

2460 1083 2649 1152 ⁹Ημεῖς
2713 1082 2811 1151 μὲν
2851 1080 3187 1150 ἐϐουλόμεθα
3245 1076 3484 1147 συνεχῶς
3525 1072 3859 1128 ἐπιστέλλειν
3889 1075 3955 1143 τῇ

2376 1173 2632 1244 εὐλαϐείᾳ
2651 1176 2714 1243 τῇ
2750 1175 2838 1243 σῇ,
2879 1174 2973 1226 καὶ
3000 1168 3155 1224 οἶσθα
3182 1169 3341 1224 τοῦτο
3377 1168 3474 1222 καὶ
3504 1167 3688 1230 αὐτὸς,
3719 1165 3958 1220 δέσποτα

2373 1263 2700 1333 τιμιώτατε’
2743 1265 2856 1317 ἀλλ’
2892 1264 3078 1335 ἐπειδὴ
3102 1263 3260 1316 τοῦτο
3300 1262 3448 1332 ἡμᾶς
3499 1260 3855 1329 παραιρεῖται
3897 1259 3958 1310 τὸ

2378 1354 2575 1425 μηδένα
2600 1354 2834 1425 συνεχῶς
2857 1354 2988 1425 ἡμῖν
3009 1351 3396 1426 ἐπιχωριάζειν
3425 1351 3490 1421 (ἢ
3515 1367 3574 1403 τε
3610 1350 3720 1421 γὰρ
3752 1349 3960 1418 ἐρημία

2373 1442 2466 1496 τοῦ
2493 1444 2692 1513 χωρίου
2717 1443 2909 1496 τούτου
2933 1483 2948 1508 ,
3001 1443 3030 1496 δ
3061 1459 3121 1495 τε
3155 1441 3263 1495 τῶν
3297 1439 3511 1514 λῃστῶν
3539 1438 3704 1510 φόϐος
3751 1437 3958 1507 ταύτην

2374 1535 2674 1598 ἐπιτείνων,
2705 1536 2890 1590 λοιπὸν
2931 1535 2986 1588 δὲ
3025 1537 3119 1589 καὶ
3151 1537 3185 1605 ὴ
3224 1533 3319 1588 τοῦ
3354 1534 3503 1596 ἔτους
3531 1532 3650 1601 ῶρα
3675 1531 3774 1593 τάς
3806 1530 3961 1592 ὁδοὺς

2373 1626 2809 1696 ἀποτειχίζουσα,
2836 1626 3000 1681 πᾶσιν
3019 1625 3216 1680 ἄϐατον
3239 1621 3500 1692 ποιεῖτὴν
3525 1618 3835 1674 Κουκουσδν
3872 1619 3899 1658 δ
3919 1618 3959 1686 ),

2375 1714 2488 1768 ἀλλ’
2519 1716 2680 1785 ἡνίκα
2710 1716 2776 1769 ἀν
2809 1715 3156 1786 ἐπιτύχωμεν
3186 1714 3693 1784 γραμματηφόρων,
3727 1710 3962 1781 πληροῦ-

2379 1823 2477 1876 μεν
2504 1807 2665 1877 ἡμῶν
2717 1807 2816 1878 τὴν
2856 1805 3172 1877 ἐπιθυμίαν,
3215 1808 3350 1876 ἡμῖν
3401 1807 3582 1867 αὐτοῖς
3631 1806 3700 1856 τὰ
3729 1804 3962 1874 μέγιστα

2374 1896 2739 1968 χαριζόμενοι.
2779 1899 2843 1951 ’0
2895 1897 2952 1950 δὲ
3009 1897 3103 1950 καὶ
3146 1896 3240 1949 νῦν
3282 1898 3660 1965 πεποιήκαμεν
3719 1893 3807 1948 διά
3853 1893 3962 1946 τῶν

2376 1989 2578 2058 κυρίων
2627 2005 2724 2058 μου
2776 1988 2886 2042 τῶν
2927 1988 3271 2058 τιμιωτάτων
3321 1985 3726 2057 πρεσϐυτέρων,
3775 1984 3876 2054 τήν
3900 2000 3959 2036 τε

2375 2077 2725 2148 ὀφειλομένην
2752 2077 3091 2141 ἀποδιδόντες
3118 2077 3421 2147 πρόσρησιν
3448 2077 3512 2145 τῇ
3537 2073 3817 2144 θεοσεϐείᾳ
3841 2090 3959 2138 σου,

2377 2170 2470 2222 καὶ
2499 2167 2942 2238 παρακαλοῦντες
2973 2167 3136 2238 ἡνίκα
3169 2168 3234 2220 ἂν
3261 2163 3352 2235 ἐξῇ
3385 2165 3478 2216 καὶ
3502 2163 3662 2215 αὐτὸν
3686 2165 3816 2234 ἡμῖν
3840 2164 3962 2216 ἐπι·

2378 2260 2634 2320 στέλλειν,
2676 2259 2854 2312 καίτά
2890 2260 3016 2330 περὶ
3034 2259 3133 2328 τῆς
3172 2256 3358 2324 ὑγείας
3383 2255 3576 2326 δηλοῦν
3605 2254 3701 2324 τῆς
3733 2255 3854 2324 σῆς.
3885 2254 3960 2308 Οὐ

2374 2352 2482 2420 γὰρ
2498 2352 2735 2417 ἀγνοεῖς,
2761 2350 2996 2403 δέσποτά
3025 2366 3125 2417 μου
3145 2349 3441 2417 τιμιώτατε
3466 2347 3558 2400 καὶ
3576 2345 3957 2410 εὐλαϐεστατε,

2373 2441 2519 2502 ὅπως
2547 2443 2680 2510 ἡμῖν
2709 2440 3172 2512 περισπούδαστον
3221 2439 3306 2492 ἀεὶ
3347 2439 3476 2510 περὶ
3520 2438 3724 2506 ταύτης
3755 2436 3961 2506 μανθά-

2374 2550 2505 2586 νειν.
2544 2533 2606 2586 Εἰ
2645 2534 2754 2603 γὰρ
2785 2532 2878 2586 καὶ
2917 2532 3051 2602 πρὸς
3096 2530 3266 2594 αὐτὰς
3292 2529 3686 2600 ἀπῳκίσθημεν
3710 2529 3811 2598 τῆς
3838 2529 3959 2581 καθ’

2373 2627 2519 2694 ἡμᾶς
2541 2626 2863 2694 οἰκουμένης
2884 2624 2980 2686 τὰς
3000 2623 3275 2694 ἐσχατιὰς,
3303 2622 3416 2676 ἀλλ’
3437 2622 3587 2692 ὅμως
3613 2620 3712 2690 τῆς
3738 2620 3959 2690 ἀγάπης

2375 2732 2469 2768 σου
2527 2717 2626 2784 τῆς
2673 2716 2899 2784 γνησίας
2937 2714 3028 2768 καὶ
3073 2714 3302 2784 θερμῆς,
3348 2713 3444 2782 τῆς
3501 2709 3828 2780 εἰλικρινοῦς
3869 2712 3960 2762 καὶ

2373 2807 2561 2860 ἀδόλου
2621 2805 2974 2860 ἐπιλαθέσθαι
3037 2806 3097 2858 οὐ
3135 2805 3430 2873 δυνάμεθα,
3455 2803 3572 2856 ἀλλ’
3610 2804 3857 2872 ὅπουπερ
3895 2803 3960 2855 ἂν

2374 2895 2642 2964 ἀπίωμεν,
2685 2895 3070 2966 περιφέροντες
3097 2894 3265 2964 αὐτὴν
3318 2892 3544 2962 ἄπιμεν,
3583 2892 3846 2963 μεγίστην
3876 2895 3960 2944 ἐν·

2379 2986 2568 3040 τεῦθεν
2603 2985 2973 3057 καρπούμενοι
3002 2985 3100 3056 τὴν
3129 2985 3497 3055 παραμυθίαν.

2784 3095 2926 3162 KG”.
2968 3094 3184 3164 Μάγνῳ
3210 3094 3540 3160 ἐπισκόπῳ.

2445 3210 2505 3262 Εἰ
2536 3210 2630 3262 καὶ
2649 3209 2810 3272 αὐτὸς
2834 3210 2964 3279 ἡμῖν
2992 3209 3090 3261 οὐκ
3117 3208 3487 3274 ἐπέσταλκας,
3522 3209 3700 3263 καίτοι
3726 3209 3836 3263 τῶν
3859 3227 3958 3263 κυ-

2375 3299 2506 3370 ρίων
2551 3317 2651 3369 μου
2701 3299 2811 3352 τῶν
2867 3299 3246 3370 πρεσϐυτέρων
3307 3301 3785 3370 παραγενομένων,
3843 3301 3958 3354 ἀλλ’

2373 3395 2534 3463 ἡμεῖς
2563 3393 2660 3462 τῆς
2681 3409 2741 3444 τε
2771 3391 2976 3446 ἄνωθέν
3005 3409 3099 3444 σου
3131 3390 3314 3460 φιλίας
3343 3394 3699 3463 μεμνημένοι,
3736 3393 3833 3445 καὶ
3858 3394 3959 3464 τὴν

2371 3485 2478 3536 τῶν
2502 3484 2718 3556 τρόπων
2742 3500 2836 3536 σου
2866 3481 3239 3552 θαυμάζοντες
3261 3483 3583 3543 ἐπιείκειαν,
3618 3481 3713 3535 καὶ
3735 3481 3834 3551 τὴν
3858 3481 3957 3550 τῆς

2370 3575 2547 3647 ψυχῆς
2577 3576 2846 3646 ἀνδρείαν,
2877 3575 3076 3637 ειδότες
3107 3575 3164 3627 δὲ
3194 3574 3289 3628 καὶ
3312 3573 3373 3626 τὸ
3396 3573 3682 3644 φίλτρον,ὃ
3717 3573 3806 3626 ἀεὶ⁵
3829 3573 3959 3643 περὶ

2370 3669 2520 3738 ἡμᾶς
2559 3669 2838 3732 ἐπεδείξω,
2894 3667 3148 3736 πρότεροι
3196 3668 3310 3729 τοῖς
3343 3665 3479 3738 πρὸς
3512 3665 3610 3736 τὴν
3644 3665 3740 3736 σὴν
3781 3665 3956 3735 ἐμμέ-

2372 3757 2523 3810 λειαν
2553 3759 2976 3829 ἐπεπηδήσαμεν
3014 3758 3324 3829 γράμμασι,
3355 3757 3582 3827 χάριτάς
3614 3758 3673 3810 τέ
3702 3773 3783 3810 σοι
3823 3757 3956 3828 ὁμου

2374 3848 2637 3916 λογοῦμεν
2668 3851 2764 3919 τῆς
2785 3849 3099 3912 διαθέσεως,
3136 3850 3204 3918 ἧν
3227 3851 3352 3919 περὶ
3385 3849 3530 3919 ἡμᾶς
3559 3849 3953 3903 ἐπιδείκνυσαι·

2375 3939 2435 3992 οὐ
2473 3940 2579 4010 γὰρ
2613 3940 2801 3992 ἔλαθεν
2843 3941 2990 4010 ἡμᾶς
3022 3940 3199 4002 τοῦτο,
3250 3941 3429 3994 καίτοι
3476 3957 3539 4010 γε
3587 3943 3652 3994 ἐκ
3700 3941 3955 3996 τοσούτου

2377 4033 2712 4103 καθημένους
2748 4034 3142 4104 διαστήματος·
3182 4033 3606 4104 παρακαλοῦμεν
3636 4028 3751 4098 οὗν,
3791 4034 3956 4106 ἡνίκα

2374 4126 2438 4180 ἂν
2472 4126 2586 4196 ἐξῇ,
2623 4127 2852 4195 γράφειν
2877 4127 3008 4195 ἡμῖν
3039 4126 3300 4196 συνεχῶς,
3320 4126 3415 4180 καὶ
3441 4126 3510 4180 τά
3538 4124 3788 4196 περὶτῆς
3829 4124 3950 4191 ὐγι-

2370 4219 2484 4283 είας
2521 4217 2615 4286 τῆς
2640 4213 2786 4286 [610]
2816 4215 2911 4285 σῆς
2949 4210 3404 4283 εὐαγγελίζεσθαι.
3447 4214 3616 4269 Ὅταν
3651 4213 3759 4284 γὰρ
3787 4209 3954 4266 ἀκού-

2375 4325 2555 4377 σωμεν
2576 4308 2700 4369 τοὺς
2731 4307 2993 4377 σφοδροὺς
3041 4307 3198 4377 ἡμῶν
3237 4306 3489 4376 ἐραστὰς,
3525 4307 3619 4360 καὶ
3653 4307 3954 4375 γενναίους,

2373 4398 2514 4452 οῦτω
2534 4398 3012 4468 διεγηγερμένους,
3065 4397 3332 4468 νήφοντάς
3366 4415 3424 4450 τε
3455 4398 3548 4450 καὶ
3579 4397 3955 4468 ἐγρηγορότας

2374 4489 2500 4559 περὶ
2533 4489 2757 4558 τὴντῶν
2797 4488 3132 4558 Ἐκκλησιῶν
3165 4489 3441 4559 πρόνοιαν,
3507 4490 3564 4541 ἐν
3622 4489 3804 4559 ὑγιεία
3846 4488 3955 4543 διά-

2372 4599 2508 4649 γειν,
2540 4581 2738 4651 πολλὴν
2769 4581 2861 4633 καὶ
2889 4580 3140 4634 ἐντεῦθεν
3167 4581 3531 4652 καρπούμεθα
3545 4579 3643 4650 τὴν
3673 4580 3953 4650 παράκληο

2375 4689 2478 4724 σιν.
2518 4671 2680 4724 Ταῦτ’
2701 4668 2794 4724 οὖν
2817 4670 2991 4734 εἰδὼς,
3026 4670 3262 4724 δέσποτά
3288 4689 3387 4741 μου
3410 4670 3704 4740 τιμιώτατε
3737 4671 3830 4723 καὶ⁵
3859 4672 3920 4725 εὐ
3939 4698 3953 4714 ο

2371 4762 2686 4829 λαϐέστατε,
2727 4763 2800 4833 μὴ
2830 4762 3083 4816 κατόκνει
3110 4763 3346 4832 συνεχῶς
3370 4762 3540 4815 ταῦτα
3565 4763 3696 4833 ἡμῖν
3735 4762 3948 4832 δηλοῦν.

2374 4850 2528 4905 υῦτω
2548 4852 2674 4922 γὰρ,
2699 4853 2802 4906 κᾶν
2845 4851 2982 4922 πρὸς
3018 4851 3188 4915 αὐτάς
3217 4853 3606 4922 ἀπενεχθῶμεν
3648 4854 3748 4924 τῆς
3772 4855 3952 4908 οἰκουο

2376 4944 2540 5013 μένης
2569 4943 2667 5007 τὰς
2700 4943 2989 5013 ἐσχατιὰς,
3028 4943 3230 5013 πολλὴν
3278 4944 3684 5014 καρπωσόμεθα
3717 4947 3816 5015 τὴν
3849 4963 3951 4998 πα-

2376 5035 2635 5105 ράκλησιν
2653 5075 2666 5100 ,
2701 5035 2904 5106 ταύτης
2935 5033 3174 5106 συνεχῶς
3199 5035 3561 5099 ἀπολαύοντες
3582 5036 3679 5107 τῆς
3697 5053 3949 5109 παραμνο

2373 5124 2490 5186 θίας
2525 5136 2570 5176 ε.

2793 5220 2921 5270 KZ'.
2951 5219 3154 5287 Δόμνῳ
3193 5220 3522 5282 ἐπισκόπῳ.

2442 5308 2551 5360 Καὶ
2582 5309 2670 5363 τοῦ
2707 5308 2915 5378 πέμψαι
2948 5309 3037 5362 τὸν
3083 5310 3410 5379 τιμιώτατον
3461 5309 3830 5381 πρεσϐύτερον
3870 5313 3948 5375 εἰς

2369 5397 2976 5468 ἐπίσκηψινήμετέραν,
3011 5400 3104 5452 καὶ
3134 5401 3231 5452 τοῦ
3257 5401 3467 5472 γράψαι
3495 5401 3697 5464 πολλὰς
3720 5401 3828 5472 ἔχω
3857 5403 3949 5474 χά-

2373 5503 2525 5557 ριτας
2551 5488 2614 5556 τῇ
2644 5486 2900 5556 εὐλαϐείᾳ
2927 5489 2990 5557 τῇ
3017 5490 3105 5556 σῇ,
3133 5488 3368 5541 δέσποτα
3395 5488 3711 5559 τιμιώτατε.
3744 5491 3947 5562 Ἀμφόο

2369 5593 2500 5645 τερα
2558 5576 2666 5647 γάρ
2695 5576 2921 5644 γνησίας
2957 5577 3176 5647 ἀγάπης
3228 5579 3322 5630 καὶ
3380 5578 3588 5650 θερμῆς
3630 5580 3942 5646 διαθέσεως.

2370 5667 2467 5719 Διά
2490 5666 2644 5721 τοῦτο
2670 5666 2763 5720 καὶ
2796 5668 2853 5720 ἐν
2887 5666 3088 5738 ἐρημία
3109 5667 3492 5738 διατρίϐοντες,
3530 5668 3728 5741 πολλὴν
3761 5669 3944 5726 ἐντεῦο

2434 5799 2459 5864 _‘
2484 5796 2566 5864 §Sc
2582 5811 2759 5864 Δοιιιιιεε
2776 5811 2899 5864 τρες.
2926 5796 3058 5864 Editi
3087 5809 3204 5847 vero
3225 5799 3280 5847 τό
3298 5816 3350 5848 τε
3369 5800 3648 5864 ἀρρωστίας,
3675 5801 3802 5851 male

2432 5860 2460 5900 δ
2489 5859 2638 5908 Valic.
2664 5860 2748 5916 τήν
2772 5859 3036 5908 Κοκουσόν.

2436 5920 2599 5986 C‘Mgs.
2643 5921 3117 5986 xapuwao’pueg‘dv
3167 5922 3485 5986 παραμυθίαν,
3526 5928 3697 5983 ταύτης
3739 5925 3948 5986 συνεχῶς

2373 5983 2487 6031 ἀπο)
2498 5981 2683 6030 oriona:
2705 5981 2784 6030 τῆς
2809 5981 3169 6029 παρακλήσεως.
