4172 6484
266 434 368 490 625

269 552 450 612 timus,
483 545 534 601 ‘a
562 548 714 602 vobis
763 545 1035 615 postulare
1077 555 1366 613 numquam
1415 539 1746 596 desinemus.
1793 538 1863 605 Et

265 641 485 712 quidem
536 640 788 710 quoniam
847 647 957 692 tum
1017 645 1237 706 propter
1285 633 1413 689 anni
1469 643 1716 702 tempus,
1753 640 1864 686 tttm

269 741 487 802 propter
547 731 756 786 itineris
787 729 1190 795 difficultatem,
1239 724 1380 781 haud
1425 724 1577 779 multi
1628 725 1864 778 viatores

267 807 413 888 stfnt,
445 824 538 894 qui
565 823 718 878 vobis
743 821 811 877 ad
839 821 975 875 banc
1003 835 1118 875 rem
1148 832 1364 889 operam
1395 831 1593 871 navare
1620 815 1860 884 possint,

269 915 405 970 istud
434 915 548 984 jam
585 913 802 969 difficile
827 927 947 968 esse
975 925 1079 966 non
1103 911 1414 980 ignoramus
1447 926 1461 958 :
1490 907 1680 962 saltem
1711 916 1768 960 ut
1793 905 1861 959 li-

265 1018 370 1072 cet,
387 1017 552 1078 atque
569 1007 621 1060 in
647 1014 789 1060 tanta
806 1002 1118 1058 difficultate
1144 1001 1260 1056 fieri
1278 1008 1470 1070 potest,
1491 1012 1590 1052 vos
1605 996 1861 1051 obsecra-

266 1114 406 1164 mus,
437 1106 498 1152 ιιι
521 1112 680 1168 quam
707 1094 1004 1166 saepissime
1029 1094 1274 1150 scribatis
1294 1134 1309 1158 ,
1339 1101 1499 1162 atque
1532 1089 1671 1144 hanc
1710 1103 1739 1142 a
1770 1102 1865 1142 ve-

265 1199 373 1243 stra
403 1189 630 1243 caritate
657 1187 880 1258 gratiam
908 1187 1256 1256 postulamus.
1287 1183 1426 1250 Quin
1458 1180 1862 1252 religiosissimo

265 1295 481 1350 quoque
511 1279 734 1334 domino
758 1293 880 1333 meo
911 1278 1222 1348 presbytero
1243 1275 1508 1339 Romano,
1527 1282 1586 1328 ut
1604 1272 1858 1342 jussistis,

267 1371 612 1440 scripsimus:
633 1386 805 1439 eoque
833 1370 1047 1426 nomine
1078 1368 1347 1438 ingentem
1371 1367 1534 1421 etiam
1562 1363 1713 1418 vobis
1739 1377 1863 1433 gra-

265 1467 392 1517 tiam
420 1461 702 1517 habemus.
723 1459 1162 1531 Quandoquidem
1196 1458 1299 1513 hoe
1324 1470 1536 1527 quoque
1561 1454 1629 1508 ab
1659 1451 1861 1523 ingenti

264 1569 328 1609 ac
352 1553 614 1625 singulari
640 1553 870 1623 quodam
890 1551 1056 1606 nostri
1083 1565 1267 1605 amore
1292 1547 1668 1621 proficiscitur,
1692 1545 1856 1616 quod,

265 1654 320 1699 ut
346 1645 517 1699 tantis
538 1645 665 1699 viris
693 1645 892 1699 arctius
929 1658 1027 1698 nos
1060 1641 1322 1712 c0puletis
1346 1682 1360 1706 ,
1394 1656 1489 1711 per
1516 1640 1695 1694 literas
1725 1653 1858 1706 ope-

261 1751 375 1792 ram
402 1735 565 1801 datis,
593 1750 966 1806 summumque
987 1736 1052 1789 ad
1095 1733 1144 1788 id
1172 1733 1404 1788 studium
1433 1731 1716 1787 adhibetis.
1749 1730 1858 1786 Ve-

263 1825 355 1882 lim
393 1826 600 1899 itaque,
633 1837 692 1882 ut
715 1843 836 1882 cum
867 1838 1105 1881 nostram
1137 1825 1203 1880 ad
1229 1840 1352 1881 eum
1380 1824 1660 1895 epistolam
1699 1837 1855 1878 acce-

264 1920 470 1990 peritis,
501 1934 621 1974 eam
653 1919 752 1989 ipsi
782 1918 1039 1986 reddatis,
1075 1927 1235 1988 atque
1277 1931 1400 1972 eum
1454 1915 1580 1970 licet
1631 1913 1858 1984 epistola

261 2026 367 2064 non
391 2020 617 2080 accepta
657 2025 779 2067 meo
816 2011 1034 2066 nomine
1058 2010 1320 2065 salutetis.
1346 2007 1672 2078 Iampridem
1713 2006 1855 2062 enim

260 2111 362 2168 est,
395 2102 540 2173 quod
567 2118 690 2159 eum
727 2103 1074 2159 vehementer
1117 2118 1300 2159 amare
1350 2103 1644 2173 coepimus;
1696 2101 1858 2171 idque

260 2203 316 2246 ut
346 2210 410 2248 ex
443 2210 542 2250 ore
567 2204 749 2251 vestro
779 2195 1043 2266 intelligat
1069 2196 1227 2267 cupio
1250 2237 1267 2264 ,
1310 2211 1408 2250 nos
1439 2193 1685 2251 eamdem
1729 2208 1856 2264 erga

259 2300 379 2341 enm
430 2287 860 2344 benevolentiam
886 2291 1144 2356 retinere,
1176 2304 1347 2360 eaque
1384 2289 1437 2343 in
1465 2303 1526 2344 re
1561 2287 1631 2342 de
1671 2287 1857 2342 nobis-

261 2380 387 2448 ipsis
417 2381 621 2450 optime
647 2383 844 2437 mereri
870 2399 884 2448 ;
909 2382 1147 2452 illudque
1172 2391 1450 2452 prteterea,
1486 2395 1584 2436 nos
1614 2395 1720 2435 non
1754 2396 1853 2434 ne-

259 2473 508 2541 gligentia
536 2485 589 2528 et
621 2473 864 2529 socordia
897 2474 1026 2529 nihil
1057 2474 1123 2529 ad
1149 2490 1272 2530 eum
1298 2475 1574 2530 literarum
1603 2473 1815 2528 dedisse
1835 2515 1850 2539 ,

258 2566 348 2618 sed
376 2565 519 2635 quod
545 2566 612 2619 ab
628 2567 795 2635 ipsius
819 2567 1009 2635 pietate
1027 2567 1208 2622 literas
1233 2577 1686 2637 exspectaremus.
1709 2565 1857 2634 Quo-

261 2657 398 2710 niam
427 2664 630 2724 autem,
659 2667 714 2711 ut
749 2659 954 2728 priores
1004 2659 1363 2714 scriberemus
1390 2699 1406 2726 ,
1438 2659 1726 2729 postulavit
1753 2700 1767 2723 ,
1799 2669 1854 2714 et

261 2746 360 2801 hoc
396 2763 610 2819 quoque
641 2748 867 2804 facimus
897 2767 911 2804 :
943 2759 996 2806 et
1025 2750 1167 2806 idem
1209 2758 1269 2807 ut
1303 2751 1419 2822 ipse
1454 2751 1631 2809 facere
1655 2749 1722 2805 ad
1752 2765 1853 2806 nos

260 2855 361 2893 non
395 2843 738 2906 intermittat,
778 2844 1144 2899 obsecramus.

325 2929 556 2985 XXIII.
588 2931 821 2986 Romano
849 2935 1161 3006 presbytero.
1194 2934 1212 3006 (
1235 2932 1448 2991 Cucuso
1473 2949 1614 2991 anno
1638 2933 1790 3007 405.)

327 3022 448 3076 Scis
475 3031 527 3076 tu
550 3039 761 3095 quoque
778 3025 1036 3096 profecto,
1058 3026 1276 3083 domine
1303 3027 1375 3082 mi
1402 3027 1849 3083 reverendissime

256 3128 314 3165 ar.
355 3114 778 3186 religiosissime,
816 3134 974 3189 quem
1001 3134 1216 3190 semper
1249 3135 1376 3191 erga
1407 3129 1458 3176 te
1485 3120 1719 3174 animum
1751 3119 1850 3173 ha-

260 3203 532 3259 buerimus
556 3221 570 3271 ;
598 3215 652 3260 et
677 3220 784 3277 quo
812 3217 968 3278 pacto
1005 3223 1220 3280 semper
1245 3211 1484 3266 caritatis
1511 3210 1629 3281 lege
1672 3220 1848 3265 tecum

256 3296 458 3351 astricti
487 3295 760 3366 fuerimus,
792 3315 1005 3356 morum
1044 3310 1256 3358 tuorum
1307 3303 1626 3359 suavitatem
1669 3303 1846 3358 admi-

257 3397 459 3456 rantes,
488 3389 806 3462 virtutisque
853 3402 977 3460 tute,
1005 3408 1098 3464 per
1115 3409 1274 3466 quam
1305 3411 1493 3451 omnes
1521 3411 1633 3462 eos,
1662 3397 1750 3466 qui
1781 3396 1848 3452 ad

258 3491 306 3533 te
334 3481 618 3550 accedunt,
651 3493 770 3541 tuos
813 3485 1017 3552 reddis,
1047 3488 1497 3558 pulchritudinem
1551 3490 1848 3560 suspicien-

257 3581 353 3627 tes.
379 3573 497 3640 Quo
521 3577 681 3631 etiam
713 3577 792 3645 fit,
845 3587 904 3633 ut
931 3582 1180 3650 quamvis
1212 3582 1372 3653 longo
1412 3597 1444 3636 a
1477 3592 1528 3637 te
1562 3583 1844 3638 intervallo

255 3663 446 3734 dissiti,
479 3669 660 3722 animo
687 3678 862 3724 tamen
889 3679 944 3726 et
971 3673 1292 3742 cogitatione
1313 3682 1364 3727 te
1381 3673 1843 3742 circumferamus,

258 3766 416 3824 atque
439 3758 490 3812 in
519 3773 912 3831 quamcumque
929 3763 1273 3820 solitudinem
1295 3765 1610 3834 avehamur,
1629 3775 1732 3820 tua:
1764 3775 1846 3819 ta-

256 3863 373 3904 men
416 3851 659 3907 caritatis
709 3853 951 3910 oblivisci
1005 3857 1224 3912 minime
1255 3858 1540 3928 possimus,
1574 3874 1758 3915 verum
1789 3867 1846 3913 ut

256 3952 568 4007 prmsentem
626 3959 689 3998 ac
733 3947 1086 4017 propinquum
1126 3949 1465 4014 intueamur,
1496 3952 1846 4024 caritatisque

253 4033 418 4086 oculis
467 4047 722 4104 perpetuo
765 4050 1231 4109 reprznsentemus,
1264 4042 1374 4097 imo
1427 4053 1484 4097 ut
1518 4045 1716 4099 rectius
1761 4045 1844 4099 lo-

252 4137 402 4188 quar,
437 4126 652 4182 assidue
680 4137 730 4183 te
756 4144 1040 4186 cernamus
1062 4173 1077 4200 ,
1104 4141 1266 4203 atque
1293 4135 1433 4205 apud
1462 4150 1649 4192 omnes
1671 4137 1842 4207 pieta-

253 4222 355 4268 tem
402 4225 544 4269 tuam
594 4219 963 4286 praedicemus.
1009 4223 1366 4290 Quamobrem
1405 4227 1502 4282 abs
1534 4238 1584 4283 te
1634 4245 1846 4299 quoque

254 4305 498 4373 petimus,
525 4319 580 4362 ut
610 4313 776 4365 nostri
815 4315 1126 4368 memoriam
1175 4331 1462 4387 numquam
1498 4319 1840 4387 intermittas,

251 4413 474 4467 eantque
507 4400 954 4472 benevolentiam,
983 4420 1143 4475 quam
1192 4407 1346 4462 nobis
1396 4424 1609 4480 semper
1635 4413 1845 4480 praesti-

252 4489 379 4553 listi,
413 4507 554 4546 nunc
581 4509 795 4564 quoque
833 4495 1102 4567 vigentem
1151 4513 1473 4567 conserves;
1526 4517 1589 4557 ac
1619 4519 1715 4573 pro
1745 4521 1844 4560 no-

249 4591 354 4636 stra
389 4584 593 4640 vilitate
643 4587 868 4642 obnixas
920 4590 986 4643 ad
1038 4591 1204 4645 Deum
1235 4607 1422 4663 preces
1467 4595 1744 4663 adhibeas,
1775 4598 1841 4652 ad

251 4690 472 4744 nosque,
496 4691 616 4731 cum
649 4679 880 4749 licuerit,
907 4682 1088 4738 literas
1116 4683 1309 4751 des,ac
1329 4686 1397 4742 de
1423 4696 1510 4742 tua
1538 4689 1841 4747 valetudine

249 4766 508 4822 certiores
533 4783 630 4824 nos
656 4769 818 4826 facias
849 4791 862 4828 :
898 4789 1025 4844 quo,
1053 4775 1212 4830 etiam
1244 4777 1296 4831 in
1327 4779 1613 4834 solitudine
1641 4781 1839 4838 seden-

251 4867 347 4919 tes,
398 4855 667 4928 ingentem
712 4864 1134 4922 consolationem
1186 4870 1491 4939 capiamus,
1529 4881 1737 4928 tuarum
1761 4877 1841 4930 vi-

249 4946 440 5003 delicet
487 4962 703 5019 precum
756 4955 994 5012 subsidio
1029 4973 1059 5014 e
1106 4967 1253 5014 tanto
1291 4961 1530 5017 locorum
1563 4965 1842 5024 intervallo

245 5036 506 5095 fruentes.

421 5133 562 5190 XXI
576 5135 637 5191 γ.
687 5138 964 5212 Hesychia.
1009 5142 1029 5215 (
1057 5143 1268 5203 Cucuso
1287 5161 1428 5202 anno
1454 5149 1579 5207 404.
1604 5149 1624 5222 )

317 5226 464 5282 Petis
492 5236 551 5283 ut
596 5230 724 5287 illud
766 5233 861 5288 tibi
890 5235 1182 5304 ignoscam,
1215 5239 1355 5309 quod
1391 5240 1457 5295 ad
1486 5257 1572 5296 me
1604 5258 1714 5298 non
1741 5259 1836 5298 ve-

249 5321 409 5388 neris,
441 5322 613 5377 morbi
641 5327 982 5382 excusatione
1011 5337 1187 5385 utens.
1240 5330 1353 5403 Ego
1381 5342 1558 5388 autem
1589 5336 1836 5391 volunta-

249 5413 312 5465 tis
337 5414 554 5469 nomine
581 5424 634 5470 te
660 5417 821 5473 laudo
849 5434 912 5474 ac
935 5422 1170 5489 praedico
1191 5465 1204 5488 ,
1238 5439 1334 5494 per
1371 5441 1530 5495 quam
1557 5429 1717 5483 etiam
1741 5445 1836 5484 ve-

246 5505 390 5571 nisti,
425 5518 586 5577 atque
612 5521 869 5580 quantum
900 5513 966 5569 ad
995 5516 1270 5572 caritatem
1300 5520 1527 5586 attinet,
1559 5521 1724 5576 nihilo
1749 5522 1832 5576 itt-

247 5596 445 5655 feriore
474 5602 616 5671 apud
648 5619 747 5658 nos
778 5605 896 5660 loco
926 5621 1004 5672 es,
1033 5623 1190 5677 quam
1229 5609 1319 5680 qui
1341 5624 1623 5668 venerunt.
1656 5615 1838 5671 Potest

243 5697 418 5743 autem
453 5691 594 5747 Deus
623 5707 687 5748 ex
718 5709 784 5749 eo
830 5697 1018 5751 morbo
1040 5738 1054 5761 ,
1084 5714 1189 5767 quo
1217 5701 1443 5766 teneris,
1495 5713 1544 5758 te
1575 5705 1833 5772 eximere,

244 5792 399 5854 atque
427 5783 648 5856 integrae
668 5788 880 5843 sanitati
908 5791 1211 5858 restituere,
1235 5802 1290 5847 ιιι
1307 5806 1599 5865 conspectu
1628 5813 1838 5869 quoquc

248 5884 336 5934 tuo
360 5887 521 5951 atque
548 5896 839 5954 congressu
869 5883 1129 5944 fruamur.
1153 5885 1423 5960 Siquidem
1452 5899 1504 5947 te
1534 5891 1714 5950 videre
1750 5903 1832 5948 at-

1734 422 2110 481 EPISTOLE.

3469 415 3574 471 6‘36

1971 553 2075 609 que
2101 535 2404 606 complecti,
2428 549 2717 604 carumque
2740 531 2882 589 istud
2907 531 3060 586 nobis
3082 541 3240 602 caput
3268 532 3572 589 exosculari

1973 628 2232 698 majorem
2261 628 2312 680 ιιι
2348 625 2568 681 modum
2597 639 2840 681 avemus.
2867 623 3134 690 Quamdiu
3155 634 3333 677 autem
3364 623 3436 687 id,
3461 632 3570 677 tum

1973 737 2069 792 per
2099 719 2343 776 morbum
2377 729 2545 785 tuum,
2577 727 2688 774 tum
2724 733 2822 789 per
2849 717 2975 773 anni
3006 728 3216 788 tempus
3260 718 3481 772 minime
3510 719 3575 771 li-

1971 815 2135 881 cebit,
2164 815 2351 870 literas
2379 813 2447 868 ad
2495 823 2548 868 te
2592 813 2744 879 dare,
2775 828 3022 884 eamque,
3055 829 3173 883 quae
3208 812 3333 868 hinc
3365 811 3434 868 ad
3470 828 3572 870 nos

1971 905 2130 970 redit,
2161 905 2488 976 voluptatem
2511 906 2797 975 nobisipsis
2814 920 3130 976 comparare
3153 905 3372 960 minime
3396 904 3571 960 inter-

1971 1001 2264 1053 mittemus.

2067 1088 2248 1144 XXV.
2283 1087 2492 1158 Elpidio
2516 1088 2793 1161 Episcopo.
2825 1088 2845 1163 (
2885 1090 3096 1146 Cucuso
3124 1105 3266 1144 anno
3294 1089 3416 1145 404.
3454 1091 3474 1160 )

2043 1180 2176 1235 illud
2200 1181 2419 1251 quidem
2452 1182 2733 1249 vellemus,
2764 1181 2922 1236 nobis
2947 1181 3012 1237 ad
3046 1191 3097 1236 te
3123 1197 3281 1252 quam
3327 1181 3574 1252 sepissi-

1970 1287 2057 1326 me
2088 1272 2271 1328 literas
2303 1271 2431 1327 dare
2459 1272 2645 1327 liceret
2673 1290 2686 1328 :
2720 1273 2880 1342 idque
2920 1273 3034 1343 ipse
3074 1274 3203 1336 scis,
3233 1273 3452 1328 domine
3484 1289 3575 1328 rc-

1969 1363 2381 1418 verendissime.
2429 1363 2582 1430 Quod
2613 1365 2866 1434 quoniam
2923 1366 3080 1420 nobis
3130 1366 3403 1430 adimitur,
3449 1380 3575 1435 pro-

1969 1464 2151 1524 pterea
2185 1453 2329 1524 quod
2366 1469 2527 1509 nemo
2556 1455 2623 1509 ad
2665 1469 2764 1509 nos
2797 1455 2988 1510 crebro
3031 1456 3294 1526 accedat(
3343 1471 3465 1510 nam
3520 1464 3574 1510 et

1969 1546 2153 1617 oppidi
2195 1547 2421 1616 hujusce
2472 1548 2748 1614 solitudo,
2800 1559 2854 1604 et
2900 1549 3166 1604 latronum
3221 1562 3398 1604 metus
3450 1563 3571 1604 eam

1967 1655 2189 1710 augens,
2214 1655 2277 1696 ac
2305 1641 2538 1712 denique
2575 1643 2699 1697 anni
2730 1652 2940 1713 tempus
2967 1644 3156 1698 itinera
3181 1641 3568 1707 intercludens,

1967 1732 2230 1788 Cucusum
2255 1734 2400 1787 omni
2432 1749 2498 1790 ex
2526 1747 2675 1804 parte
2702 1735 2897 1789 inviam
2921 1735 3359 1805 reddit),quoties
3396 1733 3570 1789 tabel-

1965 1825 2156 1880 larium
2188 1827 2565 1893 nanciscimur,
2597 1827 2873 1898 cupiditati
2926 1837 3126 1883 nostra:
3172 1827 3565 1893 satisfacimus,

1967 1917 2020 1971 in
2053 1917 2155 1972 hoc
2178 1918 2384 1973 scilicet
2408 1919 2564 1973 nobis
2588 1919 2688 1989 ipsi
2714 1935 2874 1990 quam
2889 1919 3258 1990 gratissimum
3285 1918 3564 1974 facientes.

1964 2011 2118 2078 Quod
2141 2011 2357 2082 quidem
2397 2027 2541 2068 nunc
2567 2014 2729 2068 etiam
2756 2028 2850 2083 per
2863 2013 3295 2084 religiosissimos
3319 2012 3568 2067 dominus

1965 2117 2118 2158 meos
2140 2104 2485 2175 presbyteros
2514 2103 2758 2172 facimus,
2786 2106 3042 2160 nimirum
3085 2115 3140 2161 et
3177 2105 3416 2160 debitum
3449 2105 3566 2174 pie-

1964 2197 2056 2251 tati
2089 2206 2191 2252 tute
2217 2197 2552 2253 salutationis
2578 2213 2775 2254 munus
2796 2199 3188 2268 persolventes,
3209 2209 3264 2253 et
3290 2208 3342 2253 te
3368 2214 3564 2269 rogan-

1964 2300 2046 2344 tes
2070 2333 2085 2357 ,
2118 2301 2195 2358 ut,
2226 2292 2440 2360 quoties
2463 2290 2688 2346 facultas
2718 2290 2955 2358 dabitur,
2991 2300 3046 2345 tu
3089 2305 3302 2360 quoque
3350 2289 3416 2344 ad
3466 2303 3566 2344 nos

1961 2380 2268 2449 scribas,ac
2294 2397 2401 2452 quo
2423 2391 2564 2436 statu
2586 2380 2844 2436 valetudo
2877 2391 2964 2436 tua
2991 2381 3082 2445 sit,
3103 2377 3566 2449 exponas.Nequc

1962 2473 2108 2529 enim
2159 2482 2212 2529 te
2249 2471 2415 2544 fugit,
2449 2472 2902 2529 reverendissime
2930 2485 2994 2528 ac
3041 2472 3450 2543 religiosissime
3477 2471 3563 2525 do-

1961 2567 2125 2630 mine,
2159 2578 2363 2636 quanto
2384 2579 2600 2637 semper
2625 2566 2782 2622 nobis
2819 2564 2998 2621 studio
3023 2575 3185 2636 atque
3212 2580 3356 2620 cura:
3399 2564 3470 2619 sit
3496 2564 3565 2619 dc

1960 2675 2021 2716 ea
2049 2659 2249 2728 aliquid
2273 2659 2591 2730 intelligere.
2622 2659 2880 2728 Quamvis
2902 2658 3046 2715 enim
3069 2658 3136 2712 ad
3167 2665 3440 2712 extremos
3472 2671 3564 2712 us-

1959 2767 2064 2822 que
2087 2751 2232 2806 orbis
2275 2751 2444 2807 nostri
2486 2752 2620 2806 fines
2649 2752 2843 2807 remoti
2887 2751 3056 2806 simus
3076 2792 3092 2817 ,
3122 2757 3304 2805 tamen
3337 2763 3477 2804 vera
3508 2758 3564 2804 et

1960 2842 2221 2910 ardentis,
2253 2857 2318 2897 ac
2361 2843 2630 2909 sincerae,
2683 2852 2846 2912 atque
2898 2841 2969 2896 ab
3012 2841 3158 2896 omni
3193 2840 3314 2896 fuco
3369 2839 3560 2895 aliena:

1959 2933 2198 2991 caritatis
2265 2942 2370 2988 tuze
2421 2933 2666 2989 oblivisci
2721 2933 2944 2989 minime
2993 2948 3279 3003 possumus
3308 2973 3324 3000 ,
3373 2947 3560 2986 verum

1956 3009 2320 3099 quascumque
2355 3026 2408 3080 iit
2462 3035 2634 3080 terras
2682 3025 3072 3092 abscedamus,
3105 3040 3226 3081 eam
3280 3024 3558 3080 nobiseum

1957 3121 2419 3188 circumlerimus,
2470 3118 2871 3190 maximumque
2920 3118 3045 3174 hinc
3091 3119 3339 3174 solatium
3384 3118 3561 3187 perci-

1957 3213 2153 3284 pimus.

2059 3303 2166 3360 XX
2184 3303 2276 3360 γι.
2310 3303 2501 3378 Magno
2530 3304 2790 3374 episcopo.
2819 3302 2840 3378 (
2864 3303 3076 3359 Cncnso
3101 3318 3244 3358 anno
3269 3303 3436 3375 Mli.)

2033 3398 2147 3453 Etsi
2196 3396 2372 3452 nullas
2422 3396 2520 3452 abs
2569 3405 2622 3452 te
2671 3396 2855 3452 literas
2899 3396 3226 3466 accepimus,
3250 3396 3406 3465 idque
3435 3411 3559 3450 cum

1955 3488 2156 3544 domini
2186 3487 2290 3543 mei
2321 3487 2626 3558 presbyteri
2655 3489 2759 3542 lntc
2783 3487 3079 3552 venissent,
3103 3502 3200 3541 nos
3233 3498 3432 3551 tamen,
3460 3501 3555 3540 ve-

1954 3583 2085 3638 teris
2111 3582 2358 3637 amicitize
2402 3595 2672 3636 memores
2694 3622 2708 3645 ,
2741 3589 2852 3635 tum
2881 3596 3092 3636 morum
3130 3589 3346 3634 tuorum
3372 3582 3521 3633 suavi
3548 3612 3556 3620 -

1956 3684 2118 3730 tatem
2140 3675 2407 3744 animique
2447 3671 2814 3728 fortitudinem
2846 3671 3200 3734 admirantes,
3233 3686 3297 3725 ac
3339 3683 3483 3740 prart:
3504 3687 3561 3725 r-

1952 3781 2015 3822 ea
2045 3781 2170 3822 eum
2201 3781 2326 3836 erga
2371 3780 2482 3825 ,1103
2517 3780 2780 3832 amorem,
2813 3777 2973 3835 quem
3005 3779 3220 3833 semper
3244 3779 3357 3834 pra:
3387 3777 3437 3816 ιθ
3470 3773 3557 3816 ιιι-

1953 3858 2060 3913 listi
2085 3899 2100 3922 ,
2126 3865 2465 3928 perspectum
2513 3856 2792 3919 habentes,
2828 3857 3036 3925 priores
3062 3855 3130 3909 ad
3158 3864 3210 3910 te
3233 3854 3518 3910 scribimus
3538 3894 3554 3919 ,

1951 3957 2012 4005 ut
2058 3959 2112 4004 et
2147 3949 2242 4004 tibi
2289 3949 2360 4003 ob
2407 3963 2526 4004 eam
2557 3947 3028 4014 benevolentiam,
3067 3963 3226 4017 quam
3277 3963 3402 4018 erga
3457 3963 3555 4002 nos

1952 4042 2232 4098 ostendisti
2275 4043 2292 4111 (
2325 4056 2501 4112 neque
2529 4041 2671 4096 enim
2701 4055 2822 4106 nos,
2853 4049 3004 4095 tanto
3028 4039 3156 4095 licet
3179 4040 3274 4095 abs
3304 4049 3355 4095 te
3384 4040 3554 4094 inter-

1955 4133 2097 4189 vallo
2123 4133 2423 4204 disjunctos
2448 4175 2463 4199 ,
2521 4131 2625 4187 hoc
2663 4131 2797 4202 fugit
2822 4131 2866 4204 ),
2917 4132 3116 4202 gratias
3155 4146 3376 4202 agamus
3421 4141 3475 4186 et
3503 4142 3557 4186 tc

1953 4240 2195 4292 oremus,
2219 4233 2278 4282 ut
2303 4225 2514 4296 quoties
2535 4225 2749 4279 occasio
2770 4223 3003 4288 dabitur,
3031 4224 3343 4294 frequenter
3362 4225 3429 4278 ad
3457 4240 3556 4279 nos

1953 4317 2163 4371 scribas
2189 4358 2205 4383 ,
2250 4316 2423 4387 deque
2462 4314 2783 4371 valetudinis
2818 4327 2941 4370 tua:-
2966 4324 3104 4370 statu
3145 4315 3406 4372 certiores
3456 4332 3554 4372 nos

1950 4408 2137 4464 facias:
2165 4407 2299 4463 Nam
2329 4423 2452 4464 cum
2483 4424 2600 4475 eos,
2634 4425 2664 4464 a
2695 4409 2888 4480 quibus
2907 4411 3257 4464 vehementer
3287 4425 3550 4472 amamur,

1950 4503 2148 4574 quique
2185 4512 2406 4559 strenuo
2450 4511 2610 4574 atque
2639 4512 2846 4559 attento
2890 4517 2953 4558 ac
2996 4503 3236 4574 vigilanti
3285 4504 3468 4558 animo
3500 4506 3553 4558 in

1952 4597 2319 4653 Ecclesiarum
2363 4612 2549 4652 curam
2581 4597 2912 4659 incumbant,
2953 4611 3116 4652 sanos
3159 4605 3215 4652 et
3255 4595 3556 4652 incolumes

1950 4704 2073 4746 esse
2098 4688 2344 4745 audimus
2364 4731 2379 4757 ,
2411 4704 2520 4744 non
2561 4704 2780 4760 parvam
2814 4705 2880 4744 ex
2911 4704 2974 4744 ea
3020 4705 3080 4745 rc
3126 4688 3557 4746 consolationem

1948 4783 2209 4854 capimus.
2237 4783 2362 4838 Haec
2390 4783 2550 4854 igitur
2588 4799 2709 4838 cum
2741 4783 2886 4838 scias
2906 4825 2920 4850 ,
2949 4783 3168 4838 domine
3192 4784 3264 4838 mi
3294 4799 3520 4840 reveren

1948 4876 2171 4932 dissime
2196 4891 2261 4933 ac
2304 4877 2731 4948 religiosissime,
2757 4893 2824 4933 ne
2869 4885 2921 4932 te
2944 4919 2959 4944 ,
2984 4892 3189 4948 quaeso,
3234 4877 3352 4934 haec
3397 4877 3556 4933 nobis

1947 4985 2110 5041 quam
2161 4969 2459 5040 saepissime
2503 4986 2600 5041 per
2638 4970 2822 5026 literas
2860 4971 3164 5042 significare
3192 4961 3413 5042 pigeat.
3461 4971 3552 5028 Sic

1948 5064 2092 5120 enim
2140 5064 2231 5120 fiet
2259 5073 2338 5130 ut,
2370 5064 2581 5120 etiamsi
2609 5063 2678 5120 ad
2711 5065 2928 5119 ultimas
2950 5079 3119 5134 usque
3150 5073 3323 5119 terras
3348 5065 3550 5120 aveba-

1947 5174 2105 5224 mur,
2136 5157 2263 5212 dum
2294 5168 2472 5213 tamen
2523 5157 2830 5228 hujusmodi
2873 5156 3172 5214 consolatio
3210 5157 3366 5212 nobis
3413 5171 3547 5212 con-

1948 5252 2182 5306 tinenter
2239 5258 2522 5322 suppetat,
2580 5249 2854 5321 ingentem
2925 5249 3178 5307 maeroris
3223 5248 3546 5304 levationem

1945 5342 2262 5399 sentiamus.

2051 5433 2160 5490 XX
2174 5433 2303 5489 VII.
2333 5433 2534 5490 Damno
2554 5436 2815 5506 episcopo.
2846 5433 3078 5507 (Cucuso
3098 5448 3240 5488 anno
3265 5433 3418 5502 ιοι.)

2016 5527 2236 5597 Magnas
2266 5528 2448 5596 pietati
2477 5538 2603 5594 ture,
2631 5527 3080 5583 reverendissime
3115 5526 3333 5581 domine
3353 5567 3368 5592 ,
3420 5541 3548 5596 gra-

1945 5620 2047 5674 tias
2097 5619 2292 5686 babeo,
2324 5630 2433 5674 tum
2467 5620 2610 5691 quod
2639 5621 2998 5675 venerabilem
3039 5621 3409 5690 presbyterum
3463 5621 3546 5674 vi-

1945 5711 2096 5766 sendi
2128 5713 2297 5766 nostri
2328 5727 2490 5767 causa
2523 5713 2755 5779 miseris,
2787 5723 2898 5767 tum
2925 5714 3067 5784 quod
3093 5711 3160 5769 ad
3193 5726 3291 5768 nos
3313 5713 3524 5782 scripse

1943 5803 2037 5858 ris.
2069 5802 2200 5858 Nam
2229 5813 2516 5875 utrumque
2558 5805 2784 5861 sincerae
2811 5806 3070 5873 caritatis,
3103 5814 3266 5878 atque
3302 5805 3544 5862 ardentis

1948 5895 2340 5953 benevolentia:
2383 5906 2759 5969 argumentum
2783 5908 2885 5956 est.
2920 5898 3046 5956 ldco
3074 5900 3238 5958 etiam
3269 5899 3323 5959 in
3347 5899 3540 5958 solitu-
