4172 6512
637 393 741 450 (³27

629 513 753 569 diue
794 510 1067 578 degentes,
1105 517 1373 580 ingentem
1407 506 1531 562 hinc
1574 506 1993 562 consolationem
2025 505 2201 561 hausi-

632 619 769 658 mus.
800 602 1068 674 Siquidem
1090 615 1119 653 a
1152 599 1309 654 tantis
1332 599 1463 653 viris
1489 606 1595 652 tam
1621 597 1860 668 impense
1879 598 2066 664 amari,
2095 611 2202 653 non

640 694 810 749 levem
842 693 928 759 iis,
958 692 1048 762 qui
1071 700 1335 756 amantur,
1360 688 1778 746 consolationem
1805 688 1976 745 aﬂ'ert.
2009 691 2086 745 Ac
2108 703 2204 745 cu-

636 799 816 854 perem
854 782 1067 853 quidem
1129 791 1224 836 tuo
1279 795 1492 851 quoque
1543 789 1764 852 aspectu
1813 794 2206 851 congressuque

635 873 1056 943 suavissimaqne
1108 872 1477 928 benevolentia
1532 881 1621 926 tua
1661 871 1896 926 animum
1943 880 2203 926 saturare.

638 966 898 1034 Quoniam
924 974 1101 1020 autem
1133 963 1184 1019 id
1214 965 1432 1020 minime
1465 963 1588 1019 licet
1626 964 1644 1034 (
1678 978 1801 1017 nam
1824 978 1997 1034 neque
2023 963 2074 1018 id
2105 979 2205 1018 no-

637 1058 717 1113 bis
761 1057 1097 1125 conceditur,
1119 1071 1217 1115 nec
1250 1057 1344 1113 tibi
1371 1058 1497 1112 item
1519 1056 1588 1112 ob
1617 1054 1873 1111 Ecclesia:
1920 1055 2071 1111 istius
2109 1070 2207 1112 cu-

639 1164 751 1204 ram
770 1190 788 1218 ,
815 1150 900 1205 cui
928 1165 1121 1221 praees,
1156 1147 1313 1204 facile
1337 1146 1465 1221 est),
1491 1147 1556 1201 ad
1587 1146 1873 1202 secundam
1913 1146 2206 1216 navigatio-

648 1255 770 1294 nem
801 1239 1102 1297 nccessario
1130 1239 1405 1304 venimus,
1453 1252 1644 1308 nempe
1691 1248 1749 1292 ut
1788 1237 2209 1293 consolationem

637 1344 780 1398 eam,
816 1344 973 1402 quam
1015 1328 1254 1400 epistola:
1286 1327 1513 1384 aﬂ‘erunt
1535 1371 1550 1394 ,
1597 1329 1750 1384 nobis
1796 1328 1924 1398 ipsis
1959 1328 2211 1384 adhibea-

640 1435 778 1476 mus.
806 1421 986 1492 Neque
1013 1422 1156 1476 enim
1182 1420 1250 1476 ad
1287 1435 1474 1477 eorum
1514 1421 1723 1477 animos
1741 1463 1756 1487 ,
1783 1421 1872 1492 qui
1896 1422 2211 1491 corporibus

638 1513 888 1581 disjuncti
933 1522 1100 1580 sunt,
1130 1513 1484 1570 consolandos
1525 1529 1709 1584 parum
1751 1515 2006 1570 momenti
2053 1514 2215 1571 habet

641 1605 884 1676 epistola,
911 1607 1114 1662 sincera
1139 1606 1360 1662 caritate
1381 1607 1613 1676 perfusa.
1641 1606 1992 1676 Quamobrem
2021 1618 2078 1663 ut
2116 1609 2216 1664 bac

641 1696 1001 1752 Consolatione
1030 1712 1189 1768 quam
1230 1697 1527 1768 saepissime
1567 1698 1824 1766 fruamur,
1855 1700 2067 1769 quoties
2083 1700 2213 1755 lice-

646 1787 740 1855 bit,
767 1803 828 1844 ac
857 1788 973 1844 ﬁeri
1001 1790 1212 1860 poterit,
1243 1791 1312 1845 de
1334 1791 1651 1846 valetudinis
1691 1801 1794 1847 tuae
1827 1799 1967 1847 statu
2006 1792 2073 1848 ad
2117 1807 2215 1848 nos

645 1878 881 1935 scribere
907 1895 972 1934 ne
999 1881 1264 1951 graveris.
1301 1880 1574 1952 Siquidem
1600 1883 1885 1937 amicitiam
1929 1893 2071 1938 tuam
2098 1898 2217 1938 am-

644 1971 938 2041 plissimum
968 1974 1272 2030 thesaurum
1299 2016 1313 2039 ,
1342 1983 1400 2031 et
1444 1975 1704 2030 bonorum
1732 1976 2034 2046 congeriem
2071 1976 2217 2031 omni

645 2062 907 2117 sermonis
938 2063 1181 2119 facultate
1206 2064 1570 2120 sublimiorem
1596 2064 1858 2121 ducimus.
1901 2067 1979 2120 Ac
2001 2068 2045 2120 si
2071 2067 2216 2135 ejus-

645 2151 786 2207 modi
841 2152 1020 2207 literas
1063 2153 1286 2210 subinde
1325 2156 1667 2225 accipiamus,
1693 2164 1896 2211 tantum
1922 2172 1988 2212 ex
2014 2157 2098 2212 his
2129 2173 2219 2213 vo-

647 2241 860 2310 luptatis
897 2246 1163 2314 capiemus
1189 2285 1205 2313 ,
1256 2255 1313 2300 ut
1359 2262 1427 2303 ne
1464 2247 1800 2303 solitudinem
1825 2247 2037 2319 quidem
2063 2250 2216 2304 istam

645 2334 954 2389 sentiamus.

708 2423 810 2478 XX
829 2424 931 2478 VII
941 2425 989 2480 1.
1021 2425 1210 2482 Basilio
1236 2431 1541 2500 presbytero.
1566 2429 1745 2502 (Anno
1773 2430 1983 2487 circiter
2001 2430 2149 2502 λοι.)

729 2515 838 2569 Etsi
878 2516 1030 2570 nobis
1059 2528 1344 2586 conspectu
1376 2529 1464 2575 tuo
1493 2529 1654 2589 atque
1678 2535 1968 2592 congressu
1999 2522 2096 2577 frui
2125 2523 2221 2575 mi-

651 2604 792 2659 nime
814 2605 1054 2675 contigit,
1079 2616 1253 2664 tamen
1276 2623 1395 2662 cum
1422 2609 1488 2664 de
1515 2620 1599 2665 tua
1629 2612 1822 2667 virtute
1847 2613 1912 2667 ad
1940 2628 2036 2668 nos
2065 2613 2223 2668 alfcr-

653 2703 756 2759 tur,
793 2708 856 2748 ac
897 2696 1011 2750 zelo
1032 2712 1117 2763 eo,
1149 2713 1255 2768 quo
1283 2698 1536 2755 adversus
1560 2703 1781 2772 gentiles
1810 2704 1999 2774 flagras
2021 2746 2036 2770 ,
2083 2706 2224 2774 ipso-

653 2801 768 2841 rum
795 2803 1030 2843 errorem
1057 2803 1300 2845 evertens
1323 2832 1339 2858 ,
1366 2807 1562 2862 eosque
1597 2795 1739 2850 velut
1781 2805 2023 2865 porrecta
2065 2814 2223 2852 manu

653 2876 720 2929 ad
777 2879 1052 2934 veritatem
1113 2881 1349 2948 ducens,
1409 2899 1512 2938 non
1569 2899 1723 2940 secus
1765 2901 1827 2940 ac
1877 2887 1921 2941 si
1974 2887 2219 2952 adesses,

657 2976 939 3038 tecumque
977 2970 1282 3026 diuturnum
1321 2989 1472 3028 usum
1521 2990 1586 3031 ac
1626 2977 1746 3031 vita:
1788 2978 2223 3034 consuetudinem

659 3061 1044 3129 habuissemus,
1069 3066 1270 3121 honore
1295 3081 1356 3122 ac
1373 3069 1711 3125 veneratione
1730 3078 1782 3125 te
1800 3071 2222 3140 complectimur.

661 3153 838 3224 Idaque
863 3153 930 3209 de
957 3170 1114 3210 causa
1136 3157 1338 3227 priores
1367 3157 1433 3212 ad
1464 3169 1516 3214 te
1543 3159 1875 3228 scripsimus,
1905 3162 1974 3216 ob
2003 3178 2084 3226 ea,
2107 3179 2225 3232 qua:

656 3260 775 3299 cum
799 3247 952 3302 laude
977 3249 1139 3317 geris,
1172 3249 1386 3304 beatum
1421 3261 1470 3305 te
1493 3252 1845 3320 praedicantes
1866 3263 2024 3324 atque
2053 3256 2224 3308 admi-

657 3345 855 3402 rantes,
886 3353 949 3392 ac
988 3341 1332 3409 postulantes,
1360 3350 1415 3395 ut
1461 3343 1574 3412 ipse
1613 3359 1825 3414 quoque
1863 3346 1928 3399 ad
1959 3361 2074 3413 nos,
2104 3362 2226 3402 cum

660 3428 860 3492 licebit,
905 3431 1125 3486 scribas.
1175 3431 1304 3486 Nam
1330 3434 1430 3487 etsi
1459 3448 1682 3504 corpore
1718 3450 1749 3489 a
1777 3446 1826 3490 te
1862 3436 2109 3506 disjuncti
2138 3455 2226 3493 su-

660 3536 777 3574 nms
804 3560 820 3586 ,
859 3521 1092 3577 caritatis
1127 3532 1300 3579 tamen
1333 3525 1556 3579 vinculis
1601 3535 1776 3580 tecum
1825 3528 2224 3600 adstringimur,

660 3615 910 3683 pietatem
939 3623 1082 3668 tuam
1115 3616 1388 3671 nobiscum
1417 3627 1744 3687 reputantes.
1770 3619 1893 3675 Hmc
1919 3623 2078 3692 igitur
2105 3638 2225 3678 cum

660 3707 822 3772 scias,
855 3706 1012 3760 velim
1039 3706 1103 3761 ad
1133 3722 1230 3762 nos
1265 3708 1490 3764 subinde
1521 3710 1757 3767 scribere
1786 3721 2002 3784 etgesta
2027 3723 2115 3769 tua
2147 3732 2229 3769 re-

663 3797 802 3852 ferre
859 3815 926 3852 ne
964 3800 1204 3868 graveris
1237 3815 1251 3854 :
1279 3816 1386 3870 quo
1411 3843 1426 3867 ,
1466 3803 1624 3857 etiam
1659 3802 1710 3857 in
1760 3804 2040 3861 solitudine
2084 3822 2229 3862 com-

663 3901 931 3946 nmrantes
960 3934 973 3956 ,
1020 3892 1285 3962 ingentem
1334 3894 1459 3949 hinc
1487 3896 1906 3952 consolationem
1937 3901 2225 3968 capiamus.

661 3982 706 4037 Χ
721 3982 873 4036 XIX.
899 3982 1172 4037 Chalcidice
1196 3995 1241 4038 et
1271 3986 1589 4056 Asyncritite.
1619 3989 1636 4055 (
1664 3988 1872 4043 Cucuso
1900 4005 2037 4044 anno
2059 3991 2207 4060 405.)

737 4075 890 4129 Parvi
916 4077 1161 4140 faciendae
1179 4087 1293 4130 sunt
1309 4078 1462 4148 hujus
1485 4080 1598 4133 vita
1625 4081 1904 4146 molestiae;
1927 4083 2072 4146 nihil,
2099 4099 2232 4151 prie-

663 4178 737 4221 tcr
776 4179 1053 4236 peccatum,
1083 4185 1191 4222 vere
1220 4171 1483 4224 molestum
1512 4181 1603 4224 est.
1628 4202 1700 4214 —
1738 4172 1877 4227 Nihil
1924 4189 1988 4227 ex
2016 4173 2096 4227 his
2122 4191 2234 4227 mo-

663 4260 862 4326 lestiis,
911 4274 1040 4328 quas
1071 4262 1283 4314 evenire
1329 4263 1628 4332 perspicitis
1653 4278 1748 4318 vos
1785 4264 2055 4333 perturbet
2094 4282 2106 4318 :
2138 4281 2235 4318 nec

665 4351 812 4405 densi
866 4351 1192 4420 negotiorum
1253 4350 1442 4406 fluctus
1485 4355 1676 4408 animis
1718 4355 1909 4409 veStris
1954 4356 2232 4409 tumultum

666 4439 908 4496 alTerant.
941 4442 1206 4510 Ejusmodi
1233 4445 1373 4497 enim
1401 4454 1482 4498 est
1507 4457 1651 4500 arcta
1683 4446 1764 4500 illa
1793 4455 1848 4500 et
1884 4459 2102 4516 angusta
2126 4451 2231 4513 via,

666 4533 968 4601 complures
995 4533 1330 4589 difficultates
1361 4551 1423 4591 ac
1452 4537 1646 4591 multos
1684 4537 1904 4593 sudores
1947 4549 2000 4594 et
2030 4541 2237 4595 labores

667 4623 887 4678 habens.
921 4623 1116 4678 Verum
1147 4625 1259 4680 haec
1284 4625 1475 4691 fluunt,
1507 4635 1662 4696 atque
1691 4644 1795 4682 una
1840 4644 1960 4684 cum
2009 4630 2106 4684 hac
2132 4635 2234 4684 vita

663 4716 1088 4783 exstinguuntur.
1120 4715 1250 4770 Nam
1273 4716 1479 4771 etiamsi
1521 4726 1665 4771 arcta
1697 4718 1776 4771 via
1819 4728 1921 4783 est,
1953 4719 2033 4772 via
2061 4729 2234 4774 tamen

663 4816 743 4859 est
778 4823 789 4857 :
822 4814 877 4859 ut
914 4807 1129 4876 praemia
1162 4806 1270 4874 illa,
1301 4821 1419 4877 quae
1445 4806 1480 4861 ii
1511 4809 1598 4878 qui
1625 4808 1834 4876 placido
1859 4825 1920 4863 ac
1969 4809 2091 4864 forti
2118 4811 2236 4863 ani-

672 4912 759 4953 mo
792 4896 905 4951 haec
933 4897 1110 4952 ferunt
1141 4896 1526 4968 adipiscuntur,
1559 4909 1812 4970 perpetua
1834 4909 1888 4956 et
1918 4901 2233 4956 immortalia

669 4999 812 5053 sunt,
845 4990 1229 5060 sudoribusque
1279 4991 1436 5061 longe
1473 4992 1694 5061 majora.
1725 4993 2078 5059 Quamobrem
2125 5006 2234 5050 tum

663 5082 980 5136 calamitatis
1009 5080 1344 5152 fragilitatem
1388 5098 1451 5137 ac
1480 5083 1821 5152 brevitatem,
1857 5095 1967 5142 tum
1992 5089 2237 5156 praemio-

665 5189 779 5226 rum
808 5173 1208 5243 perpetuitatem
1236 5185 1393 5244 atque
1421 5175 1867 5231 immortalitatem
1901 5180 2235 5236 animadver-

666 5274 858 5332 tentes,
897 5264 1022 5319 date
1070 5279 1285 5333 cperam
1315 5308 1330 5332 ,
1365 5274 1420 5321 ut
1449 5266 1629 5321 omnia
1669 5282 1932 5338 generoso
1956 5270 2133 5324 animo
2161 5271 2238 5326 fe-

667 5356 816 5421 ratis,
864 5371 966 5412 nec
992 5357 1357 5422 eommittatis,
1403 5367 1463 5413 ut
1507 5359 1619 5414 ullo
1669 5375 1847 5414 rerum
1895 5360 2236 5417 adversarum

666 5459 860 5503 eventu
899 5448 1300 5518 perturbemini.
1328 5449 1445 5506 Una
1483 5452 1624 5506 enim
1667 5467 1754 5506 res
1783 5453 2003 5508 molesta
2047 5469 2238 5521 pecca-

667 5547 779 5592 tum
804 5546 889 5594 est
915 5556 928 5592 :
968 5548 1161 5593 caatera
1193 5541 1367 5594 omnia
1394 5583 1410 5606 ,
1454 5540 1557 5596 hoc
1580 5551 1680 5607 est,
1714 5544 1900 5597 exsilia
1930 5585 1943 5609 ,
1974 5543 2234 5598 bonorum

669 5631 1104 5702 proscriptiones,
1157 5632 1529 5703 relegationes,
1559 5635 1798 5712 insidiae,
1843 5646 2138 5707 cunctaque
2187 5639 2236 5692 id

668 5737 834 5792 genus
863 5722 965 5777 alia
988 5763 1004 5786 ,
1031 5723 1212 5776 umbra
1243 5713 1501 5793 quaedam,
1524 5734 1578 5780 et
1602 5723 1865 5792 fumus,et
1895 5743 2103 5783 aranea:
2135 5729 2236 5784 tela

671 5822 885 5882 sunt,et
913 5813 957 5870 si
986 5813 1112 5885 quid
1138 5814 1277 5871 aliud
1302 5814 1382 5872 bis
1412 5816 1566 5874 vilius
1597 5833 1712 5876 esse
1742 5830 1933 5891 potest.
1953 5819 2234 5890 Quocirca,

1382 389 1444 448 S.
1479 387 1758 450 JUANNIS
1792 385 2261 445 CHRYSOSTOMI
2298 388 2614 446 ARCHIEP.
2658 386 3193 448 CONS‘I'ANTINOP.

3792 390 3917 448 δῖε

2311 513 2371 560 ιιι
2394 503 2620 558 antehae
2657 516 2872 573 quoque
2908 502 3091 558 mnltis
3138 501 3518 560 tentationibus
3564 502 3913 575 perferendis

2311 605 2570 662 assuetae,
2625 613 2767 653 nunc
2805 611 3018 669 quoque
3044 638 3058 662 ,
3085 612 3242 667 quam
3296 612 3391 667 par
3441 607 3546 662 est,
3583 598 3914 668 patientiam

2314 697 2580 756 praestate.
2631 687 2904 758 Siquidem
2967 702 3030 742 ea
3077 687 3214 742 hanc
3263 687 3370 741 vim
3412 687 3656 743 habitura
3690 696 3794 755 est,
3849 696 3915 742 ut

2312 793 2409 834 vos
2443 781 2496 833 ln
2541 793 2730 848 magna
2755 779 3045 835 securitate
3077 793 3141 834 ac
3163 778 3545 848 tranquillitate
3583 781 3914 841 constituat,

2315 869 2818 941 praestantioresque
2857 869 3076 927 efficiat.
3104 870 3182 925 Ac
3223 869 3268 924 si
3307 883 3442 940 quos
3489 870 3913 933 nanciscamini,

2315 961 2405 1030 qui
2425 959 2496 1016 ob
2524 975 2618 1015 sua
2649 960 2859 1032 negotia
2889 959 2994 1015 huc
3035 959 3274 1021 veniant,
3300 958 3370 1016 de
3394 969 3569 1015 vestra
3592 958 3919 1014 valetudine

2315 1053 2383 1107 ad
2431 1067 2529 1107 nos
2582 1052 2773 1108 crebro
2818 1052 3001 1108 literas
3028 1051 3171 1107 date.
3203 1049 3367 1106 Scitis
3391 1051 3537 1106 enim
3565 1057 3921 1122 quantopere

2318 1145 2435 1214 eius
2479 1145 2706 1200 studiosi
2751 1151 2940 1212 slmus,
2971 1159 3239 1216 quamque
3257 1143 3454 1200 crebro
3481 1142 3550 1201 de
3591 1158 3656 1200 ea
3696 1141 3917 1213 aliquid

2317 1239 2501 1292 audire
2519 1239 2814 1304 cupiamus.

2456 1326 2633 1384 XXX.
2668 1329 2874 1385 Heurtio
2898 1331 3150 1399 episcopo.
3183 1328 3417 1400 (Cucuso
3443 1343 3584 1383 anno
3607 1326 3760 1398 ωε.)

2391 1420 2651 1492 Equidem
2691 1421 2804 1491 ipse
2847 1421 3032 1476 literas
3054 1423 3240 1486 etiam,
3266 1419 3461 1492 quibus
3485 1433 3572 1474 me
3595 1419 3665 1474 de
3691 1427 3780 1474 tua
3807 1431 3888 1473 va

2323 1512 2560 1568 letudine
2598 1512 2879 1566 certiorem
2926 1511 3150 1578 faceres,
3173 1512 3418 1580 accipere
3457 1509 3757 1578 cupiebam.
3783 1508 3917 1564 Scis

2320 1605 2484 1670 enim,
2533 1603 2988 1660 reverendissime
3036 1603 3272 1667 domine,
3312 1616 3420 1672 quo
3463 1615 3677 1671 semper
3722 1600 3917 1654 animo

2321 1713 2443 1767 erga
2478 1706 2528 1752 te
2572 1695 2782 1752 fuerim.
2829 1697 3020 1752 Verum
3061 1695 3312 1766 quoniam
3360 1695 3462 1749 hoc
3502 1692 3911 1749 tabellariorum

2321 1789 2539 1860 penuria
2570 1789 2718 1845 vobis
2741 1779 2981 1844 fortassis
3020 1789 3234 1860 eripuit,
3266 1787 3464 1842 idcirco
3506 1787 3619 1856 ipse
3638 1785 3914 1847 homines,

2322 1882 2410 1952 qui
2440 1881 2505 1934 ad
2548 1889 2601 1935 te
2645 1880 3070 1951 proficiscantur,
3119 1888 3326 1944 nactus,
3379 1877 3548 1933 literis
3581 1886 3634 1933 te
3678 1877 3913 1940 lacesso,

2324 1984 2481 2043 teque
2519 1988 2650 2044 rogo
2681 1982 2736 2028 et
2775 1973 3021 2036 obsecro,
3064 1980 3122 2026 ut
3157 1972 3366 2043 quoties
3407 1970 3630 2025 facultas
3669 1968 3914 2030 dabitur,

2324 2067 2439 2135 ipse
2465 2079 2677 2135 quoque
2700 2063 2767 2118 ad
2793 2079 2892 2118 nos
2927 2078 3085 2134 quam
3112 2063 3403 2133 sepissime
3447 2061 3669 2124 scribas,
3698 2073 3921 2128 quaque

2327 2156 2629 2212 valetudine
2668 2157 2762 2222 sis,
2797 2170 3054 2226 exponas.
3101 2156 3431 2226 Quamquam
3472 2154 3615 2207 enim
3644 2153 3696 2208 in
3728 2153 3921 2207 deser-

2326 2250 2532 2304 tissimo
2575 2247 2720 2304 orbis
2760 2248 2878 2303 loco
2922 2247 3256 2310 habitamus,
3304 2260 3367 2300 ac
3412 2243 3724 2314 prmdouum
3767 2252 3916 2297 metu

2324 2339 2657 2404 ohsidemur,
2685 2338 3005 2407 multasque,
3027 2345 3084 2391 ut
3111 2336 3166 2391 in
3189 2345 3409 2392 externa
3434 2335 3668 2404 regione,
3699 2344 3918 2403 tamque

2326 2438 2475 2485 vasta
2521 2427 2826 2495 solitudine,
2871 2427 3201 2482 calamitates
3246 2427 3621 2497 perpetimur:
3654 2435 3831 2478 tamen
3871 2425 3918 2478 si

2327 2521 2636 2592 frequentes
2661 2537 2690 2574 a
2716 2531 2788 2588 te,
2813 2521 2896 2575 cui
2928 2519 3188 2574 carissimi
3225 2533 3429 2582 sumus,
3462 2518 3639 2572 literas
3683 2513 3920 2583 accipia—

2333 2621 2472 2679 Intts,
2496 2628 2614 2682 qua:
2647 2627 2743 2667 nos
2769 2611 2837 2667 de
2868 2621 2955 2665 tua
2984 2610 3285 2665 valetudine
3306 2610 3562 2664 certiores
3591 2606 3808 2671 faciant,
3839 2606 3921 2659 in-

2339 2715 2549 2775 gentem
2579 2703 2722 2767 hinc,
2760 2711 2838 2758 tot
2865 2703 2990 2758 licet
3013 2700 3397 2757 calamitatibus
3421 2699 3684 2770 oppressi,
3723 2711 3920 2752 conso-

2336 2796 2587 2850 lationem
2647 2794 2936 2864 capiemus.
2987 2792 3194 2858 Quanta
3237 2791 3378 2846 enim
3435 2789 3673 2844 caritatis
3728 2788 3810 2840 vis
3849 2786 3922 2841 sit

2332 2889 2662 2957 esploratum
2693 2885 2876 2950 habes,
2905 2884 3151 2956 quodque
3177 2896 3282 2936 non
3311 2882 3603 2935 amicorum
3641 2878 3920 2933 dumtaxat

2330 2980 2633 3051 prarscntia,
2659 2977 2752 3032 sed
2780 2977 2939 3032 etiam
2963 2977 3134 3032 litera
3163 2977 3351 3044 ingens
3376 2971 3620 3026 solatium
3666 2969 3917 3025 afferant.

2331 3075 2460 3140 Qua:
2505 3087 2624 3126 eum
2670 3071 2740 3126 ita
2779 3071 2903 3135 sint,
2935 3069 3036 3132 fac,
3059 3082 3260 3138 quaeso,
3290 3065 3426 3119 hanc
3472 3063 3626 3118 nobis
3667 3061 3921 3128 volupta-

2335 3176 2439 3220 tem
2467 3161 2796 3232 frequentius
2836 3161 3132 3229 impertias,
3163 3158 3230 3212 de
3254 3154 3555 3210 valetudine
3581 3163 3688 3217 tua,
3721 3150 3790 3204 de
3815 3165 3920 3218 qua

2333 3259 2666 3325 potissimum
2715 3252 2910 3323 aliquid
2959 3251 3145 3307 audire
3183 3250 3462 3319 cupimus,
3514 3247 3775 3301 certiores
3823 3256 3922 3295 nos

2333 3349 2548 3403 faciens.
3732 3383 3746 3404 χ

2559 3438 2716 3494 XXX
2722 3439 2747 3492 1
2759 3478 2772 3492 .
2805 3436 3124 3492 Marcellino.
3157 3436 3335 3506 (Anno
3360 3431 3496 3487 forte
3521 3427 3673 3496 405.)

2395 3532 2518 3588 .Etsi
2544 3532 2797 3586 diuturno
2822 3531 3036 3584 silentio
3058 3531 3195 3582 inter
3225 3541 3321 3582 nos
3351 3535 3571 3592 uterque
3598 3522 3676 3576 usi
3707 3532 3917 3580 sumus,

2336 3637 2511 3682 tamen
2538 3624 2733 3680 veteris
2774 3623 2913 3678 illius
2938 3637 3000 3676 ac
3029 3624 3251 3676 sincera:
3291 3627 3396 3673 tua:
3436 3613 3673 3670 caritatis
3710 3625 3925 3665 memo-

2335 3722 2469 3776 riam
2500 3718 2720 3773 minime
2752 3715 3064 3786 abiecimus,
3091 3727 3276 3768 verum
3305 3710 3583 3764 florentem
3611 3720 3728 3760 eam
3754 3713 3811 3758 et
3837 3704 3918 3757 in-

2340 3821 2543 3880 tegram
2584 3809 2895 3873 retinemus,
2913 3821 3136 3876 eamque
3156 3815 3490 3874 quoeunique
3511 3796 3918 3869 proficiscimur.

2342 3902 2618 3956 nobiscum
2668 3898 3092 3955 circumferimus
3118 3938 3131 3962 ,
3172 3893 3512 3962 maximoque
3559 3890 3682 3945 hinc
3726 3889 3920 3943 solatio

2339 3992 2621 4046 afﬁcimur.
2652 3990 2831 4060 anue
2859 3990 2926 4044 de
2957 4001 3114 4042 causa
3157 3985 3402 4040 homines
3443 3996 3582 4036 nunc
3634 3978 3796 4041 nacti,
3830 3977 3917 4044 qui

2341 4084 2403 4139 ad
2434 4094 2484 4139 te
2513 4100 2570 4139 se
2596 4083 2892 4145 conferant,
2936 4081 3169 4135 debitum
3215 4073 3548 4131 salutationis
3596 4084 3792 4124 munus
3828 4068 3918 4120 tibi

2344 4175 2715 4244 persolvimus,
2764 4171 3000 4242 illudque
3035 4167 3416 4240 significamus,
3465 4177 3565 4218 nos
3601 4159 3811 4216 etiamsi
3855 4157 3919 4210 ad

2340 4275 2616 4319 extremos
2656 4278 2822 4334 usque
2855 4263 2998 4317 orbis
3024 4270 3285 4316 terrarum
3315 4257 3446 4310 fines
3471 4252 3819 4313 abducantur,
3845 4252 3920 4305 sic

2345 4369 2518 4412 tamen
2555 4356 2726 4418 abire,
2758 4364 2816 4410 ut
2846 4365 2897 4410 te
2925 4356 2976 4408 in
3007 4355 3186 4408 animo
3227 4360 3410 4405 nostro
3461 4346 3672 4418 penitus
3719 4344 3920 4398 inscul-

2347 4456 2493 4516 ptum
2524 4455 2822 4499 teneamus.
2847 4443 3109 4512 Quoniam
3135 4449 3312 4495 autem
3345 4440 3429 4503 iis,
3462 4437 3552 4507 qui
3595 4434 3919 4501 hoccauimo

2349 4539 2554 4609 prmditi
2583 4546 2727 4605 sunt,
2757 4554 2862 4592 non
2898 4546 3099 4592 tantum
3143 4534 3403 4599 scribere,
3430 4532 3522 4586 sed
3547 4529 3710 4586 etiam
3740 4529 3807 4582 ab
3837 4528 3916 4594 iis,

2342 4646 2475 4700 quos
2513 4631 2585 4685 ita
2628 4640 2842 4695 ament,
2893 4630 3074 4684 literas
3117 4627 3361 4696 accipere
3408 4620 3790 4694 periucundum
3817 4628 3918 4686 est,

2346 4723 2484 4777 hanc
2507 4723 2659 4777 nobis
2678 4722 3024 4791 voluptatem,
3041 4715 3260 4771 domine
3273 4713 3580 4784 cumprimis
3595 4710 3918 4775 venerande,

2343 4814 2500 4869 velim
2530 4814 2768 4884 duplices
2797 4832 2810 4867 :
2837 4823 2997 4883 atque
3024 4811 3233 4882 quoties
3261 4807 3486 4864 facultas
3533 4806 3656 4871 erit,
3701 4804 3923 4860 subindo

2346 4907 2410 4960 ad
2442 4921 2538 4960 nos
2567 4905 2788 4970 scribas,
2827 4913 2882 4958 et
2909 4919 3013 4973 qua
3058 4900 3359 4956 valetudine
3402 4899 3477 4952 sis
3514 4910 3778 4965 exponas.
3809 4894 3920 4950 Scis

2345 4999 2487 5052 cnim
2518 5013 2674 5068 quam
2707 4996 2860 5051 nobis
2880 5011 3021 5050 cura:
3046 4994 3115 5048 sit
3133 4993 3247 5047 hrcc
3263 4991 3526 5053 ediscere,
3543 4997 3918 5058 quantamque,

2344 5091 2502 5145 etiam
2529 5091 2582 5145 in
2608 5098 2794 5145 extera
2840 5089 3057 5159 regione
3095 5085 3367 5154 degentes,
3417 5080 3837 5137 consolationem
3861 5093 3920 5133 ex

2347 5186 2445 5238 hac
2474 5198 2531 5239 re
2555 5183 2844 5250 capiamus.

2555 5271 2800 5326 XXXII.
2827 5270 3099 5325 Eat/talia.
3128 5267 3355 5340 (Cucuso
3380 5281 3521 5320 anno
3545 5263 3696 5332 404.)

2416 5365 2667 5451 Quamvis
2693 5365 2968 5434 pauciores
2989 5363 3082 5416 abs
3107 5371 3158 5416 te
3186 5359 3438 5430 epistolas
3465 5358 3745 5427 accipiam,
3768 5371 3917 5426 quam

2346 5459 2412 5514 ad
2441 5448 2490 5514 te
2507 5457 2731 5521 mittam,
2753 5471 2858 5511 non
2889 5465 3066 5510 tamen
3097 5462 3374 5524 praptcrea
3402 5449 3638 5505 scribere
3661 5448 3918 5503 desinam.

2345 5549 2467 5603 Mihi
2507 5548 2648 5604 enim
2694 5547 2804 5615 ipse
2848 5558 3055 5616 gratum
3101 5543 3257 5609 facio,
3288 5541 3412 5595 dum
3444 5539 3510 5594 ad
3536 5539 3770 5595 animam
3816 5548 3916 5594 tam

2347 5642 2552 5694 sincera
2601 5652 2724 5708 erga
2765 5652 2849 5691 me
2893 5634 3261 5690 benevolentia
3299 5630 3573 5701 praeditam
3622 5628 3917 5700 frequentet

2347 5732 2544 5788 scribo.
2581 5733 2643 5785 At
2673 5730 2942 5800 quotiiam,
2970 5728 3057 5798 qui
3103 5740 3278 5782 rerum
3309 5733 3516 5779 tuarum
3540 5729 3710 5776 status
3729 5722 3818 5785 sit,
3850 5721 3918 5775 in-

2351 5825 2585 5896 telligere
2610 5823 2950 5880 vehementer
2992 5829 3206 5893 expeto,
3238 5819 3436 5878 idcirco
3477 5814 3734 5890 epistolas
3771 5813 3923 5870 etiam
