4216 6498
265 429 372 489 617

269 545 366 601 θεν
392 543 692 617 ἐδεξάμεθα
717 544 816 616 τὴν
844 543 1213 618 παράκλησιν.
1242 544 1316 600 Τδ
1334 544 1441 617 7&9
1469 542 1742 608 τοιούτους
1765 542 1862 597 άν-

270 632 407 706 δρας
437 634 582 689 οὕτω
610 634 874 705 σφοδροὺς
911 635 1149 706 ἐραστάς
1174 633 1342 707 ἔχειν,
1371 636 1435 689 οὑ
1462 636 1560 706 τὴν
1589 633 1864 704 τυχοῦσαν

272 725 433 800 φέρει
459 727 574 790 τοῖς
610 725 997 797 ἀγαπωμένοις
1018 724 1394 806 παραμυθίαν.
1425 726 1536 781 Kal
1563 725 1864 797 ἐϐουλόμην

273 818 378 891 μὶν
401 818 525 875 κατ’
553 816 676 888 ϐψιν
695 820 1056 891 συντυχείντῇ
1078 817 1336 889 εὐλαϐείᾳ
1355 818 1423 889 τῇ
1448 819 1539 889 σῇ,
1566 816 1661 870 καὶ
1688 818 1864 887 ἐμφο-

274 908 509 984 ρηθῆναι
544 907 647 979 τῆς
695 910 923 983 ἡδίστης
970 926 1067 964 σου
1116 908 1434 973 διαθέσεως.
1505 908 1647 964 Ἀλλ’
1674 909 1864 982 ιπειδὴ

271 1003 432 1060 τοῦτο
458 1005 560 1061 οὐκ
588 1006 670 1062 ῑνι
694 1005 847 1079 (οὔτε
865 1006 975 1078 7&9
1006 1008 1140 1079 ημῖν
1168 1006 1414 1073 δυνατὸν,
1436 1004 1561 1061 οὔτε
1590 1006 1659 1077 τῇ
1686 1005 1864 1076 τιμιό-

270 1096 398 1168 τητί
427 1113 522 1152 σου
548 1098 751 1170 ῥᾴδιον,
778 1096 870 1152 διὰ
890 1099 992 1168 τὴν
1018 1098 1120 1169 τῆς
1178 1098 1506 1169 Ἐκκλησίας
1536 1097 1637 1169 τῆς
1675 1096 1864 1151 αὐτόθι

270 1188 594 1260 πρόνοιαν),
652 1190 746 1244 ἐπὶ
805 1189 900 1245 τὸν
942 1189 1197 1262 δεύτερον
1259 1190 1571 1259 ἀναγκαίως
1626 1188 1864 1262 ἦλθομεν

270 1276 461 1345 πλοῦν,
495 1278 597 1352 τὴν
626 1279 735 1354 άπὸ
762 1279 874 1336 τῶν
900 1280 1249 1354 γραμμάτων
1290 1281 1622 1353 παραψυχὴν
1651 1282 1864 1345 ἑαυτοῖς

269 1368 644 1441 χαριζόμενοι.
674 1371 753 1425 Οὑ
776 1371 887 1443 7&9
919 1372 1117 1444 μικρὸν
1138 1371 1234 1429 καὶ
1260 1371 1521 1443 ἐπιστολὴ
1538 1370 1745 1426 δύναιτ’
1772 1371 1859 1436 ἂν,

268 1462 503 1534 γνησίας
527 1462 751 1534 ἀγάπης
768 1464 1255 1537 άνακεχρωσμένη,
1276 1466 1359 1530 είς
1385 1465 1731 1538 παράκλησιν
1753 1463 1861 1518 τῶν

267 1552 349 1625 τῷ
397 1554 611 1626 σώματι
657 1557 1099 1629 κεχωρισμένων.
1133 1557 1232 1611 ’ἶν’
1262 1552 1357 1611 οὖν
1387 1555 1592 1627 ταύτης
1622 1555 1863 1626 συνεχῶς

267 1644 638 1719 ἀπολαύωμεν
661 1647 763 1718 τῆς
788 1647 1177 1723 παραμυθίας,
1195 1648 1388 1713 ὁσάκις
1416 1650 1484 1704 ἂν
1514 1648 1609 1721 ἐξῇ
1645 1649 1740 1702 καλ⁵
1772 1648 1864 1703 δυ-

270 1734 432 1790 νατὸν
458 1731 517 1809 ᾗ,
548 1738 783 1809 γράφειν
801 1741 932 1810 ἡμῖν
954 1738 1026 1792 τά
1045 1739 1173 1811 περὶ
1193 1738 1293 1811 τῆς
1315 1739 1505 1809 ὑγείας
1528 1739 1631 1811 τῆς
1656 1739 1756 1812 σῆς
1785 1739 1861 1811 μὴ

269 1827 549 1883 κατόκνει.
579 1830 690 1883 Καὶ
719 1829 828 1901 7&9
862 1828 1133 1902 θησαυρὸν
1176 1828 1432 1901 μέγιστον
1481 1828 1578 1884 καὶ
1630 1826 1862 1884 πλοῦτον

269 1917 477 1987 ἄφατον
504 1919 727 1989 ἀγαθῶν
745 1921 847 1992 τὴν
882 1922 983 1991 σὴν
1013 1919 1295 1993 ἡγούμεθα
1322 1922 1454 1993 ημῖν
1476 1915 1617 1975 εἶναι
1652 1919 1858 1992 φιλίαν.

270 2011 393 2065 Κᾶν
418 2012 657 2082 συνεχῶς
679 2012 935 2068 τοιούτων
978 2013 1343 2085 ἀπολαύωμεν
1395 2012 1640 2083 ἀγαθῶν,
1694 2014 1863 2087 ἥγουν

266 2099 379 2154 τῶν
402 2103 767 2175 γραμμάτων,
791 2103 911 2158 οὐδὲ
936 2104 1035 2176 τῆς
1055 2103 1289 2159 ἐνταῦθα
1312 2103 1548 2175 ἐρημίας
1574 2103 1863 2176 ληψόμεθα

266 2192 540 2265 αἴσθησιν,
565 2195 675 2248 ἀπὸ
694 2195 805 2250 τῶν
828 2195 1129 2252 ὶπιστολῶν
1166 2195 1278 2253 τῶν
1323 2195 1436 2252 σῶν
1470 2196 1674 2269 πολλὴν
1722 2213 1860 2269 καρ-

265 2283 530 2357 πιύμενοι
556 2286 657 2359 τὴν
682 2287 1050 2361 εὐφροσύνην.

612 2404 753 2456 KH'.
792 2403 1091 2471 Βασιλείφ
1114 2401 1517 2473 πρεσϐυτέρῳ.

335 2490 401 2544 Εἰ
428 2491 525 2545 καὶ
556 2496 656 2564 τῆς
687 2493 805 2547 κατ’
836 2494 962 2565 ὄψιν
1012 2512 1107 2549 σου
1141 2495 1433 2567 συντυχίας
1464 2495 1569 2550 οὐκ
1612 2494 1861 2565 ἀπηλαύ-

264 2586 464 2656 σαμεν,
521 2584 659 2638 ἀλλά
704 2585 805 2656 τὴν
829 2582 1045 2659 ἀρετήν]
1067 2603 1164 2640 σου
1197 2586 1297 2658 τῆς
1323 2587 1505 2659 ψυχῆς
1544 2586 1857 2652 ἀκούοντες,

265 2678 475 2732 καὶτὸν
506 2676 670 2749 ζῆλον
688 2678 749 2732 ὃν
776 2677 918 2749 ἔχεις
948 2679 1091 2735 κατά
1108 2679 1218 2735 τῶν
1258 2680 1548 2751 Ἑλλήνων,
1574 2679 1859 2735 καταλύων

262 2769 447 2823 αὐτῶν
479 2770 581 2842 τὴν
622 2769 854 2842 πλάνην,
886 2773 983 2825 καὶ
1012 2772 1151 2843 πρὸς
1179 2771 1441 2844 ἀληθειαν
1474 2771 1857 2845 χειραγωγῶν,

260 2859 339 2924 ὥς
366 2862 636 2934 παρόντες
656 2863 750 2917 καὶ
774 2864 1188 2935 συγγενόμενοι,
1212 2866 1306 2919 καὶ
1333 2864 1502 2920 πολύν
1524 2882 1607 2919 σοι
1633 2881 1859 2938 συντρα-

261 2940 456 3021 φένττες
483 2954 698 3025 χρόνον,
720 2953 896 3019 οὑτως
926 2972 987 3009 σε
1009 2956 1310 3028 αίδούμεθα
1333 2959 1428 3012 καὶ
1462 2958 1731 3030 τιμῶμεν.
1765 2960 1858 3013 Διὸ

262 3044 358 3097 καὶ
391 3047 661 3116 πρότερον
686 3047 1115 3121 ἐπεπηδήσαμεν
1138 3051 1252 3113 τοῖς
1284 3050 1424 3122 πρὸς
1458 3050 1518 3103 σέ
1539 3049 1855 3123 γράμμασι,

265 3136 666 3209 μακαρίζοντές
708 3154 767 3191 σε
821 3138 962 3210 ὑπὲρ
985 3133 1061 3193 ὧν
1088 3140 1394 3214 κατορθοῖς,
1434 3143 1531 3196 κα)⁸
1559 3141 1860 3214 θαυμάζον-

258 3242 376 3293 τες,
412 3230 508 3282 καὶ
532 3228 811 3293 αἰτοῦντες
832 3231 928 3285 καὶ
955 3232 1120 3285 αὑτὸν
1153 3234 1284 3303 ἡμῖν
1334 3234 1672 3289 ἐπιστέλλειν
1695 3236 1860 3309 ἡνίκα

261 3320 329 3376 ἂν
358 3319 478 3393 ἐξῇ.
504 3321 614 3376 Καὶ
640 3321 749 3394 7&9
768 3324 816 3379 εί
841 3322 936 3377 καὶ
963 3321 1042 3394 τῷ
1070 3322 1289 3395 σώματί
1314 3341 1410 3378 σου
1446 3325 1857 3397 κεχωρίσμεθα,

259 3414 401 3472 άλλά
424 3417 492 3487 τῇ
522 3414 713 3489 ἀγάπῃ
743 3431 826 3469 σοι
860 3415 1260 3486 συνδεδέμεθα,
1295 3417 1721 3489 ὲννοοῦντεςτὴν
1759 3420 1858 3494 σὴν

260 3506 571 3561 εὐλάϐειαν.
629 3506 793 3561 Ταῦτ’
852 3502 948 3561 οῦν
981 3507 1158 3574 sim,
1201 3508 1277 3581 μὴ
1304 3509 1561 3564 κατόκνει
1614 3513 1859 3582 συνεχῶς

260 3598 395 3668 ἡμῖν
419 3596 780 3661 ἐπιστέλλειν,
808 3598 903 3652 καὶ
926 3598 996 3653 τά
1016 3598 1420 3671 κατορθώματα
1452 3600 1520 3653 τά
1551 3601 1620 3655 σά
1640 3601 1856 3673 δηλοῦν,

261 3689 373 3753 ινα,
409 3690 505 3767 καὶ¹
534 3690 593 3742 ὲν
630 3690 840 3761 ἐρημίᾳ
888 3689 1256 3760 διατρίϐοντες
1279 3729 1297 3758 ,
1358 3691 1563 3763 πολλὴν
1605 3692 1857 3748 ἐντεῦθεν

260 3780 692 3852 καρπωσώμεθα
715 3780 815 3853 τὴν
844 3781 1212 3853 παράκλησιν.

439 3893 591 3968 [6η]
616 3896 748 3950 ΚΘν.
787 3894 1085 3963 Χαλκιδίᾳ
1120 3896 1222 3951 καί
1270 3897 1677 3969 Ἀσυγκριτίᾳ.

330 3998 517 4071 Μηδὲν
548 4000 695 4072 ὑμᾶς
748 4000 1064 4070 ταραττέτω
1094 4000 1204 4055 τῶν
1250 4003 1657 4075 συμϐαινόντων
1690 4004 1858 4078 λυπη-

264 4094 396 4167 ρῶν,
429 4091 568 4165 μηδὲ
596 4092 667 4146 τά
700 4091 979 4162 ἐπάλληλα
1010 4093 1120 4147 τῶν
1144 4094 1489 4167 πραγμάτων
1519 4098 1740 4169 κύματα
1768 4098 1859 4153 θο-

264 4183 500 4257 ρυϐείτω
520 4182 676 4254 ὑμῶν
698 4181 798 4253 τὴν
827 4181 1086 4237 διάνοιαν.
1111 4184 1346 4257 Τοιαύτη
1370 4186 1481 4257 7&9
1513 4190 1545 4258 ἡ
1574 4189 1735 4262 στενὴ
1761 4190 1859 4245 καὶ

257 4276 601 4349 τεθλιμμένη
668 4276 787 4340 ὁδὸς
816 4315 833 4341 ,
884 4264 1087 4348 πολλὴν
1137 4276 1338 4348 ἔχουσα
1386 4282 1487 4352 τὴν
1518 4280 1807 4337 δυσκολίαν
1839 4324 1855 4350 ,

261 4369 494 4434 πολλοὺς
520 4367 649 4433 τοὺς
678 4368 908 4441 ῑδρῶτας
931 4370 1025 4422 καὶ
1052 4370 1179 4435 τοὺς
1211 4370 1430 4436 πόνους.
1486 4373 1647 4428 Ἀλλά
1682 4374 1857 4431 ταῦτα

264 4464 365 4538 μὲν
390 4460 752 4534 παροδεύεται
787 4462 882 4516 καὶ¹
904 4462 983 4533 τῷ
1007 4462 1234 4534 παρόντι
1257 4466 1696 4533 συγκαταλύεται
1729 4467 1853 4540 βίῳ.

261 4558 383 4612 Κᾶν
419 4556 529 4627 γάρ
558 4553 720 4624 στενὴ
743 4553 933 4625 ήὸδὸς,
959 4554 1076 4608 ἀλλ’
1098 4555 1220 4619 ὁδός
1248 4557 1397 4611 ἐστιν
1416 4575 1429 4592 ο
1470 4558 1541 4611 τά
1582 4558 1637 4611 δὲ
1666 4561 1732 4613 ἐκ
1760 4558 1854 4613 τοῦ

260 4646 437 4703 ταῦτα
460 4644 649 4719 φέρειν
678 4642 874 4717 πράως
925 4644 1021 4698 καὶ
1049 4644 1315 4714 γενναίως
1362 4646 1593 4719 βραδεῖα
1630 4649 1855 4723 διηνεκῆ

262 4741 359 4795 καὶ
392 4738 661 4804 ἀθάνατα,
696 4738 793 4793 καὶ
821 4736 1003 4808 πολλῷ
1032 4736 1255 4809 μείζονα
1282 4738 1392 4793 τῶν
1429 4739 1691 4811 ἱδρώτων.
1737 4743 1857 4797 Ἐν-

262 4831 481 4887 νοοῦσαι
526 4830 708 4885 τοίνυν
763 4829 947 4886 καὶτὸ
973 4831 1240 4902 ἐπίκηρον
1272 4831 1368 4885 καὶ
1409 4833 1472 4887 τὸ
1517 4833 1856 4908 πρόσκαιρον

264 4924 366 4997 τῆς
385 4922 642 4994 θλίψεως,
672 4922 767 4977 καὶ
790 4922 855 4977 τὸ
878 4922 1128 4995 διηνεκὲς
1152 4924 1248 4977 ml
1274 4923 1544 4979 ἀθάνατον
1564 4926 1673 4980 τῶν
1694 4929 1853 4998 ἀμοι-

265 5014 397 5081 ϐῶν,
420 5015 619 5087 φέρετε
645 5013 828 5069 πάντα
844 5015 1130 5084 γενναίως,
1162 5014 1355 5087 μηδενὶ
1378 5016 1488 5071 τῶν
1511 5020 1856 5090 συμπιπτόν-

262 5123 371 5162 των
400 5105 682 5179 δυσχερῶν
709 5106 1133 5179 ταραττόμεναι.
1172 5107 1270 5163 Ἓν
1298 5108 1409 5182 γάρ
1458 5112 1577 5165 ἐστι
1610 5112 1855 5186 λυπηρὸν

267 5196 515 5269 ἁμαρτία
547 5195 737 5267 μόνον’
782 5195 851 5250 τὰ
883 5196 941 5251 δὲ
977 5196 1116 5252 άλλα
1157 5198 1359 5267 πάντα,
1390 5199 1618 5273 ὲξορίαι,
1654 5202 1857 5275 δημεύ-

266 5304 401 5355 σεις,
454 5289 774 5358 ἀπαγωγαὶ,
810 5289 1117 5355 ἐπιϐουλαὶ,
1153 5293 1249 5346 καὶ
1284 5292 1386 5346 ὅσα
1412 5299 1640 5348 τοιαῦτα
1666 5336 1681 5362 ,
1727 5296 1857 5351 σκιά

265 5382 350 5446 τίς
386 5384 536 5436 ἔστιν
567 5383 665 5435 καὶ
690 5381 899 5446 καπνὸς
928 5384 1022 5437 καὶ
1046 5384 1280 5457 άράχνη,
1327 5387 1422 5440 καὶ
1451 5387 1505 5439 εἰ
1552 5405 1605 5441 τι
1649 5389 1855 5443 τούτων

265 5473 663 5546 εὐτελέστερον.
700 5475 831 5529 "At:
863 5469 958 5528 οὖν
986 5475 1080 5529 καὶ
1104 5476 1247 5531 κατά
1269 5476 1362 5531 τὸν
1393 5478 1704 5551 ἔμπροσθεν
1730 5483 1857 5551 χρό-

262 5578 351 5619 νον
376 5562 609 5627 πολλοὺς
643 5562 1008 5635 μελετήσασαι
1032 5565 1220 5636 φέρειν
1247 5570 1612 5639 πειρασμοὺς,
1637 5572 1730 5625 κα)⁵
1760 5570 1855 5625 νῦν

263 5654 365 5727 τὴν
398 5654 773 5727 ἁρμόττουσαν
806 5656 935 5725 ὑμῖν
967 5655 1341 5713 ἐπιδείκνυσθε
1370 5659 1667 5733 ὑπομονήν.
1705 5660 1854 5733 Αὕτη

265 5745 377 5819 7&9
398 5748 457 5799 tv
484 5744 753 5817 ἀσφαλείᾳ
793 5746 890 5800 καὶ
910 5746 1065 5821 ἀδείᾳ
1092 5748 1185 5803 καὶ
1213 5748 1426 5821 γαλήνῃ
1466 5750 1637 5822 πολλῇ
1685 5770 1856 5807 κατα-

275 5836 467 5911 στῆσαι
509 5838 655 5912 ὑμᾶς
681 5838 992 5913 δυνησεται,
1033 5842 1127 5897 καὶ
1175 5842 1551 5916 δοκιμωτέρας
1607 5845 1849 5919 ποιῆσαι.

1697 408 2080 486 ﬁrmam.

3449 426 3550 482 618

1960 544 2082 597 -Καὶ
2110 542 2351 615 γράφετε
2387 543 2628 615 συνεχῶς
2668 546 2801 617 ήμτν
2832 544 2902 599 τά
2948 545 3202 617 περὶτῆς
3237 545 3426 615 ὑγείας
3455 545 3557 616 τῆς

1961 634 2255 704 ὑμετέρας,
2276 634 2342 689 άν
2370 652 2522 700 τινας
2547 635 2746 709 εὕρητε
2767 636 2834 689 δι’
2867 635 3003 690 ίδίαν
3032 634 3223 707 χρείαν
3249 654 3558 708 παραγενο-

1963 726 2161 798 μένους
2186 725 2443 783 ἐνταῦθα.
2477 728 2623 782 ἰστε
2649 727 2759 799 7&9
2791 728 2943 791 ὅπως
2989 728 3161 798 αὐτῆς
3191 728 3555 800 ἀντεχόμεθα,

1960 816 2057 869 καὶ
2083 816 2233 881 ὅπως
2262 815 2567 890 βουλόμεθα
2592 816 2928 891 πυκνότερον
2952 819 3085 890 περὶ⁵
3110 818 3317 892 ταύτης
3347 819 3558 891 μανθά-

1961 922 2075 961 νειν
2082 944 2098 962 ο

2401 1022 2449 1074 Δ
2470 1056 2486 1075 .
2532 1018 2769 1089 Ἐορτίφ
2796 1018 3128 1087 έπισκόπφ.

2043 1131 2188 1202 Ἐγώ
2212 1131 2312 1204 μὲν
2339 1130 2649 1203 ἐπεθύμουν
2676 1132 2775 1187 καὶ
2814 1134 3120 1206 γράμματα
3149 1133 3405 1200 δέξασθαι
3453 1133 3559 1206 τῆς

1961 1224 2062 1295 σῆς
2090 1225 2402 1296 τιμιότητος
2427 1227 2558 1299 περὶ
2583 1227 2687 1299 τῆς
2710 1225 2899 1295 ὑγείας
2929 1227 3030 1297 τῆς
3051 1230 3153 1298 σῆς
3171 1230 3305 1299 ἡμῖν
3332 1226 3558 1299 δηλοῦν-

1959 1335 2045 1373 τα.
2079 1314 2251 1374 Οϊσθα
2272 1320 2379 1391 γάρ
2408 1320 2558 1384 ὅπως
2584 1319 2675 1374 ἀεὶ
2696 1320 2825 1390 περὶ
2861 1322 2961 1391 τὴν
2990 1320 3091 1392 σὴν
3120 1319 3442 1391 διετέθημεν
3468 1321 3559 1373 εὑ-

1960 1410 2204 1475 λάϐειαν,
2230 1410 2468 1464 δέσποτα
2496 1410 2816 1483 τιμιώτατε.
2856 1413 2997 1466 Ἀλλ’
3018 1412 3206 1483 ἐπειδὴ
3234 1411 3394 1466 τοῦτο
3422 1412 3557 1477 ἴσως

1959 1501 2069 1557 τῶν
2096 1504 2591 1575 γραμματηφόρων
2647 1505 2794 1576 ὑμᾶς
2836 1504 3142 1575 περιείλετο
3180 1516 3205 1545 α
3260 1506 3296 1576 ἡ
3332 1503 3553 1570 σπάνις,

1959 1595 2142 1666 ἡμεῖς,
2178 1595 2528 1665 ἐπιτυχόντες
2550 1595 2660 1651 τῶν
2690 1596 2828 1668 πρὸς
2848 1596 2949 1667 τὴν
2979 1596 3081 1666 σὴν
3109 1595 3396 1651 εὐλάϐειαν
3450 1596 3557 1666 ἀφ-

1961 1686 2325 1757 ικνουμένων,
2358 1686 2612 1760 πρότεροι
2639 1690 2756 1752 τοῖς
2785 1687 3111 1759 γράμμασιν
3134 1687 3561 1759 ὲπεπηδήσαμεν

1958 1780 2075 1843 τοῖς
2107 1779 2246 1850 πρὸς
2282 1778 2383 1851 τὴν
2417 1780 2517 1851 σὴν
2542 1780 2855 1852 τιμιότητα,
2882 1780 2976 1835 καί
3013 1796 3074 1834 σε
3106 1778 3557 1852 παρακαλοῦμεν,

1960 1872 2124 1943 ἡνίκα
2150 1870 2217 1926 ἂν
2251 1870 2366 1943 ἐξῇ,
2403 1872 2500 1926 καὶ
2529 1872 2693 1926 αὑτὸν
2739 1873 2983 1943 συνεχῶς
3029 1873 3163 1942 ἡμῖν
3200 1870 3556 1936 ἐπιστέλλειν,

1959 1962 2055 2016 καὶ
2080 1963 2209 2035 περὶ
2245 1963 2348 2034 τῆς
2384 1960 2571 2031 ὑγείας
2607 1964 2711 2033 τῆς
2736 1962 2837 2033 σῆς
2864 1960 3081 2030 δηλοῦν.
3133 1958 3407 2030 Οίκοῦμεν
3447 1957 3560 2029 7&9

1958 2055 2160 2127 χωρίον
2185 2055 2545 2126 ἐρημότατον,
2579 2054 2676 2108 καὶ
2709 2053 2894 2125 πάσης
2915 2054 3017 2125 τῆς
3038 2050 3161 2106 καθ’
3195 2054 3228 2123 ἡ
3238 2053 3345 2123 μᾶς
3377 2051 3561 2104 οἰκον-

1962 2147 2131 2218 μένης
2151 2146 2489 2218 ἐρημότερον
2507 2161 2523 2176 ⁸
2554 2142 2994 2217 πολιορκούμεθα
3016 2144 3111 2195 καὶ
3140 2142 3291 2213 φόϐῳ
3319 2138 3556 2212 λῃστῶν,

1957 2239 2054 2294 καὶ
2092 2238 2294 2302 πολλάς
2342 2238 2421 2303 ὠς
2470 2239 2532 2291 ἐν
2562 2236 2823 2309 ἀλλοτρίᾳ
2859 2236 2955 2290 καὶ⁸
2980 2236 3039 2288 ὲν
3071 2232 3313 2305 τοσαύτῃ
3348 2230 3559 2305 ἐρημίᾳ

1958 2331 2168 2403 θλίψεις
2214 2332 2602 2403 ὑπομένομενο
2653 2330 2796 2403 πλὴν
2838 2329 2936 2383 ἐὰν
2976 2328 3133 2401 ὑμῶν
3185 2326 3294 2381 τῶν
3351 2325 3558 2397 σφόδρα

1955 2426 2107 2497 ἡμᾶς
2138 2424 2479 2494 ἀγαπώντων
2501 2422 2722 2486 πυκνῶς
2739 2422 3192 2493 ἐπιτυγχάνωμεν
3212 2418 3558 2491 γραμμάτων

1956 2518 2024 2573 τὰ
2055 2518 2186 2590 περ)⁸
2212 2518 2312 2589 τῆς
2342 2517 2535 2586 ὑγείας
2565 2520 2666 2589 τῆς
2688 2516 2962 2588 ὑμετέρας
2983 2515 3312 2588 δηλούντων,
3354 2512 3559 2583 πολλὴν

1956 2610 2053 2665 καὶ
2091 2613 2151 2666 ὲν
2171 2611 2465 2671 τοσαύταις
2498 2609 2893 2683 περιστάσεσιν
2946 2608 3100 2671 ὄντες
3145 2604 3557 2678 καρπωσόμεθα

1958 2704 2326 2775 παράκλησιν.
2360 2698 2535 2758 Οἶσθα
2559 2703 2668 2775 7&9
2690 2704 2793 2773 ὅση
2831 2703 3056 2773 ἀγάπης
3075 2700 3330 2770 δύναμις,
3357 2699 3451 2753 καὶ
3481 2697 3559 2761 ὡς

1957 2796 2019 2849 οὑ
2051 2796 2325 2869 παρουσία
2370 2795 2479 2849 τῶν
2535 2794 2837 2866 φιλούντων
2869 2794 3051 2867 μόνον,
3085 2794 3223 2847 άλλά
3254 2792 3349 2846 κα)⁸
3372 2792 3559 2862 γράμ-

1961 2906 2108 2961 ματα
2141 2887 2343 2960 πολλὴν
2368 2886 2639 2959 φέρειτὴν
2673 2888 3053 2959 παραμυθίαν.
3090 2885 3256 2939 Ταῦτ’
3276 2881 3370 2939 οὖν
3401 2879 3559 2949 εἴδὼς

1955 2980 2341 3052 ἐπιδαψιλεύου
2375 2978 2584 3051 ταύτην
2611 2981 2745 3050 ἡμῖν
2778 2979 2879 3051 τὴν
2934 2977 3299 3050 εὐφροσύνην,
3336 2979 3558 3047 συνεχέ-

1956 3090 2149 3145 στερον
2174 3072 2245 3128 τά
2277 3071 2409 3144 περὶ
2454 3072 2554 3141 τῆς
2584 3071 2777 3141 ὑγείας
2820 3072 2921 3142 τῆς
2950 3072 3052 3142 σῆς
3090 3070 3291 3141 δηλῶν,
3330 3072 3458 3144 περὶ
3488 3065 3559 3143 ἧς

1958 3163 2195 3236 μάλιστα
2231 3162 2704 3235 περισπούδαστον
2736 3165 2873 3235 ἡμῖν
2918 3156 3234 3234 μανθάνειν.

2368 3274 2518 3347 [612]
2553 3280 2687 3330 AA'.
2730 3275 3147 3344 Μαρκελλίνῳ.

2028 3386 2267 3460 Μακρὰν
2317 3386 2420 3459 μὲν
2478 3387 2821 3458 ἐσιγήσαμεν
2878 3384 3180 3457 ἀμφότεροι
3215 3384 3375 3455 σιγὴν
3421 3381 3561 3454 πρὸς

1954 3482 2241 3553 ἀλλήλους,
2266 3480 2366 3551 τῆς
2384 3478 2442 3533 δὲ
2468 3480 2692 3549 ἀγάπης
2717 3496 2811 3533 σου
2831 3480 2928 3549 τῆς
2957 3478 3190 3550 ἀρχαίας
3211 3478 3306 3531 καὶ
3327 3476 3560 3546 γνησίας

1953 3577 2088 3645 ἡμῖν
2122 3574 2338 3648 ἐκείνης
2392 3574 2495 3628 οὑκ
2549 3572 2980 3643 ἐπιλελήσμεθα,
3026 3571 3143 3624 ἀλλ’
3198 3570 3559 3641 ἀκμάζουσαν

1954 3663 2126 3737 αὑτὴν
2156 3662 2548 3735 διατηροῦμεν,
2582 3666 2676 3718 καὶ
2705 3665 2950 3733 ὅπουπερ
2984 3661 3051 3715 ἂν
3078 3660 3351 3731 ἀπίωμεν,
3387 3660 3559 3731 αὐτὴν

1954 3742 2352 3827 περιφέρομεν,
2408 3755 2674 3826 μεγίστην
2734 3751 2991 3806 ἐντεῦθεν
3048 3754 3423 3823 καρπούμενοι
3458 3751 3558 3822 τὴν

1958 3850 2328 3922 παράκλησιν.
2362 3852 2454 3903 Διδ
2478 3849 2543 3921 δὴ
2570 3851 2665 3903 καὶ
2691 3848 2786 3902 νῦν
2804 3847 3155 3917 ἐπιτυχόντες
3170 3847 3278 3899 τῶν
3299 3843 3436 3917 πρὸς
3455 3846 3558 3917 τὴν

1958 3945 2059 4016 σὴν
2075 3944 2360 4013 εὐγένειαν
2378 3941 2821 4013 ἀφικνουμένων,
2841 3941 2944 4011 τήν
2966 3958 3026 3994 τε
3049 3938 3408 4011 ὀφειλομένην
3428 3939 3559 3992 ἀπο·

1954 4036 2208 4108 διδόαμεν
2255 4036 2583 4107 πρόσρησιν,
2624 4034 2719 4087 καί
2769 4032 3059 4105 δηλοῦμεν,
3118 4031 3201 4085 ὅτι
3253 4030 3360 4085 κᾶν
3418 4027 3557 4101 πρὸς

1956 4131 2127 4195 αὑτάς
2168 4128 2560 4200 άπενεχθῶμεν
2607 4129 2706 4197 τῆς
2759 4126 3088 4197 οἰκουμένης
3124 4124 3226 4187 τὰς
3272 4121 3552 4194 ἐσχατιὰς,

1956 4220 2172 4292 ἔχοντές
2194 4238 2254 4275 σε
2286 4222 2493 4293 άπιμεν
2524 4222 2582 4274 ὲν
2614 4218 2825 4289 διανοίᾳ
2866 4216 3349 4288 ἐγκεκολαμμένον
3395 4214 3555 4286 ἡμῶν

1956 4314 2035 4385 τῷ
2067 4313 2353 4368 συνειδότι.
2399 4312 2537 4366 Ἀλλ’
2567 4312 2757 4381 ἐπειδὴ
2783 4313 2899 4373 τοῖς
2932 4309 3076 4362 οὕτω
3101 4307 3468 4377 διακειμένοις
3490 4307 3553 4361 οὺ

1954 4406 2019 4461 τὸ
2037 4408 2271 4477 γράφειν
2314 4408 2497 4476 μόνον,
2552 4404 2690 4460 ἀλλά
2735 4404 2830 4457 καὶ
2870 4403 2933 4457 τὸ
2963 4401 3218 4473 δέχεσθαι
3248 4388 3554 4472 γράμματα

1959 4496 2113 4569 παρά
2139 4496 2248 4550 τῶν
2270 4496 2415 4549 οὑτω
2449 4494 2814 4567 φιλουμένων,
2862 4492 3065 4563 πολλὴν
3101 4482 3257 4564 φέρει
3303 4489 3401 4561 τὴν
3433 4488 3554 4559 ἡδο-

1957 4590 2085 4662 νὴν,
2121 4588 2481 4643 διπλασίασον
2514 4589 2647 4659 ἡμῖν
2685 4588 2785 4656 τὴν
2814 4582 3179 4655 εὐφροσύνην,
3207 4583 3441 4636 δέσποτα
3472 4597 3553 4634 τι·

1960 4683 2199 4755 μιώτατε
2220 4722 2235 4747 ,
2263 4682 2358 4736 καὶ
2381 4681 2543 4751 ἡνίκα
2574 4682 2641 4734 ἃν
2669 4680 2785 4751 ἐξῇ,
2827 4678 3009 4751 γράφε
3038 4676 3277 4747 συνεχῶς
3304 4677 3455 4747 ἡμῖν,
3480 4673 3551 4728 τά

1957 4773 2089 4846 περὶ
2120 4773 2221 4843 τῆς
2259 4771 2471 4841 ὑγιείας
2515 4772 2616 4843 τῆς
2649 4771 2751 4841 σῆς
2796 4768 2997 4843 δηλῶν.
3052 4765 3221 4825 Οῐσθα
3251 4767 3359 4836 γὰρ
3400 4768 3552 4829 ὅπως

1957 4869 2091 4940 ἡμῖν
2126 4866 2597 4938 περισπούδαστον
2621 4864 2797 4919 ταῦτα
2828 4864 3140 4936 μανθάνειν,
3167 4864 3261 4917 καὶ
3292 4862 3424 4934 ὅσην
3456 4860 3553 4914 καὶ

1957 4960 2016 5015 ἐν
2040 4958 2298 5031 ἀλλοτρίᾳ
2317 4956 2705 5031 διατρίϐοντες,
2744 4954 2994 5011 ἐντεῦθεν
3017 4950 3425 5026 καρταυσόμεθα
3451 4948 3555 5023 τὴν

1956 5052 2327 5127 παράκλησιν.

2518 5145 2654 5200 AB’.
2694 5144 2986 5213 Εὐθαλίςι.
3045 5184 3053 5200 ,η

2030 5256 2151 5313 Κᾶν
2176 5256 2435 5321 ἐλάττους
2453 5258 2700 5329 δέχωμαι
2724 5256 3017 5321 ἐπιστολὰς
3038 5256 3188 5328 παρά
3202 5254 3303 5329 τῆς
3330 5255 3554 5326 κοσμιό-

1956 5367 2123 5421 τητος
2151 5350 2253 5421 τῆς
2284 5351 2405 5420 σῆς,
2438 5343 2515 5403 ὧν
2532 5350 2699 5414 αὑτὸς
2719 5351 2926 5422 πέμπω
2956 5350 3092 5421 πρὸς
3120 5349 3221 5421 τὴν
3246 5348 3348 5421 σὴν
3376 5347 3553 5429 ἐμμιτ

1955 5445 2129 5511 λειαν,
2162 5444 2264 5499 οὐκ
2295 5445 2679 5515 ἀποστήσομαι
2716 5443 2957 5514 συνεχῶς
2989 5443 3240 5515 γράφων.
3294 5438 3545 5513 Ἐμαυτῷ

1956 5537 2068 5609 7&9
2091 5535 2394 5609 χαρίζομαι
2419 5536 2579 5597 τοῦτο
2617 5534 2809 5605 ποιῶν,
2852 5535 2992 5607 πρὸς
3042 5534 3222 5609 ψυχὴν
3242 5534 3386 5590 οὕτω
3417 5552 3552 5607 γνη-

1958 5630 2091 5694 σίως
2119 5631 2250 5701 περὶ
2270 5632 2422 5702 ἡμᾶς
2440 5630 2799 5703 διακειμένην
2818 5630 2917 5684 καὶ
2942 5630 3164 5702 θερμῶς
3189 5628 3285 5684 καὶ
3313 5630 3551 5702 συνεχῶς

1957 5722 2308 5778 ἐπιστέλλων.
2357 5723 2506 5795 Πλὴν
2542 5723 2657 5778 ἀλλ’
2686 5722 2875 5795 ἐπειδὴ
2934 5723 3143 5797 σφόδρα
3205 5726 3337 5796 ἡμῖν
3394 5740 3552 5797 περι·

2025 5869 2051 5897 ⁸
2077 5865 2279 5917 Coisliu.
2304 5865 2583 5928 περιείλετο,
2607 5871 2760 5916 recte.
2784 5863 2916 5916 Ed“.
2942 5864 3209 5930 παρείλετο.
