4216 6512
663 547 992 601 σπούδαστον
1019 547 1308 615 μανθάνειν
1338 549 1394 600 ἐν
1424 549 1564 599 τίσιν
1591 551 1736 618 ὁρμᾷ
1768 550 1834 602 τά
1871 549 1955 612 σά,
1987 545 2224 613 συνεχῶς

659 636 756 690 καί
775 637 1115 707 γραμμάτων
1148 636 1519 706 ἐπιθυμοῦμεν
1547 639 1862 701 ἀπολαύειν,
1893 640 1978 690 ἴνα
2023 637 2225 707 μανθά-

664 743 839 796 νωμεν
859 725 1122 796 διηνεκῶς
1151 726 1292 797 ἅπερ
1332 727 1725 796 ἐπιθυμοῦμεν,
1777 730 1858 782 δτι
1886 731 1942 780 ἐν
1992 726 2224 796 εὑθυμίᾳ

661 815 754 868 καὶ
804 813 1075 884 ἀσφαλείᾳ
1096 812 1297 880 διάγεις
1329 814 1518 884 πολλῇ.
1545 815 1762 867 Τούτων
1791 815 1898 883 γάρ
1927 812 2225 866 ἀπολαύου-

659 918 728 955 σα
753 912 802 967 ι,
833 901 915 954 ὃτι
945 900 1143 970 πολλὴν
1164 903 1288 970 ποιῇ
1321 901 1416 969 τῆς
1436 901 1612 970 ψυχῆς
1634 900 1731 968 τῆς
1759 901 1857 968 σῆς
1887 898 2220 967 ἐπιμέλειαν,

660 991 752 1046 καὶ
779 992 887 1044 τῶν
937 991 1204 1061 βιωτικῶν
1236 991 1582 1062 ὑπερορῶσα,
1635 991 1732 1062 τὴν
1766 993 1844 1053 είς
1871 990 1959 1042 τὸν
2001 990 2223 1061 οὐρανὸν

658 1072 775 1134 ὁδὸν
802 1080 1058 1151 βαδίζεις,
1081 1083 1232 1137 οὐδὲν
1256 1080 1409 1154 οἶμαι
1431 1083 1540 1136 δεῖν
1564 1082 1941 1152 ἀμφιϐάλλειν.
1968 1077 2098 1135 οἶδα
2117 1083 2223 1152 γάρ

660 1189 752 1224 σου
778 1173 877 1244 τῆς
898 1173 1075 1244 ψυχῆς
1092 1175 1151 1227 τὸ
1178 1175 1414 1243 εὐγενὲς,
1441 1176 1535 1229 καὶ
1561 1175 1884 1246 ἐλευθέριον,
1917 1175 2010 1227 καὶ
2040 1175 2220 1246 ἀπρα-
2250 1178 2252 1180 ⁷

658 1260 935 1330 γμοσύνης
979 1261 1167 1331 γέμον,
1201 1263 1294 1316 καὶ
1343 1263 1450 1316 τῶν
1500 1265 1767 1333 βιωτικῶν
1809 1263 2222 1333 ἀπηλλαγμένον

657 1352 969 1422 φροντίδων.
1001 1350 1286 1406 Ἐννοοῦσα
1313 1356 1491 1408 τοίνυν
1514 1355 1675 1424 ἡλίκα
1705 1358 1834 1426 ἡμῖν
1859 1356 2052 1427 χαρίζῃ
2071 1354 2222 1408 τοῦτο

658 1441 907 1506 ποιοῦσα,
943 1441 1105 1513 ἡνίκα
1143 1443 1208 1496 ἀν
1231 1445 1322 1514 ἐξῇ
1357 1446 1449 1498 καὶ
1472 1447 1692 1500 δυνατὸν
1723 1442 1777 1521 ᾖ,
1829 1448 2063 1518 συνεχῶς
2092 1449 2222 1518 ἡμῖν

657 1533 1011 1602 ἐπιστέλλειν,
1048 1536 1297 1605 καθάπερ
1332 1541 1771 1611 προειρήκαμεν,
1821 1540 2218 1610 παρακλήθητι,

657 1621 796 1676 ὥστε
822 1625 1022 1696 πολλὴν
1061 1627 1206 1697 ἡμᾶς
1229 1629 1321 1681 καὶ
1340 1629 1588 1682 ἐντεῦθεν
1617 1631 1714 1699 τῆς
1737 1631 1969 1701 ἐρημίας
1995 1629 2218 1700 ταύτης,

539 1755 548 1768 .,
657 1714 716 1768 ἐν
807 1714 1170 1787 διατρίϐομεν,
1200 1717 1383 1772 λαϐεῖν
1417 1720 1787 1790 παραμυθίαν.
1825 1721 1903 1774 Τά
1934 1721 2040 1792 γάρ
2069 1720 2221 1790 ὑμῶν

655 1803 765 1856 τῶν
791 1805 1126 1872 ἀγαπώντων
1149 1809 1297 1878 ἡμᾶς
1326 1810 1627 1879 γράμματα
1652 1813 1776 1864 ὅταν
1796 1812 2032 1881 συνεχῶς
2056 1812 2222 1882 φέρη-

658 1911 743 1946 ται
765 1893 900 1964 πρὸς
931 1897 1094 1965 ἡμᾶς,
1130 1896 1195 1949 τὰ
1233 1899 1360 1968 περὶ
1395 1900 1494 1968 τῆς
1527 1901 1732 1969 ὑγιείας
1757 1902 1909 1972 ὑμῶν
1937 1902 2217 1973 δηλοῦντα,

655 1983 715 2036 οὐ
749 1983 846 2053 τῆς
870 1986 1134 2057 τυχούσης
1168 1991 1316 2059 ἡμᾶς
1348 1991 1683 2062 ἐμπίπλησιν
1705 1994 2058 2066 εὐφροσύνης,
2088 1994 2222 2049 ἀλλά

654 2074 922 2147 τοσαύτην
954 2080 1084 2149 ἡμῖν
1113 2083 1329 2149 ἐμποιεῖ
1349 2083 1446 2154 τὴν
1476 2085 1665 2156 ἡδονὴν
1685 2126 1700 2151 ,
1731 2087 1806 2150 ὡς
1842 2087 1976 2156 μηδέ
2019 2087 2219 2159 μικράν

654 2165 906 2238 αἴσθησιν
927 2169 1022 2238 τῆς
1045 2172 1280 2242 ἐρημίας
1305 2175 1529 2245 ταύτης,
1563 2179 1620 2229 tv
1650 2171 2071 2248 διατρίϐομεν,
2089 2179 2221 2250 λαμ-

655 2253 782 2308 σάνε
790 2275 854 2310 ιν.

1211 2355 1346 2409 AI".
1390 2356 1638 2426 Ἆδολίᾳ.

723 2435 833 2488 Καὶ
870 2439 1038 2513 ταύτῃ
1073 2457 1166 2494 σου
1205 2443 1302 2514 τὴν
1333 2445 1555 2517 ἀγάπην
1603 2448 1828 2514 ἔδειξας,
1868 2449 1966 2521 τὴν
1990 2449 2219 2521 γνησίαν

653 2527 745 2579 καὶ
781 2527 1006 2600 θερμήν.
1041 2532 1121 2584 ὅτι
1151 2535 1243 2588 καὶ
1283 2537 1342 2588 ἐν
1370 2537 1650 2609 ἀρρωστίᾳ
1697 2537 1863 2603 οὖσα,
1905 2541 2046 2596 οῦτω
2093 2559 2216 2597 συν-

651 2619 790 2688 εχῶς
817 2623 947 2691 ἡμῖν
975 2624 1322 2690 ἐπιστέλλεις.
1381 2629 1570 2698 Ἡμεῖς
1599 2631 1655 2684 δὲ
1713 2632 2082 2703 ἐπιθυμοῦμεν
2118 2637 2217 2703 τῆς

648 2725 707 2760 τε
733 2710 1040 2780 ἀρρωστίας
1076 2731 1134 2767 σε
1164 2716 1564 2789 ἀπαλλαγῆναι,
1597 2721 1690 2774 καὶ
1717 2723 1948 2776 ἐνταῦθα
1981 2741 2218 2794 παραγε-

647 2799 902 2872 νομένην,
931 2803 1056 2856 ὅταν
1095 2805 1190 2877 ἐξῇ
1216 2849 1230 2872 ,
1267 2807 1586 2863 θεάσασθαι.
1617 2813 1728 2865 Καὶ
1760 2812 1919 2867 τοῦτο
1947 2811 2099 2868 οἷσθα
2124 2819 2217 2870 καὶ

646 2887 806 2958 αὑτὴ,
839 2891 999 2961 κυρία
1024 2910 1124 2962 μου
1151 2900 1498 2969 κοσμιωτάτη
1521 2900 1615 2952 καὶ
1639 2901 2028 2975 εύλαϐεστάτη.
2066 2907 2216 2959 Ἐπεὶ

647 2977 761 3043 οἷν,
817 2982 951 3053 ὅπερ
983 2985 1076 3037 καὶ
1115 2985 1423 3058 ἔμπροσθεν
1458 2992 1789 3057 ἐπέσταλκα,
1828 2995 1922 3049 νῦν
1971 2999 2028 3049 ἐν
2064 2997 2214 3072 [615]

650 3074 886 3143 φροντίδι
939 3075 1145 3144 μείζονι
1193 3078 1611 3152 καθεστήκαμεν
1655 3086 1780 3155 (καὶ
1814 3088 1921 3158 γάρ
1952 3091 2059 3144 ἀπὸ
2107 3093 2216 3146 τῶν

647 3163 988 3253 γραμμάτων
1044 3165 1454 3237 ἐποχασάμεθά
1498 3187 1590 3224 σου
1649 3174 1746 3244 τῆς
1776 3177 2087 3247 ἀρρωστίας
2118 3181 2215 3253 τὴν

646 3251 997 3323 ὑπερϐολὴν),
1019 3254 1107 3308 διά
1131 3274 1209 3309 τοι
1247 3258 1422 3324 τοῦτο,
1466 3262 1623 3331 ἡνίκα
1662 3265 1728 3318 ἂν
1757 3268 1892 3334 πρὸς
1915 3270 1974 3322 τὸ
2009 3251 2214 3338 βέλτιον

647 3341 813 3412 ἐπιδῷ
841 3360 922 3396 σοι
972 3345 1031 3397 τὸ
1091 3345 1268 3416 σῶμα,
1300 3346 1386 3400 διά
1436 3351 1632 3420 τάχους
1663 3353 1737 3415 ὡς
1769 3354 1946 3423 βούλει
1975 3357 2213 3428 δηλῶσαι

647 3433 779 3502 ἡμῖν
808 3435 1187 3506 παρακλήθητι
1225 3438 1379 3492 τοῦτο
1407 3442 1558 3505 αὑτὸ,
1599 3443 1685 3496 ἵνα
1729 3446 2036 3520 βαρυτάτης
2064 3453 2214 3522 ἡμᾶς

647 3523 898 3595 ἀνεθῆναι
923 3529 1152 3599 ποιήσῃς
1179 3531 1476 3600 φροντίδος.
1514 3535 1633 3588 Ὀτι
1664 3537 1771 3608 γὰρ
1798 3540 1890 3592 καὶ
1918 3539 2011 3594 νῦν
2031 3543 2130 3597 ούκ
2156 3547 2212 3598 ἐν

649 3617 820 3684 μικρᾷ
854 3616 1262 3689 καθεστήκαμεν
1315 3623 1517 3696 ἀθυμίᾳ
1549 3627 1646 3697 τῆς
1685 3629 1994 3701 ἀρρωστίας
2030 3634 2211 3691 ἕνεκεν

653 3704 744 3799 vi;
773 3705 1033 3799 σῆςζούδέ
1065 3711 1200 3781 αὑτὴ
1240 3714 1469 3780 ἀγνοεῖς.
1515 3717 1700 3771 Εἰδυῖα
1727 3721 1906 3774 τοίνυν
1933 3725 2031 3794 τὴν
2054 3743 2212 3799 φρον-

647 3795 847 3887 τίδαᾼέν
937 3797 1030 3851 νῦν
1051 3803 1237 3871 ἐσμεν,
1279 3804 1413 3874 ὅπερ
1448 3809 1902 3882 παρεκαλέσαμεν
1922 3853 1936 3878 ,
1987 3791 2213 3887 ποίήσαι

649 3885 966 3943 σπούδασον.
997 3891 1060 3942 Εἰ
1109 3892 1199 3945 καὶ
1244 3894 1310 3946 τά
1360 3897 1592 3964 μάλιστα
1645 3901 1796 3955 οὐδέν
1831 3919 1911 3956 σοι
1947 3908 2023 3970 είς
2058 3885 2213 3962 τοῦτο

648 3975 728 4028 δεῖ
765 3979 1189 4050 παρακλήσεωςο
1229 3984 1342 4037 ἀλλ’
1371 3982 1429 4038 εὖ
1460 3983 1556 4040 οἷδ’
1589 3990 1671 4042 ὅτι
1700 3991 1838 4045 ὅσων
1865 3995 1929 4047 ἂν
1953 3997 2213 4071 ἐπιτύχῃς

649 4073 1151 4170 γραμματηφόρων,
1175 4075 1232 4127 οὑ
1259 4075 1439 4149 παύσῃ
1469 4079 1534 4132 δι’
1562 4081 1790 4136 ἑκάστου
1819 4085 1948 4156 ἡμῖν
1973 4089 2214 4144 ἐπιστέλ-

651 4171 737 4208 Λου
746 4173 830 4212 σα.

1173 4255 1301 4306 AJ'.
1343 4257 1651 4325 Καρτερία.

719 4341 826 4393 Καὶ
859 4338 1015 4394 τοῦτο
1043 4342 1142 4410 τῆς
1175 4345 1394 4416 ἀγάπης
1437 4348 1536 4418 τῆς
1573 4351 1692 4420 σῆς,
1731 4353 1829 4424 τῆς
1867 4372 2213 4430 μεμεριμνη-

651 4431 816 4500 μένης
855 4431 1028 4502 ψυχῆς
1061 4436 1159 4503 τῆς
1191 4437 1436 4507 σφοδρῶς
1471 4443 1598 4512 περὶ
1648 4444 1793 4512 ἡμᾶς
1842 4446 2208 4521 διακειμένης,

651 4522 707 4573 τὸ
755 4522 827 4592 μὴ
877 4524 1036 4592 μόνον
1084 4526 1397 4581 ἀποστεῖλαι
1445 4531 1505 4583 τὸ
1553 4533 1901 4607 πολυάρχιον,
1934 4541 2068 4596 ἀλλά
2119 4548 2212 4599 καὶ

656 4614 920 4682 σκοπῆται
962 4615 1110 4679 ὅπως
1156 4616 1220 4669 ἂν
1255 4619 1462 4685 γένοιτο
1486 4625 1775 4695 χρήσιμον,
1814 4632 2129 4700 προσθεῖναί
2150 4655 2210 4690 τε

650 4703 793 4772 ουτῴ
837 4704 896 4757 τό
933 4723 991 4758 τε
1037 4708 1302 4779 νάρδινον,
1345 4713 1526 4766 καὶτὸ
1570 4715 1852 4782 γλεύκινον
1907 4722 2103 4789 ἔλαιον,
2135 4727 2211 4780 δι-

648 4795 906 4864 ορθοῦντα
929 4797 1090 4851 αὑτοῦ
1106 4798 1202 4869 τὴν
1221 4801 1327 4855 ἀπὸ
1342 4803 1439 4872 τῆς
1475 4809 1692 4877 μακρᾶς
1716 4811 2019 4883 ἀποδημίας
2050 4816 2209 4888 ξηρό-

652 4905 804 4957 τητα.
863 4890 974 4942 Καὶ
1008 4891 1070 4943 τὸ
1111 4892 1280 4962 αὑτὴν
1319 4895 1410 4947 καὶ
1463 4901 1871 4958 κατασκευάσαι
1915 4905 2090 4972 τοῦτο,
2121 4912 2210 4964 καὶ

653 4978 726 5047 μή
775 4980 980 5050 ἑτέροις
1028 4983 1336 5052 ἐπιτρέψαι,
1370 4986 1462 5038 καὶ
1491 4987 1564 5057 μὴ
1600 4989 1699 5059 τῆς
1729 4993 2029 5063 ταχύτητος
2062 4999 2212 5066 γενέ-

652 5068 794 5130 σθαι,
835 5071 971 5124 ἀλλά
995 5072 1088 5124 τοῦ
1126 5075 1378 5142 γενέσθαι
1417 5078 1702 5133 σπουδαῖον
1731 5081 1884 5148 αὐτὸ,
1919 5087 2012 5139 καὶ
2051 5088 2212 5143 τοῦτο

653 5161 886 5229 μάλιστα
925 5163 1319 5253 ἐκπλήττεσθαι
1347 5169 1493 5238 ἡμᾶς
1531 5172 1629 5240 τὴν
1679 5171 1916 5228 διάθεσιν
1941 5178 2038 5246 τὴν
2085 5183 2212 5253 περὶ

652 5253 797 5320 ἡμᾶς
831 5251 1116 5321 πεποίηκε.
1151 5255 1250 5308 Διά
1272 5256 1426 5310 τοῦτό
1461 5275 1542 5311 σοι
1577 5260 1804 5331 χάριτας
1842 5251 2212 5341 ὁμολογοῦμεν

650 5342 706 5392 ἓν
743 5342 902 5411 μόνον
937 5344 1314 5412 ἐγκαλοῦντες,
1352 5349 1452 5413 ὅτι,
1489 5349 1516 5400 ὃ
1564 5351 1797 5418 μάλιστα
1851 5361 2214 5428 περισπούδα-

651 5449 770 5486 στον
798 5428 866 5504 ἦν
905 5436 1054 5504 ἡμῖν,
1083 5435 1240 5490 τοῦτο
1275 5438 1373 5490 οὑκ
1417 5437 1667 5509 ἔπεμψας
1695 5443 1783 5497 διὰ
1814 5445 1921 5500 τῶν
1948 5454 2212 5522 γραμμά-

648 5539 775 5585 των,
799 5523 864 5577 τὰ
893 5526 1179 5594 εὐαγγέλια
1220 5527 1362 5596 λέγω
1389 5528 1488 5599 τῆς
1528 5531 1628 5599 σῆς
1652 5533 1856 5603 ὑγείας.
1881 5540 1990 5593 Καὶ
2014 5543 2089 5607 ὡς
2120 5546 2212 5598 νῦν

648 5614 705 5664 ἐν
735 5617 968 5683 φφντίδι
1003 5619 1434 5691 καθεστήκαμεν,
1464 5623 1564 5676 οὑκ
1618 5625 1818 5691 εἰδότες
1869 5626 1956 5683 οἷα
1994 5635 2092 5705 τῆς
2121 5637 2191 5708 ap

651 5810 670 5857 >
713 5751 737 5819 'f
766 5752 956 5803 Sicduo
975 5754 1141 5818 optimi
1164 5768 1294 5814 mss.,
1315 5762 1461 5817 alque
1485 5757 1547 5805 ita
1570 5757 1691 5821 legit
1713 5760 2208 5824 lnlerpre8.Ed.auo.

679 5828 881 5857 αυοντεί.

679 5828 881 5869 αυοντες.

1354 436 1413 492 5.
1452 434 1735 491 ιΟΔΝΝΙΒ
1765 431 2114 491 (ΞΙΙΒῗδυδῖ
2129 426 2246 484 Olll
2278 425 2594 484 ABCJHEI’.
2634 424 3180 483 CONSTANTINOI".

3783 426 3893 483 630

2327 543 2560 611 ρωττίας
2591 542 2791 612 ἕστηκε
2823 540 2921 610 τῆς
2958 541 3084 610 σῆς·
3116 540 3285 603 οὕτως
3321 541 3385 594 ἂν
3413 541 3500 595 διά
3536 542 3732 612 τάχους
3762 545 3898 613 ἡμῖν

2327 632 2545 702 πέμψῃς
2567 634 2867 702 γράμματα
2885 630 3296 699 ἀπαγγέλλοντα
3313 634 3462 702 ἡμῖν,
3483 633 3562 685 ὅτι
3585 633 3799 686 λέλυται
3829 634 3898 687 τὰ

2322 724 2422 792 τῆς
2454 724 2632 785 νόσου,
2648 723 2717 776 τὰ
2739 723 2968 792 μέγιστα
2986 724 3120 792 ἡμῖν
3143 726 3326 793 χαριῇ.
3357 724 3540 788 Εἰδυῖα
3555 725 3732 777 τοίνυν
3747 727 3897 788 ὅπως

2326 814 2528 885 σφόδρα
2561 812 2932 889 ἐπιθυμοῦμεν
2963 812 3172 882 μαθεῖν,
3198 813 3280 866 ὃτι
3306 813 3369 883 δὴ
3400 816 3462 866 ἐκ
3489 815 3585 884 τῆς
3612 815 3896 879 ἀσθενείας

2324 905 2522 976 ταύτης
2549 906 2872 974 ἀνήνεγκας,
2914 903 3138 973 χαρίζου
3173 906 3303 974 ἡμῖν
3335 905 3538 974 ταύτην
3569 905 3667 976 τὴν
3701 906 3898 976 εὐφρο-

2327 996 2512 1065 σύνην,
2555 996 2612 1046 ἐν
2646 995 2712 1063 τῇ
2747 992 3104 1067 χαλεπωτάτῃ
3148 992 3321 1066 ταύτῃ
3352 995 3557 1065 ἐρημίᾳ
3579 1012 3638 1048 τε
3665 997 3760 1050 καὶ
3793 1013 3896 1050 πο-

2323 1083 2542 1156 λιορκίᾳ
2567 1085 2625 1136 οὑ
2661 1082 2862 1153 μικράν
2891 1082 3157 1155 ἐσομένην
3179 1083 3309 1153 ἡμῖν
3335 1083 3700 1156 παράκλησιν.

2901 1204 3033 1256 AE'.
3079 1201 3319 1269 Ἀλφίφ.

2404 1317 2461 1371 '0
2505 1316 2637 1379 Θεός
2675 1333 2757 1368 σοι
2787 1317 2878 1370 τὸν
2911 1315 3101 1386 μισθὸν
3139 1317 3272 1388 δῴη,
3299 1318 3392 1371 καὶ
3441 1319 3499 1371 ἐν
3541 1320 3620 1391 τῷ
3665 1322 3898 1394 παρόντι

2325 1409 2442 1478 βίῳ,
2475 1409 2569 1460 καλ⁸
2599 1410 2656 1459 tv
2681 1407 2757 1477 τῷ
2789 1407 3032 1475 μέλλοντι
3065 1407 3243 1469 αἰῶνι,
3270 1408 3368 1478 τῆς
3384 1409 3610 1479 γνησίας
3641 1411 3736 1464 καὶ
3770 1410 3897 1482 θερ-

2325 1500 2431 1569 μῆς
2462 1499 2589 1569 περὶ
2617 1500 2764 1569 ἡμᾶς
2789 1498 3029 1568 ἀγάπης,
3060 1499 3158 1568 τῆς
3191 1498 3535 1569 εἰλικρινοῦς,
3566 1503 3660 1554 καὶ
3691 1502 3896 1556 ἀνυπο-

2322 1589 2528 1660 κρίτου,
2569 1589 2665 1658 τῆς
2718 1590 2995 1658 ἀκινήτου,
3033 1588 3124 1640 καὶ
3171 1589 3587 1660 άπεριτρέπτου.
3640 1592 3716 1644 Ού
3784 1593 3896 1663 γάρ

2326 1681 2496 1751 μικρά
2520 1679 2788 1750 δείγματα
2818 1681 2918 1750 τῆς
2934 1682 3059 1753 περὶ
3087 1684 3118 1752 ἡ
3129 1683 3233 1751 μᾶς
3250 1681 3560 1744 διαθέσεως,
3598 1683 3690 1736 καὶ
3719 1683 3896 1737 ταῦτα

2321 1771 2384 1824 ἐκ
2412 1771 2664 1823 τοσούτου
2700 1772 3003 1841 καθήμενος
3021 1773 3410 1843 διαστήματος,
3433 1773 3710 1840 ἐπεδείξω,
3735 1775 3894 1845 κύριέ

2325 1879 2425 1932 μου
2451 1862 2748 1932 τιμιώτατε
2781 1866 2874 1916 καὶ
2902 1865 3274 1930 εὑγενέστατε,
3299 1863 3434 1917 ἀλλά
3469 1865 3564 1918 καὶ
3596 1865 3768 1917 πολλά
3800 1866 3895 1921 καὶ

2323 1955 2552 2024 μεγάλα.
2589 1955 2688 2008 Διά
2724 1956 2882 2009 τοῦτό
2919 1973 3001 2009 σοι
3034 1957 3264 2026 χάριτας
3301 1956 3480 2026 ἴσμεν,
3522 1959 3617 2010 καὶ
3655 1958 3895 2027 συνεχῶς

2319 2046 2652 2100 ἐπιστέλλειν
2697 2045 3017 2118 βουλόμεθα,
3059 2047 3174 2101 ἀλλ’
3197 2049 3256 2100 οὑ
3286 2048 3562 2118 δυνάμεθα
3612 2049 3801 2112 ὁσάκις
3828 2049 3897 2102 ἀν

2321 2134 2654 2206 βουλώμεθα,
2688 2137 2968 2206 γράφομεν
2992 2135 3048 2188 δέ
3077 2136 3265 2198 ὁσάκις
3299 2136 3364 2190 ἂν
3389 2135 3688 2207 δυνώμεθα.
3725 2133 3897 2190 υῐσθα

2318 2228 2427 2298 γὰρ
2458 2227 2551 2280 καὶ
2583 2228 2682 2298 τὴν
2728 2227 2833 2281 ἀπὸ
2857 2227 2948 2281 τοῦ
2982 2227 3266 2298 χειμῶνος,
3301 2226 3395 2280 καὶ
3415 2225 3513 2298 τὴν
3527 2226 3635 2280 ἀπὺ
3655 2227 3764 2279 τῶν
3798 2227 3895 2300 λη-

2322 2319 2559 2389 στρικῶν
2588 2318 2792 2387 ἐφόδων
2834 2320 3125 2390 γινομένην
3155 2320 3214 2370 ἐν
3251 2320 3372 2380 ταῖς
3403 2318 3542 2381 ὁδοῖς
3579 2317 3890 2372 δυσκολίαν.

2318 2411 2409 2480 Μὴ
2435 2410 2613 2462 τοίνυν
2629 2409 2857 2482 νομίσῃς
2878 2409 3139 2480 ῥᾳθυμεῖν
3163 2410 3329 2480 ἡμᾶς,
3348 2409 3476 2462 ὁταν
3493 2408 3712 2479 μακρὰν
3737 2411 3894 2480 σιγή-

2319 2512 2500 2564 σωμεν
2549 2498 2727 2566 σιγὴν,
2765 2495 2900 2548 ἀλλά
2927 2499 2992 2567 τῇ
3036 2499 3227 2550 σπάνει
3259 2497 3367 2550 τῶν
3397 2498 3896 2569 γραμματηφόρων

2319 2587 2465 2660 [6H]
2499 2588 2652 2640 τοῦτο
2673 2586 2908 2655 λογίζου,
2935 2587 3008 2659 μὴ
3031 2589 3094 2658 τῇ
3123 2587 3382 2658 ὀλιγωρίᾳ
3407 2590 3475 2658 τῇ
3507 2588 3772 2660 ἡμετέρᾳ.
3805 2590 3893 2653 Ὠς

2316 2681 2430 2746 εῖγε
2471 2678 2692 2732 δυνατὸν
2741 2675 2810 2749 ἦν
2859 2679 3244 2749 συνεχέστερον
3298 2679 3654 2745 ἐπιστέλλειν,
3682 2680 3782 2734 οὐκ
3826 2680 3895 2736 ἀν

2315 2769 2642 2840 ὠκνήσαμεν
2681 2768 2862 2822 πυκνά
2902 2769 3213 2839 πέμποντές
3244 2787 3325 2824 σοι
3357 2769 3686 2842 γράμματα.
3729 2771 3894 2842 Ἡμῖν

2316 2862 2425 2932 γάρ
2456 2863 2668 2925 ἑαυτοῖς
2699 2861 3083 2933 ἐχαριζόμεθα,
3112 2862 3212 2933 τὴν
3235 2863 3589 2934 ὀφειλομένην
3611 2880 3693 2917 σοι
3725 2864 3895 2935 πρόσ-

2317 2970 2476 3025 ρησιν
2508 2954 2887 3024 συνεχέστερον
2928 2953 3287 3018 ἀποδιδόντες.
3335 2954 3502 3009 Ταῦτ’
3551 2950 3648 3009 οὖν
3713 2952 3892 3020 εἰδὼς,

2314 3044 2491 3114 γράφε
2523 3043 2655 3113 ἡμῖν
2689 3041 2926 3112 συνεχῶς
2951 3043 3046 3096 καὶ
3084 3042 3247 3108 αὐτὸς
3277 3043 3345 3097 τά
3378 3044 3510 3116 περὶ
3543 3047 3643 3115 τῆς
3680 3045 3894 3114 ὑγιείας

2314 3134 2413 3200 τῆς
2443 3135 2561 3205 σῆς.
2583 3135 2760 3205 Ὀπερ
2788 3134 2921 3202 ἔφης
2938 3134 3338 3189 ἀπεσταλκέναι
3363 3137 3516 3208 ἡμῖν,
3539 3135 3698 3190 τοῦτο
3718 3136 3895 3201 οὐδεὶς

2313 3224 2569 3294 ἐκόμισεν
2611 3223 2865 3288 ἐνταῦθα,
2908 3223 3022 3278 ἀλλ’
3072 3224 3460 3297 ὑπέστρεψενὸ
3504 3226 3644 3298 ιχων
3679 3227 3768 3281 διά
3799 3228 3893 3281 τὸν

2312 3316 2418 3369 τῶν
2451 3316 2662 3389 λῃστῶν
2684 3316 2868 3385 φόϐον.
2909 3316 3056 3388 Πλὴν
3072 3316 3499 3389 παρακαλοῦμέν
3526 3335 3586 3371 σε
3620 3319 3695 3390 μὴ
3717 3322 3891 3374 ποιεῖν

2311 3407 2488 3472 τοῦτο,
2547 3408 2681 3479 μηδέ
2730 3407 3014 3472 δυσκολίας
3071 3408 3250 3480 σαυτῷ
3305 3410 3564 3482 παρέχειν
3596 3412 3692 3464 καὶ
3745 3412 3890 3483 πρά-

2312 3514 2513 3568 γματα.
2545 3498 2623 3552 Τά
2651 3499 2758 3569 γάρ
2783 3497 2994 3567 μεγάλα
3023 3515 3118 3552 σου
3147 3499 3314 3569 δῶρα,
3337 3501 3398 3553 τὸ
3421 3501 3642 3571 γνήσιόν
3676 3518 3770 3555 σου
3795 3503 3892 3556 καὶ

2313 3590 2512 3660 θερμὸν
2550 3590 2647 3659 τῆς
2689 3589 2998 3655 διαθέσεως,
3053 3586 3114 3644 οῦ
3187 3591 3449 3661 διηνεκῶς
3501 3593 3887 3661 ἀπολαύοντες,
3931 3637 3938 3642 .

2313 3680 2666 3751 ἐντρυφῶμεν
2695 3680 2780 3732 ἀεὶ
2805 3682 2868 3750 τῇ
2907 3681 3094 3751 μνήμῃ
3116 3680 3220 3750 τῆς
3245 3680 3344 3752 σῆς
3368 3682 3609 3754 ἀγάπης.

2440 3795 2584 3858 AC'.
2623 3790 2856 3859 Μάρωνι
2890 3793 3264 3860 πρεσϐυτέρῳ
3296 3793 3394 3847 καὶ
3421 3792 3756 3863 pomifera.

2396 3906 2584 3974 Ἡμεῖς
2613 3907 2679 3974 τῇ
2715 3904 2812 3974 μὲν
2841 3905 3029 3976 ἀγάπῃ
3055 3904 3416 3975 συνδεδέμεθά
3449 3923 3532 3960 σοι
3568 3908 3661 3961 καὶ
3685 3910 3750 3978 τῇ
3771 3907 3890 3962 δια-

2316 3997 2479 4060 θέσει,
2512 3996 2603 4050 καὶ
2643 3995 2720 4059 ὼς
2770 3997 3011 4068 παρόντα
3051 4013 3110 4050 σε
3155 3996 3386 4052 ἐνταῦθα
3440 3998 3610 4062 οὕτως
3647 3999 3884 4070 ὁρῶμεν.

2314 4089 2551 4142 Τοιοῦτοι
2579 4087 2686 4159 γάρ
2717 4088 2815 4158 τῆς
2845 4089 3065 4159 ἀγάπης
3107 4089 3155 4142 οί
3185 4089 3483 4160 ὀφθαλμοί·
3517 4091 3615 4161 οὐχ
3646 4090 3746 4160 ὁδῴ
3779 4091 3891 4144 δια-

2312 4181 2620 4241 κόπτονται,
2658 4179 2717 4230 οὑ
2763 4180 2940 4250 χρόνῳ
2992 4180 3362 4250 μαραίνονται.
3424 4180 3786 4253 Ἐϐουλόμεθα
3830 4183 3888 4236 δέ

2313 4273 2406 4324 καὶ
2440 4273 2819 4344 συνεχέστερον
2853 4272 3185 4325 ἐπιστέλλειν
3216 4275 3282 4344 τῇ
3331 4271 3588 4344 εὐλαϐείᾳ
3620 4290 3733 4338 σου,
3771 4275 3887 4328 ἀλλ’

2313 4364 2498 4434 ἐπειδὴ
2535 4363 2690 4417 τοῦτο
2721 4365 2821 4416 οὑκ
2846 4364 2922 4416 ἔνι
2953 4363 3131 4434 ῥᾴδιον
3172 4363 3260 4416 διὰ
3301 4363 3398 4434 τὴν
3430 4365 3529 4434 τῆς
3549 4365 3671 4417 ὁδοῦ
3698 4366 3888 4419 δυσκο-

2312 4456 2450 4521 λίαν,
2484 4458 2575 4510 καὶ
2605 4457 2700 4528 τὴν
2732 4456 2966 4526 ἀπορίαν
2995 4455 3103 4509 τῶν
3141 4455 3455 4528 ὁδοιπόρων,
3494 4457 3658 4528 ἡνίκα
3689 4459 3756 4511 ἀν
3786 4459 3882 4531 ἐξῇ

2312 4548 2789 4620 προσαγορεύομεν
2841 4566 2933 4602 σου
2973 4549 3070 4619 τὴν
3119 4549 3429 4620 τιμιότητα,
3461 4549 3554 4602 καὶ
3603 4549 3762 4620 δῆλον
3802 4567 3884 4604 σοι

2313 4641 2590 4709 ποιοῦμεν,
2620 4643 2699 4694 ὅτι
2729 4639 2989 4712 διηνεκῶς
3023 4639 3115 4693 ἐπὶ
3143 4640 3363 4710 μνήμης
3394 4657 3453 4694 σε
3485 4641 3701 4712 ἔχομεν,
3740 4645 3798 4696 ἐν
3816 4645 3882 4713 τῇ

2311 4734 2455 4805 ψυχῇ
2493 4737 2555 4804 τῇ
2604 4735 2849 4805 ἡμετέρᾳ
2891 4734 3292 4804 περιφέροντες,
3321 4735 3560 4804 ὅπουπερ
3603 4735 3668 4790 ἂν
3711 4730 3881 4808 ὦμεν.

2311 4828 2481 4898 Δήλου
2527 4826 2704 4880 τοίνυν
2753 4826 2847 4879 καὶ
2893 4825 3054 4888 αὑτὸς
3090 4829 3221 4896 ἡμῖν
3253 4828 3634 4899 συνεχέστερον
3659 4829 3728 4884 τὰ
3757 4833 3885 4902 περὶ

2311 4919 2408 4988 τῆς
2432 4918 2638 4985 ὑγιείας
2660 4916 2757 4986 τῆς
2787 4917 2905 4986 σῆς,
2938 4914 3024 4968 ἵνα
3059 4917 3150 4969 καὶ
3189 4916 3266 4987 τῷ
3299 4915 3509 4986 σώματι
3544 4919 3884 4990 κεχωρισμέ-

2313 5026 2411 5073 νοι,
2449 5008 2808 5079 μανθάνοντες
2843 5007 3080 5077 συνεχῶς
3127 5006 3195 5060 τά
3239 5009 3366 5079 περὶ
3411 5009 3509 5079 τῆς
3541 5008 3757 5080 ῥώσεως
3787 5012 3884 5080 τῆς

2314 5100 2431 5169 σῆς,
2473 5099 2823 5168 εὐθυμότεροι
2857 5097 3154 5168 γινώμεθα,
3198 5100 3294 5152 καὶ
3341 5099 3541 5170 πολλὴν
3584 5102 3640 5153 ἐν
3679 5101 3886 5173 ἐρημίᾳ

2313 5189 2608 5258 καθήμενοι
2636 5186 2919 5258 δεχώμεθα
2937 5188 3037 5260 τὴν
3060 5188 3418 5258 παράκλησιν.
3445 5190 3518 5243 Οὑ
3550 5190 3748 5262 μικράν
3775 5189 3886 5262 γὰρ

2312 5282 2442 5351 ἡμῖν
2471 5279 2807 5350 εὐφροσύνην
2825 5280 3036 5350 κομίζει
3057 5281 3118 5334 τὸ
3150 5281 3367 5334 ἀκούειν
3395 5282 3525 5353 περὶ
3551 5283 3650 5353 τῆς
3675 5282 3885 5350 ὑγιείας

2311 5373 2409 5442 τῆς
2435 5373 2553 5440 σῆς.
2592 5373 2700 5424 Καὶ
2728 5370 2832 5442 πρὸ
2873 5371 3087 5426 πάντων
3129 5369 3380 5442 εὔχεσθαι
3424 5374 3565 5446 ὑπὲρ
3611 5373 3766 5446 ἡμῶν
3791 5393 3886 5430 πα-

2317 5462 2633 5534 ρακλήθητι.

2649 5620 2775 5672 ΛΖ.
2822 5618 3198 5686 Τραγκυλίνῳ
3221 5617 3549 5685 ἑπισκόπῳ.

2385 5733 2486 5785 Τὸν
2514 5731 2702 5803 κύριόν
2735 5748 2834 5800 μου
2876 5731 2966 5784 τὸν
3007 5731 3332 5801 τιμιώτατον
3360 5733 3662 5808 ἐπίσκοπον
3691 5731 3881 5788 Σέλευ-

2319 5841 2411 5878 κον
2440 5824 2645 5878 οἴκοθεν
2671 5823 2768 5893 μὲν
2800 5825 2827 5876 ὀ
2867 5839 2930 5874 πε
2941 5823 2992 5893 ρὶ
3021 5825 3164 5893 ἡμᾶς
3205 5824 3464 5897 ἀνέστησε
3501 5827 3682 5894 πόθος,
3708 5825 3885 5880 ἐντεῦ-
