  <div class='ocr_page' id='page_1' title='image "/cluster/home/n/w/nwhite01/storage/ocr_20150623/52/uva.x030486926/250.png"; bbox 0 0 4172 6492; ppageno 0'>
   <div class='ocr_carea' id='block_1_1' title="bbox 253 424 358 481">
    <p class='ocr_par' dir='ltr' id='par_1_1' title="bbox 253 424 358 481">
     <span class='ocr_line' id='line_1_1' title="bbox 253 424 358 481; baseline 0 0"><span class='ocrx_word' id='word_1_1' title='bbox 253 424 358 481; x_wconf 67' lang='grc' dir='ltr'><strong>κῖθ</strong></span> 
     </span>
    </p>
   </div>
   <div class='ocr_carea' id='block_1_2' title="bbox 256 535 1858 610">
    <p class='ocr_par' dir='ltr' id='par_1_2' title="bbox 256 535 1858 610">
     <span class='ocr_line' id='line_1_2' title="bbox 256 535 1858 610; baseline 0.005 -18"><span class='ocrx_word' id='word_1_2' title='bbox 256 535 486 592; x_wconf 79' lang='lat' dir='ltr'><strong>subinde</strong></span> <span class='ocrx_word' id='word_1_3' title='bbox 530 536 774 604; x_wconf 86' lang='lat' dir='ltr'><strong>accipere</strong></span> <span class='ocrx_word' id='word_1_4' title='bbox 813 550 965 593; x_wconf 66' lang='lat' dir='ltr'><strong>aveo.</strong></span> <span class='ocrx_word' id='word_1_5' title='bbox 1009 549 1117 606; x_wconf 89' lang='lat' dir='ltr'><strong>quo</strong></span> <span class='ocrx_word' id='word_1_6' title='bbox 1160 535 1210 590; x_wconf 91' lang='lat' dir='ltr'><strong>id</strong></span> <span class='ocrx_word' id='word_1_7' title='bbox 1240 536 1381 606; x_wconf 86' lang='lat' dir='ltr'><strong>quod</strong></span> <span class='ocrx_word' id='word_1_8' title='bbox 1424 540 1584 610; x_wconf 85' lang='lat' dir='ltr'><strong>cupio</strong></span> <span class='ocrx_word' id='word_1_9' title='bbox 1631 541 1858 600; x_wconf 85' lang='lat' dir='ltr'><strong>subinde</strong></span> 
     </span>
    </p>
   </div>
   <div class='ocr_carea' id='block_1_3' title="bbox 259 627 1859 703">
    <p class='ocr_par' dir='ltr' id='par_1_3' title="bbox 259 627 1859 703">
     <span class='ocr_line' id='line_1_3' title="bbox 259 627 1859 703; baseline 0.006 -25"><span class='ocrx_word' id='word_1_10' title='bbox 259 627 576 697; x_wconf 70' lang='lat' dir='ltr'><strong>intelligam,</strong></span> <span class='ocrx_word' id='word_1_11' title='bbox 607 640 803 696; x_wconf 84' lang='lat' dir='ltr'><strong>nempe</strong></span> <span class='ocrx_word' id='word_1_12' title='bbox 831 637 882 681; x_wconf 90' lang='lat' dir='ltr'><strong>te</strong></span> <span class='ocrx_word' id='word_1_13' title='bbox 909 628 960 680; x_wconf 91' lang='lat' dir='ltr'><strong>in</strong></span> <span class='ocrx_word' id='word_1_14' title='bbox 991 644 1181 697; x_wconf 86' lang='lat' dir='ltr'><strong>magna</strong></span> <span class='ocrx_word' id='word_1_15' title='bbox 1205 630 1367 684; x_wconf 85' lang='lat' dir='ltr'><strong>animi</strong></span> <span class='ocrx_word' id='word_1_16' title='bbox 1396 633 1775 703; x_wconf 84' lang='lat' dir='ltr'><strong>tranquillitate</strong></span> <span class='ocrx_word' id='word_1_17' title='bbox 1795 649 1859 688; x_wconf 88' lang='lat' dir='ltr'><strong>ac</strong></span> 
     </span>
    </p>
   </div>
   <div class='ocr_carea' id='block_1_4' title="bbox 258 716 1857 794">
    <p class='ocr_par' dir='ltr' id='par_1_4' title="bbox 258 716 1857 794">
     <span class='ocr_line' id='line_1_4' title="bbox 258 716 1857 794; baseline 0.003 -20"><span class='ocrx_word' id='word_1_18' title='bbox 258 717 553 774; x_wconf 71' lang='lat' dir='ltr'><strong>securitate</strong></span> <span class='ocrx_word' id='word_1_19' title='bbox 600 718 822 772; x_wconf 86' lang='lat' dir='ltr'><strong>versari.</strong></span> <span class='ocrx_word' id='word_1_20' title='bbox 868 716 998 773; x_wconf 84' lang='lat' dir='ltr'><strong>Nam</strong></span> <span class='ocrx_word' id='word_1_21' title='bbox 1043 719 1090 774; x_wconf 89' lang='lat' dir='ltr'><strong>si</strong></span> <span class='ocrx_word' id='word_1_22' title='bbox 1132 719 1248 776; x_wconf 65' lang='lat' dir='ltr'><strong>hac</strong></span> <span class='ocrx_word' id='word_1_23' title='bbox 1278 721 1370 777; x_wconf 88' lang='lat' dir='ltr'><strong>tibi</strong></span> <span class='ocrx_word' id='word_1_24' title='bbox 1424 722 1621 788; x_wconf 86' lang='lat' dir='ltr'><strong>adsint,</strong></span> <span class='ocrx_word' id='word_1_25' title='bbox 1650 724 1776 794; x_wconf 89' lang='lat' dir='ltr'><strong>quin</strong></span> <span class='ocrx_word' id='word_1_26' title='bbox 1803 733 1857 779; x_wconf 87' lang='lat' dir='ltr'><strong>tu</strong></span> 
     </span>
    </p>
   </div>
   <div class='ocr_carea' id='block_1_5' title="bbox 255 808 1859 879">
    <p class='ocr_par' dir='ltr' id='par_1_5' title="bbox 255 808 1859 879">
     <span class='ocr_line' id='line_1_5' title="bbox 255 808 1859 879; baseline 0.004 -16"><span class='ocrx_word' id='word_1_27' title='bbox 255 821 474 863; x_wconf 85' lang='lat' dir='ltr'><strong>summa</strong></span> <span class='ocrx_word' id='word_1_28' title='bbox 499 821 629 863; x_wconf 89' lang='lat' dir='ltr'><strong>cura</strong></span> <span class='ocrx_word' id='word_1_29' title='bbox 659 818 713 864; x_wconf 88' lang='lat' dir='ltr'><strong>et</strong></span> <span class='ocrx_word' id='word_1_30' title='bbox 751 808 928 864; x_wconf 88' lang='lat' dir='ltr'><strong>studio</strong></span> <span class='ocrx_word' id='word_1_31' title='bbox 969 811 1161 866; x_wconf 68' lang='lat' dir='ltr'><strong>anima:</strong></span> <span class='ocrx_word' id='word_1_32' title='bbox 1186 820 1293 868; x_wconf 80' lang='lat' dir='ltr'><strong>tua:</strong></span> <span class='ocrx_word' id='word_1_33' title='bbox 1313 813 1586 879; x_wconf 88' lang='lat' dir='ltr'><strong>consulas,</strong></span> <span class='ocrx_word' id='word_1_34' title='bbox 1616 826 1859 870; x_wconf 87' lang='lat' dir='ltr'><strong>contem-</strong></span> 
     </span>
    </p>
   </div>
   <div class='ocr_carea' id='block_1_6' title="bbox 263 901 1858 974">
    <p class='ocr_par' dir='ltr' id='par_1_6' title="bbox 263 901 1858 974">
     <span class='ocr_line' id='line_1_6' title="bbox 263 901 1858 974; baseline 0.005 -21"><span class='ocrx_word' id='word_1_35' title='bbox 263 903 474 970; x_wconf 84' lang='lat' dir='ltr'><strong>ptisque</strong></span> <span class='ocrx_word' id='word_1_36' title='bbox 535 901 754 970; x_wconf 83' lang='lat' dir='ltr'><strong>hujusce</strong></span> <span class='ocrx_word' id='word_1_37' title='bbox 783 903 906 956; x_wconf 68' lang='lat' dir='ltr'><strong>vine</strong></span> <span class='ocrx_word' id='word_1_38' title='bbox 935 902 1096 957; x_wconf 84' lang='lat' dir='ltr'><strong>rebus</strong></span> <span class='ocrx_word' id='word_1_39' title='bbox 1118 904 1221 962; x_wconf 89' lang='lat' dir='ltr'><strong>iter</strong></span> <span class='ocrx_word' id='word_1_40' title='bbox 1243 903 1458 969; x_wconf 68' lang='lat' dir='ltr'><strong>caeleste</strong></span> <span class='ocrx_word' id='word_1_41' title='bbox 1485 911 1690 974; x_wconf 85' lang='lat' dir='ltr'><strong>teneas,</strong></span> <span class='ocrx_word' id='word_1_42' title='bbox 1711 906 1858 961; x_wconf 91' lang='lat' dir='ltr'><strong>nullo</strong></span> 
     </span>
    </p>
   </div>
   <div class='ocr_carea' id='block_1_7' title="bbox 262 991 1854 1066">
    <p class='ocr_par' dir='ltr' id='par_1_7' title="bbox 262 991 1854 1066">
     <span class='ocr_line' id='line_1_7' title="bbox 262 991 1854 1066; baseline 0.005 -18"><span class='ocrx_word' id='word_1_43' title='bbox 262 991 424 1048; x_wconf 91' lang='lat' dir='ltr'><strong>modo</strong></span> <span class='ocrx_word' id='word_1_44' title='bbox 467 992 816 1048; x_wconf 73' lang='lat' dir='ltr'><strong>dubitandum</strong></span> <span class='ocrx_word' id='word_1_45' title='bbox 839 1004 986 1065; x_wconf 69' lang='lat' dir='ltr'><strong>puto.</strong></span> <span class='ocrx_word' id='word_1_46' title='bbox 1016 995 1290 1066; x_wconf 83' lang='lat' dir='ltr'><strong>Siquidem</strong></span> <span class='ocrx_word' id='word_1_47' title='bbox 1317 997 1384 1054; x_wconf 87' lang='lat' dir='ltr'><strong>de</strong></span> <span class='ocrx_word' id='word_1_48' title='bbox 1411 998 1606 1055; x_wconf 72' lang='lat' dir='ltr'><strong>animae</strong></span> <span class='ocrx_word' id='word_1_49' title='bbox 1630 1006 1737 1055; x_wconf 61' lang='lat' dir='ltr'><strong>tua;</strong></span> <span class='ocrx_word' id='word_1_50' title='bbox 1754 1015 1854 1056; x_wconf 84' lang='lat' dir='ltr'><strong>no-</strong></span> 
     </span>
    </p>
   </div>
   <div class='ocr_carea' id='block_1_8' title="bbox 262 1083 1856 1162">
    <p class='ocr_par' dir='ltr' id='par_1_8' title="bbox 262 1083 1856 1162">
     <span class='ocr_line' id='line_1_8' title="bbox 262 1083 1856 1162; baseline 0.006 -26"><span class='ocrx_word' id='word_1_51' title='bbox 262 1083 466 1140; x_wconf 86' lang='lat' dir='ltr'><strong>bilitate</strong></span> <span class='ocrx_word' id='word_1_52' title='bbox 494 1093 657 1156; x_wconf 90' lang='lat' dir='ltr'><strong>atque</strong></span> <span class='ocrx_word' id='word_1_53' title='bbox 675 1085 1000 1156; x_wconf 76' lang='lat' dir='ltr'><strong>ingenuitate</strong></span> <span class='ocrx_word' id='word_1_54' title='bbox 1025 1087 1153 1142; x_wconf 92' lang='lat' dir='ltr'><strong>mihi</strong></span> <span class='ocrx_word' id='word_1_55' title='bbox 1176 1096 1260 1142; x_wconf 87' lang='lat' dir='ltr'><strong>est</strong></span> <span class='ocrx_word' id='word_1_56' title='bbox 1283 1089 1642 1159; x_wconf 85' lang='lat' dir='ltr'><strong>exploratum,</strong></span> <span class='ocrx_word' id='word_1_57' title='bbox 1669 1105 1856 1162; x_wconf 84' lang='lat' dir='ltr'><strong>quam-</strong></span> 
     </span>
    </p>
   </div>
   <div class='ocr_carea' id='block_1_9' title="bbox 259 1179 1856 1254">
    <p class='ocr_par' dir='ltr' id='par_1_9' title="bbox 259 1179 1856 1254">
     <span class='ocr_line' id='line_1_9' title="bbox 259 1179 1856 1254; baseline 0.009 -27"><span class='ocrx_word' id='word_1_58' title='bbox 259 1185 365 1246; x_wconf 85' lang='lat' dir='ltr'><strong>que</strong></span> <span class='ocrx_word' id='word_1_59' title='bbox 389 1191 420 1231; x_wconf 89' lang='lat' dir='ltr'><strong>a</strong></span> <span class='ocrx_word' id='word_1_60' title='bbox 460 1179 798 1248; x_wconf 76' lang='lat' dir='ltr'><strong>negotiorum</strong></span> <span class='ocrx_word' id='word_1_61' title='bbox 839 1179 1154 1236; x_wconf 80' lang='lat' dir='ltr'><strong>tumultibus</strong></span> <span class='ocrx_word' id='word_1_62' title='bbox 1191 1190 1352 1253; x_wconf 89' lang='lat' dir='ltr'><strong>atque</strong></span> <span class='ocrx_word' id='word_1_63' title='bbox 1375 1182 1535 1254; x_wconf 80' lang='lat' dir='ltr'><strong>hujus</strong></span> <span class='ocrx_word' id='word_1_64' title='bbox 1558 1186 1684 1240; x_wconf 68' lang='lat' dir='ltr'><strong>vita:</strong></span> <span class='ocrx_word' id='word_1_65' title='bbox 1712 1186 1856 1241; x_wconf 90' lang='lat' dir='ltr'><strong>curis</strong></span> 
     </span>
    </p>
   </div>
   <div class='ocr_carea' id='block_1_10' title="bbox 261 1269 1854 1346">
    <p class='ocr_par' dir='ltr' id='par_1_10' title="bbox 261 1269 1854 1346">
     <span class='ocr_line' id='line_1_10' title="bbox 261 1269 1854 1346; baseline 0.004 -22"><span class='ocrx_word' id='word_1_66' title='bbox 261 1270 517 1325; x_wconf 90' lang='lat' dir='ltr'><strong>immunis</strong></span> <span class='ocrx_word' id='word_1_67' title='bbox 545 1284 608 1324; x_wconf 87' lang='lat' dir='ltr'><strong>ac</strong></span> <span class='ocrx_word' id='word_1_68' title='bbox 641 1269 807 1326; x_wconf 87' lang='lat' dir='ltr'><strong>libera</strong></span> <span class='ocrx_word' id='word_1_69' title='bbox 850 1271 945 1328; x_wconf 86' lang='lat' dir='ltr'><strong>sis.</strong></span> <span class='ocrx_word' id='word_1_70' title='bbox 976 1271 1110 1328; x_wconf 89' lang='lat' dir='ltr'><strong>Cum</strong></span> <span class='ocrx_word' id='word_1_71' title='bbox 1142 1272 1304 1344; x_wconf 88' lang='lat' dir='ltr'><strong>igitur</strong></span> <span class='ocrx_word' id='word_1_72' title='bbox 1343 1284 1596 1346; x_wconf 87' lang='lat' dir='ltr'><strong>quantam</strong></span> <span class='ocrx_word' id='word_1_73' title='bbox 1623 1291 1656 1331; x_wconf 90' lang='lat' dir='ltr'><strong>a</strong></span> <span class='ocrx_word' id='word_1_74' title='bbox 1680 1275 1854 1340; x_wconf 90' lang='lat' dir='ltr'><strong>nobis,</strong></span> 
     </span>
    </p>
   </div>
   <div class='ocr_carea' id='block_1_11' title="bbox 258 1357 1855 1437">
    <p class='ocr_par' dir='ltr' id='par_1_11' title="bbox 258 1357 1855 1437">
     <span class='ocr_line' id='line_1_11' title="bbox 258 1357 1855 1437; baseline 0.006 -26"><span class='ocrx_word' id='word_1_75' title='bbox 258 1357 476 1427; x_wconf 81' lang='lat' dir='ltr'><strong>quando</strong></span> <span class='ocrx_word' id='word_1_76' title='bbox 504 1358 556 1412; x_wconf 90' lang='lat' dir='ltr'><strong>id</strong></span> <span class='ocrx_word' id='word_1_77' title='bbox 584 1357 731 1424; x_wconf 89' lang='lat' dir='ltr'><strong>facis,</strong></span> <span class='ocrx_word' id='word_1_78' title='bbox 776 1361 998 1430; x_wconf 83' lang='lat' dir='ltr'><strong>gratiam</strong></span> <span class='ocrx_word' id='word_1_79' title='bbox 1037 1361 1207 1429; x_wconf 82' lang='lat' dir='ltr'><strong>ineas,</strong></span> <span class='ocrx_word' id='word_1_80' title='bbox 1257 1363 1673 1432; x_wconf 78' lang='lat' dir='ltr'><strong>animadvertas,</strong></span> <span class='ocrx_word' id='word_1_81' title='bbox 1718 1381 1855 1437; x_wconf 87' lang='lat' dir='ltr'><strong>quo-</strong></span> 
     </span>
    </p>
   </div>
   <div class='ocr_carea' id='block_1_12' title="bbox 259 1447 1856 1524">
    <p class='ocr_par' dir='ltr' id='par_1_12' title="bbox 259 1447 1856 1524">
     <span class='ocr_line' id='line_1_12' title="bbox 259 1447 1856 1524; baseline 0.004 -21"><span class='ocrx_word' id='word_1_82' title='bbox 259 1447 358 1504; x_wconf 90' lang='lat' dir='ltr'><strong>ties</strong></span> <span class='ocrx_word' id='word_1_83' title='bbox 387 1447 613 1504; x_wconf 76' lang='lat' dir='ltr'><strong>facultas</strong></span> <span class='ocrx_word' id='word_1_84' title='bbox 636 1451 910 1522; x_wconf 88' lang='lat' dir='ltr'><strong>continget</strong></span> <span class='ocrx_word' id='word_1_85' title='bbox 935 1465 998 1506; x_wconf 83' lang='lat' dir='ltr'><strong>ac</strong></span> <span class='ocrx_word' id='word_1_86' title='bbox 1024 1450 1136 1506; x_wconf 86' lang='lat' dir='ltr'><strong>fieri</strong></span> <span class='ocrx_word' id='word_1_87' title='bbox 1159 1453 1373 1522; x_wconf 90' lang='lat' dir='ltr'><strong>poterit,</strong></span> <span class='ocrx_word' id='word_1_88' title='bbox 1404 1455 1856 1524; x_wconf 88' lang='lat' dir='ltr'><strong>quemadmodum</strong></span> 
     </span>
    </p>
   </div>
   <div class='ocr_carea' id='block_1_13' title="bbox 254 1537 1857 1617">
    <p class='ocr_par' dir='ltr' id='par_1_13' title="bbox 254 1537 1857 1617">
     <span class='ocr_line' id='line_1_13' title="bbox 254 1537 1857 1617; baseline 0.006 -25"><span class='ocrx_word' id='word_1_89' title='bbox 254 1538 365 1608; x_wconf 87' lang='lat' dir='ltr'><strong>jam</strong></span> <span class='ocrx_word' id='word_1_90' title='bbox 389 1537 523 1606; x_wconf 80' lang='lat' dir='ltr'><strong>dixi,</strong></span> <span class='ocrx_word' id='word_1_91' title='bbox 550 1555 734 1612; x_wconf 64' lang='lat' dir='ltr'><strong>quaiso</strong></span> <span class='ocrx_word' id='word_1_92' title='bbox 762 1541 831 1596; x_wconf 91' lang='lat' dir='ltr'><strong>ad</strong></span> <span class='ocrx_word' id='word_1_93' title='bbox 861 1556 958 1598; x_wconf 89' lang='lat' dir='ltr'><strong>nos</strong></span> <span class='ocrx_word' id='word_1_94' title='bbox 977 1542 1183 1598; x_wconf 83' lang='lat' dir='ltr'><strong>scribas</strong></span> <span class='ocrx_word' id='word_1_95' title='bbox 1208 1560 1222 1597; x_wconf 89' lang='lat'><strong>:</strong></span> <span class='ocrx_word' id='word_1_96' title='bbox 1250 1559 1356 1614; x_wconf 92' lang='lat' dir='ltr'><strong>quo</strong></span> <span class='ocrx_word' id='word_1_97' title='bbox 1377 1560 1476 1600; x_wconf 89' lang='lat' dir='ltr'><strong>nos</strong></span> <span class='ocrx_word' id='word_1_98' title='bbox 1495 1545 1619 1601; x_wconf 91' lang='lat' dir='ltr'><strong>hinc</strong></span> <span class='ocrx_word' id='word_1_99' title='bbox 1643 1561 1857 1617; x_wconf 89' lang='lat' dir='ltr'><strong>quoque</strong></span> 
     </span>
    </p>
   </div>
   <div class='ocr_carea' id='block_1_14' title="bbox 252 1631 1857 1710">
    <p class='ocr_par' dir='ltr' id='par_1_14' title="bbox 252 1631 1857 1710">
     <span class='ocr_line' id='line_1_14' title="bbox 252 1631 1857 1710; baseline 0.005 -25"><span class='ocrx_word' id='word_1_100' title='bbox 252 1631 566 1687; x_wconf 72' lang='lat' dir='ltr'><strong>solitudinis</strong></span> <span class='ocrx_word' id='word_1_101' title='bbox 603 1632 780 1703; x_wconf 88' lang='lat' dir='ltr'><strong>hujus,</strong></span> <span class='ocrx_word' id='word_1_102' title='bbox 813 1633 868 1688; x_wconf 90' lang='lat' dir='ltr'><strong>in</strong></span> <span class='ocrx_word' id='word_1_103' title='bbox 895 1647 1001 1705; x_wconf 88' lang='lat' dir='ltr'><strong>qua</strong></span> <span class='ocrx_word' id='word_1_104' title='bbox 1019 1634 1282 1705; x_wconf 89' lang='lat' dir='ltr'><strong>degimus,</strong></span> <span class='ocrx_word' id='word_1_105' title='bbox 1321 1634 1639 1693; x_wconf 81' lang='lat' dir='ltr'><strong>levationem</strong></span> <span class='ocrx_word' id='word_1_106' title='bbox 1674 1639 1857 1710; x_wconf 86' lang='lat' dir='ltr'><strong>capia-</strong></span> 
     </span>
    </p>
   </div>
   <div class='ocr_carea' id='block_1_15' title="bbox 257 1722 1856 1799">
    <p class='ocr_par' dir='ltr' id='par_1_15' title="bbox 257 1722 1856 1799">
     <span class='ocr_line' id='line_1_15' title="bbox 257 1722 1856 1799; baseline 0.004 -21"><span class='ocrx_word' id='word_1_107' title='bbox 257 1736 402 1779; x_wconf 90' lang='lat' dir='ltr'><strong>mus.</strong></span> <span class='ocrx_word' id='word_1_108' title='bbox 421 1722 635 1778; x_wconf 81' lang='lat' dir='ltr'><strong>Etenim</strong></span> <span class='ocrx_word' id='word_1_109' title='bbox 656 1724 825 1780; x_wconf 70' lang='lat' dir='ltr'><strong>literae</strong></span> <span class='ocrx_word' id='word_1_110' title='bbox 839 1732 1052 1792; x_wconf 62' lang='lat' dir='ltr'><strong>vestrae,</strong></span> <span class='ocrx_word' id='word_1_111' title='bbox 1075 1726 1175 1782; x_wconf 90' lang='lat' dir='ltr'><strong>hoc</strong></span> <span class='ocrx_word' id='word_1_112' title='bbox 1193 1735 1278 1782; x_wconf 88' lang='lat' dir='ltr'><strong>est</strong></span> <span class='ocrx_word' id='word_1_113' title='bbox 1292 1743 1476 1782; x_wconf 88' lang='lat' dir='ltr'><strong>eorum</strong></span> <span class='ocrx_word' id='word_1_114' title='bbox 1494 1728 1688 1799; x_wconf 87' lang='lat' dir='ltr'><strong>quibus</strong></span> <span class='ocrx_word' id='word_1_115' title='bbox 1707 1729 1856 1785; x_wconf 91' lang='lat' dir='ltr'><strong>cordi</strong></span> 
     </span>
    </p>
   </div>
   <div class='ocr_carea' id='block_1_16' title="bbox 257 1815 1856 1886">
    <p class='ocr_par' dir='ltr' id='par_1_16' title="bbox 257 1815 1856 1886">
     <span class='ocr_line' id='line_1_16' title="bbox 257 1815 1856 1886; baseline 0.003 -16"><span class='ocrx_word' id='word_1_116' title='bbox 257 1827 466 1880; x_wconf 83' lang='lat' dir='ltr'><strong>sumus,</strong></span> <span class='ocrx_word' id='word_1_117' title='bbox 506 1823 631 1870; x_wconf 88' lang='lat' dir='ltr'><strong>cum</strong></span> <span class='ocrx_word' id='word_1_118' title='bbox 674 1815 867 1872; x_wconf 86' lang='lat' dir='ltr'><strong>crebro</strong></span> <span class='ocrx_word' id='word_1_119' title='bbox 909 1815 978 1871; x_wconf 90' lang='lat' dir='ltr'><strong>ad</strong></span> <span class='ocrx_word' id='word_1_120' title='bbox 1017 1831 1116 1872; x_wconf 89' lang='lat' dir='ltr'><strong>nos</strong></span> <span class='ocrx_word' id='word_1_121' title='bbox 1151 1815 1468 1886; x_wconf 80' lang='lat' dir='ltr'><strong>aﬂ&#39;eruntur,</strong></span> <span class='ocrx_word' id='word_1_122' title='bbox 1496 1834 1561 1876; x_wconf 88' lang='lat' dir='ltr'><strong>ac</strong></span> <span class='ocrx_word' id='word_1_123' title='bbox 1581 1819 1650 1876; x_wconf 89' lang='lat' dir='ltr'><strong>de</strong></span> <span class='ocrx_word' id='word_1_124' title='bbox 1677 1829 1856 1876; x_wconf 89' lang='lat' dir='ltr'><strong>vestra</strong></span> 
     </span>
    </p>
   </div>
   <div class='ocr_carea' id='block_1_17' title="bbox 260 1905 1858 1982">
    <p class='ocr_par' dir='ltr' id='par_1_17' title="bbox 260 1905 1858 1982">
     <span class='ocr_line' id='line_1_17' title="bbox 260 1905 1858 1982; baseline 0.006 -23"><span class='ocrx_word' id='word_1_125' title='bbox 260 1905 573 1962; x_wconf 78' lang='lat' dir='ltr'><strong>valetudine</strong></span> <span class='ocrx_word' id='word_1_126' title='bbox 594 1906 853 1962; x_wconf 87' lang='lat' dir='ltr'><strong>certiores</strong></span> <span class='ocrx_word' id='word_1_127' title='bbox 882 1920 983 1962; x_wconf 92' lang='lat' dir='ltr'><strong>nos</strong></span> <span class='ocrx_word' id='word_1_128' title='bbox 1007 1907 1227 1975; x_wconf 89' lang='lat' dir='ltr'><strong>faciunt,</strong></span> <span class='ocrx_word' id='word_1_129' title='bbox 1261 1924 1368 1965; x_wconf 90' lang='lat' dir='ltr'><strong>non</strong></span> <span class='ocrx_word' id='word_1_130' title='bbox 1398 1911 1670 1982; x_wconf 76' lang='lat' dir='ltr'><strong>vulgarem</strong></span> <span class='ocrx_word' id='word_1_131' title='bbox 1703 1911 1858 1968; x_wconf 88' lang='lat' dir='ltr'><strong>nobis</strong></span> 
     </span>
    </p>
   </div>
   <div class='ocr_carea' id='block_1_18' title="bbox 256 1995 1857 2073">
    <p class='ocr_par' dir='ltr' id='par_1_18' title="bbox 256 1995 1857 2073">
     <span class='ocr_line' id='line_1_18' title="bbox 256 1995 1857 2073; baseline 0.006 -25"><span class='ocrx_word' id='word_1_132' title='bbox 256 1997 587 2068; x_wconf 83' lang='lat' dir='ltr'><strong>voluptatem</strong></span> <span class='ocrx_word' id='word_1_133' title='bbox 627 1995 885 2062; x_wconf 83' lang='lat' dir='ltr'><strong>afferunt;</strong></span> <span class='ocrx_word' id='word_1_134' title='bbox 913 2012 1101 2053; x_wconf 90' lang='lat' dir='ltr'><strong>verum</strong></span> <span class='ocrx_word' id='word_1_135' title='bbox 1126 2006 1274 2055; x_wconf 87' lang='lat' dir='ltr'><strong>tanto</strong></span> <span class='ocrx_word' id='word_1_136' title='bbox 1297 2014 1394 2056; x_wconf 88' lang='lat' dir='ltr'><strong>nos</strong></span> <span class='ocrx_word' id='word_1_137' title='bbox 1422 2001 1616 2072; x_wconf 89' lang='lat' dir='ltr'><strong>gaudio</strong></span> <span class='ocrx_word' id='word_1_138' title='bbox 1638 2001 1857 2073; x_wconf 83' lang='lat' dir='ltr'><strong>perfun-</strong></span> 
     </span>
    </p>
   </div>
   <div class='ocr_carea' id='block_1_19' title="bbox 260 2087 1857 2164">
    <p class='ocr_par' dir='ltr' id='par_1_19' title="bbox 260 2087 1857 2164">
     <span class='ocr_line' id='line_1_19' title="bbox 260 2087 1857 2164; baseline 0.005 -20"><span class='ocrx_word' id='word_1_139' title='bbox 260 2087 410 2154; x_wconf 82' lang='lat' dir='ltr'><strong>dunt,</strong></span> <span class='ocrx_word' id='word_1_140' title='bbox 441 2098 501 2145; x_wconf 90' lang='lat' dir='ltr'><strong>ut</strong></span> <span class='ocrx_word' id='word_1_141' title='bbox 523 2089 863 2146; x_wconf 86' lang='lat' dir='ltr'><strong>solitudinem</strong></span> <span class='ocrx_word' id='word_1_142' title='bbox 889 2090 1050 2158; x_wconf 90' lang='lat' dir='ltr'><strong>hanc,</strong></span> <span class='ocrx_word' id='word_1_143' title='bbox 1093 2091 1146 2147; x_wconf 93' lang='lat' dir='ltr'><strong>in</strong></span> <span class='ocrx_word' id='word_1_144' title='bbox 1175 2108 1279 2164; x_wconf 91' lang='lat' dir='ltr'><strong>qua</strong></span> <span class='ocrx_word' id='word_1_145' title='bbox 1324 2109 1744 2162; x_wconf 86' lang='lat' dir='ltr'><strong>commoramur,</strong></span> <span class='ocrx_word' id='word_1_146' title='bbox 1788 2111 1857 2153; x_wconf 93' lang='lat' dir='ltr'><strong>ne</strong></span> 
     </span>
    </p>
   </div>
   <div class='ocr_carea' id='block_1_20' title="bbox 259 2181 1109 2251">
    <p class='ocr_par' dir='ltr' id='par_1_20' title="bbox 259 2181 1109 2251">
     <span class='ocr_line' id='line_1_20' title="bbox 259 2181 1109 2251; baseline 0.004 -16"><span class='ocrx_word' id='word_1_147' title='bbox 259 2182 521 2236; x_wconf 88' lang='lat' dir='ltr'><strong>tantulum</strong></span> <span class='ocrx_word' id='word_1_148' title='bbox 549 2181 764 2251; x_wconf 88' lang='lat' dir='ltr'><strong>quidem</strong></span> <span class='ocrx_word' id='word_1_149' title='bbox 795 2184 1109 2238; x_wconf 85' lang='lat' dir='ltr'><strong>sentiamus.</strong></span> 
     </span>
    </p>
   </div>
   <div class='ocr_carea' id='block_1_21' title="bbox 358 2271 1758 2352">
    <p class='ocr_par' dir='ltr' id='par_1_21' title="bbox 358 2271 1758 2352">
     <span class='ocr_line' id='line_1_21' title="bbox 358 2271 1758 2352; baseline 0.007 -26"><span class='ocrx_word' id='word_1_150' title='bbox 358 2271 588 2328; x_wconf 77' lang='lat' dir='ltr'><strong>XXXII</strong></span> <span class='ocrx_word' id='word_1_151' title='bbox 596 2272 626 2328; x_wconf 86' lang='grc' dir='ltr'><em>Ι</em></span> <span class='ocrx_word' id='word_1_152' title='bbox 634 2314 646 2328; x_wconf 94' lang='grc'><strong>.</strong></span> <span class='ocrx_word' id='word_1_153' title='bbox 676 2274 895 2330; x_wconf 78' lang='lat' dir='ltr'><strong>Adolitz.</strong></span> <span class='ocrx_word' id='word_1_154' title='bbox 930 2275 1163 2346; x_wconf 85' lang='lat' dir='ltr'><strong>(Cucuso</strong></span> <span class='ocrx_word' id='word_1_155' title='bbox 1190 2291 1333 2333; x_wconf 87' lang='lat' dir='ltr'><strong>anno</strong></span> <span class='ocrx_word' id='word_1_156' title='bbox 1358 2277 1465 2335; x_wconf 82' lang='grc'><strong>404</strong></span> <span class='ocrx_word' id='word_1_157' title='bbox 1491 2279 1577 2335; x_wconf 88' lang='lat' dir='ltr'><strong>vel</strong></span> <span class='ocrx_word' id='word_1_158' title='bbox 1603 2277 1758 2352; x_wconf 80' lang='grc'><strong>405.)</strong></span> 
     </span>
    </p>
   </div>
   <div class='ocr_carea' id='block_1_22' title="bbox 326 2362 1858 2436">
    <p class='ocr_par' dir='ltr' id='par_1_22' title="bbox 326 2362 1858 2436">
     <span class='ocr_line' id='line_1_22' title="bbox 326 2362 1858 2436; baseline 0.005 -18"><span class='ocrx_word' id='word_1_159' title='bbox 326 2362 407 2418; x_wconf 82' lang='lat' dir='ltr'><strong>Tu</strong></span> <span class='ocrx_word' id='word_1_160' title='bbox 434 2363 562 2420; x_wconf 91' lang='lat' dir='ltr'><strong>hinc</strong></span> <span class='ocrx_word' id='word_1_161' title='bbox 585 2379 796 2436; x_wconf 89' lang='lat' dir='ltr'><strong>quoque</strong></span> <span class='ocrx_word' id='word_1_162' title='bbox 824 2366 1050 2422; x_wconf 64' lang='lat' dir='ltr'><strong>sincerae</strong></span> <span class='ocrx_word' id='word_1_163' title='bbox 1074 2367 1227 2423; x_wconf 90' lang='lat' dir='ltr'><strong>istius</strong></span> <span class='ocrx_word' id='word_1_164' title='bbox 1247 2378 1301 2423; x_wconf 93' lang='lat' dir='ltr'><strong>et</strong></span> <span class='ocrx_word' id='word_1_165' title='bbox 1327 2368 1569 2426; x_wconf 89' lang='lat' dir='ltr'><strong>ardentis</strong></span> <span class='ocrx_word' id='word_1_166' title='bbox 1594 2379 1699 2426; x_wconf 62' lang='lat' dir='ltr'><strong>tua;</strong></span> <span class='ocrx_word' id='word_1_167' title='bbox 1720 2369 1858 2425; x_wconf 84' lang='lat' dir='ltr'><strong>cari-</strong></span> 
     </span>
    </p>
   </div>
   <div class='ocr_carea' id='block_1_23' title="bbox 257 2455 1850 2530">
    <p class='ocr_par' dir='ltr' id='par_1_23' title="bbox 257 2455 1850 2530">
     <span class='ocr_line' id='line_1_23' title="bbox 257 2455 1850 2530; baseline 0.004 -20"><span class='ocrx_word' id='word_1_168' title='bbox 257 2455 388 2511; x_wconf 87' lang='lat' dir='ltr'><strong>tatis</strong></span> <span class='ocrx_word' id='word_1_169' title='bbox 410 2456 792 2512; x_wconf 86' lang='lat' dir='ltr'><strong>documentum</strong></span> <span class='ocrx_word' id='word_1_170' title='bbox 823 2457 1038 2525; x_wconf 91' lang='lat' dir='ltr'><strong>dedisti,</strong></span> <span class='ocrx_word' id='word_1_171' title='bbox 1069 2459 1212 2530; x_wconf 92' lang='lat' dir='ltr'><strong>quod</strong></span> <span class='ocrx_word' id='word_1_172' title='bbox 1238 2474 1358 2515; x_wconf 88' lang='lat' dir='ltr'><strong>cum</strong></span> <span class='ocrx_word' id='word_1_173' title='bbox 1388 2461 1612 2518; x_wconf 86' lang='lat' dir='ltr'><strong>adversa</strong></span> <span class='ocrx_word' id='word_1_174' title='bbox 1650 2462 1850 2518; x_wconf 76' lang='lat' dir='ltr'><strong>valetu~</strong></span> 
     </span>
    </p>
   </div>
   <div class='ocr_carea' id='block_1_24' title="bbox 255 2545 1851 2613">
    <p class='ocr_par' dir='ltr' id='par_1_24' title="bbox 255 2545 1851 2613">
     <span class='ocr_line' id='line_1_24' title="bbox 255 2545 1851 2613; baseline 0.004 -12"><span class='ocrx_word' id='word_1_175' title='bbox 255 2545 383 2603; x_wconf 90' lang='lat' dir='ltr'><strong>dine</strong></span> <span class='ocrx_word' id='word_1_176' title='bbox 410 2547 508 2613; x_wconf 89' lang='lat' dir='ltr'><strong>sis,</strong></span> <span class='ocrx_word' id='word_1_177' title='bbox 542 2547 724 2603; x_wconf 85' lang='lat' dir='ltr'><strong>literas</strong></span> <span class='ocrx_word' id='word_1_178' title='bbox 758 2557 935 2604; x_wconf 86' lang='lat' dir='ltr'><strong>tamen</strong></span> <span class='ocrx_word' id='word_1_179' title='bbox 960 2548 1029 2603; x_wconf 90' lang='lat' dir='ltr'><strong>ad</strong></span> <span class='ocrx_word' id='word_1_180' title='bbox 1053 2564 1152 2605; x_wconf 91' lang='lat' dir='ltr'><strong>nos</strong></span> <span class='ocrx_word' id='word_1_181' title='bbox 1193 2549 1323 2607; x_wconf 88' lang='lat' dir='ltr'><strong>dare</strong></span> <span class='ocrx_word' id='word_1_182' title='bbox 1361 2566 1468 2607; x_wconf 92' lang='lat' dir='ltr'><strong>non</strong></span> <span class='ocrx_word' id='word_1_183' title='bbox 1508 2553 1851 2608; x_wconf 83' lang='lat' dir='ltr'><strong>intermittas.</strong></span> 
     </span>
    </p>
   </div>
   <div class='ocr_carea' id='block_1_25' title="bbox 253 2637 1853 2720">
    <p class='ocr_par' dir='ltr' id='par_1_25' title="bbox 253 2637 1853 2720">
     <span class='ocr_line' id='line_1_25' title="bbox 253 2637 1853 2720; baseline 0.003 -28"><span class='ocrx_word' id='word_1_184' title='bbox 253 2637 364 2692; x_wconf 80' lang='lat' dir='ltr'><strong>Nos</strong></span> <span class='ocrx_word' id='word_1_185' title='bbox 389 2652 520 2720; x_wconf 79' lang='lat' dir='ltr'><strong>vero</strong></span> <span class='ocrx_word' id='word_1_186' title='bbox 541 2647 593 2694; x_wconf 92' lang='lat' dir='ltr'><strong>te</strong></span> <span class='ocrx_word' id='word_1_187' title='bbox 621 2639 813 2696; x_wconf 87' lang='lat' dir='ltr'><strong>morbo</strong></span> <span class='ocrx_word' id='word_1_188' title='bbox 844 2639 1080 2706; x_wconf 87' lang='lat' dir='ltr'><strong>liberari,</strong></span> <span class='ocrx_word' id='word_1_189' title='bbox 1102 2649 1263 2713; x_wconf 91' lang='lat' dir='ltr'><strong>atque</strong></span> <span class='ocrx_word' id='word_1_190' title='bbox 1281 2683 1296 2709; x_wconf 92' lang='lat'><strong>,</strong></span> <span class='ocrx_word' id='word_1_191' title='bbox 1324 2657 1446 2698; x_wconf 90' lang='lat' dir='ltr'><strong>cum</strong></span> <span class='ocrx_word' id='word_1_192' title='bbox 1490 2643 1724 2712; x_wconf 87' lang='lat' dir='ltr'><strong>licuerit,</strong></span> <span class='ocrx_word' id='word_1_193' title='bbox 1755 2659 1853 2720; x_wconf 84' lang='lat' dir='ltr'><strong>ve-</strong></span> 
     </span>
    </p>
   </div>
   <div class='ocr_carea' id='block_1_26' title="bbox 254 2715 1857 2804">
    <p class='ocr_par' dir='ltr' id='par_1_26' title="bbox 254 2715 1857 2804">
     <span class='ocr_line' id='line_1_26' title="bbox 254 2715 1857 2804; baseline 0.004 -21"><span class='ocrx_word' id='word_1_194' title='bbox 254 2715 493 2787; x_wconf 54' lang='lat' dir='ltr'><strong>nientem</strong></span> <span class='ocrx_word' id='word_1_195' title='bbox 522 2729 625 2784; x_wconf 89' lang='lat' dir='ltr'><strong>huc</strong></span> <span class='ocrx_word' id='word_1_196' title='bbox 651 2729 838 2786; x_wconf 88' lang='lat' dir='ltr'><strong>videre</strong></span> <span class='ocrx_word' id='word_1_197' title='bbox 879 2731 1142 2802; x_wconf 89' lang='lat' dir='ltr'><strong>cupimus.</strong></span> <span class='ocrx_word' id='word_1_198' title='bbox 1179 2731 1342 2804; x_wconf 85' lang='lat' dir='ltr'><strong>idque</strong></span> <span class='ocrx_word' id='word_1_199' title='bbox 1384 2735 1493 2804; x_wconf 89' lang='lat' dir='ltr'><strong>ipsa</strong></span> <span class='ocrx_word' id='word_1_200' title='bbox 1537 2735 1664 2803; x_wconf 86' lang='lat' dir='ltr'><strong>scis,</strong></span> <span class='ocrx_word' id='word_1_201' title='bbox 1698 2717 1857 2792; x_wconf 85' lang='lat' dir='ltr'><strong>orna-</strong></span> 
     </span>
    </p>
   </div>
   <div class='ocr_carea' id='block_1_27' title="bbox 254 2811 1854 2899">
    <p class='ocr_par' dir='ltr' id='par_1_27' title="bbox 254 2811 1854 2899">
     <span class='ocr_line' id='line_1_27' title="bbox 254 2811 1854 2899; baseline 0.005 -24"><span class='ocrx_word' id='word_1_202' title='bbox 254 2811 460 2876; x_wconf 87' lang='lat' dir='ltr'><strong>tissima</strong></span> <span class='ocrx_word' id='word_1_203' title='bbox 488 2835 606 2876; x_wconf 90' lang='lat' dir='ltr'><strong>mea</strong></span> <span class='ocrx_word' id='word_1_204' title='bbox 627 2836 690 2877; x_wconf 90' lang='lat' dir='ltr'><strong>ac</strong></span> <span class='ocrx_word' id='word_1_205' title='bbox 714 2822 1112 2893; x_wconf 87' lang='lat' dir='ltr'><strong>religiosissima</strong></span> <span class='ocrx_word' id='word_1_206' title='bbox 1135 2824 1370 2880; x_wconf 90' lang='lat' dir='ltr'><strong>domina.</strong></span> <span class='ocrx_word' id='word_1_207' title='bbox 1393 2826 1654 2894; x_wconf 89' lang='lat' dir='ltr'><strong>Quoniam</strong></span> <span class='ocrx_word' id='word_1_208' title='bbox 1673 2829 1854 2899; x_wconf 90' lang='lat' dir='ltr'><strong>igitur,</strong></span> 
     </span>
    </p>
   </div>
   <div class='ocr_carea' id='block_1_28' title="bbox 253 2912 1856 2988">
    <p class='ocr_par' dir='ltr' id='par_1_28' title="bbox 253 2912 1856 2988">
     <span class='ocr_line' id='line_1_28' title="bbox 253 2912 1856 2988; baseline 0.004 -21"><span class='ocrx_word' id='word_1_209' title='bbox 253 2921 312 2967; x_wconf 89' lang='lat' dir='ltr'><strong>ut</strong></span> <span class='ocrx_word' id='word_1_210' title='bbox 339 2913 503 2968; x_wconf 89' lang='lat' dir='ltr'><strong>etiam</strong></span> <span class='ocrx_word' id='word_1_211' title='bbox 541 2912 768 2968; x_wconf 86' lang='lat' dir='ltr'><strong>antehac</strong></span> <span class='ocrx_word' id='word_1_212' title='bbox 805 2915 1017 2983; x_wconf 85' lang='lat' dir='ltr'><strong>scripsi,</strong></span> <span class='ocrx_word' id='word_1_213' title='bbox 1050 2929 1192 2971; x_wconf 91' lang='lat' dir='ltr'><strong>nunc</strong></span> <span class='ocrx_word' id='word_1_214' title='bbox 1217 2916 1272 2972; x_wconf 92' lang='lat' dir='ltr'><strong>in</strong></span> <span class='ocrx_word' id='word_1_215' title='bbox 1299 2917 1503 2988; x_wconf 88' lang='lat' dir='ltr'><strong>majore</strong></span> <span class='ocrx_word' id='word_1_216' title='bbox 1529 2934 1656 2974; x_wconf 90' lang='lat' dir='ltr'><strong>cura</strong></span> <span class='ocrx_word' id='word_1_217' title='bbox 1682 2927 1737 2975; x_wconf 91' lang='lat' dir='ltr'><strong>et</strong></span> <span class='ocrx_word' id='word_1_218' title='bbox 1756 2920 1856 2974; x_wconf 78' lang='lat' dir='ltr'><strong>sol-</strong></span> 
     </span>
    </p>
   </div>
   <div class='ocr_carea' id='block_1_29' title="bbox 251 3003 1852 3081">
    <p class='ocr_par' dir='ltr' id='par_1_29' title="bbox 251 3003 1852 3081">
     <span class='ocr_line' id='line_1_29' title="bbox 251 3003 1852 3081; baseline 0.006 -23"><span class='ocrx_word' id='word_1_219' title='bbox 251 3003 529 3059; x_wconf 87' lang='lat' dir='ltr'><strong>licitudine</strong></span> <span class='ocrx_word' id='word_1_220' title='bbox 569 3005 1072 3076; x_wconf 87' lang='lat' dir='ltr'><strong>sumus(siquidem</strong></span> <span class='ocrx_word' id='word_1_221' title='bbox 1099 3023 1168 3063; x_wconf 82' lang='lat' dir='ltr'><strong>ex</strong></span> <span class='ocrx_word' id='word_1_222' title='bbox 1212 3008 1383 3064; x_wconf 90' lang='lat' dir='ltr'><strong>literis</strong></span> <span class='ocrx_word' id='word_1_223' title='bbox 1429 3011 1533 3064; x_wconf 89' lang='lat' dir='ltr'><strong>tuis</strong></span> <span class='ocrx_word' id='word_1_224' title='bbox 1576 3011 1852 3081; x_wconf 85' lang='lat' dir='ltr'><strong>ingentem</strong></span> 
     </span>
    </p>
   </div>
   <div class='ocr_carea' id='block_1_30' title="bbox 251 3093 1848 3170">
    <p class='ocr_par' dir='ltr' id='par_1_30' title="bbox 251 3093 1848 3170">
     <span class='ocr_line' id='line_1_30' title="bbox 251 3093 1848 3170; baseline 0.005 -21"><span class='ocrx_word' id='word_1_225' title='bbox 251 3094 426 3150; x_wconf 88' lang='lat' dir='ltr'><strong>morbi</strong></span> <span class='ocrx_word' id='word_1_226' title='bbox 458 3093 533 3149; x_wconf 81' lang='lat' dir='ltr'><strong>tui</strong></span> <span class='ocrx_word' id='word_1_227' title='bbox 576 3095 994 3166; x_wconf 87' lang='lat' dir='ltr'><strong>magnitudinem</strong></span> <span class='ocrx_word' id='word_1_228' title='bbox 1039 3111 1162 3153; x_wconf 86' lang='lat' dir='ltr'><strong>esse</strong></span> <span class='ocrx_word' id='word_1_229' title='bbox 1204 3099 1596 3169; x_wconf 82' lang='lat' dir='ltr'><strong>conjecimus),</strong></span> <span class='ocrx_word' id='word_1_230' title='bbox 1628 3101 1848 3170; x_wconf 90' lang='lat' dir='ltr'><strong>idcirco,</strong></span> 
     </span>
    </p>
   </div>
   <div class='ocr_carea' id='block_1_31' title="bbox 251 3185 1850 3257">
    <p class='ocr_par' dir='ltr' id='par_1_31' title="bbox 251 3185 1850 3257">
     <span class='ocr_line' id='line_1_31' title="bbox 251 3185 1850 3257; baseline 0.004 -15"><span class='ocrx_word' id='word_1_231' title='bbox 251 3200 374 3242; x_wconf 89' lang='lat' dir='ltr'><strong>cum</strong></span> <span class='ocrx_word' id='word_1_232' title='bbox 403 3185 626 3242; x_wconf 82' lang='lat' dir='ltr'><strong>meliore</strong></span> <span class='ocrx_word' id='word_1_233' title='bbox 651 3187 892 3257; x_wconf 86' lang='lat' dir='ltr'><strong>corporis</strong></span> <span class='ocrx_word' id='word_1_234' title='bbox 916 3188 1217 3245; x_wconf 84' lang='lat' dir='ltr'><strong>valetudine</strong></span> <span class='ocrx_word' id='word_1_235' title='bbox 1252 3189 1438 3256; x_wconf 88' lang='lat' dir='ltr'><strong>fueris,</strong></span> <span class='ocrx_word' id='word_1_236' title='bbox 1470 3191 1630 3247; x_wconf 88' lang='lat' dir='ltr'><strong>velim</strong></span> <span class='ocrx_word' id='word_1_237' title='bbox 1658 3192 1850 3248; x_wconf 85' lang='lat' dir='ltr'><strong>celeri-</strong></span> 
     </span>
    </p>
   </div>
   <div class='ocr_carea' id='block_1_32' title="bbox 252 3277 1848 3352">
    <p class='ocr_par' dir='ltr' id='par_1_32' title="bbox 252 3277 1848 3352">
     <span class='ocr_line' id='line_1_32' title="bbox 252 3277 1848 3352; baseline 0.004 -20"><span class='ocrx_word' id='word_1_238' title='bbox 252 3286 336 3333; x_wconf 91' lang='lat' dir='ltr'><strong>ter</strong></span> <span class='ocrx_word' id='word_1_239' title='bbox 361 3277 415 3332; x_wconf 89' lang='lat' dir='ltr'><strong>id</strong></span> <span class='ocrx_word' id='word_1_240' title='bbox 447 3277 600 3334; x_wconf 90' lang='lat' dir='ltr'><strong>nobis</strong></span> <span class='ocrx_word' id='word_1_241' title='bbox 628 3278 915 3349; x_wconf 80' lang='lat' dir='ltr'><strong>significes,</strong></span> <span class='ocrx_word' id='word_1_242' title='bbox 934 3295 1042 3351; x_wconf 89' lang='lat' dir='ltr'><strong>quo</strong></span> <span class='ocrx_word' id='word_1_243' title='bbox 1067 3295 1165 3336; x_wconf 89' lang='lat' dir='ltr'><strong>nos</strong></span> <span class='ocrx_word' id='word_1_244' title='bbox 1189 3282 1507 3352; x_wconf 88' lang='lat' dir='ltr'><strong>gravissima</strong></span> <span class='ocrx_word' id='word_1_245' title='bbox 1530 3298 1656 3339; x_wconf 88' lang='lat' dir='ltr'><strong>cura</strong></span> <span class='ocrx_word' id='word_1_246' title='bbox 1680 3285 1848 3340; x_wconf 86' lang='lat' dir='ltr'><strong>leves.</strong></span> 
     </span>
    </p>
   </div>
   <div class='ocr_carea' id='block_1_33' title="bbox 253 3369 1850 3442">
    <p class='ocr_par' dir='ltr' id='par_1_33' title="bbox 253 3369 1850 3442">
     <span class='ocr_line' id='line_1_33' title="bbox 253 3369 1850 3442; baseline 0.005 -17"><span class='ocrx_word' id='word_1_247' title='bbox 253 3369 385 3426; x_wconf 81' lang='lat' dir='ltr'><strong>Nam</strong></span> <span class='ocrx_word' id='word_1_248' title='bbox 417 3371 560 3442; x_wconf 90' lang='lat' dir='ltr'><strong>quod</strong></span> <span class='ocrx_word' id='word_1_249' title='bbox 586 3387 730 3427; x_wconf 90' lang='lat' dir='ltr'><strong>nunc</strong></span> <span class='ocrx_word' id='word_1_250' title='bbox 755 3373 825 3427; x_wconf 94' lang='lat' dir='ltr'><strong>ob</strong></span> <span class='ocrx_word' id='word_1_251' title='bbox 854 3373 1097 3428; x_wconf 86' lang='lat' dir='ltr'><strong>morbum</strong></span> <span class='ocrx_word' id='word_1_252' title='bbox 1131 3383 1278 3430; x_wconf 91' lang='lat' dir='ltr'><strong>tuum</strong></span> <span class='ocrx_word' id='word_1_253' title='bbox 1310 3375 1451 3431; x_wconf 89' lang='lat' dir='ltr'><strong>haud</strong></span> <span class='ocrx_word' id='word_1_254' title='bbox 1467 3376 1570 3432; x_wconf 91' lang='lat' dir='ltr'><strong>levi</strong></span> <span class='ocrx_word' id='word_1_255' title='bbox 1596 3377 1850 3433; x_wconf 68' lang='lat' dir='ltr'><strong>maestitia</strong></span> 
     </span>
    </p>
   </div>
   <div class='ocr_carea' id='block_1_34' title="bbox 251 3461 1849 3541">
    <p class='ocr_par' dir='ltr' id='par_1_34' title="bbox 251 3461 1849 3541">
     <span class='ocr_line' id='line_1_34' title="bbox 251 3461 1849 3541; baseline 0.006 -25"><span class='ocrx_word' id='word_1_256' title='bbox 251 3461 573 3529; x_wconf 83' lang='lat' dir='ltr'><strong>afficiamur,</strong></span> <span class='ocrx_word' id='word_1_257' title='bbox 607 3479 676 3519; x_wconf 85' lang='lat' dir='ltr'><strong>ne</strong></span> <span class='ocrx_word' id='word_1_258' title='bbox 698 3465 810 3534; x_wconf 89' lang='lat' dir='ltr'><strong>ipsa</strong></span> <span class='ocrx_word' id='word_1_259' title='bbox 838 3466 1052 3535; x_wconf 89' lang='lat' dir='ltr'><strong>quidem</strong></span> <span class='ocrx_word' id='word_1_260' title='bbox 1081 3468 1314 3537; x_wconf 91' lang='lat' dir='ltr'><strong>ignoras.</strong></span> <span class='ocrx_word' id='word_1_261' title='bbox 1345 3468 1702 3541; x_wconf 88' lang='lat' dir='ltr'><strong>Quapropter,</strong></span> <span class='ocrx_word' id='word_1_262' title='bbox 1726 3485 1849 3526; x_wconf 91' lang='lat' dir='ltr'><strong>cum</strong></span> 
     </span>
    </p>
   </div>
   <div class='ocr_carea' id='block_1_35' title="bbox 248 3559 1848 3632">
    <p class='ocr_par' dir='ltr' id='par_1_35' title="bbox 248 3559 1848 3632">
     <span class='ocr_line' id='line_1_35' title="bbox 248 3559 1848 3632; baseline 0.006 -23"><span class='ocrx_word' id='word_1_263' title='bbox 248 3568 434 3610; x_wconf 88' lang='lat' dir='ltr'><strong>curam</strong></span> <span class='ocrx_word' id='word_1_264' title='bbox 461 3569 600 3622; x_wconf 90' lang='lat' dir='ltr'><strong>eam,</strong></span> <span class='ocrx_word' id='word_1_265' title='bbox 633 3570 735 3625; x_wconf 87' lang='lat' dir='ltr'><strong>qua</strong></span> <span class='ocrx_word' id='word_1_266' title='bbox 762 3571 904 3611; x_wconf 90' lang='lat' dir='ltr'><strong>nunc</strong></span> <span class='ocrx_word' id='word_1_267' title='bbox 932 3559 1242 3629; x_wconf 89' lang='lat' dir='ltr'><strong>premimur,</strong></span> <span class='ocrx_word' id='word_1_268' title='bbox 1267 3562 1604 3632; x_wconf 75' lang='lat' dir='ltr'><strong>exploratam</strong></span> <span class='ocrx_word' id='word_1_269' title='bbox 1628 3562 1848 3632; x_wconf 87' lang='lat' dir='ltr'><strong>habeas,</strong></span> 
     </span>
    </p>
   </div>
   <div class='ocr_carea' id='block_1_36' title="bbox 247 3640 1849 3725">
    <p class='ocr_par' dir='ltr' id='par_1_36' title="bbox 247 3640 1849 3725">
     <span class='ocr_line' id='line_1_36' title="bbox 247 3640 1849 3725; baseline 0.007 -25"><span class='ocrx_word' id='word_1_270' title='bbox 247 3644 302 3700; x_wconf 82' lang='lat' dir='ltr'><strong>id</strong></span> <span class='ocrx_word' id='word_1_271' title='bbox 334 3645 477 3716; x_wconf 91' lang='lat' dir='ltr'><strong>quod</strong></span> <span class='ocrx_word' id='word_1_272' title='bbox 504 3647 600 3702; x_wconf 87' lang='lat' dir='ltr'><strong>abs</strong></span> <span class='ocrx_word' id='word_1_273' title='bbox 631 3657 682 3702; x_wconf 90' lang='lat' dir='ltr'><strong>te</strong></span> <span class='ocrx_word' id='word_1_274' title='bbox 710 3649 960 3717; x_wconf 89' lang='lat' dir='ltr'><strong>petimus,</strong></span> <span class='ocrx_word' id='word_1_275' title='bbox 994 3640 1173 3708; x_wconf 86' lang='lat' dir='ltr'><strong>facere</strong></span> <span class='ocrx_word' id='word_1_276' title='bbox 1206 3655 1382 3709; x_wconf 87' lang='lat' dir='ltr'><strong>stude.</strong></span> <span class='ocrx_word' id='word_1_277' title='bbox 1414 3655 1750 3725; x_wconf 87' lang='lat' dir='ltr'><strong>Quamquam</strong></span> <span class='ocrx_word' id='word_1_278' title='bbox 1781 3657 1849 3712; x_wconf 86' lang='lat' dir='ltr'><strong>ad</strong></span> 
     </span>
    </p>
   </div>
   <div class='ocr_carea' id='block_1_37' title="bbox 252 3738 1848 3819">
    <p class='ocr_par' dir='ltr' id='par_1_37' title="bbox 252 3738 1848 3819">
     <span class='ocr_line' id='line_1_37' title="bbox 252 3738 1848 3819; baseline 0.008 -28"><span class='ocrx_word' id='word_1_279' title='bbox 252 3738 355 3793; x_wconf 77' lang='lat' dir='ltr'><strong>hoc</strong></span> <span class='ocrx_word' id='word_1_280' title='bbox 381 3741 680 3807; x_wconf 68' lang='lat' dir='ltr'><strong>prtesertim</strong></span> <span class='ocrx_word' id='word_1_281' title='bbox 703 3741 832 3795; x_wconf 87' lang='lat' dir='ltr'><strong>nihil</strong></span> <span class='ocrx_word' id='word_1_282' title='bbox 859 3753 940 3795; x_wconf 83' lang='lat' dir='ltr'><strong>est</strong></span> <span class='ocrx_word' id='word_1_283' title='bbox 961 3757 1058 3796; x_wconf 90' lang='lat' dir='ltr'><strong>cur</strong></span> <span class='ocrx_word' id='word_1_284' title='bbox 1085 3755 1134 3798; x_wconf 91' lang='lat' dir='ltr'><strong>te</strong></span> <span class='ocrx_word' id='word_1_285' title='bbox 1163 3745 1415 3802; x_wconf 90' lang='lat' dir='ltr'><strong>coborter</strong></span> <span class='ocrx_word' id='word_1_286' title='bbox 1448 3764 1460 3800; x_wconf 94' lang='lat'>:</span> <span class='ocrx_word' id='word_1_287' title='bbox 1487 3763 1664 3819; x_wconf 87' lang='lat' dir='ltr'><strong>neque</strong></span> <span class='ocrx_word' id='word_1_288' title='bbox 1705 3750 1848 3804; x_wconf 90' lang='lat' dir='ltr'><strong>enim</strong></span> 
     </span>
    </p>
   </div>
   <div class='ocr_carea' id='block_1_38' title="bbox 251 3827 1849 3904">
    <p class='ocr_par' dir='ltr' id='par_1_38' title="bbox 251 3827 1849 3904">
     <span class='ocr_line' id='line_1_38' title="bbox 251 3827 1849 3904; baseline 0.008 -22"><span class='ocrx_word' id='word_1_289' title='bbox 251 3827 456 3892; x_wconf 78' lang='lat' dir='ltr'><strong>dubito,</strong></span> <span class='ocrx_word' id='word_1_290' title='bbox 481 3829 608 3898; x_wconf 88' lang='lat' dir='ltr'><strong>quin</strong></span> <span class='ocrx_word' id='word_1_291' title='bbox 639 3831 847 3899; x_wconf 89' lang='lat' dir='ltr'><strong>quoties</strong></span> <span class='ocrx_word' id='word_1_292' title='bbox 875 3831 1181 3889; x_wconf 86' lang='lat' dir='ltr'><strong>tabellarios</strong></span> <span class='ocrx_word' id='word_1_293' title='bbox 1206 3845 1359 3890; x_wconf 90' lang='lat' dir='ltr'><strong>nacta</strong></span> <span class='ocrx_word' id='word_1_294' title='bbox 1388 3835 1572 3904; x_wconf 84' lang='lat' dir='ltr'><strong>fueris,</strong></span> <span class='ocrx_word' id='word_1_295' title='bbox 1593 3839 1753 3895; x_wconf 86' lang='lat' dir='ltr'><strong>toties</strong></span> <span class='ocrx_word' id='word_1_296' title='bbox 1782 3838 1849 3894; x_wconf 87' lang='lat' dir='ltr'><strong>ad</strong></span> 
     </span>
    </p>
   </div>
   <div class='ocr_carea' id='block_1_39' title="bbox 251 3917 766 3989">
    <p class='ocr_par' dir='ltr' id='par_1_39' title="bbox 251 3917 766 3989">
     <span class='ocr_line' id='line_1_39' title="bbox 251 3917 766 3989; baseline 0 -15"><span class='ocrx_word' id='word_1_297' title='bbox 251 3932 350 3975; x_wconf 90' lang='lat' dir='ltr'><strong>nos</strong></span> <span class='ocrx_word' id='word_1_298' title='bbox 375 3917 640 3989; x_wconf 87' lang='lat' dir='ltr'><strong>scriptura</strong></span> <span class='ocrx_word' id='word_1_299' title='bbox 671 3920 766 3975; x_wconf 89' lang='lat' dir='ltr'><strong>sis.</strong></span> 
     </span>
    </p>
   </div>
   <div class='ocr_carea' id='block_1_40' title="bbox 463 4012 1646 4095">
    <p class='ocr_par' dir='ltr' id='par_1_40' title="bbox 463 4012 1646 4095">
     <span class='ocr_line' id='line_1_40' title="bbox 463 4012 1646 4095; baseline 0.008 -27"><span class='ocrx_word' id='word_1_300' title='bbox 463 4012 656 4068; x_wconf 78' lang='lat' dir='ltr'><em>XXX!</em></span> <span class='ocrx_word' id='word_1_301' title='bbox 672 4013 733 4068; x_wconf 85' lang='lat' dir='ltr'><strong>V.</strong></span> <span class='ocrx_word' id='word_1_302' title='bbox 777 4013 1042 4070; x_wconf 66' lang='lat' dir='ltr'><strong>Carteriat.</strong></span> <span class='ocrx_word' id='word_1_303' title='bbox 1068 4017 1300 4089; x_wconf 89' lang='lat' dir='ltr'><strong>(Cucuso</strong></span> <span class='ocrx_word' id='word_1_304' title='bbox 1327 4035 1468 4077; x_wconf 90' lang='lat' dir='ltr'><strong>anno</strong></span> <span class='ocrx_word' id='word_1_305' title='bbox 1490 4021 1646 4095; x_wconf 82' lang='grc'><strong>404.)</strong></span> 
     </span>
    </p>
   </div>
   <div class='ocr_carea' id='block_1_41' title="bbox 321 4104 1848 4184">
    <p class='ocr_par' dir='ltr' id='par_1_41' title="bbox 321 4104 1848 4184">
     <span class='ocr_line' id='line_1_41' title="bbox 321 4104 1848 4184; baseline 0.007 -25"><span class='ocrx_word' id='word_1_306' title='bbox 321 4104 466 4160; x_wconf 89' lang='lat' dir='ltr'><strong>istud</strong></span> <span class='ocrx_word' id='word_1_307' title='bbox 509 4121 720 4176; x_wconf 90' lang='lat' dir='ltr'><strong>quoque</strong></span> <span class='ocrx_word' id='word_1_308' title='bbox 767 4123 866 4177; x_wconf 91' lang='lat' dir='ltr'><strong>pro</strong></span> <span class='ocrx_word' id='word_1_309' title='bbox 908 4116 996 4162; x_wconf 90' lang='lat' dir='ltr'><strong>tua</strong></span> <span class='ocrx_word' id='word_1_310' title='bbox 1024 4110 1246 4166; x_wconf 87' lang='lat' dir='ltr'><strong>caritate</strong></span> <span class='ocrx_word' id='word_1_311' title='bbox 1286 4113 1558 4184; x_wconf 89' lang='lat' dir='ltr'><strong>animique</strong></span> <span class='ocrx_word' id='word_1_312' title='bbox 1587 4115 1848 4171; x_wconf 87' lang='lat' dir='ltr'><strong>sollicitu-</strong></span> 
     </span>
    </p>
   </div>
   <div class='ocr_carea' id='block_1_42' title="bbox 249 4197 1850 4272">
    <p class='ocr_par' dir='ltr' id='par_1_42' title="bbox 249 4197 1850 4272">
     <span class='ocr_line' id='line_1_42' title="bbox 249 4197 1850 4272; baseline 0.007 -20"><span class='ocrx_word' id='word_1_313' title='bbox 249 4197 392 4264; x_wconf 91' lang='lat' dir='ltr'><strong>dine,</strong></span> <span class='ocrx_word' id='word_1_314' title='bbox 427 4209 588 4270; x_wconf 90' lang='lat' dir='ltr'><strong>atquc</strong></span> <span class='ocrx_word' id='word_1_315' title='bbox 618 4201 818 4270; x_wconf 79' lang='lat' dir='ltr'><strong>ingenti</strong></span> <span class='ocrx_word' id='word_1_316' title='bbox 845 4216 968 4272; x_wconf 85' lang='lat' dir='ltr'><strong>erga</strong></span> <span class='ocrx_word' id='word_1_317' title='bbox 1004 4217 1103 4258; x_wconf 89' lang='lat' dir='ltr'><strong>nos</strong></span> <span class='ocrx_word' id='word_1_318' title='bbox 1147 4203 1517 4263; x_wconf 85' lang='lat' dir='ltr'><strong>benevolentia</strong></span> <span class='ocrx_word' id='word_1_319' title='bbox 1547 4209 1643 4264; x_wconf 89' lang='lat' dir='ltr'><strong>abs</strong></span> <span class='ocrx_word' id='word_1_320' title='bbox 1685 4218 1735 4265; x_wconf 90' lang='lat' dir='ltr'><strong>te</strong></span> <span class='ocrx_word' id='word_1_321' title='bbox 1772 4210 1850 4263; x_wconf 82' lang='lat' dir='ltr'><strong>fa-</strong></span> 
     </span>
    </p>
   </div>
   <div class='ocr_carea' id='block_1_43' title="bbox 249 4292 1850 4372">
    <p class='ocr_par' dir='ltr' id='par_1_43' title="bbox 249 4292 1850 4372">
     <span class='ocr_line' id='line_1_43' title="bbox 249 4292 1850 4372; baseline 0.009 -25"><span class='ocrx_word' id='word_1_322' title='bbox 249 4300 393 4348; x_wconf 81' lang='lat' dir='ltr'><strong>ttum</strong></span> <span class='ocrx_word' id='word_1_323' title='bbox 415 4300 518 4356; x_wconf 90' lang='lat' dir='ltr'><strong>est,</strong></span> <span class='ocrx_word' id='word_1_324' title='bbox 536 4292 676 4362; x_wconf 92' lang='lat' dir='ltr'><strong>quod</strong></span> <span class='ocrx_word' id='word_1_325' title='bbox 702 4307 808 4347; x_wconf 87' lang='lat' dir='ltr'><strong>non</strong></span> <span class='ocrx_word' id='word_1_326' title='bbox 832 4293 1004 4348; x_wconf 90' lang='lat' dir='ltr'><strong>solum</strong></span> <span class='ocrx_word' id='word_1_327' title='bbox 1034 4297 1401 4367; x_wconf 82' lang='lat' dir='ltr'><strong>polyarchium</strong></span> <span class='ocrx_word' id='word_1_328' title='bbox 1425 4300 1724 4372; x_wconf 87' lang='lat' dir='ltr'><strong>(a)misisti,</strong></span> <span class='ocrx_word' id='word_1_329' title='bbox 1756 4320 1850 4361; x_wconf 85' lang='lat' dir='ltr'><strong>ve-</strong></span> 
     </span>
    </p>
   </div>
   <div class='ocr_carea' id='block_1_44' title="bbox 248 4383 1848 4460">
    <p class='ocr_par' dir='ltr' id='par_1_44' title="bbox 248 4383 1848 4460">
     <span class='ocr_line' id='line_1_44' title="bbox 248 4383 1848 4460; baseline 0.008 -21"><span class='ocrx_word' id='word_1_330' title='bbox 248 4399 366 4439; x_wconf 81' lang='lat' dir='ltr'><strong>rum</strong></span> <span class='ocrx_word' id='word_1_331' title='bbox 385 4385 556 4439; x_wconf 68' lang='lat' dir='ltr'><strong>etiam</strong></span> <span class='ocrx_word' id='word_1_332' title='bbox 583 4383 713 4439; x_wconf 89' lang='lat' dir='ltr'><strong>illud</strong></span> <span class='ocrx_word' id='word_1_333' title='bbox 755 4388 1027 4454; x_wconf 87' lang='lat' dir='ltr'><strong>spectasti,</strong></span> <span class='ocrx_word' id='word_1_334' title='bbox 1055 4403 1286 4458; x_wconf 90' lang='lat' dir='ltr'><strong>quonam</strong></span> <span class='ocrx_word' id='word_1_335' title='bbox 1335 4401 1492 4460; x_wconf 86' lang='lat' dir='ltr'><strong>pacto</strong></span> <span class='ocrx_word' id='word_1_336' title='bbox 1535 4395 1690 4450; x_wconf 91' lang='lat' dir='ltr'><strong>nobis</strong></span> <span class='ocrx_word' id='word_1_337' title='bbox 1730 4397 1848 4453; x_wconf 87' lang='lat' dir='ltr'><strong>usui</strong></span> 
     </span>
    </p>
   </div>
   <div class='ocr_carea' id='block_1_45' title="bbox 253 4476 1846 4551">
    <p class='ocr_par' dir='ltr' id='par_1_45' title="bbox 253 4476 1846 4551">
     <span class='ocr_line' id='line_1_45' title="bbox 253 4476 1846 4551; baseline 0.01 -19"><span class='ocrx_word' id='word_1_338' title='bbox 253 4490 371 4532; x_wconf 71' lang='lat' dir='ltr'><strong>esse</strong></span> <span class='ocrx_word' id='word_1_339' title='bbox 399 4476 591 4545; x_wconf 86' lang='lat' dir='ltr'><strong>possit,</strong></span> <span class='ocrx_word' id='word_1_340' title='bbox 622 4485 780 4547; x_wconf 88' lang='lat' dir='ltr'><strong>atque</strong></span> <span class='ocrx_word' id='word_1_341' title='bbox 808 4477 908 4547; x_wconf 87' lang='lat' dir='ltr'><strong>ipsi</strong></span> <span class='ocrx_word' id='word_1_342' title='bbox 955 4489 1067 4535; x_wconf 89' lang='lat' dir='ltr'><strong>tum</strong></span> <span class='ocrx_word' id='word_1_343' title='bbox 1098 4483 1402 4551; x_wconf 87' lang='lat' dir='ltr'><strong>nardinum,</strong></span> <span class='ocrx_word' id='word_1_344' title='bbox 1435 4495 1544 4540; x_wconf 92' lang='lat' dir='ltr'><strong>tum</strong></span> <span class='ocrx_word' id='word_1_345' title='bbox 1577 4498 1846 4548; x_wconf 85' lang='lat' dir='ltr'><strong>musteum</strong></span> 
     </span>
    </p>
   </div>
   <div class='ocr_carea' id='block_1_46' title="bbox 302 4566 1848 4650">
    <p class='ocr_par' dir='ltr' id='par_1_46' title="bbox 302 4566 1848 4650">
     <span class='ocr_line' id='line_1_46' title="bbox 302 4566 1848 4650; baseline 0.012 -30"><span class='ocrx_word' id='word_1_346' title='bbox 302 4582 428 4621; x_wconf 89' lang='lat' dir='ltr'><strong>eum</strong></span> <span class='ocrx_word' id='word_1_347' title='bbox 478 4566 749 4635; x_wconf 88' lang='lat' dir='ltr'><strong>addidisti,</strong></span> <span class='ocrx_word' id='word_1_348' title='bbox 771 4583 878 4639; x_wconf 85' lang='lat' dir='ltr'><strong>quo</strong></span> <span class='ocrx_word' id='word_1_349' title='bbox 913 4569 1079 4640; x_wconf 91' lang='lat' dir='ltr'><strong>ipsius</strong></span> <span class='ocrx_word' id='word_1_350' title='bbox 1118 4573 1344 4628; x_wconf 90' lang='lat' dir='ltr'><strong>siccitati</strong></span> <span class='ocrx_word' id='word_1_351' title='bbox 1367 4591 1434 4631; x_wconf 84' lang='lat' dir='ltr'><strong>ex</strong></span> <span class='ocrx_word' id='word_1_352' title='bbox 1456 4576 1618 4650; x_wconf 89' lang='lat' dir='ltr'><strong>longo</strong></span> <span class='ocrx_word' id='word_1_353' title='bbox 1658 4581 1848 4638; x_wconf 87' lang='lat' dir='ltr'><strong>itinere</strong></span> 
     </span>
    </p>
   </div>
   <div class='ocr_carea' id='block_1_47' title="bbox 247 4659 1848 4738">
    <p class='ocr_par' dir='ltr' id='par_1_47' title="bbox 247 4659 1848 4738">
     <span class='ocr_line' id='line_1_47' title="bbox 247 4659 1848 4738; baseline 0.013 -27"><span class='ocrx_word' id='word_1_354' title='bbox 247 4666 539 4713; x_wconf 63' lang='lat' dir='ltr'><strong>contractae</strong></span> <span class='ocrx_word' id='word_1_355' title='bbox 569 4659 880 4716; x_wconf 88' lang='lat' dir='ltr'><strong>medereris.</strong></span> <span class='ocrx_word' id='word_1_356' title='bbox 907 4662 1043 4730; x_wconf 89' lang='lat' dir='ltr'><strong>Quin</strong></span> <span class='ocrx_word' id='word_1_357' title='bbox 1076 4665 1178 4720; x_wconf 90' lang='lat' dir='ltr'><strong>hoc</strong></span> <span class='ocrx_word' id='word_1_358' title='bbox 1200 4682 1412 4738; x_wconf 89' lang='lat' dir='ltr'><strong>quoque</strong></span> <span class='ocrx_word' id='word_1_359' title='bbox 1447 4673 1662 4729; x_wconf 88' lang='lat' dir='ltr'><strong>nomine</strong></span> <span class='ocrx_word' id='word_1_360' title='bbox 1701 4684 1848 4732; x_wconf 92' lang='lat' dir='ltr'><strong>tuam</strong></span> 
     </span>
    </p>
   </div>
   <div class='ocr_carea' id='block_1_48' title="bbox 251 4749 1842 4834">
    <p class='ocr_par' dir='ltr' id='par_1_48' title="bbox 251 4749 1842 4834">
     <span class='ocr_line' id='line_1_48' title="bbox 251 4749 1842 4834; baseline 0.011 -30"><span class='ocrx_word' id='word_1_361' title='bbox 251 4763 376 4819; x_wconf 87' lang='lat' dir='ltr'><strong>erga</strong></span> <span class='ocrx_word' id='word_1_362' title='bbox 405 4764 502 4804; x_wconf 89' lang='lat' dir='ltr'><strong>nos</strong></span> <span class='ocrx_word' id='word_1_363' title='bbox 536 4749 960 4807; x_wconf 79' lang='lat' dir='ltr'><strong>benevolentiam</strong></span> <span class='ocrx_word' id='word_1_364' title='bbox 992 4770 1333 4828; x_wconf 84' lang='lat' dir='ltr'><strong>summopere</strong></span> <span class='ocrx_word' id='word_1_365' title='bbox 1362 4761 1606 4817; x_wconf 85' lang='lat' dir='ltr'><strong>admirati</strong></span> <span class='ocrx_word' id='word_1_366' title='bbox 1637 4781 1842 4834; x_wconf 85' lang='lat' dir='ltr'><strong>sumus,</strong></span> 
     </span>
    </p>
   </div>
   <div class='ocr_carea' id='block_1_49' title="bbox 246 4842 1848 4916">
    <p class='ocr_par' dir='ltr' id='par_1_49' title="bbox 246 4842 1848 4916">
     <span class='ocr_line' id='line_1_49' title="bbox 246 4842 1848 4916; baseline 0.012 -20"><span class='ocrx_word' id='word_1_367' title='bbox 246 4842 391 4914; x_wconf 89' lang='lat' dir='ltr'><strong>quod</strong></span> <span class='ocrx_word' id='word_1_368' title='bbox 433 4843 661 4913; x_wconf 75' lang='lat' dir='ltr'><strong>ipsemet</strong></span> <span class='ocrx_word' id='word_1_369' title='bbox 705 4845 806 4900; x_wconf 90' lang='lat' dir='ltr'><strong>hoc</strong></span> <span class='ocrx_word' id='word_1_370' title='bbox 844 4845 1088 4914; x_wconf 77' lang='lat' dir='ltr'><strong>effecisti,</strong></span> <span class='ocrx_word' id='word_1_371' title='bbox 1121 4865 1185 4904; x_wconf 88' lang='lat' dir='ltr'><strong>ac</strong></span> <span class='ocrx_word' id='word_1_372' title='bbox 1224 4867 1330 4906; x_wconf 91' lang='lat' dir='ltr'><strong>non</strong></span> <span class='ocrx_word' id='word_1_373' title='bbox 1377 4855 1499 4910; x_wconf 90' lang='lat' dir='ltr'><strong>aliis</strong></span> <span class='ocrx_word' id='word_1_374' title='bbox 1532 4857 1581 4911; x_wconf 92' lang='lat' dir='ltr'><strong>id</strong></span> <span class='ocrx_word' id='word_1_375' title='bbox 1608 4857 1848 4916; x_wconf 75' lang='lat' dir='ltr'><strong>efficient-</strong></span> 
     </span>
    </p>
   </div>
   <div class='ocr_carea' id='block_1_50' title="bbox 247 4934 1846 5022">
    <p class='ocr_par' dir='ltr' id='par_1_50' title="bbox 247 4934 1846 5022">
     <span class='ocr_line' id='line_1_50' title="bbox 247 4934 1846 5022; baseline 0.011 -32"><span class='ocrx_word' id='word_1_376' title='bbox 247 4934 375 4990; x_wconf 90' lang='lat' dir='ltr'><strong>dum</strong></span> <span class='ocrx_word' id='word_1_377' title='bbox 408 4936 693 5002; x_wconf 88' lang='lat' dir='ltr'><strong>mandasti,</strong></span> <span class='ocrx_word' id='word_1_378' title='bbox 731 4947 890 5009; x_wconf 90' lang='lat' dir='ltr'><strong>atque</strong></span> <span class='ocrx_word' id='word_1_379' title='bbox 919 4948 977 4995; x_wconf 90' lang='lat' dir='ltr'><strong>ut</strong></span> <span class='ocrx_word' id='word_1_380' title='bbox 1007 4942 1171 5010; x_wconf 89' lang='lat' dir='ltr'><strong>probe</strong></span> <span class='ocrx_word' id='word_1_381' title='bbox 1197 4947 1373 5013; x_wconf 90' lang='lat' dir='ltr'><strong>potius</strong></span> <span class='ocrx_word' id='word_1_382' title='bbox 1401 4963 1462 5001; x_wconf 91' lang='lat' dir='ltr'><strong>ac</strong></span> <span class='ocrx_word' id='word_1_383' title='bbox 1493 4949 1646 5015; x_wconf 88' lang='lat' dir='ltr'><strong>scite,</strong></span> <span class='ocrx_word' id='word_1_384' title='bbox 1687 4967 1846 5022; x_wconf 89' lang='lat' dir='ltr'><strong>quam</strong></span> 
     </span>
    </p>
   </div>
   <div class='ocr_carea' id='block_1_51' title="bbox 248 5027 1846 5112">
    <p class='ocr_par' dir='ltr' id='par_1_51' title="bbox 248 5027 1846 5112">
     <span class='ocr_line' id='line_1_51' title="bbox 248 5027 1846 5112; baseline 0.011 -30"><span class='ocrx_word' id='word_1_385' title='bbox 248 5035 307 5082; x_wconf 89' lang='lat' dir='ltr'><strong>ut</strong></span> <span class='ocrx_word' id='word_1_386' title='bbox 334 5027 651 5083; x_wconf 82' lang='lat' dir='ltr'><strong>festinanter</strong></span> <span class='ocrx_word' id='word_1_387' title='bbox 677 5030 847 5098; x_wconf 82' lang='lat' dir='ltr'><strong>fieret,</strong></span> <span class='ocrx_word' id='word_1_388' title='bbox 875 5046 1094 5102; x_wconf 81' lang='lat' dir='ltr'><strong>operam</strong></span> <span class='ocrx_word' id='word_1_389' title='bbox 1130 5034 1340 5092; x_wconf 90' lang='lat' dir='ltr'><strong>dedisti.</strong></span> <span class='ocrx_word' id='word_1_390' title='bbox 1375 5037 1498 5095; x_wconf 90' lang='lat' dir='ltr'><strong>ldco</strong></span> <span class='ocrx_word' id='word_1_391' title='bbox 1521 5043 1721 5112; x_wconf 86' lang='lat' dir='ltr'><strong>gratias</strong></span> <span class='ocrx_word' id='word_1_392' title='bbox 1752 5045 1846 5100; x_wconf 91' lang='lat' dir='ltr'><strong>tibi</strong></span> 
     </span>
    </p>
   </div>
   <div class='ocr_carea' id='block_1_52' title="bbox 247 5119 1846 5209">
    <p class='ocr_par' dir='ltr' id='par_1_52' title="bbox 247 5119 1846 5209">
     <span class='ocr_line' id='line_1_52' title="bbox 247 5119 1846 5209; baseline 0.014 -37"><span class='ocrx_word' id='word_1_393' title='bbox 247 5119 480 5189; x_wconf 82' lang='lat' dir='ltr'><strong>agimus,</strong></span> <span class='ocrx_word' id='word_1_394' title='bbox 510 5120 563 5175; x_wconf 93' lang='lat' dir='ltr'><strong>in</strong></span> <span class='ocrx_word' id='word_1_395' title='bbox 603 5119 706 5176; x_wconf 93' lang='lat' dir='ltr'><strong>hoc</strong></span> <span class='ocrx_word' id='word_1_396' title='bbox 743 5123 917 5178; x_wconf 91' lang='lat' dir='ltr'><strong>solum</strong></span> <span class='ocrx_word' id='word_1_397' title='bbox 953 5133 1017 5180; x_wconf 71' lang='lat' dir='ltr'><strong>‘te</strong></span> <span class='ocrx_word' id='word_1_398' title='bbox 1053 5139 1389 5198; x_wconf 88' lang='lat' dir='ltr'><strong>accusantes,</strong></span> <span class='ocrx_word' id='word_1_399' title='bbox 1438 5134 1579 5203; x_wconf 89' lang='lat' dir='ltr'><strong>quod</strong></span> <span class='ocrx_word' id='word_1_400' title='bbox 1605 5137 1655 5191; x_wconf 94' lang='lat' dir='ltr'><strong>id</strong></span> <span class='ocrx_word' id='word_1_401' title='bbox 1704 5138 1846 5209; x_wconf 89' lang='lat' dir='ltr'><strong>quod</strong></span> 
     </span>
    </p>
   </div>
   <div class='ocr_carea' id='block_1_53' title="bbox 248 5213 1850 5295">
    <p class='ocr_par' dir='ltr' id='par_1_53' title="bbox 248 5213 1850 5295">
     <span class='ocr_line' id='line_1_53' title="bbox 248 5213 1850 5295; baseline 0.014 -30"><span class='ocrx_word' id='word_1_402' title='bbox 248 5213 484 5268; x_wconf 79' lang='lat' dir='ltr'><strong>maxime</strong></span> <span class='ocrx_word' id='word_1_403' title='bbox 511 5213 825 5282; x_wconf 87' lang='lat' dir='ltr'><strong>optabamus</strong></span> <span class='ocrx_word' id='word_1_404' title='bbox 851 5231 944 5286; x_wconf 89' lang='lat' dir='ltr'><strong>per</strong></span> <span class='ocrx_word' id='word_1_405' title='bbox 975 5217 1155 5275; x_wconf 88' lang='lat' dir='ltr'><strong>literas</strong></span> <span class='ocrx_word' id='word_1_406' title='bbox 1172 5222 1390 5280; x_wconf 91' lang='lat' dir='ltr'><strong>minime</strong></span> <span class='ocrx_word' id='word_1_407' title='bbox 1411 5226 1623 5295; x_wconf 90' lang='lat' dir='ltr'><strong>misisti,</strong></span> <span class='ocrx_word' id='word_1_408' title='bbox 1643 5229 1745 5285; x_wconf 85' lang='lat' dir='ltr'><strong>hoc</strong></span> <span class='ocrx_word' id='word_1_409' title='bbox 1766 5241 1850 5287; x_wconf 89' lang='lat' dir='ltr'><strong>est</strong></span> 
     </span>
    </p>
   </div>
   <div class='ocr_carea' id='block_1_54' title="bbox 243 5305 1846 5379">
    <p class='ocr_par' dir='ltr' id='par_1_54' title="bbox 243 5305 1846 5379">
     <span class='ocr_line' id='line_1_54' title="bbox 243 5305 1846 5379; baseline 0.012 -20"><span class='ocrx_word' id='word_1_410' title='bbox 243 5305 537 5375; x_wconf 87' lang='lat' dir='ltr'><strong>jucundum</strong></span> <span class='ocrx_word' id='word_1_411' title='bbox 562 5306 629 5361; x_wconf 90' lang='lat' dir='ltr'><strong>de</strong></span> <span class='ocrx_word' id='word_1_412' title='bbox 653 5315 736 5360; x_wconf 91' lang='lat' dir='ltr'><strong>tua</strong></span> <span class='ocrx_word' id='word_1_413' title='bbox 761 5309 989 5364; x_wconf 87' lang='lat' dir='ltr'><strong>sanitate</strong></span> <span class='ocrx_word' id='word_1_414' title='bbox 1023 5314 1285 5368; x_wconf 91' lang='lat' dir='ltr'><strong>nuntium.</strong></span> <span class='ocrx_word' id='word_1_415' title='bbox 1333 5315 1594 5373; x_wconf 88' lang='lat' dir='ltr'><strong>Utautem</strong></span> <span class='ocrx_word' id='word_1_416' title='bbox 1647 5321 1846 5379; x_wconf 90' lang='lat' dir='ltr'><strong>idcirco</strong></span> 
     </span>
    </p>
   </div>
   <div class='ocr_carea' id='block_1_55' title="bbox 248 5397 1843 5471">
    <p class='ocr_par' dir='ltr' id='par_1_55' title="bbox 248 5397 1843 5471">
     <span class='ocr_line' id='line_1_55' title="bbox 248 5397 1843 5471; baseline 0.012 -21"><span class='ocrx_word' id='word_1_417' title='bbox 248 5398 410 5451; x_wconf 74' lang='lat' dir='ltr'><strong>anxio</strong></span> <span class='ocrx_word' id='word_1_418' title='bbox 439 5397 620 5451; x_wconf 89' lang='lat' dir='ltr'><strong>animo</strong></span> <span class='ocrx_word' id='word_1_419' title='bbox 642 5413 849 5465; x_wconf 86' lang='lat' dir='ltr'><strong>sumus,</strong></span> <span class='ocrx_word' id='word_1_420' title='bbox 877 5402 1019 5471; x_wconf 90' lang='lat' dir='ltr'><strong>quod</strong></span> <span class='ocrx_word' id='word_1_421' title='bbox 1060 5404 1232 5461; x_wconf 90' lang='lat' dir='ltr'><strong>morbi</strong></span> <span class='ocrx_word' id='word_1_422' title='bbox 1285 5408 1356 5462; x_wconf 91' lang='lat' dir='ltr'><strong>tui</strong></span> <span class='ocrx_word' id='word_1_423' title='bbox 1394 5417 1591 5466; x_wconf 88' lang='lat' dir='ltr'><strong>statum</strong></span> <span class='ocrx_word' id='word_1_424' title='bbox 1631 5414 1843 5468; x_wconf 87' lang='lat' dir='ltr'><strong>nescia-</strong></span> 
     </span>
    </p>
   </div>
   <div class='ocr_carea' id='block_1_56' title="bbox 248 5490 1845 5574">
    <p class='ocr_par' dir='ltr' id='par_1_56' title="bbox 248 5490 1845 5574">
     <span class='ocr_line' id='line_1_56' title="bbox 248 5490 1845 5574; baseline 0.012 -29"><span class='ocrx_word' id='word_1_425' title='bbox 248 5505 369 5546; x_wconf 88' lang='lat' dir='ltr'><strong>mus</strong></span> <span class='ocrx_word' id='word_1_426' title='bbox 399 5508 413 5546; x_wconf 88' lang='lat'><strong>:</strong></span> <span class='ocrx_word' id='word_1_427' title='bbox 441 5490 630 5546; x_wconf 90' lang='lat' dir='ltr'><strong>eodem</strong></span> <span class='ocrx_word' id='word_1_428' title='bbox 659 5493 839 5555; x_wconf 89' lang='lat' dir='ltr'><strong>modo,</strong></span> <span class='ocrx_word' id='word_1_429' title='bbox 869 5495 914 5548; x_wconf 92' lang='lat' dir='ltr'><strong>si</strong></span> <span class='ocrx_word' id='word_1_430' title='bbox 943 5497 1112 5563; x_wconf 85' lang='lat' dir='ltr'><strong>primo</strong></span> <span class='ocrx_word' id='word_1_431' title='bbox 1155 5516 1366 5571; x_wconf 80' lang='lat' dir='ltr'><strong>quoque</strong></span> <span class='ocrx_word' id='word_1_432' title='bbox 1410 5512 1651 5574; x_wconf 88' lang='lat' dir='ltr'><strong>tempore</strong></span> <span class='ocrx_word' id='word_1_433' title='bbox 1691 5508 1845 5565; x_wconf 89' lang='lat' dir='ltr'><strong>nobis</strong></span> 
     </span>
    </p>
   </div>
   <div class='ocr_carea' id='block_1_57' title="bbox 250 5583 1844 5662">
    <p class='ocr_par' dir='ltr' id='par_1_57' title="bbox 250 5583 1844 5662">
     <span class='ocr_line' id='line_1_57' title="bbox 250 5583 1844 5662; baseline 0.011 -24"><span class='ocrx_word' id='word_1_434' title='bbox 250 5583 434 5638; x_wconf 86' lang='lat' dir='ltr'><strong>literas</strong></span> <span class='ocrx_word' id='word_1_435' title='bbox 463 5583 694 5652; x_wconf 88' lang='lat' dir='ltr'><strong>miseris,</strong></span> <span class='ocrx_word' id='word_1_436' title='bbox 716 5585 908 5654; x_wconf 88' lang='lat' dir='ltr'><strong>quibus</strong></span> <span class='ocrx_word' id='word_1_437' title='bbox 936 5603 1055 5642; x_wconf 87' lang='lat' dir='ltr'><strong>eum</strong></span> <span class='ocrx_word' id='word_1_438' title='bbox 1086 5590 1416 5662; x_wconf 79' lang='lat' dir='ltr'><strong>proﬂigatum</strong></span> <span class='ocrx_word' id='word_1_439' title='bbox 1444 5605 1499 5650; x_wconf 91' lang='lat' dir='ltr'><strong>et</strong></span> <span class='ocrx_word' id='word_1_440' title='bbox 1522 5598 1844 5655; x_wconf 82' lang='lat' dir='ltr'><strong>exstinctum</strong></span> 
     </span>
    </p>
   </div>
   <div class='ocr_carea' id='block_1_58' title="bbox 289 5713 1846 5825">
    <p class='ocr_par' dir='ltr' id='par_1_58' title="bbox 289 5713 1846 5825">
     <span class='ocr_line' id='line_1_58' title="bbox 289 5713 1846 5825; baseline 0.012 -62"><span class='ocrx_word' id='word_1_441' title='bbox 289 5713 393 5825; x_wconf 38' lang='lat' dir='ltr'><strong>utu)</strong></span> <span class='ocrx_word' id='word_1_442' title='bbox 427 5720 592 5764; x_wconf 85' lang='lat' dir='ltr'><strong>Genus</strong></span> <span class='ocrx_word' id='word_1_443' title='bbox 610 5717 871 5779; x_wconf 82' lang='lat' dir='ltr'><strong>unguenti,</strong></span> <span class='ocrx_word' id='word_1_444' title='bbox 888 5719 1015 5780; x_wconf 91' lang='lat' dir='ltr'><strong>quod</strong></span> <span class='ocrx_word' id='word_1_445' title='bbox 1039 5719 1152 5769; x_wconf 85' lang='lat' dir='ltr'><strong>alibi</strong></span> <span class='ocrx_word' id='word_1_446' title='bbox 1170 5732 1490 5776; x_wconf 88' lang='lat' dir='ltr'><strong>memoratum</strong></span> <span class='ocrx_word' id='word_1_447' title='bbox 1516 5740 1612 5776; x_wconf 89' lang='lat' dir='ltr'><strong>non</strong></span> <span class='ocrx_word' id='word_1_448' title='bbox 1636 5730 1846 5781; x_wconf 90' lang='lat' dir='ltr'><strong>occurrit</strong></span> 
     </span>
     <span class='ocr_line' id='line_1_59' title="bbox 305 5778 1841 5825; baseline 0 0"><span class='ocrx_word' id='word_1_449' title='bbox 305 5778 315 5788; x_wconf 81' lang='grc'><em>’</em></span> <span class='ocrx_word' id='word_1_450' title='bbox 355 5779 367 5824; x_wconf 77' lang='lat' dir='ltr'><strong>i</strong></span> <span class='ocrx_word' id='word_1_451' title='bbox 389 5790 404 5825; x_wconf 73' lang='grc' dir='ltr'>ζ</span> <span class='ocrx_word' id='word_1_452' title='bbox 425 5778 690 5825; x_wconf 78' lang='lat' dir='ltr'><strong>nardmum</strong></span> <span class='ocrx_word' id='word_1_453' title='bbox 710 5783 756 5825; x_wconf 76' lang='lat' dir='ltr'><strong>et</strong></span> <span class='ocrx_word' id='word_1_454' title='bbox 778 5785 1014 5825; x_wconf 84' lang='lat' dir='ltr'><strong>musteum</strong></span> <span class='ocrx_word' id='word_1_455' title='bbox 1037 5782 1206 5825; x_wconf 34' lang='lat' dir='ltr'><strong>oleant-</strong></span> <span class='ocrx_word' id='word_1_456' title='bbox 1237 5797 1486 5825; x_wconf 72' lang='lat' dir='ltr'><strong>Immmntn</strong></span> <span class='ocrx_word' id='word_1_457' title='bbox 1521 5802 1633 5825; x_wconf 74' lang='lat' dir='ltr'><strong>mm</strong></span> <span class='ocrx_word' id='word_1_458' title='bbox 1675 5801 1841 5825; x_wconf 61' lang='lat' dir='ltr'><strong>oceani</strong></span> 
     </span>
    </p>
   </div>
   <div class='ocr_carea' id='block_1_59' title="bbox 291 5778 1847 5898">
    <p class='ocr_par' dir='ltr' id='par_1_59' title="bbox 291 5778 1847 5898">
     <span class='ocr_line' id='line_1_60' title="bbox 291 5778 1847 5852; baseline 0.012 -28"><span class='ocrx_word' id='word_1_459' title='bbox 291 5778 367 5825; x_wconf 75' lang='lat' dir='ltr'><strong>tibi</strong></span> <span class='ocrx_word' id='word_1_460' title='bbox 389 5790 404 5850; x_wconf 66' lang='grc' dir='ltr'>ξ</span> <span class='ocrx_word' id='word_1_461' title='bbox 425 5778 756 5848; x_wconf 69' lang='lat' dir='ltr'><strong>nardtmtmet</strong></span> <span class='ocrx_word' id='word_1_462' title='bbox 778 5778 1014 5829; x_wconf 79' lang='lat' dir='ltr'><strong>musteum</strong></span> <span class='ocrx_word' id='word_1_463' title='bbox 1033 5782 1210 5852; x_wconf 75' lang='lat' dir='ltr'><strong>oleum.</strong></span> <span class='ocrx_word' id='word_1_464' title='bbox 1237 5799 1301 5834; x_wconf 87' lang='lat' dir='ltr'><strong>un</strong></span> <span class='ocrx_word' id='word_1_465' title='bbox 1375 5797 1487 5838; x_wconf 88' lang='lat' dir='ltr'><strong>enta</strong></span> <span class='ocrx_word' id='word_1_466' title='bbox 1521 5802 1634 5851; x_wconf 69' lang='lat' dir='ltr'><strong>qua:</strong></span> <span class='ocrx_word' id='word_1_467' title='bbox 1675 5778 1847 5842; x_wconf 80' lang='lat' dir='ltr'><strong>essent</strong></span> 
     </span>
     <span class='ocr_line' id='line_1_61' title="bbox 291 5800 1845 5898; baseline 0.008 -10"><span class='ocrx_word' id='word_1_468' title='bbox 291 5839 368 5888; x_wconf 85' lang='lat' dir='ltr'><strong>ide</strong></span> <span class='ocrx_word' id='word_1_469' title='bbox 389 5851 441 5887; x_wconf 80' lang='lat' dir='ltr'><strong>tu</strong></span> <span class='ocrx_word' id='word_1_470' title='bbox 467 5845 753 5898; x_wconf 72' lang='lat' dir='ltr'><strong>AnuquuaIe</strong></span> <span class='ocrx_word' id='word_1_471' title='bbox 793 5839 1130 5898; x_wconf 70' lang='lat' dir='ltr'><strong>cxplarmtwne</strong></span> <span class='ocrx_word' id='word_1_472' title='bbox 1169 5853 1214 5897; x_wconf 78' lang='lat' dir='ltr'><strong>et</strong></span> <span class='ocrx_word' id='word_1_473' title='bbox 1253 5800 1570 5898; x_wconf 54' lang='grc' dir='ltr'><strong>δεῖῃειηαιὶὸω</strong></span> <span class='ocrx_word' id='word_1_474' title='bbox 1603 5850 1845 5898; x_wconf 72' lang='lat' dir='ltr'><strong>illustrant</strong></span> 
     </span>
    </p>
   </div>
   <div class='ocr_carea' id='block_1_60' title="bbox 257 5839 1845 5906">
    <p class='ocr_par' dir='ltr' id='par_1_60' title="bbox 257 5839 1845 5906">
     <span class='ocr_line' id='line_1_62' title="bbox 257 5839 1845 5906; baseline 0.011 -19"><span class='ocrx_word' id='word_1_475' title='bbox 257 5839 368 5888; x_wconf 84' lang='lat' dir='ltr'><strong>vide</strong></span> <span class='ocrx_word' id='word_1_476' title='bbox 389 5839 441 5887; x_wconf 87' lang='lat' dir='ltr'><strong>in</strong></span> <span class='ocrx_word' id='word_1_477' title='bbox 467 5839 1130 5906; x_wconf 27' lang='lat' dir='ltr'><strong>ﬂammate-explanatione</strong></span> <span class='ocrx_word' id='word_1_478' title='bbox 1169 5853 1214 5897; x_wconf 79' lang='lat' dir='ltr'><strong>et</strong></span> <span class='ocrx_word' id='word_1_479' title='bbox 1253 5839 1570 5901; x_wconf 54' lang='lat' dir='ltr'><strong>schematibus</strong></span> <span class='ocrx_word' id='word_1_480' title='bbox 1603 5839 1845 5906; x_wconf 59' lang='lat' dir='ltr'><strong>illustrem</strong></span> 
     </span>
    </p>
   </div>
   <div class='ocr_carea' id='block_1_61' title="bbox 259 5901 1083 5975">
    <p class='ocr_par' dir='ltr' id='par_1_61' title="bbox 259 5901 1083 5975">
     <span class='ocr_line' id='line_1_63' title="bbox 259 5901 1083 5975; baseline 0.006 -24"><span class='ocrx_word' id='word_1_481' title='bbox 259 5910 406 5953; x_wconf 83' lang='lat' dir='ltr'><strong>&#39;romo</strong></span> <span class='ocrx_word' id='word_1_482' title='bbox 425 5907 496 5962; x_wconf 83' lang='grc' dir='ltr'><strong>ω,</strong></span> <span class='ocrx_word' id='word_1_483' title='bbox 514 5909 638 5966; x_wconf 83' lang='lat' dir='ltr'><strong>part.</strong></span> <span class='ocrx_word' id='word_1_484' title='bbox 663 5902 710 5966; x_wconf 78' lang='lat'><strong>2,</strong></span> <span class='ocrx_word' id='word_1_485' title='bbox 738 5901 823 5953; x_wconf 87' lang='lat' dir='ltr'><strong>lib.</strong></span> <span class='ocrx_word' id='word_1_486' title='bbox 849 5903 895 5957; x_wconf 86' lang='lat' dir='ltr'><strong>l.</strong></span> <span class='ocrx_word' id='word_1_487' title='bbox 912 5916 1018 5975; x_wconf 77' lang='lat' dir='ltr'><strong>cap.</strong></span> <span class='ocrx_word' id='word_1_488' title='bbox 1036 5907 1083 5956; x_wconf 80' lang='lat'><strong>3.</strong></span> 
     </span>
    </p>
   </div>
   <div class='ocr_carea' id='block_1_62' title="bbox 1719 427 2100 492">
    <p class='ocr_par' dir='ltr' id='par_1_62' title="bbox 1719 427 2100 492">
     <span class='ocr_line' id='line_1_64' title="bbox 1719 427 2100 492; baseline 0.018 -6"><span class='ocrx_word' id='word_1_489' title='bbox 1719 427 2100 492; x_wconf 73' lang='lat' dir='ltr'><strong>EPISTOUE.</strong></span> 
     </span>
    </p>
   </div>
   <div class='ocr_carea' id='block_1_63' title="bbox 3469 442 3576 500">
    <p class='ocr_par' dir='ltr' id='par_1_63' title="bbox 3469 442 3576 500">
     <span class='ocr_line' id='line_1_65' title="bbox 3469 442 3576 500; baseline 0 0"><span class='ocrx_word' id='word_1_490' title='bbox 3469 442 3576 500; x_wconf 78' lang='lat'><strong>630</strong></span> 
     </span>
    </p>
   </div>
   <div class='ocr_carea' id='block_1_64' title="bbox 1972 544 3576 618">
    <p class='ocr_par' dir='ltr' id='par_1_64' title="bbox 1972 544 3576 618">
     <span class='ocr_line' id='line_1_66' title="bbox 1972 544 3576 618; baseline 0.006 -16"><span class='ocrx_word' id='word_1_491' title='bbox 1972 559 2095 602; x_wconf 88' lang='lat' dir='ltr'><strong>esse</strong></span> <span class='ocrx_word' id='word_1_492' title='bbox 2122 544 2503 618; x_wconf 83' lang='lat' dir='ltr'><strong>intelligamus,</strong></span> <span class='ocrx_word' id='word_1_493' title='bbox 2533 561 2770 604; x_wconf 78' lang='lat' dir='ltr'><strong>maximo</strong></span> <span class='ocrx_word' id='word_1_494' title='bbox 2799 563 2896 602; x_wconf 88' lang='lat' dir='ltr'><strong>nos</strong></span> <span class='ocrx_word' id='word_1_495' title='bbox 2941 547 3202 606; x_wconf 79' lang='lat' dir='ltr'><strong>beneficio</strong></span> <span class='ocrx_word' id='word_1_496' title='bbox 3239 550 3576 612; x_wconf 77' lang='lat' dir='ltr'><strong>devinxeris.</strong></span> 
     </span>
    </p>
   </div>
   <div class='ocr_carea' id='block_1_65' title="bbox 1969 637 3578 718">
    <p class='ocr_par' dir='ltr' id='par_1_65' title="bbox 1969 637 3578 718">
     <span class='ocr_line' id='line_1_67' title="bbox 1969 637 3578 718; baseline 0.006 -25"><span class='ocrx_word' id='word_1_497' title='bbox 1969 637 2102 694; x_wconf 74' lang='lat' dir='ltr'><strong>Cant</strong></span> <span class='ocrx_word' id='word_1_498' title='bbox 2141 638 2301 710; x_wconf 89' lang='lat' dir='ltr'><strong>igitur</strong></span> <span class='ocrx_word' id='word_1_499' title='bbox 2329 641 2487 707; x_wconf 85' lang='lat' dir='ltr'><strong>scias,</strong></span> <span class='ocrx_word' id='word_1_500' title='bbox 2518 657 2675 711; x_wconf 88' lang='lat' dir='ltr'><strong>quam</strong></span> <span class='ocrx_word' id='word_1_501' title='bbox 2699 642 3046 699; x_wconf 71' lang='lat' dir='ltr'><strong>vehementer</strong></span> <span class='ocrx_word' id='word_1_502' title='bbox 3079 645 3376 718; x_wconf 60' lang='lat' dir='ltr'><strong>intelligi-re</strong></span> <span class='ocrx_word' id='word_1_503' title='bbox 3396 650 3578 718; x_wconf 65' lang='lat' dir='ltr'><strong>copia.</strong></span> 
     </span>
    </p>
   </div>
   <div class='ocr_carea' id='block_1_66' title="bbox 1971 732 3574 810">
    <p class='ocr_par' dir='ltr' id='par_1_66' title="bbox 1971 732 3574 810">
     <span class='ocr_line' id='line_1_68' title="bbox 1971 732 3574 810; baseline 0.007 -27"><span class='ocrx_word' id='word_1_504' title='bbox 1971 745 2112 797; x_wconf 88' lang='lat' dir='ltr'><strong>mus,</strong></span> <span class='ocrx_word' id='word_1_505' title='bbox 2144 732 2200 786; x_wconf 82' lang='lat' dir='ltr'><strong>te</strong></span> <span class='ocrx_word' id='word_1_506' title='bbox 2232 746 2302 786; x_wconf 80' lang='lat' dir='ltr'><strong>ex</strong></span> <span class='ocrx_word' id='word_1_507' title='bbox 2347 734 2448 788; x_wconf 80' lang='lat' dir='ltr'><strong>hac</strong></span> <span class='ocrx_word' id='word_1_508' title='bbox 2489 733 2717 790; x_wconf 83' lang='lat' dir='ltr'><strong>adversa</strong></span> <span class='ocrx_word' id='word_1_509' title='bbox 2763 736 3070 792; x_wconf 82' lang='lat' dir='ltr'><strong>valetudine</strong></span> <span class='ocrx_word' id='word_1_510' title='bbox 3107 737 3221 810; x_wconf 80' lang='lat' dir='ltr'><strong>jam</strong></span> <span class='ocrx_word' id='word_1_511' title='bbox 3263 740 3574 807; x_wconf 84' lang='lat' dir='ltr'><strong>emersisse,</strong></span> 
     </span>
    </p>
   </div>
   <div class='ocr_carea' id='block_1_67' title="bbox 1972 820 3579 901">
    <p class='ocr_par' dir='ltr' id='par_1_67' title="bbox 1972 820 3579 901">
     <span class='ocr_line' id='line_1_69' title="bbox 1972 820 3579 901; baseline 0.01 -28"><span class='ocrx_word' id='word_1_512' title='bbox 1972 820 2130 888; x_wconf 86' lang='lat' dir='ltr'><strong>hanc,</strong></span> <span class='ocrx_word' id='word_1_513' title='bbox 2168 837 2374 893; x_wconf 64' lang='lat' dir='ltr'><strong>quaeso,</strong></span> <span class='ocrx_word' id='word_1_514' title='bbox 2418 826 2746 895; x_wconf 82' lang='lat' dir='ltr'><strong>voluptatem</strong></span> <span class='ocrx_word' id='word_1_515' title='bbox 2786 828 2940 884; x_wconf 86' lang='lat' dir='ltr'><strong>nobis</strong></span> <span class='ocrx_word' id='word_1_516' title='bbox 2990 828 3186 900; x_wconf 87' lang='lat' dir='ltr'><strong>largire</strong></span> <span class='ocrx_word' id='word_1_517' title='bbox 3229 846 3352 901; x_wconf 63' lang='lat' dir='ltr'><strong>qua</strong></span> <span class='ocrx_word' id='word_1_518' title='bbox 3393 832 3448 886; x_wconf 89' lang='lat' dir='ltr'><strong>in</strong></span> <span class='ocrx_word' id='word_1_519' title='bbox 3478 832 3579 889; x_wconf 87' lang='lat' dir='ltr'><strong>hac</strong></span> 
     </span>
    </p>
   </div>
   <div class='ocr_carea' id='block_1_68' title="bbox 1973 913 3576 996">
    <p class='ocr_par' dir='ltr' id='par_1_68' title="bbox 1973 913 3576 996">
     <span class='ocr_line' id='line_1_70' title="bbox 1973 913 3576 996; baseline 0.006 -28"><span class='ocrx_word' id='word_1_520' title='bbox 1973 913 2351 971; x_wconf 88' lang='lat' dir='ltr'><strong>molestissima</strong></span> <span class='ocrx_word' id='word_1_521' title='bbox 2383 917 2671 987; x_wconf 85' lang='lat' dir='ltr'><strong>solitudine</strong></span> <span class='ocrx_word' id='word_1_522' title='bbox 2696 930 2752 975; x_wconf 90' lang='lat' dir='ltr'><strong>et</strong></span> <span class='ocrx_word' id='word_1_523' title='bbox 2777 920 3059 978; x_wconf 86' lang='lat' dir='ltr'><strong>obsidione</strong></span> <span class='ocrx_word' id='word_1_524' title='bbox 3086 938 3194 984; x_wconf 85' lang='lat' dir='ltr'><strong>nou</strong></span> <span class='ocrx_word' id='word_1_525' title='bbox 3220 939 3440 996; x_wconf 86' lang='lat' dir='ltr'><strong>parvam</strong></span> <span class='ocrx_word' id='word_1_526' title='bbox 3473 944 3576 980; x_wconf 82' lang='lat' dir='ltr'><strong>no-</strong></span> 
     </span>
    </p>
   </div>
   <div class='ocr_carea' id='block_1_69' title="bbox 1972 1003 2896 1067">
    <p class='ocr_par' dir='ltr' id='par_1_69' title="bbox 1972 1003 2896 1067">
     <span class='ocr_line' id='line_1_71' title="bbox 1972 1003 2896 1067; baseline 0.01 -9"><span class='ocrx_word' id='word_1_527' title='bbox 1972 1003 2054 1062; x_wconf 83' lang='lat' dir='ltr'><strong>bis</strong></span> <span class='ocrx_word' id='word_1_528' title='bbox 2079 1007 2501 1064; x_wconf 79' lang='lat' dir='ltr'><strong>consolationem</strong></span> <span class='ocrx_word' id='word_1_529' title='bbox 2541 1011 2764 1066; x_wconf 75' lang='lat' dir='ltr'><strong>allatum</strong></span> <span class='ocrx_word' id='word_1_530' title='bbox 2794 1022 2896 1067; x_wconf 86' lang='lat' dir='ltr'><strong>est.</strong></span> 
     </span>
    </p>
   </div>
   <div class='ocr_carea' id='block_1_70' title="bbox 2181 1096 3294 1178">
    <p class='ocr_par' dir='ltr' id='par_1_70' title="bbox 2181 1096 3294 1178">
     <span class='ocr_line' id='line_1_72' title="bbox 2181 1096 3294 1178; baseline 0.01 -26"><span class='ocrx_word' id='word_1_531' title='bbox 2181 1096 2343 1152; x_wconf 77' lang='grc' dir='ltr'><em>ΧΧΧ</em></span> <span class='ocrx_word' id='word_1_532' title='bbox 2361 1098 2419 1154; x_wconf 80' lang='grc' dir='ltr'><strong>γ.</strong></span> <span class='ocrx_word' id='word_1_533' title='bbox 2460 1101 2669 1172; x_wconf 79' lang='lat' dir='ltr'><strong>Alphio.</strong></span> <span class='ocrx_word' id='word_1_534' title='bbox 2703 1104 2941 1172; x_wconf 84' lang='lat' dir='ltr'><strong>(Cucuso</strong></span> <span class='ocrx_word' id='word_1_535' title='bbox 2970 1120 3113 1160; x_wconf 90' lang='lat' dir='ltr'><strong>anno</strong></span> <span class='ocrx_word' id='word_1_536' title='bbox 3135 1107 3294 1178; x_wconf 84' lang='grc'><strong>405.)</strong></span> 
     </span>
    </p>
   </div>
   <div class='ocr_carea' id='block_1_71' title="bbox 2045 1191 3573 1272">
    <p class='ocr_par' dir='ltr' id='par_1_71' title="bbox 2045 1191 3573 1272">
     <span class='ocr_line' id='line_1_73' title="bbox 2045 1191 3573 1272; baseline 0.009 -26"><span class='ocrx_word' id='word_1_537' title='bbox 2045 1191 2214 1248; x_wconf 89' lang='lat' dir='ltr'><strong>Velim</strong></span> <span class='ocrx_word' id='word_1_538' title='bbox 2257 1193 2350 1249; x_wconf 89' lang='lat' dir='ltr'><strong>tibi</strong></span> <span class='ocrx_word' id='word_1_539' title='bbox 2379 1194 2522 1251; x_wconf 87' lang='lat' dir='ltr'><strong>Deus</strong></span> <span class='ocrx_word' id='word_1_540' title='bbox 2551 1196 2776 1253; x_wconf 72' lang='lat' dir='ltr'><strong>sincera:</strong></span> <span class='ocrx_word' id='word_1_541' title='bbox 2804 1207 2966 1268; x_wconf 83' lang='lat' dir='ltr'><strong>atque</strong></span> <span class='ocrx_word' id='word_1_542' title='bbox 2991 1200 3230 1255; x_wconf 87' lang='lat' dir='ltr'><strong>ardentis</strong></span> <span class='ocrx_word' id='word_1_543' title='bbox 3256 1216 3320 1256; x_wconf 88' lang='lat' dir='ltr'><strong>ac</strong></span> <span class='ocrx_word' id='word_1_544' title='bbox 3345 1217 3491 1272; x_wconf 67' lang='lat' dir='ltr'><strong>pura:</strong></span> <span class='ocrx_word' id='word_1_545' title='bbox 3518 1212 3573 1259; x_wconf 89' lang='lat' dir='ltr'><strong>et</strong></span> 
     </span>
    </p>
   </div>
   <div class='ocr_carea' id='block_1_72' title="bbox 1967 1284 3574 1364">
    <p class='ocr_par' dir='ltr' id='par_1_72' title="bbox 1967 1284 3574 1364">
     <span class='ocr_line' id='line_1_74' title="bbox 1967 1284 3574 1364; baseline 0.009 -26"><span class='ocrx_word' id='word_1_546' title='bbox 1967 1284 2036 1338; x_wconf 90' lang='lat' dir='ltr'><strong>ab</strong></span> <span class='ocrx_word' id='word_1_547' title='bbox 2084 1286 2233 1341; x_wconf 89' lang='lat' dir='ltr'><strong>omni</strong></span> <span class='ocrx_word' id='word_1_548' title='bbox 2271 1287 2612 1346; x_wconf 87' lang='lat' dir='ltr'><strong>simulatione</strong></span> <span class='ocrx_word' id='word_1_549' title='bbox 2648 1291 2861 1356; x_wconf 63' lang='lat' dir='ltr'><strong>alienat,</strong></span> <span class='ocrx_word' id='word_1_550' title='bbox 2887 1293 3165 1364; x_wconf 65' lang='lat' dir='ltr'><strong>firmaeque</strong></span> <span class='ocrx_word' id='word_1_551' title='bbox 3189 1304 3243 1350; x_wconf 90' lang='lat' dir='ltr'><strong>ct</strong></span> <span class='ocrx_word' id='word_1_552' title='bbox 3271 1299 3574 1353; x_wconf 85' lang='lat' dir='ltr'><strong>constantis</strong></span> 
     </span>
    </p>
   </div>
   <div class='ocr_carea' id='block_1_73' title="bbox 1969 1381 3571 1457">
    <p class='ocr_par' dir='ltr' id='par_1_73' title="bbox 1969 1381 3571 1457">
     <span class='ocr_line' id='line_1_75' title="bbox 1969 1381 3571 1457; baseline 0.008 -25"><span class='ocrx_word' id='word_1_553' title='bbox 1969 1394 2094 1448; x_wconf 90' lang='lat' dir='ltr'><strong>erga</strong></span> <span class='ocrx_word' id='word_1_554' title='bbox 2142 1392 2243 1434; x_wconf 91' lang='lat' dir='ltr'><strong>nos</strong></span> <span class='ocrx_word' id='word_1_555' title='bbox 2285 1381 2543 1447; x_wconf 87' lang='lat' dir='ltr'><strong>caritatis,</strong></span> <span class='ocrx_word' id='word_1_556' title='bbox 2591 1391 2700 1438; x_wconf 92' lang='lat' dir='ltr'><strong>tum</strong></span> <span class='ocrx_word' id='word_1_557' title='bbox 2732 1385 2784 1440; x_wconf 92' lang='lat' dir='ltr'><strong>in</strong></span> <span class='ocrx_word' id='word_1_558' title='bbox 2810 1385 2913 1440; x_wconf 87' lang='lat' dir='ltr'><strong>hac</strong></span> <span class='ocrx_word' id='word_1_559' title='bbox 2936 1388 3192 1457; x_wconf 69' lang='lat' dir='ltr'><strong>praesenti</strong></span> <span class='ocrx_word' id='word_1_560' title='bbox 3223 1390 3349 1452; x_wconf 88' lang='lat' dir='ltr'><strong>vita,</strong></span> <span class='ocrx_word' id='word_1_561' title='bbox 3379 1401 3489 1446; x_wconf 90' lang='lat' dir='ltr'><strong>tum</strong></span> <span class='ocrx_word' id='word_1_562' title='bbox 3517 1391 3571 1445; x_wconf 92' lang='lat' dir='ltr'><strong>in</strong></span> 
     </span>
    </p>
   </div>
   <div class='ocr_carea' id='block_1_74' title="bbox 1969 1470 3573 1551">
    <p class='ocr_par' dir='ltr' id='par_1_74' title="bbox 1969 1470 3573 1551">
     <span class='ocr_line' id='line_1_76' title="bbox 1969 1470 3573 1551; baseline 0.008 -28"><span class='ocrx_word' id='word_1_563' title='bbox 1969 1470 2148 1526; x_wconf 88' lang='lat' dir='ltr'><strong>futuro</strong></span> <span class='ocrx_word' id='word_1_564' title='bbox 2169 1486 2307 1541; x_wconf 72' lang='lat' dir='ltr'><strong>aevo,</strong></span> <span class='ocrx_word' id='word_1_565' title='bbox 2340 1474 2618 1542; x_wconf 70' lang='lat' dir='ltr'><strong>prtemium</strong></span> <span class='ocrx_word' id='word_1_566' title='bbox 2659 1476 2877 1531; x_wconf 85' lang='lat' dir='ltr'><strong>tribuat.</strong></span> <span class='ocrx_word' id='word_1_567' title='bbox 2919 1477 3029 1535; x_wconf 83' lang='lat' dir='ltr'><strong>Nec</strong></span> <span class='ocrx_word' id='word_1_568' title='bbox 3078 1481 3222 1535; x_wconf 90' lang='lat' dir='ltr'><strong>enim</strong></span> <span class='ocrx_word' id='word_1_569' title='bbox 3262 1496 3423 1551; x_wconf 88' lang='lat' dir='ltr'><strong>parva</strong></span> <span class='ocrx_word' id='word_1_570' title='bbox 3465 1491 3573 1536; x_wconf 74' lang='lat' dir='ltr'><strong>tua:</strong></span> 
     </span>
    </p>
   </div>
   <div class='ocr_carea' id='block_1_75' title="bbox 1967 1563 3572 1640">
    <p class='ocr_par' dir='ltr' id='par_1_75' title="bbox 1967 1563 3572 1640">
     <span class='ocr_line' id='line_1_77' title="bbox 1967 1563 3572 1640; baseline 0.006 -26"><span class='ocrx_word' id='word_1_571' title='bbox 1967 1576 2094 1632; x_wconf 88' lang='lat' dir='ltr'><strong>erga</strong></span> <span class='ocrx_word' id='word_1_572' title='bbox 2119 1576 2218 1617; x_wconf 90' lang='lat' dir='ltr'><strong>nos</strong></span> <span class='ocrx_word' id='word_1_573' title='bbox 2255 1563 2648 1621; x_wconf 63' lang='lat' dir='ltr'><strong>benevolentia:</strong></span> <span class='ocrx_word' id='word_1_574' title='bbox 2673 1565 3017 1635; x_wconf 88' lang='lat' dir='ltr'><strong>documenta,</strong></span> <span class='ocrx_word' id='word_1_575' title='bbox 3048 1570 3209 1640; x_wconf 88' lang='lat' dir='ltr'><strong>idque</strong></span> <span class='ocrx_word' id='word_1_576' title='bbox 3237 1581 3385 1626; x_wconf 87' lang='lat' dir='ltr'><strong>tanto</strong></span> <span class='ocrx_word' id='word_1_577' title='bbox 3411 1587 3441 1625; x_wconf 91' lang='lat' dir='ltr'><strong>a</strong></span> <span class='ocrx_word' id='word_1_578' title='bbox 3477 1589 3572 1624; x_wconf 83' lang='lat' dir='ltr'><strong>nu-</strong></span> 
     </span>
    </p>
   </div>
   <div class='ocr_carea' id='block_1_76' title="bbox 1968 1651 3572 1731">
    <p class='ocr_par' dir='ltr' id='par_1_76' title="bbox 1968 1651 3572 1731">
     <span class='ocr_line' id='line_1_78' title="bbox 1968 1651 3572 1731; baseline 0.008 -25"><span class='ocrx_word' id='word_1_579' title='bbox 1968 1651 2048 1707; x_wconf 89' lang='lat' dir='ltr'><strong>bis</strong></span> <span class='ocrx_word' id='word_1_580' title='bbox 2077 1653 2316 1710; x_wconf 90' lang='lat' dir='ltr'><strong>locorum</strong></span> <span class='ocrx_word' id='word_1_581' title='bbox 2344 1656 2629 1715; x_wconf 88' lang='lat' dir='ltr'><strong>intervallo</strong></span> <span class='ocrx_word' id='word_1_582' title='bbox 2661 1659 2982 1731; x_wconf 87' lang='lat' dir='ltr'><strong>disjunctus,</strong></span> <span class='ocrx_word' id='word_1_583' title='bbox 3013 1665 3326 1727; x_wconf 82' lang='lat' dir='ltr'><strong>exbibuisti,</strong></span> <span class='ocrx_word' id='word_1_584' title='bbox 3353 1665 3572 1719; x_wconf 80' lang='lat' dir='ltr'><strong>domine</strong></span> 
     </span>
    </p>
   </div>
   <div class='ocr_carea' id='block_1_77' title="bbox 1966 1745 3570 1823">
    <p class='ocr_par' dir='ltr' id='par_1_77' title="bbox 1966 1745 3570 1823">
     <span class='ocr_line' id='line_1_79' title="bbox 1966 1745 3570 1823; baseline 0.007 -24"><span class='ocrx_word' id='word_1_585' title='bbox 1966 1745 2040 1800; x_wconf 90' lang='lat' dir='ltr'><strong>mi</strong></span> <span class='ocrx_word' id='word_1_586' title='bbox 2070 1745 2486 1805; x_wconf 88' lang='lat' dir='ltr'><strong>honoratissime</strong></span> <span class='ocrx_word' id='word_1_587' title='bbox 2525 1766 2590 1806; x_wconf 89' lang='lat' dir='ltr'><strong>ac</strong></span> <span class='ocrx_word' id='word_1_588' title='bbox 2626 1754 3043 1823; x_wconf 88' lang='lat' dir='ltr'><strong>generosissime</strong></span> <span class='ocrx_word' id='word_1_589' title='bbox 3064 1795 3080 1819; x_wconf 95' lang='lat'><strong>,</strong></span> <span class='ocrx_word' id='word_1_590' title='bbox 3108 1771 3292 1810; x_wconf 87' lang='lat' dir='ltr'><strong>verum</strong></span> <span class='ocrx_word' id='word_1_591' title='bbox 3324 1766 3377 1810; x_wconf 90' lang='lat' dir='ltr'><strong>et</strong></span> <span class='ocrx_word' id='word_1_592' title='bbox 3404 1755 3570 1811; x_wconf 87' lang='lat' dir='ltr'><strong>multa</strong></span> 
     </span>
    </p>
   </div>
   <div class='ocr_carea' id='block_1_78' title="bbox 1965 1839 3572 1918">
    <p class='ocr_par' dir='ltr' id='par_1_78' title="bbox 1965 1839 3572 1918">
     <span class='ocr_line' id='line_1_80' title="bbox 1965 1839 3572 1918; baseline 0.009 -26"><span class='ocrx_word' id='word_1_593' title='bbox 1965 1847 2018 1893; x_wconf 91' lang='lat' dir='ltr'><strong>et</strong></span> <span class='ocrx_word' id='word_1_594' title='bbox 2044 1839 2321 1911; x_wconf 73' lang='lat' dir='ltr'><strong>pmlara.</strong></span> <span class='ocrx_word' id='word_1_595' title='bbox 2361 1843 2547 1915; x_wconf 85' lang='lat' dir='ltr'><strong>quue</strong></span> <span class='ocrx_word' id='word_1_596' title='bbox 2588 1848 2808 1902; x_wconf 89' lang='lat' dir='ltr'><strong>nomine</strong></span> <span class='ocrx_word' id='word_1_597' title='bbox 2835 1848 3034 1918; x_wconf 88' lang='lat' dir='ltr'><strong>gratias</strong></span> <span class='ocrx_word' id='word_1_598' title='bbox 3062 1848 3156 1904; x_wconf 83' lang='lat' dir='ltr'><strong>tibi</strong></span> <span class='ocrx_word' id='word_1_599' title='bbox 3188 1842 3489 1915; x_wconf 71' lang='lat' dir='ltr'><strong>habemIIS,</strong></span> <span class='ocrx_word' id='word_1_600' title='bbox 3516 1858 3572 1903; x_wconf 68' lang='lat' dir='ltr'><strong>et</strong></span> 
     </span>
    </p>
   </div>
   <div class='ocr_carea' id='block_1_79' title="bbox 1964 1930 3572 2010">
    <p class='ocr_par' dir='ltr' id='par_1_79' title="bbox 1964 1930 3572 2010">
     <span class='ocr_line' id='line_1_81' title="bbox 1964 1930 3572 2010; baseline 0.006 -26"><span class='ocrx_word' id='word_1_601' title='bbox 1964 1942 2108 2000; x_wconf 69' lang='lat' dir='ltr'><strong>sazpe</strong></span> <span class='ocrx_word' id='word_1_602' title='bbox 2133 1930 2201 1986; x_wconf 86' lang='lat' dir='ltr'><strong>ad</strong></span> <span class='ocrx_word' id='word_1_603' title='bbox 2229 1942 2282 1989; x_wconf 92' lang='lat' dir='ltr'><strong>te</strong></span> <span class='ocrx_word' id='word_1_604' title='bbox 2307 1934 2545 1992; x_wconf 87' lang='lat' dir='ltr'><strong>scribere</strong></span> <span class='ocrx_word' id='word_1_605' title='bbox 2572 1937 2817 2007; x_wconf 88' lang='lat' dir='ltr'><strong>cupimus</strong></span> <span class='ocrx_word' id='word_1_606' title='bbox 2843 1957 2856 1992; x_wconf 92' lang='lat'><strong>:</strong></span> <span class='ocrx_word' id='word_1_607' title='bbox 2880 1953 3065 1994; x_wconf 90' lang='lat' dir='ltr'><strong>verum</strong></span> <span class='ocrx_word' id='word_1_608' title='bbox 3086 1941 3297 2010; x_wconf 87' lang='lat' dir='ltr'><strong>quoties</strong></span> <span class='ocrx_word' id='word_1_609' title='bbox 3323 1941 3572 1996; x_wconf 84' lang='lat' dir='ltr'><strong>volumus</strong></span> 
     </span>
    </p>
   </div>
   <div class='ocr_carea' id='block_1_80' title="bbox 1965 2024 3570 2099">
    <p class='ocr_par' dir='ltr' id='par_1_80' title="bbox 1965 2024 3570 2099">
     <span class='ocr_line' id='line_1_82' title="bbox 1965 2024 3570 2099; baseline 0.006 -22"><span class='ocrx_word' id='word_1_610' title='bbox 1965 2037 2072 2078; x_wconf 93' lang='lat' dir='ltr'><strong>non</strong></span> <span class='ocrx_word' id='word_1_611' title='bbox 2098 2024 2240 2093; x_wconf 91' lang='lat' dir='ltr'><strong>licet,</strong></span> <span class='ocrx_word' id='word_1_612' title='bbox 2273 2027 2369 2082; x_wconf 90' lang='lat' dir='ltr'><strong>sed</strong></span> <span class='ocrx_word' id='word_1_613' title='bbox 2395 2030 2607 2098; x_wconf 90' lang='lat' dir='ltr'><strong>quoties</strong></span> <span class='ocrx_word' id='word_1_614' title='bbox 2635 2044 2920 2099; x_wconf 86' lang='lat' dir='ltr'><strong>possumus</strong></span> <span class='ocrx_word' id='word_1_615' title='bbox 2946 2030 3251 2085; x_wconf 84' lang='lat' dir='ltr'><strong>scribimus.</strong></span> <span class='ocrx_word' id='word_1_616' title='bbox 3283 2032 3400 2088; x_wconf 87' lang='lat' dir='ltr'><strong>Scis</strong></span> <span class='ocrx_word' id='word_1_617' title='bbox 3424 2034 3570 2086; x_wconf 82' lang='lat' dir='ltr'><strong>eltittt</strong></span> 
     </span>
    </p>
   </div>
   <div class='ocr_carea' id='block_1_81' title="bbox 1963 2118 3573 2190">
    <p class='ocr_par' dir='ltr' id='par_1_81' title="bbox 1963 2118 3573 2190">
     <span class='ocr_line' id='line_1_83' title="bbox 1963 2118 3573 2190; baseline 0.003 -20"><span class='ocrx_word' id='word_1_618' title='bbox 1963 2127 2160 2185; x_wconf 89' lang='lat' dir='ltr'><strong>quanta</strong></span> <span class='ocrx_word' id='word_1_619' title='bbox 2189 2132 2256 2174; x_wconf 81' lang='lat' dir='ltr'><strong>ex</strong></span> <span class='ocrx_word' id='word_1_620' title='bbox 2282 2118 2460 2176; x_wconf 90' lang='lat' dir='ltr'><strong>hieme</strong></span> <span class='ocrx_word' id='word_1_621' title='bbox 2485 2135 2549 2176; x_wconf 93' lang='lat' dir='ltr'><strong>ac</strong></span> <span class='ocrx_word' id='word_1_622' title='bbox 2578 2121 2890 2190; x_wconf 68' lang='lat' dir='ltr'><strong>praedonum</strong></span> <span class='ocrx_word' id='word_1_623' title='bbox 2918 2123 3122 2190; x_wconf 85' lang='lat' dir='ltr'><strong>impetu</strong></span> <span class='ocrx_word' id='word_1_624' title='bbox 3147 2123 3398 2179; x_wconf 85' lang='lat' dir='ltr'><strong>itinerum</strong></span> <span class='ocrx_word' id='word_1_625' title='bbox 3431 2124 3573 2179; x_wconf 80' lang='lat' dir='ltr'><strong>dini-</strong></span> 
     </span>
    </p>
   </div>
   <div class='ocr_carea' id='block_1_82' title="bbox 1963 2196 3573 2287">
    <p class='ocr_par' dir='ltr' id='par_1_82' title="bbox 1963 2196 3573 2287">
     <span class='ocr_line' id='line_1_84' title="bbox 1963 2196 3573 2287; baseline 0.005 -25"><span class='ocrx_word' id='word_1_626' title='bbox 1963 2209 2136 2265; x_wconf 89' lang='lat' dir='ltr'><strong>cultas</strong></span> <span class='ocrx_word' id='word_1_627' title='bbox 2164 2211 2389 2267; x_wconf 90' lang='lat' dir='ltr'><strong>oriatur.</strong></span> <span class='ocrx_word' id='word_1_628' title='bbox 2422 2196 2767 2283; x_wconf 84' lang='lat' dir='ltr'><strong>Quapropter</strong></span> <span class='ocrx_word' id='word_1_629' title='bbox 2793 2229 2916 2269; x_wconf 91' lang='lat' dir='ltr'><strong>cum</strong></span> <span class='ocrx_word' id='word_1_630' title='bbox 2948 2215 3202 2271; x_wconf 85' lang='lat' dir='ltr'><strong>diuturno</strong></span> <span class='ocrx_word' id='word_1_631' title='bbox 3228 2227 3470 2287; x_wconf 87' lang='lat' dir='ltr'><strong>tempore</strong></span> <span class='ocrx_word' id='word_1_632' title='bbox 3498 2217 3573 2272; x_wconf 84' lang='lat' dir='ltr'><strong>si-</strong></span> 
     </span>
    </p>
   </div>
   <div class='ocr_carea' id='block_1_83' title="bbox 1965 2298 3571 2375">
    <p class='ocr_par' dir='ltr' id='par_1_83' title="bbox 1965 2298 3571 2375">
     <span class='ocr_line' id='line_1_85' title="bbox 1965 2298 3571 2375; baseline 0.006 -22"><span class='ocrx_word' id='word_1_633' title='bbox 1965 2298 2154 2366; x_wconf 90' lang='lat' dir='ltr'><strong>lemus,</strong></span> <span class='ocrx_word' id='word_1_634' title='bbox 2181 2316 2249 2356; x_wconf 91' lang='lat' dir='ltr'><strong>ne</strong></span> <span class='ocrx_word' id='word_1_635' title='bbox 2275 2300 2329 2356; x_wconf 88' lang='lat' dir='ltr'><strong>id</strong></span> <span class='ocrx_word' id='word_1_636' title='bbox 2359 2302 2681 2373; x_wconf 87' lang='lat' dir='ltr'><strong>negligentia</strong></span> <span class='ocrx_word' id='word_1_637' title='bbox 2710 2314 2892 2359; x_wconf 87' lang='lat' dir='ltr'><strong>nostra</strong></span> <span class='ocrx_word' id='word_1_638' title='bbox 2919 2304 3031 2361; x_wconf 83' lang='lat' dir='ltr'><strong>fieri</strong></span> <span class='ocrx_word' id='word_1_639' title='bbox 3060 2307 3357 2375; x_wconf 82' lang='lat' dir='ltr'><strong>existimes,</strong></span> <span class='ocrx_word' id='word_1_640' title='bbox 3382 2322 3571 2362; x_wconf 90' lang='lat' dir='ltr'><strong>verum</strong></span> 
     </span>
    </p>
   </div>
   <div class='ocr_carea' id='block_1_84' title="bbox 1965 2392 3571 2467">
    <p class='ocr_par' dir='ltr' id='par_1_84' title="bbox 1965 2392 3571 2467">
     <span class='ocr_line' id='line_1_86' title="bbox 1965 2392 3571 2467; baseline 0.004 -21"><span class='ocrx_word' id='word_1_641' title='bbox 1965 2392 2370 2449; x_wconf 87' lang='lat' dir='ltr'><strong>tabellariorum</strong></span> <span class='ocrx_word' id='word_1_642' title='bbox 2396 2395 2590 2467; x_wconf 75' lang='lat' dir='ltr'><strong>inopia:</strong></span> <span class='ocrx_word' id='word_1_643' title='bbox 2619 2396 2782 2466; x_wconf 89' lang='lat' dir='ltr'><strong>istud,</strong></span> <span class='ocrx_word' id='word_1_644' title='bbox 2815 2413 2924 2453; x_wconf 88' lang='lat' dir='ltr'><strong>nou</strong></span> <span class='ocrx_word' id='word_1_645' title='bbox 2954 2398 3218 2454; x_wconf 70' lang='lat' dir='ltr'><strong>socordia:</strong></span> <span class='ocrx_word' id='word_1_646' title='bbox 3247 2409 3448 2454; x_wconf 71' lang='lat' dir='ltr'><strong>nostrae</strong></span> <span class='ocrx_word' id='word_1_647' title='bbox 3474 2399 3571 2453; x_wconf 79' lang='lat' dir='ltr'><strong>ad-</strong></span> 
     </span>
    </p>
   </div>
   <div class='ocr_carea' id='block_1_85' title="bbox 1963 2483 3571 2557">
    <p class='ocr_par' dir='ltr' id='par_1_85' title="bbox 1963 2483 3571 2557">
     <span class='ocr_line' id='line_1_87' title="bbox 1963 2483 3571 2557; baseline 0.006 -20"><span class='ocrx_word' id='word_1_648' title='bbox 1963 2483 2187 2538; x_wconf 89' lang='lat' dir='ltr'><strong>scribas.</strong></span> <span class='ocrx_word' id='word_1_649' title='bbox 2219 2483 2354 2540; x_wconf 87' lang='lat' dir='ltr'><strong>Nam</strong></span> <span class='ocrx_word' id='word_1_650' title='bbox 2380 2485 2427 2541; x_wconf 89' lang='lat' dir='ltr'><strong>si</strong></span> <span class='ocrx_word' id='word_1_651' title='bbox 2451 2488 2650 2557; x_wconf 80' lang='lat' dir='ltr'><strong>saepius</strong></span> <span class='ocrx_word' id='word_1_652' title='bbox 2675 2487 2744 2542; x_wconf 89' lang='lat' dir='ltr'><strong>ad</strong></span> <span class='ocrx_word' id='word_1_653' title='bbox 2775 2497 2829 2544; x_wconf 89' lang='lat' dir='ltr'><strong>te</strong></span> <span class='ocrx_word' id='word_1_654' title='bbox 2854 2489 3123 2545; x_wconf 87' lang='lat' dir='ltr'><strong>scribendi</strong></span> <span class='ocrx_word' id='word_1_655' title='bbox 3151 2489 3376 2545; x_wconf 80' lang='lat' dir='ltr'><strong>facultas</strong></span> <span class='ocrx_word' id='word_1_656' title='bbox 3405 2489 3571 2546; x_wconf 69' lang='lat' dir='ltr'><strong>omet--</strong></span> 
     </span>
    </p>
   </div>
   <div class='ocr_carea' id='block_1_86' title="bbox 1963 2575 3573 2652">
    <p class='ocr_par' dir='ltr' id='par_1_86' title="bbox 1963 2575 3573 2652">
     <span class='ocr_line' id='line_1_88' title="bbox 1963 2575 3573 2652; baseline 0.004 -23"><span class='ocrx_word' id='word_1_657' title='bbox 1963 2581 2130 2640; x_wconf 89' lang='lat' dir='ltr'><strong>retur,</strong></span> <span class='ocrx_word' id='word_1_658' title='bbox 2163 2575 2494 2646; x_wconf 87' lang='lat' dir='ltr'><strong>frequentius</strong></span> <span class='ocrx_word' id='word_1_659' title='bbox 2519 2577 2587 2632; x_wconf 90' lang='lat' dir='ltr'><strong>ad</strong></span> <span class='ocrx_word' id='word_1_660' title='bbox 2613 2587 2666 2634; x_wconf 91' lang='lat' dir='ltr'><strong>te</strong></span> <span class='ocrx_word' id='word_1_661' title='bbox 2709 2579 2892 2634; x_wconf 87' lang='lat' dir='ltr'><strong>literas</strong></span> <span class='ocrx_word' id='word_1_662' title='bbox 2921 2580 3052 2636; x_wconf 87' lang='lat' dir='ltr'><strong>dare</strong></span> <span class='ocrx_word' id='word_1_663' title='bbox 3089 2581 3310 2636; x_wconf 92' lang='lat' dir='ltr'><strong>minime</strong></span> <span class='ocrx_word' id='word_1_664' title='bbox 3352 2595 3452 2635; x_wconf 89' lang='lat' dir='ltr'><strong>nos</strong></span> <span class='ocrx_word' id='word_1_665' title='bbox 3491 2583 3573 2652; x_wconf 90' lang='lat' dir='ltr'><strong>pi-</strong></span> 
     </span>
    </p>
   </div>
   <div class='ocr_carea' id='block_1_87' title="bbox 1960 2666 3572 2743">
    <p class='ocr_par' dir='ltr' id='par_1_87' title="bbox 1960 2666 3572 2743">
     <span class='ocr_line' id='line_1_89' title="bbox 1960 2666 3572 2743; baseline 0.006 -22"><span class='ocrx_word' id='word_1_666' title='bbox 1960 2666 2179 2737; x_wconf 88' lang='lat' dir='ltr'><strong>guisset.</strong></span> <span class='ocrx_word' id='word_1_667' title='bbox 2202 2668 2476 2739; x_wconf 90' lang='lat' dir='ltr'><strong>Siquidem</strong></span> <span class='ocrx_word' id='word_1_668' title='bbox 2499 2669 2770 2727; x_wconf 87' lang='lat' dir='ltr'><strong>nobismet</strong></span> <span class='ocrx_word' id='word_1_669' title='bbox 2787 2673 3150 2743; x_wconf 88' lang='lat' dir='ltr'><strong>gratissimum</strong></span> <span class='ocrx_word' id='word_1_670' title='bbox 3176 2674 3422 2741; x_wconf 89' lang='lat' dir='ltr'><strong>facimus,</strong></span> <span class='ocrx_word' id='word_1_671' title='bbox 3445 2689 3572 2731; x_wconf 91' lang='lat' dir='ltr'><strong>cum</strong></span> 
     </span>
    </p>
   </div>
   <div class='ocr_carea' id='block_1_88' title="bbox 1959 2757 3566 2835">
    <p class='ocr_par' dir='ltr' id='par_1_88' title="bbox 1959 2757 3566 2835">
     <span class='ocr_line' id='line_1_90' title="bbox 1959 2757 3566 2835; baseline 0.005 -24"><span class='ocrx_word' id='word_1_672' title='bbox 1959 2757 2143 2813; x_wconf 92' lang='lat' dir='ltr'><strong>debito</strong></span> <span class='ocrx_word' id='word_1_673' title='bbox 2173 2757 2266 2813; x_wconf 90' lang='lat' dir='ltr'><strong>tibi</strong></span> <span class='ocrx_word' id='word_1_674' title='bbox 2307 2759 2646 2817; x_wconf 84' lang='lat' dir='ltr'><strong>salutationis</strong></span> <span class='ocrx_word' id='word_1_675' title='bbox 2683 2777 2911 2819; x_wconf 91' lang='lat' dir='ltr'><strong>munere</strong></span> <span class='ocrx_word' id='word_1_676' title='bbox 2947 2764 3144 2833; x_wconf 64' lang='lat' dir='ltr'><strong>saipius</strong></span> <span class='ocrx_word' id='word_1_677' title='bbox 3174 2763 3566 2835; x_wconf 91' lang='lat' dir='ltr'><strong>perfungimur.</strong></span> 
     </span>
    </p>
   </div>
   <div class='ocr_carea' id='block_1_89' title="bbox 1965 2847 3569 2925">
    <p class='ocr_par' dir='ltr' id='par_1_89' title="bbox 1965 2847 3569 2925">
     <span class='ocr_line' id='line_1_91' title="bbox 1965 2847 3569 2925; baseline 0.005 -22"><span class='ocrx_word' id='word_1_678' title='bbox 1965 2848 2089 2904; x_wconf 71' lang='lat' dir='ltr'><strong>Hazc</strong></span> <span class='ocrx_word' id='word_1_679' title='bbox 2117 2864 2240 2905; x_wconf 89' lang='lat' dir='ltr'><strong>cum</strong></span> <span class='ocrx_word' id='word_1_680' title='bbox 2269 2851 2439 2918; x_wconf 84' lang='lat' dir='ltr'><strong>scias,</strong></span> <span class='ocrx_word' id='word_1_681' title='bbox 2471 2847 2534 2907; x_wconf 72' lang='lat' dir='ltr'><strong>tit</strong></span> <span class='ocrx_word' id='word_1_682' title='bbox 2559 2869 2773 2925; x_wconf 80' lang='lat' dir='ltr'><strong>quoque</strong></span> <span class='ocrx_word' id='word_1_683' title='bbox 2801 2855 2870 2910; x_wconf 92' lang='lat' dir='ltr'><strong>de</strong></span> <span class='ocrx_word' id='word_1_684' title='bbox 2901 2863 2987 2911; x_wconf 88' lang='lat' dir='ltr'><strong>tua</strong></span> <span class='ocrx_word' id='word_1_685' title='bbox 3019 2857 3322 2912; x_wconf 78' lang='lat' dir='ltr'><strong>valetudine</strong></span> <span class='ocrx_word' id='word_1_686' title='bbox 3358 2857 3427 2912; x_wconf 89' lang='lat' dir='ltr'><strong>ad</strong></span> <span class='ocrx_word' id='word_1_687' title='bbox 3469 2871 3569 2911; x_wconf 88' lang='lat' dir='ltr'><strong>nos</strong></span> 
     </span>
    </p>
   </div>
   <div class='ocr_carea' id='block_1_90' title="bbox 1960 2943 3567 3015">
    <p class='ocr_par' dir='ltr' id='par_1_90' title="bbox 1960 2943 3567 3015">
     <span class='ocr_line' id='line_1_92' title="bbox 1960 2943 3567 3015; baseline 0.006 -19"><span class='ocrx_word' id='word_1_688' title='bbox 1960 2943 2199 3000; x_wconf 87' lang='lat' dir='ltr'><strong>scribere</strong></span> <span class='ocrx_word' id='word_1_689' title='bbox 2229 2959 2301 3000; x_wconf 88' lang='lat' dir='ltr'><strong>ne</strong></span> <span class='ocrx_word' id='word_1_690' title='bbox 2338 2945 2654 3001; x_wconf 88' lang='lat' dir='ltr'><strong>intermitte.</strong></span> <span class='ocrx_word' id='word_1_691' title='bbox 2683 2947 2835 3015; x_wconf 87' lang='lat' dir='ltr'><strong>Quod</strong></span> <span class='ocrx_word' id='word_1_692' title='bbox 2878 2959 3057 3004; x_wconf 88' lang='lat' dir='ltr'><strong>autem</strong></span> <span class='ocrx_word' id='word_1_693' title='bbox 3087 2959 3140 3004; x_wconf 92' lang='lat' dir='ltr'><strong>te</strong></span> <span class='ocrx_word' id='word_1_694' title='bbox 3169 2950 3323 3006; x_wconf 92' lang='lat' dir='ltr'><strong>nobis</strong></span> <span class='ocrx_word' id='word_1_695' title='bbox 3354 2951 3567 3006; x_wconf 91' lang='lat' dir='ltr'><strong>misisse</strong></span> 
     </span>
    </p>
   </div>
   <div class='ocr_carea' id='block_1_91' title="bbox 1960 3033 3570 3112">
    <p class='ocr_par' dir='ltr' id='par_1_91' title="bbox 1960 3033 3570 3112">
     <span class='ocr_line' id='line_1_93' title="bbox 1960 3033 3570 3112; baseline 0.004 -23"><span class='ocrx_word' id='word_1_696' title='bbox 1960 3034 2153 3090; x_wconf 90' lang='lat' dir='ltr'><strong>scribis</strong></span> <span class='ocrx_word' id='word_1_697' title='bbox 2174 3075 2190 3101; x_wconf 93' lang='lat'><strong>,</strong></span> <span class='ocrx_word' id='word_1_698' title='bbox 2227 3033 2332 3090; x_wconf 88' lang='lat' dir='ltr'><strong>hoc</strong></span> <span class='ocrx_word' id='word_1_699' title='bbox 2372 3052 2532 3092; x_wconf 90' lang='lat' dir='ltr'><strong>nemo</strong></span> <span class='ocrx_word' id='word_1_700' title='bbox 2563 3037 2667 3093; x_wconf 88' lang='lat' dir='ltr'><strong>huc</strong></span> <span class='ocrx_word' id='word_1_701' title='bbox 2694 3038 2911 3107; x_wconf 82' lang='lat' dir='ltr'><strong>attulit;</strong></span> <span class='ocrx_word' id='word_1_702' title='bbox 2943 3055 3136 3096; x_wconf 88' lang='lat' dir='ltr'><strong>verum</strong></span> <span class='ocrx_word' id='word_1_703' title='bbox 3165 3042 3254 3112; x_wconf 92' lang='lat' dir='ltr'><strong>qui</strong></span> <span class='ocrx_word' id='word_1_704' title='bbox 3287 3040 3338 3096; x_wconf 91' lang='lat' dir='ltr'><strong>id</strong></span> <span class='ocrx_word' id='word_1_705' title='bbox 3369 3040 3570 3098; x_wconf 73' lang='lat' dir='ltr'><strong>affere-</strong></span> 
     </span>
    </p>
   </div>
   <div class='ocr_carea' id='block_1_92' title="bbox 1961 3126 3567 3205">
    <p class='ocr_par' dir='ltr' id='par_1_92' title="bbox 1961 3126 3567 3205">
     <span class='ocr_line' id='line_1_94' title="bbox 1961 3126 3567 3205; baseline 0.006 -24"><span class='ocrx_word' id='word_1_706' title='bbox 1961 3126 2086 3188; x_wconf 88' lang='lat' dir='ltr'><strong>bat.</strong></span> <span class='ocrx_word' id='word_1_707' title='bbox 2114 3128 2432 3198; x_wconf 72' lang='lat' dir='ltr'><strong>pmdonum</strong></span> <span class='ocrx_word' id='word_1_708' title='bbox 2458 3139 2604 3186; x_wconf 89' lang='lat' dir='ltr'><strong>metu</strong></span> <span class='ocrx_word' id='word_1_709' title='bbox 2630 3134 2956 3204; x_wconf 75' lang='lat' dir='ltr'><strong>perterritus</strong></span> <span class='ocrx_word' id='word_1_710' title='bbox 2986 3134 3178 3205; x_wconf 89' lang='lat' dir='ltr'><strong>pedem</strong></span> <span class='ocrx_word' id='word_1_711' title='bbox 3211 3135 3412 3191; x_wconf 91' lang='lat' dir='ltr'><strong>retulit.</strong></span> <span class='ocrx_word' id='word_1_712' title='bbox 3444 3135 3567 3190; x_wconf 76' lang='lat' dir='ltr'><strong>Cae-</strong></span> 
     </span>
    </p>
   </div>
   <div class='ocr_carea' id='block_1_93' title="bbox 1959 3222 3572 3302">
    <p class='ocr_par' dir='ltr' id='par_1_93' title="bbox 1959 3222 3572 3302">
     <span class='ocr_line' id='line_1_95' title="bbox 1959 3222 3572 3302; baseline 0.005 -26"><span class='ocrx_word' id='word_1_713' title='bbox 1959 3227 2134 3276; x_wconf 87' lang='lat' dir='ltr'><strong>terum</strong></span> <span class='ocrx_word' id='word_1_714' title='bbox 2151 3222 2195 3277; x_wconf 88' lang='lat' dir='ltr'><strong>si</strong></span> <span class='ocrx_word' id='word_1_715' title='bbox 2217 3238 2304 3278; x_wconf 90' lang='lat' dir='ltr'><strong>me</strong></span> <span class='ocrx_word' id='word_1_716' title='bbox 2319 3238 2489 3292; x_wconf 88' lang='lat' dir='ltr'><strong>amas,</strong></span> <span class='ocrx_word' id='word_1_717' title='bbox 2517 3241 2585 3282; x_wconf 92' lang='lat' dir='ltr'><strong>ne</strong></span> <span class='ocrx_word' id='word_1_718' title='bbox 2607 3225 2712 3281; x_wconf 90' lang='lat' dir='ltr'><strong>hoc</strong></span> <span class='ocrx_word' id='word_1_719' title='bbox 2734 3225 2921 3295; x_wconf 77' lang='lat' dir='ltr'><strong>facias,</strong></span> <span class='ocrx_word' id='word_1_720' title='bbox 2949 3242 3017 3283; x_wconf 91' lang='lat' dir='ltr'><strong>ne</strong></span> <span class='ocrx_word' id='word_1_721' title='bbox 3041 3227 3381 3284; x_wconf 71' lang='lat' dir='ltr'><strong>difficultates</strong></span> <span class='ocrx_word' id='word_1_722' title='bbox 3408 3235 3572 3302; x_wconf 80' lang='lat' dir='ltr'><strong>atque</strong></span> 
     </span>
    </p>
   </div>
   <div class='ocr_carea' id='block_1_94' title="bbox 1959 3315 3566 3390">
    <p class='ocr_par' dir='ltr' id='par_1_94' title="bbox 1959 3315 3566 3390">
     <span class='ocr_line' id='line_1_96' title="bbox 1959 3315 3566 3390; baseline 0.002 -19"><span class='ocrx_word' id='word_1_723' title='bbox 1959 3315 2175 3386; x_wconf 90' lang='lat' dir='ltr'><strong>negotia</strong></span> <span class='ocrx_word' id='word_1_724' title='bbox 2214 3316 2309 3371; x_wconf 91' lang='lat' dir='ltr'><strong>tibi</strong></span> <span class='ocrx_word' id='word_1_725' title='bbox 2355 3316 2454 3387; x_wconf 87' lang='lat' dir='ltr'><strong>ipsi</strong></span> <span class='ocrx_word' id='word_1_726' title='bbox 2485 3317 2764 3374; x_wconf 80' lang='lat' dir='ltr'><strong>exhibeas.</strong></span> <span class='ocrx_word' id='word_1_727' title='bbox 2795 3318 2928 3374; x_wconf 88' lang='lat' dir='ltr'><strong>Nam</strong></span> <span class='ocrx_word' id='word_1_728' title='bbox 2976 3319 3272 3390; x_wconf 91' lang='lat' dir='ltr'><strong>ingentium</strong></span> <span class='ocrx_word' id='word_1_729' title='bbox 3302 3320 3566 3374; x_wconf 87' lang='lat' dir='ltr'><strong>donorum</strong></span> 
     </span>
    </p>
   </div>
   <div class='ocr_carea' id='block_1_95' title="bbox 1958 3404 3567 3478">
    <p class='ocr_par' dir='ltr' id='par_1_95' title="bbox 1958 3404 3567 3478">
     <span class='ocr_line' id='line_1_97' title="bbox 1958 3404 3567 3478; baseline 0.002 -18"><span class='ocrx_word' id='word_1_730' title='bbox 1958 3404 2081 3461; x_wconf 91' lang='lat' dir='ltr'><strong>loco</strong></span> <span class='ocrx_word' id='word_1_731' title='bbox 2123 3406 2388 3462; x_wconf 90' lang='lat' dir='ltr'><strong>sinceram</strong></span> <span class='ocrx_word' id='word_1_732' title='bbox 2430 3415 2592 3478; x_wconf 90' lang='lat' dir='ltr'><strong>atque</strong></span> <span class='ocrx_word' id='word_1_733' title='bbox 2621 3408 2900 3464; x_wconf 90' lang='lat' dir='ltr'><strong>ardentem</strong></span> <span class='ocrx_word' id='word_1_734' title='bbox 2948 3419 3091 3464; x_wconf 92' lang='lat' dir='ltr'><strong>tuam</strong></span> <span class='ocrx_word' id='word_1_735' title='bbox 3140 3409 3567 3466; x_wconf 84' lang='lat' dir='ltr'><strong>benevolentiam</strong></span> 
     </span>
    </p>
   </div>
   <div class='ocr_carea' id='block_1_96' title="bbox 1957 3497 3570 3572">
    <p class='ocr_par' dir='ltr' id='par_1_96' title="bbox 1957 3497 3570 3572">
     <span class='ocr_line' id='line_1_98' title="bbox 1957 3497 3570 3572; baseline 0.002 -18"><span class='ocrx_word' id='word_1_736' title='bbox 1957 3497 2137 3555; x_wconf 91' lang='lat' dir='ltr'><strong>duco:</strong></span> <span class='ocrx_word' id='word_1_737' title='bbox 2168 3515 2327 3571; x_wconf 91' lang='lat' dir='ltr'><strong>quam</strong></span> <span class='ocrx_word' id='word_1_738' title='bbox 2371 3515 2493 3554; x_wconf 90' lang='lat' dir='ltr'><strong>cum</strong></span> <span class='ocrx_word' id='word_1_739' title='bbox 2539 3515 2755 3572; x_wconf 86' lang='lat' dir='ltr'><strong>semper</strong></span> <span class='ocrx_word' id='word_1_740' title='bbox 2801 3501 3176 3565; x_wconf 88' lang='lat' dir='ltr'><strong>obtineamus,</strong></span> <span class='ocrx_word' id='word_1_741' title='bbox 3224 3518 3290 3557; x_wconf 79' lang='lat' dir='ltr'><strong>ex</strong></span> <span class='ocrx_word' id='word_1_742' title='bbox 3333 3503 3570 3558; x_wconf 80' lang='lat' dir='ltr'><strong>caritatis</strong></span> 
     </span>
    </p>
   </div>
   <div class='ocr_carea' id='block_1_97' title="bbox 1959 3590 3347 3662">
    <p class='ocr_par' dir='ltr' id='par_1_97' title="bbox 1959 3590 3347 3662">
     <span class='ocr_line' id='line_1_99' title="bbox 1959 3590 3347 3662; baseline 0.001 -18"><span class='ocrx_word' id='word_1_743' title='bbox 1959 3597 2065 3644; x_wconf 60' lang='lat' dir='ltr'><strong>tua;</strong></span> <span class='ocrx_word' id='word_1_744' title='bbox 2090 3590 2465 3646; x_wconf 87' lang='lat' dir='ltr'><strong>recordatione</strong></span> <span class='ocrx_word' id='word_1_745' title='bbox 2488 3606 2704 3661; x_wconf 86' lang='lat' dir='ltr'><strong>semper</strong></span> <span class='ocrx_word' id='word_1_746' title='bbox 2732 3593 3057 3662; x_wconf 88' lang='lat' dir='ltr'><strong>voluptatem</strong></span> <span class='ocrx_word' id='word_1_747' title='bbox 3081 3593 3347 3662; x_wconf 90' lang='lat' dir='ltr'><strong>capimus.</strong></span> 
     </span>
    </p>
   </div>
   <div class='ocr_carea' id='block_1_98' title="bbox 1956 3679 3570 3758">
    <p class='ocr_par' dir='ltr' id='par_1_98' title="bbox 1956 3679 3570 3758">
     <span class='ocr_line' id='line_1_100' title="bbox 1956 3679 3570 3758; baseline 0.004 -24"><span class='ocrx_word' id='word_1_748' title='bbox 1956 3679 2118 3735; x_wconf 78' lang='lat' dir='ltr'><em>XXX</em></span> <span class='ocrx_word' id='word_1_749' title='bbox 2135 3680 2228 3736; x_wconf 81' lang='grc' dir='ltr'><strong>γι.</strong></span> <span class='ocrx_word' id='word_1_750' title='bbox 2262 3681 2470 3736; x_wconf 73' lang='grc' dir='ltr'><strong>Μαγθηί</strong></span> <span class='ocrx_word' id='word_1_751' title='bbox 2497 3685 2512 3714; x_wconf 85' lang='grc'>¹</span> <span class='ocrx_word' id='word_1_752' title='bbox 2546 3682 2833 3754; x_wconf 80' lang='lat' dir='ltr'><strong>presbytero</strong></span> <span class='ocrx_word' id='word_1_753' title='bbox 2860 3684 3131 3738; x_wconf 79' lang='lat' dir='ltr'><strong>monacho.</strong></span> <span class='ocrx_word' id='word_1_754' title='bbox 3164 3682 3271 3758; x_wconf 82' lang='lat' dir='ltr'><strong>(Ab</strong></span> <span class='ocrx_word' id='word_1_755' title='bbox 3293 3699 3437 3740; x_wconf 83' lang='lat' dir='ltr'><strong>anno</strong></span> <span class='ocrx_word' id='word_1_756' title='bbox 3465 3686 3570 3741; x_wconf 67' lang='grc'><strong>404</strong></span> 
     </span>
    </p>
   </div>
   <div class='ocr_carea' id='block_1_99' title="bbox 2148 3765 2896 3846">
    <p class='ocr_par' dir='ltr' id='par_1_99' title="bbox 2148 3765 2896 3846">
     <span class='ocr_line' id='line_1_101' title="bbox 2148 3765 2896 3846; baseline 0.005 -22"><span class='ocrx_word' id='word_1_757' title='bbox 2148 3765 2156 3780; x_wconf 79' lang='grc'><em>¹</em></span> <span class='ocrx_word' id='word_1_758' title='bbox 2640 3774 2707 3828; x_wconf 89' lang='lat' dir='ltr'><strong>ad</strong></span> <span class='ocrx_word' id='word_1_759' title='bbox 2740 3775 2896 3846; x_wconf 87' lang='grc'><strong>407.)</strong></span> 
     </span>
    </p>
   </div>
   <div class='ocr_carea' id='block_1_100' title="bbox 2027 3863 3564 3936">
    <p class='ocr_par' dir='ltr' id='par_1_100' title="bbox 2027 3863 3564 3936">
     <span class='ocr_line' id='line_1_102' title="bbox 2027 3863 3564 3936; baseline 0.003 -17"><span class='ocrx_word' id='word_1_760' title='bbox 2027 3863 2137 3919; x_wconf 83' lang='lat' dir='ltr'><strong>Nos</strong></span> <span class='ocrx_word' id='word_1_761' title='bbox 2153 3864 2392 3920; x_wconf 88' lang='lat' dir='ltr'><strong>caritatis</strong></span> <span class='ocrx_word' id='word_1_762' title='bbox 2414 3864 2628 3936; x_wconf 90' lang='lat' dir='ltr'><strong>quidem</strong></span> <span class='ocrx_word' id='word_1_763' title='bbox 2652 3881 2715 3922; x_wconf 89' lang='lat' dir='ltr'><strong>ac</strong></span> <span class='ocrx_word' id='word_1_764' title='bbox 2736 3866 3122 3922; x_wconf 64' lang='lat' dir='ltr'><strong>benevolentia!</strong></span> <span class='ocrx_word' id='word_1_765' title='bbox 3143 3867 3369 3922; x_wconf 88' lang='lat' dir='ltr'><strong>vinculis</strong></span> <span class='ocrx_word' id='word_1_766' title='bbox 3387 3876 3564 3923; x_wconf 89' lang='lat' dir='ltr'><strong>tecum</strong></span> 
     </span>
    </p>
   </div>
   <div class='ocr_carea' id='block_1_101' title="bbox 1956 3956 3568 4030">
    <p class='ocr_par' dir='ltr' id='par_1_101' title="bbox 1956 3956 3568 4030">
     <span class='ocr_line' id='line_1_103' title="bbox 1956 3956 3568 4030; baseline 0.002 -20"><span class='ocrx_word' id='word_1_767' title='bbox 1956 3956 2358 4027; x_wconf 81' lang='lat' dir='ltr'><strong>adstringimur,</strong></span> <span class='ocrx_word' id='word_1_768' title='bbox 2388 3973 2450 4011; x_wconf 90' lang='lat' dir='ltr'><strong>ac</strong></span> <span class='ocrx_word' id='word_1_769' title='bbox 2477 3966 2528 4012; x_wconf 91' lang='lat' dir='ltr'><strong>te</strong></span> <span class='ocrx_word' id='word_1_770' title='bbox 2553 3967 2608 4012; x_wconf 92' lang='lat' dir='ltr'><strong>ut</strong></span> <span class='ocrx_word' id='word_1_771' title='bbox 2637 3957 2724 4012; x_wconf 88' lang='lat' dir='ltr'><strong>hic</strong></span> <span class='ocrx_word' id='word_1_772' title='bbox 2747 3969 3070 4028; x_wconf 59' lang='lat' dir='ltr'><strong>praesentem</strong></span> <span class='ocrx_word' id='word_1_773' title='bbox 3102 3961 3389 4014; x_wconf 90' lang='lat' dir='ltr'><strong>intuemur.</strong></span> <span class='ocrx_word' id='word_1_774' title='bbox 3414 3961 3568 4030; x_wconf 83' lang='lat' dir='ltr'><strong>Ejus-</strong></span> 
     </span>
    </p>
   </div>
   <div class='ocr_carea' id='block_1_102' title="bbox 1958 4050 3563 4119">
    <p class='ocr_par' dir='ltr' id='par_1_102' title="bbox 1958 4050 3563 4119">
     <span class='ocr_line' id='line_1_104' title="bbox 1958 4050 3563 4119; baseline 0.002 -16"><span class='ocrx_word' id='word_1_775' title='bbox 1958 4050 2099 4103; x_wconf 85' lang='lat' dir='ltr'><strong>mudi</strong></span> <span class='ocrx_word' id='word_1_776' title='bbox 2137 4050 2334 4119; x_wconf 91' lang='lat' dir='ltr'><strong>quippe</strong></span> <span class='ocrx_word' id='word_1_777' title='bbox 2367 4050 2604 4105; x_wconf 86' lang='lat' dir='ltr'><strong>caritatis</strong></span> <span class='ocrx_word' id='word_1_778' title='bbox 2635 4050 2776 4106; x_wconf 85' lang='lat' dir='ltr'><strong>oculi</strong></span> <span class='ocrx_word' id='word_1_779' title='bbox 2807 4060 2952 4116; x_wconf 89' lang='lat' dir='ltr'><strong>sunt,</strong></span> <span class='ocrx_word' id='word_1_780' title='bbox 2990 4061 3049 4106; x_wconf 91' lang='lat' dir='ltr'><strong>ut</strong></span> <span class='ocrx_word' id='word_1_781' title='bbox 3083 4067 3182 4107; x_wconf 86' lang='lat' dir='ltr'><strong>nec</strong></span> <span class='ocrx_word' id='word_1_782' title='bbox 3215 4053 3337 4106; x_wconf 90' lang='lat' dir='ltr'><strong>ullis</strong></span> <span class='ocrx_word' id='word_1_783' title='bbox 3362 4053 3563 4106; x_wconf 79' lang='lat' dir='ltr'><strong>viarum</strong></span> 
     </span>
    </p>
   </div>
   <div class='ocr_carea' id='block_1_103' title="bbox 1956 4141 3567 4212">
    <p class='ocr_par' dir='ltr' id='par_1_103' title="bbox 1956 4141 3567 4212">
     <span class='ocr_line' id='line_1_105' title="bbox 1956 4141 3567 4212; baseline 0.003 -19"><span class='ocrx_word' id='word_1_784' title='bbox 1956 4142 2141 4211; x_wconf 84' lang='lat' dir='ltr'><strong>spatiis</strong></span> <span class='ocrx_word' id='word_1_785' title='bbox 2157 4141 2634 4212; x_wconf 83' lang='lat' dir='ltr'><strong>interrumpantur,</strong></span> <span class='ocrx_word' id='word_1_786' title='bbox 2651 4157 2750 4197; x_wconf 87' lang='lat' dir='ltr'><strong>nec</strong></span> <span class='ocrx_word' id='word_1_787' title='bbox 2767 4144 3023 4212; x_wconf 91' lang='lat' dir='ltr'><strong>temporis</strong></span> <span class='ocrx_word' id='word_1_788' title='bbox 3057 4144 3406 4199; x_wconf 84' lang='lat' dir='ltr'><strong>diuturnitate</strong></span> <span class='ocrx_word' id='word_1_789' title='bbox 3422 4145 3567 4199; x_wconf 84' lang='lat' dir='ltr'><strong>debi-</strong></span> 
     </span>
    </p>
   </div>
   <div class='ocr_carea' id='block_1_104' title="bbox 1959 4232 3562 4304">
    <p class='ocr_par' dir='ltr' id='par_1_104' title="bbox 1959 4232 3562 4304">
     <span class='ocr_line' id='line_1_106' title="bbox 1959 4232 3562 4304; baseline 0.003 -19"><span class='ocrx_word' id='word_1_790' title='bbox 1959 4232 2195 4286; x_wconf 89' lang='lat' dir='ltr'><strong>litentur.</strong></span> <span class='ocrx_word' id='word_1_791' title='bbox 2223 4234 2555 4303; x_wconf 91' lang='lat' dir='ltr'><strong>Cuperemus</strong></span> <span class='ocrx_word' id='word_1_792' title='bbox 2576 4242 2752 4288; x_wconf 85' lang='lat' dir='ltr'><strong>autem</strong></span> <span class='ocrx_word' id='word_1_793' title='bbox 2781 4234 3025 4288; x_wconf 90' lang='lat' dir='ltr'><strong>crebrius</strong></span> <span class='ocrx_word' id='word_1_794' title='bbox 3042 4250 3255 4304; x_wconf 90' lang='lat' dir='ltr'><strong>quoque</strong></span> <span class='ocrx_word' id='word_1_795' title='bbox 3278 4236 3344 4288; x_wconf 86' lang='lat' dir='ltr'><strong>ad</strong></span> <span class='ocrx_word' id='word_1_796' title='bbox 3368 4244 3419 4289; x_wconf 93' lang='lat' dir='ltr'><strong>te</strong></span> <span class='ocrx_word' id='word_1_797' title='bbox 3443 4237 3562 4290; x_wconf 81' lang='lat' dir='ltr'><strong>lite-</strong></span> 
     </span>
    </p>
   </div>
   <div class='ocr_carea' id='block_1_105' title="bbox 1958 4325 3563 4397">
    <p class='ocr_par' dir='ltr' id='par_1_105' title="bbox 1958 4325 3563 4397">
     <span class='ocr_line' id='line_1_107' title="bbox 1958 4325 3563 4397; baseline -0.001 -17"><span class='ocrx_word' id='word_1_798' title='bbox 1958 4341 2044 4380; x_wconf 86' lang='lat' dir='ltr'><strong>ras</strong></span> <span class='ocrx_word' id='word_1_799' title='bbox 2070 4325 2218 4392; x_wconf 86' lang='lat' dir='ltr'><strong>dare;</strong></span> <span class='ocrx_word' id='word_1_800' title='bbox 2241 4341 2423 4381; x_wconf 91' lang='lat' dir='ltr'><strong>verum</strong></span> <span class='ocrx_word' id='word_1_801' title='bbox 2443 4327 2695 4397; x_wconf 86' lang='lat' dir='ltr'><strong>quoniam</strong></span> <span class='ocrx_word' id='word_1_802' title='bbox 2728 4327 2779 4381; x_wconf 93' lang='lat' dir='ltr'><strong>id</strong></span> <span class='ocrx_word' id='word_1_803' title='bbox 2809 4337 2920 4380; x_wconf 92' lang='lat' dir='ltr'><strong>tum</strong></span> <span class='ocrx_word' id='word_1_804' title='bbox 2943 4327 3011 4381; x_wconf 93' lang='lat' dir='ltr'><strong>ob</strong></span> <span class='ocrx_word' id='word_1_805' title='bbox 3039 4326 3245 4382; x_wconf 86' lang='lat' dir='ltr'><strong>itineris</strong></span> <span class='ocrx_word' id='word_1_806' title='bbox 3274 4326 3563 4382; x_wconf 71' lang='lat' dir='ltr'><strong>difﬁcinlta-</strong></span> 
     </span>
    </p>
   </div>
   <div class='ocr_carea' id='block_1_106' title="bbox 1958 4419 3560 4490">
    <p class='ocr_par' dir='ltr' id='par_1_106' title="bbox 1958 4419 3560 4490">
     <span class='ocr_line' id='line_1_108' title="bbox 1958 4419 3560 4490; baseline 0 -16"><span class='ocrx_word' id='word_1_807' title='bbox 1958 4428 2088 4485; x_wconf 87' lang='lat' dir='ltr'><strong>tem,</strong></span> <span class='ocrx_word' id='word_1_808' title='bbox 2119 4428 2228 4474; x_wconf 91' lang='lat' dir='ltr'><strong>tum</strong></span> <span class='ocrx_word' id='word_1_809' title='bbox 2251 4419 2322 4474; x_wconf 90' lang='lat' dir='ltr'><strong>ob</strong></span> <span class='ocrx_word' id='word_1_810' title='bbox 2349 4435 2538 4475; x_wconf 91' lang='lat' dir='ltr'><strong>eorum</strong></span> <span class='ocrx_word' id='word_1_811' title='bbox 2581 4420 2672 4490; x_wconf 91' lang='lat' dir='ltr'><strong>qui</strong></span> <span class='ocrx_word' id='word_1_812' title='bbox 2717 4419 2820 4475; x_wconf 90' lang='lat' dir='ltr'><strong>iter</strong></span> <span class='ocrx_word' id='word_1_813' title='bbox 2864 4419 3065 4474; x_wconf 86' lang='lat' dir='ltr'><strong>faciunt</strong></span> <span class='ocrx_word' id='word_1_814' title='bbox 3103 4421 3379 4475; x_wconf 87' lang='lat' dir='ltr'><strong>raritatem</strong></span> <span class='ocrx_word' id='word_1_815' title='bbox 3421 4421 3560 4474; x_wconf 82' lang='lat' dir='ltr'><strong>haud</strong></span> 
     </span>
    </p>
   </div>
   <div class='ocr_carea' id='block_1_107' title="bbox 1958 4511 3560 4583">
    <p class='ocr_par' dir='ltr' id='par_1_107' title="bbox 1958 4511 3560 4583">
     <span class='ocr_line' id='line_1_109' title="bbox 1958 4511 3560 4583; baseline -0.001 -17"><span class='ocrx_word' id='word_1_816' title='bbox 1958 4512 2115 4566; x_wconf 79' lang='lat' dir='ltr'><strong>facile</strong></span> <span class='ocrx_word' id='word_1_817' title='bbox 2135 4520 2238 4579; x_wconf 89' lang='lat' dir='ltr'><strong>est,</strong></span> <span class='ocrx_word' id='word_1_818' title='bbox 2261 4513 2477 4582; x_wconf 89' lang='lat' dir='ltr'><strong>quoties</strong></span> <span class='ocrx_word' id='word_1_819' title='bbox 2504 4511 2630 4566; x_wconf 90' lang='lat' dir='ltr'><strong>licet</strong></span> <span class='ocrx_word' id='word_1_820' title='bbox 2659 4521 2710 4566; x_wconf 90' lang='lat' dir='ltr'><strong>te</strong></span> <span class='ocrx_word' id='word_1_821' title='bbox 2738 4512 3055 4579; x_wconf 88' lang='lat' dir='ltr'><strong>salutamus,</strong></span> <span class='ocrx_word' id='word_1_822' title='bbox 3085 4511 3288 4583; x_wconf 87' lang='lat' dir='ltr'><strong>tibique</strong></span> <span class='ocrx_word' id='word_1_823' title='bbox 3319 4513 3445 4566; x_wconf 86' lang='lat' dir='ltr'><strong>illud</strong></span> <span class='ocrx_word' id='word_1_824' title='bbox 3485 4514 3560 4565; x_wconf 70' lang='lat' dir='ltr'><strong>si-</strong></span> 
     </span>
    </p>
   </div>
   <div class='ocr_carea' id='block_1_108' title="bbox 1957 4603 3559 4674">
    <p class='ocr_par' dir='ltr' id='par_1_108' title="bbox 1957 4603 3559 4674">
     <span class='ocr_line' id='line_1_110' title="bbox 1957 4603 3559 4674; baseline 0.001 -18"><span class='ocrx_word' id='word_1_825' title='bbox 1957 4604 2298 4674; x_wconf 75' lang='lat' dir='ltr'><strong>gnificamus,</strong></span> <span class='ocrx_word' id='word_1_826' title='bbox 2319 4619 2418 4658; x_wconf 87' lang='lat' dir='ltr'><strong>nos</strong></span> <span class='ocrx_word' id='word_1_827' title='bbox 2440 4603 2516 4657; x_wconf 88' lang='lat' dir='ltr'><strong>tui</strong></span> <span class='ocrx_word' id='word_1_828' title='bbox 2541 4619 2829 4673; x_wconf 85' lang='lat' dir='ltr'><strong>numquam</strong></span> <span class='ocrx_word' id='word_1_829' title='bbox 2854 4618 2960 4658; x_wconf 91' lang='lat' dir='ltr'><strong>non</strong></span> <span class='ocrx_word' id='word_1_830' title='bbox 2980 4605 3312 4668; x_wconf 85' lang='lat' dir='ltr'><strong>meminisse,</strong></span> <span class='ocrx_word' id='word_1_831' title='bbox 3331 4612 3489 4673; x_wconf 87' lang='lat' dir='ltr'><strong>teque</strong></span> <span class='ocrx_word' id='word_1_832' title='bbox 3509 4605 3559 4657; x_wconf 88' lang='lat' dir='ltr'><strong>in</strong></span> 
     </span>
    </p>
   </div>
   <div class='ocr_carea' id='block_1_109' title="bbox 1958 4695 3564 4765">
    <p class='ocr_par' dir='ltr' id='par_1_109' title="bbox 1958 4695 3564 4765">
     <span class='ocr_line' id='line_1_111' title="bbox 1958 4695 3564 4765; baseline 0.001 -17"><span class='ocrx_word' id='word_1_833' title='bbox 1958 4695 2137 4749; x_wconf 87' lang='lat' dir='ltr'><strong>animo</strong></span> <span class='ocrx_word' id='word_1_834' title='bbox 2165 4705 2372 4760; x_wconf 90' lang='lat' dir='ltr'><strong>nostro,</strong></span> <span class='ocrx_word' id='word_1_835' title='bbox 2397 4710 2736 4765; x_wconf 89' lang='lat' dir='ltr'><strong>quocumque</strong></span> <span class='ocrx_word' id='word_1_836' title='bbox 2761 4695 2973 4750; x_wconf 89' lang='lat' dir='ltr'><strong>tandem</strong></span> <span class='ocrx_word' id='word_1_837' title='bbox 3006 4697 3058 4749; x_wconf 91' lang='lat' dir='ltr'><strong>in</strong></span> <span class='ocrx_word' id='word_1_838' title='bbox 3093 4696 3212 4750; x_wconf 91' lang='lat' dir='ltr'><strong>loco</strong></span> <span class='ocrx_word' id='word_1_839' title='bbox 3240 4697 3427 4758; x_wconf 83' lang='lat' dir='ltr'><strong>simus,</strong></span> <span class='ocrx_word' id='word_1_840' title='bbox 3458 4696 3564 4750; x_wconf 86' lang='lat' dir='ltr'><strong>cir-</strong></span> 
     </span>
    </p>
   </div>
   <div class='ocr_carea' id='block_1_110' title="bbox 1958 4785 3563 4857">
    <p class='ocr_par' dir='ltr' id='par_1_110' title="bbox 1958 4785 3563 4857">
     <span class='ocr_line' id='line_1_112' title="bbox 1958 4785 3563 4857; baseline 0.002 -17"><span class='ocrx_word' id='word_1_841' title='bbox 1958 4785 2246 4842; x_wconf 81' lang='lat' dir='ltr'><strong>cumferre.</strong></span> <span class='ocrx_word' id='word_1_842' title='bbox 2277 4785 2418 4842; x_wconf 88' lang='lat' dir='ltr'><strong>Cura</strong></span> <span class='ocrx_word' id='word_1_843' title='bbox 2444 4786 2603 4857; x_wconf 88' lang='lat' dir='ltr'><strong>igitur</strong></span> <span class='ocrx_word' id='word_1_844' title='bbox 2626 4795 2681 4841; x_wconf 87' lang='lat' dir='ltr'><strong>tu</strong></span> <span class='ocrx_word' id='word_1_845' title='bbox 2707 4801 2942 4857; x_wconf 89' lang='lat' dir='ltr'><strong>quoque,</strong></span> <span class='ocrx_word' id='word_1_846' title='bbox 2965 4797 3024 4841; x_wconf 91' lang='lat' dir='ltr'><strong>ut</strong></span> <span class='ocrx_word' id='word_1_847' title='bbox 3049 4787 3117 4842; x_wconf 92' lang='lat' dir='ltr'><strong>de</strong></span> <span class='ocrx_word' id='word_1_848' title='bbox 3144 4797 3231 4842; x_wconf 85' lang='lat' dir='ltr'><strong>tua</strong></span> <span class='ocrx_word' id='word_1_849' title='bbox 3255 4789 3563 4843; x_wconf 80' lang='lat' dir='ltr'><strong>valetudine</strong></span> 
     </span>
    </p>
   </div>
   <div class='ocr_carea' id='block_1_111' title="bbox 1957 4879 3562 4952">
    <p class='ocr_par' dir='ltr' id='par_1_111' title="bbox 1957 4879 3562 4952">
     <span class='ocr_line' id='line_1_113' title="bbox 1957 4879 3562 4952; baseline 0.003 -19"><span class='ocrx_word' id='word_1_850' title='bbox 1957 4894 2116 4949; x_wconf 81' lang='lat' dir='ltr'><strong>quam</strong></span> <span class='ocrx_word' id='word_1_851' title='bbox 2147 4879 2447 4949; x_wconf 59' lang='lat' dir='ltr'><strong>saepissime</strong></span> <span class='ocrx_word' id='word_1_852' title='bbox 2470 4879 2730 4935; x_wconf 89' lang='lat' dir='ltr'><strong>certiores</strong></span> <span class='ocrx_word' id='word_1_853' title='bbox 2766 4879 2978 4949; x_wconf 85' lang='lat' dir='ltr'><strong>fiamus,</strong></span> <span class='ocrx_word' id='word_1_854' title='bbox 3013 4895 3142 4952; x_wconf 92' lang='lat' dir='ltr'><strong>quo,</strong></span> <span class='ocrx_word' id='word_1_855' title='bbox 3180 4881 3303 4936; x_wconf 88' lang='lat' dir='ltr'><strong>licet</strong></span> <span class='ocrx_word' id='word_1_856' title='bbox 3335 4897 3562 4951; x_wconf 75' lang='lat' dir='ltr'><strong>corpore</strong></span> 
     </span>
    </p>
   </div>
   <div class='ocr_carea' id='block_1_112' title="bbox 1959 4970 3558 5044">
    <p class='ocr_par' dir='ltr' id='par_1_112' title="bbox 1959 4970 3558 5044">
     <span class='ocr_line' id='line_1_114' title="bbox 1959 4970 3558 5044; baseline 0.001 -19"><span class='ocrx_word' id='word_1_857' title='bbox 1959 4972 2173 5039; x_wconf 88' lang='lat' dir='ltr'><strong>semoti,</strong></span> <span class='ocrx_word' id='word_1_858' title='bbox 2196 4970 2266 5028; x_wconf 90' lang='lat' dir='ltr'><strong>de</strong></span> <span class='ocrx_word' id='word_1_859' title='bbox 2288 4980 2376 5027; x_wconf 89' lang='lat' dir='ltr'><strong>tua</strong></span> <span class='ocrx_word' id='word_1_860' title='bbox 2412 4971 2723 5027; x_wconf 91' lang='lat' dir='ltr'><strong>valetudine</strong></span> <span class='ocrx_word' id='word_1_861' title='bbox 2746 4971 2977 5029; x_wconf 89' lang='lat' dir='ltr'><strong>subinde</strong></span> <span class='ocrx_word' id='word_1_862' title='bbox 3019 4972 3219 5044; x_wconf 91' lang='lat' dir='ltr'><strong>aliquid</strong></span> <span class='ocrx_word' id='word_1_863' title='bbox 3258 4973 3558 5040; x_wconf 81' lang='lat' dir='ltr'><strong>audientes,</strong></span> 
     </span>
    </p>
   </div>
   <div class='ocr_carea' id='block_1_113' title="bbox 1956 5062 3562 5135">
    <p class='ocr_par' dir='ltr' id='par_1_113' title="bbox 1956 5062 3562 5135">
     <span class='ocr_line' id='line_1_115' title="bbox 1956 5062 3562 5135; baseline 0.001 -18"><span class='ocrx_word' id='word_1_864' title='bbox 1956 5063 2218 5119; x_wconf 89' lang='lat' dir='ltr'><strong>alacriore</strong></span> <span class='ocrx_word' id='word_1_865' title='bbox 2242 5062 2425 5118; x_wconf 90' lang='lat' dir='ltr'><strong>animo</strong></span> <span class='ocrx_word' id='word_1_866' title='bbox 2447 5063 2635 5129; x_wconf 85' lang='lat' dir='ltr'><strong>simus,</strong></span> <span class='ocrx_word' id='word_1_867' title='bbox 2669 5063 3067 5135; x_wconf 89' lang='lat' dir='ltr'><strong>ingentemque,</strong></span> <span class='ocrx_word' id='word_1_868' title='bbox 3101 5064 3261 5120; x_wconf 88' lang='lat' dir='ltr'><strong>etiam</strong></span> <span class='ocrx_word' id='word_1_869' title='bbox 3290 5066 3342 5119; x_wconf 90' lang='lat' dir='ltr'><strong>in</strong></span> <span class='ocrx_word' id='word_1_870' title='bbox 3373 5066 3562 5120; x_wconf 85' lang='lat' dir='ltr'><strong>solitu-</strong></span> 
     </span>
    </p>
   </div>
   <div class='ocr_carea' id='block_1_114' title="bbox 1957 5153 3558 5227">
    <p class='ocr_par' dir='ltr' id='par_1_114' title="bbox 1957 5153 3558 5227">
     <span class='ocr_line' id='line_1_116' title="bbox 1957 5153 3558 5227; baseline 0.002 -19"><span class='ocrx_word' id='word_1_871' title='bbox 1957 5155 2082 5209; x_wconf 92' lang='lat' dir='ltr'><strong>dine</strong></span> <span class='ocrx_word' id='word_1_872' title='bbox 2127 5153 2401 5222; x_wconf 86' lang='lat' dir='ltr'><strong>sedentes,</strong></span> <span class='ocrx_word' id='word_1_873' title='bbox 2434 5155 2860 5212; x_wconf 90' lang='lat' dir='ltr'><strong>consolationem</strong></span> <span class='ocrx_word' id='word_1_874' title='bbox 2912 5157 3207 5227; x_wconf 88' lang='lat' dir='ltr'><strong>capiamus.</strong></span> <span class='ocrx_word' id='word_1_875' title='bbox 3256 5157 3367 5212; x_wconf 90' lang='lat' dir='ltr'><strong>Nec</strong></span> <span class='ocrx_word' id='word_1_876' title='bbox 3414 5159 3558 5212; x_wconf 88' lang='lat' dir='ltr'><strong>enim</strong></span> 
     </span>
    </p>
   </div>
   <div class='ocr_carea' id='block_1_115' title="bbox 1958 5248 3562 5320">
    <p class='ocr_par' dir='ltr' id='par_1_115' title="bbox 1958 5248 3562 5320">
     <span class='ocr_line' id='line_1_117' title="bbox 1958 5248 3562 5320; baseline 0.001 -19"><span class='ocrx_word' id='word_1_877' title='bbox 1958 5263 2120 5317; x_wconf 88' lang='lat' dir='ltr'><strong>parva</strong></span> <span class='ocrx_word' id='word_1_878' title='bbox 2159 5248 2436 5318; x_wconf 86' lang='lat' dir='ltr'><strong>voluptate</strong></span> <span class='ocrx_word' id='word_1_879' title='bbox 2462 5248 2746 5316; x_wconf 83' lang='lat' dir='ltr'><strong>afficimur,</strong></span> <span class='ocrx_word' id='word_1_880' title='bbox 2787 5263 2910 5304; x_wconf 89' lang='lat' dir='ltr'><strong>cum</strong></span> <span class='ocrx_word' id='word_1_881' title='bbox 2940 5257 2992 5304; x_wconf 90' lang='lat' dir='ltr'><strong>te</strong></span> <span class='ocrx_word' id='word_1_882' title='bbox 3030 5250 3232 5320; x_wconf 89' lang='lat' dir='ltr'><strong>optime</strong></span> <span class='ocrx_word' id='word_1_883' title='bbox 3260 5251 3439 5304; x_wconf 79' lang='lat' dir='ltr'><strong>valere</strong></span> <span class='ocrx_word' id='word_1_884' title='bbox 3468 5266 3562 5303; x_wconf 82' lang='lat' dir='ltr'><strong>au-</strong></span> 
     </span>
    </p>
   </div>
   <div class='ocr_carea' id='block_1_116' title="bbox 1957 5341 3560 5413">
    <p class='ocr_par' dir='ltr' id='par_1_116' title="bbox 1957 5341 3560 5413">
     <span class='ocr_line' id='line_1_118' title="bbox 1957 5341 3560 5413; baseline 0.002 -20"><span class='ocrx_word' id='word_1_885' title='bbox 1957 5341 2154 5396; x_wconf 90' lang='lat' dir='ltr'><strong>dimus.</strong></span> <span class='ocrx_word' id='word_1_886' title='bbox 2189 5341 2328 5397; x_wconf 83' lang='lat' dir='ltr'><strong>Ante</strong></span> <span class='ocrx_word' id='word_1_887' title='bbox 2358 5343 2539 5397; x_wconf 90' lang='lat' dir='ltr'><strong>omnia</strong></span> <span class='ocrx_word' id='word_1_888' title='bbox 2585 5349 2766 5397; x_wconf 88' lang='lat' dir='ltr'><strong>autem</strong></span> <span class='ocrx_word' id='word_1_889' title='bbox 2792 5341 2924 5398; x_wconf 90' lang='lat' dir='ltr'><strong>illud</strong></span> <span class='ocrx_word' id='word_1_890' title='bbox 2948 5350 3004 5398; x_wconf 91' lang='lat' dir='ltr'><strong>te</strong></span> <span class='ocrx_word' id='word_1_891' title='bbox 3036 5356 3156 5411; x_wconf 89' lang='lat' dir='ltr'><strong>oro,</strong></span> <span class='ocrx_word' id='word_1_892' title='bbox 3185 5351 3241 5398; x_wconf 90' lang='lat' dir='ltr'><strong>ut</strong></span> <span class='ocrx_word' id='word_1_893' title='bbox 3267 5357 3365 5413; x_wconf 92' lang='lat' dir='ltr'><strong>pro</strong></span> <span class='ocrx_word' id='word_1_894' title='bbox 3405 5343 3560 5396; x_wconf 89' lang='lat' dir='ltr'><strong>nobis</strong></span> 
     </span>
    </p>
   </div>
   <div class='ocr_carea' id='block_1_117' title="bbox 1958 5433 2743 5502">
    <p class='ocr_par' dir='ltr' id='par_1_117' title="bbox 1958 5433 2743 5502">
     <span class='ocr_line' id='line_1_119' title="bbox 1958 5433 2743 5502; baseline 0.003 -16"><span class='ocrx_word' id='word_1_895' title='bbox 1958 5447 2146 5502; x_wconf 87' lang='lat' dir='ltr'><strong>preces</strong></span> <span class='ocrx_word' id='word_1_896' title='bbox 2177 5433 2242 5487; x_wconf 91' lang='lat' dir='ltr'><strong>ad</strong></span> <span class='ocrx_word' id='word_1_897' title='bbox 2274 5433 2442 5487; x_wconf 88' lang='lat' dir='ltr'><strong>Deum</strong></span> <span class='ocrx_word' id='word_1_898' title='bbox 2465 5433 2743 5488; x_wconf 88' lang='lat' dir='ltr'><strong>adhibeas.</strong></span> 
     </span>
    </p>
   </div>
   <div class='ocr_carea' id='block_1_118' title="bbox 1957 5524 3556 5597">
    <p class='ocr_par' dir='ltr' id='par_1_118' title="bbox 1957 5524 3556 5597">
     <span class='ocr_line' id='line_1_120' title="bbox 1957 5524 3556 5597; baseline 0.001 -17"><span class='ocrx_word' id='word_1_899' title='bbox 1957 5524 2259 5580; x_wconf 77' lang='lat' dir='ltr'><strong>XXXVII.</strong></span> <span class='ocrx_word' id='word_1_900' title='bbox 2315 5525 2672 5596; x_wconf 80' lang='lat' dir='ltr'><strong>Tranquilh&#39;no</strong></span> <span class='ocrx_word' id='word_1_901' title='bbox 2726 5527 2981 5597; x_wconf 80' lang='lat' dir='ltr'><strong>episcopo.</strong></span> <span class='ocrx_word' id='word_1_902' title='bbox 3011 5526 3242 5597; x_wconf 88' lang='lat' dir='ltr'><strong>(Cucuso</strong></span> <span class='ocrx_word' id='word_1_903' title='bbox 3286 5541 3450 5587; x_wconf 85' lang='lat' dir='ltr'><strong>anno,</strong></span> <span class='ocrx_word' id='word_1_904' title='bbox 3499 5537 3556 5583; x_wconf 89' lang='lat' dir='ltr'><strong>ut</strong></span> 
     </span>
    </p>
   </div>
   <div class='ocr_carea' id='block_1_119' title="bbox 2405 5619 3080 5688">
    <p class='ocr_par' dir='ltr' id='par_1_119' title="bbox 2405 5619 3080 5688">
     <span class='ocr_line' id='line_1_121' title="bbox 2405 5619 3080 5688; baseline 0 -16"><span class='ocrx_word' id='word_1_905' title='bbox 2405 5627 2639 5688; x_wconf 87' lang='lat' dir='ltr'><strong>putatur,</strong></span> <span class='ocrx_word' id='word_1_906' title='bbox 2664 5619 2786 5682; x_wconf 72' lang='grc'><strong>404,</strong></span> <span class='ocrx_word' id='word_1_907' title='bbox 2818 5619 2903 5673; x_wconf 87' lang='lat' dir='ltr'><strong>vel</strong></span> <span class='ocrx_word' id='word_1_908' title='bbox 2928 5619 3080 5688; x_wconf 79' lang='grc'><strong>405.)</strong></span> 
     </span>
    </p>
   </div>
   <div class='ocr_carea' id='block_1_120' title="bbox 2026 5709 3548 5778">
    <p class='ocr_par' dir='ltr' id='par_1_120' title="bbox 2026 5709 3548 5778">
     <span class='ocr_line' id='line_1_122' title="bbox 2026 5709 3548 5778; baseline -0.003 -15"><span class='ocrx_word' id='word_1_909' title='bbox 2026 5709 2552 5766; x_wconf 83' lang='lat' dir='ltr'><strong>Reverendissimum</strong></span> <span class='ocrx_word' id='word_1_910' title='bbox 2594 5711 2871 5765; x_wconf 90' lang='lat' dir='ltr'><strong>dominum</strong></span> <span class='ocrx_word' id='word_1_911' title='bbox 2903 5726 3080 5766; x_wconf 91' lang='lat' dir='ltr'><strong>meum</strong></span> <span class='ocrx_word' id='word_1_912' title='bbox 3111 5712 3420 5778; x_wconf 86' lang='lat' dir='ltr'><strong>episcopum</strong></span> <span class='ocrx_word' id='word_1_913' title='bbox 3453 5710 3548 5762; x_wconf 70' lang='lat' dir='ltr'><strong>Se.</strong></span> 
     </span>
    </p>
   </div>
   <div class='ocr_carea' id='block_1_121' title="bbox 1955 5802 3548 5870">
    <p class='ocr_par' dir='ltr' id='par_1_121' title="bbox 1955 5802 3548 5870">
     <span class='ocr_line' id='line_1_123' title="bbox 1955 5802 3548 5870; baseline -0.002 -12"><span class='ocrx_word' id='word_1_914' title='bbox 1955 5803 2188 5870; x_wconf 84' lang='lat' dir='ltr'><strong>leucum,</strong></span> <span class='ocrx_word' id='word_1_915' title='bbox 2217 5814 2270 5857; x_wconf 92' lang='lat' dir='ltr'><strong>ut</strong></span> <span class='ocrx_word' id='word_1_916' title='bbox 2297 5803 2479 5856; x_wconf 66' lang='lat' dir='ltr'><strong>relicta</strong></span> <span class='ocrx_word' id='word_1_917' title='bbox 2509 5803 2668 5856; x_wconf 79' lang='lat' dir='ltr'><strong>domu</strong></span> <span class='ocrx_word' id='word_1_918' title='bbox 2701 5804 2803 5857; x_wconf 84' lang='lat' dir='ltr'><strong>ltuc</strong></span> <span class='ocrx_word' id='word_1_919' title='bbox 2831 5817 2890 5857; x_wconf 88' lang='lat' dir='ltr'><strong>se</strong></span> <span class='ocrx_word' id='word_1_920' title='bbox 2916 5804 3184 5856; x_wconf 76' lang='lat' dir='ltr'><strong>conferret</strong></span> <span class='ocrx_word' id='word_1_921' title='bbox 3209 5844 3221 5864; x_wconf 93' lang='lat'><strong>,</strong></span> <span class='ocrx_word' id='word_1_922' title='bbox 3253 5803 3418 5855; x_wconf 75' lang='lat' dir='ltr'><strong>nostri</strong></span> <span class='ocrx_word' id='word_1_923' title='bbox 3451 5802 3548 5855; x_wconf 71' lang='grc' dir='ltr'><strong>ἀυ-</strong></span> 
     </span>
    </p>
   </div>
   <div class='ocr_carea' id='block_1_122' title="bbox 2018 5915 3392 5980">
    <p class='ocr_par' dir='ltr' id='par_1_122' title="bbox 2018 5915 3392 5980">
     <span class='ocr_line' id='line_1_124' title="bbox 2018 5915 3392 5980; baseline -0.001 -14"><span class='ocrx_word' id='word_1_924' title='bbox 2018 5918 2036 5950; x_wconf 78' lang='grc'>¹</span> <span class='ocrx_word' id='word_1_925' title='bbox 2071 5917 2216 5966; x_wconf 73' lang='lat' dir='ltr'><strong>satil.</strong></span> <span class='ocrx_word' id='word_1_926' title='bbox 2245 5916 2293 5964; x_wconf 88' lang='lat' dir='ltr'><strong>in</strong></span> <span class='ocrx_word' id='word_1_927' title='bbox 2318 5924 2458 5966; x_wconf 74' lang='lat' dir='ltr'><strong>textu</strong></span> <span class='ocrx_word' id='word_1_928' title='bbox 2485 5916 2627 5978; x_wconf 56' lang='grc' dir='ltr'><strong>ιαμ,</strong></span> <span class='ocrx_word' id='word_1_929' title='bbox 2657 5924 2892 5977; x_wconf 67' lang='lat' dir='ltr'><strong>Romulo;</strong></span> <span class='ocrx_word' id='word_1_930' title='bbox 2918 5917 2964 5965; x_wconf 90' lang='lat' dir='ltr'><strong>in</strong></span> <span class='ocrx_word' id='word_1_931' title='bbox 2988 5928 3162 5980; x_wconf 85' lang='lat' dir='ltr'><strong>marg.,</strong></span> <span class='ocrx_word' id='word_1_932' title='bbox 3189 5915 3392 5967; x_wconf 74' lang='lat' dir='ltr'><strong>Maroni.</strong></span> 
     </span>
    </p>
   </div>
  </div>
