4172 6478
711 397 808 454 nl

718 509 963 565 siderium
1013 513 1260 567 excitavit
1286 529 1300 565 :
1330 520 1388 568 ut
1429 524 1607 570 autem
1658 515 1782 572 hinc
1831 529 2022 573 rursus
2062 515 2282 573 domum

713 599 932 668 rediret,
954 603 1031 657 tui
1050 617 1220 658 amor.
1246 602 1378 660 Nam
1393 605 1480 660 hic
1497 619 1620 662 eum
1642 605 1866 671 induxit,
1886 615 2014 664 utet
2033 607 2287 675 hiemem,

715 697 771 742 et
795 689 998 746 itineris
1017 691 1400 760 difﬁcultatem,
1422 703 1476 751 et
1497 697 1870 766 gravissimum
1898 697 2141 754 morbum
2159 711 2289 753 con-

717 785 997 837 temneret.
1025 781 1334 840 Collaudato
1358 784 1535 856 itaque
1576 787 1741 858 ipsius
1783 803 1967 844 amore
1999 802 2062 844 ac
2087 789 2285 853 studio,

712 873 927 929 domine
957 875 1027 930 mi
1055 878 1488 946 praestantissime
1507 920 1523 946 ,
1551 879 1813 936 diuturna:
1856 880 2013 950 hujus
2038 895 2289 937 aerumnae

717 965 990 1034 praemium
1017 967 1117 1036 ipsi
1154 971 1386 1039 repende
1408 1011 1423 1037 ,
1449 971 1583 1026 hanc
1611 971 1858 1026 nimirum
1877 1012 1892 1037 ,
1921 987 2078 1043 quam
2103 973 2249 1030 soles
2270 1013 2286 1038 ,

717 1056 988 1138 caritatem
1031 1072 1159 1129 erga
1197 1073 1317 1116 eum
1369 1061 1675 1138 ostendens.
1723 1060 1830 1116 Nos
1876 1063 2020 1117 enim
2073 1076 2196 1119 eum
2222 1061 2288 1117 ad

680 1129 833 1200 "tuas
857 1130 1068 1213 manus,
1097 1151 1240 1204 velut
1267 1150 1334 1205 ad
1364 1129 1702 1222 tranquillum
1732 1153 2012 1222 quemdam
2041 1163 2250 1224 portum
2270 1196 2287 1222 ,

717 1237 1123 1306 transmisimus,
1150 1241 1344 1310 quippe
1366 1241 1454 1313 qui
1481 1253 1622 1298 tuam
1648 1245 1954 1300 comitatem
1981 1235 2087 1310 ,‘ae
2110 1247 2289 1302 since-

716 1338 828 1379 ram
852 1366 869 1391 ,
887 1324 1212 1398 ferventem,
1244 1330 1453 1387 ilrmam
1473 1341 1631 1403 atque
1658 1343 1988 1391 constantem
2017 1338 2289 1392 caritatem

718 1427 1044 1487 compertam
1075 1421 1382 1479 habeamus.
1413 1425 1488 1481 Ac
1515 1426 1560 1480 si
1597 1427 1858 1497 quispiam
1888 1429 2043 1485 istinc
2069 1430 2245 1485 veniat
2271 1471 2288 1496 ,

718 1507 874 1579 idque
897 1509 1048 1564 facile
1072 1513 1174 1579 sit,
1202 1514 1270 1569 de
1299 1525 1386 1570 tua
1416 1517 1714 1574 valetudine
1744 1521 1899 1574 velim
1921 1521 1987 1576 ad
2019 1537 2116 1577 nos
2155 1522 2289 1578 scri-

715 1599 826 1654 bas.
857 1601 1188 1674 Eupsychius
1212 1608 1354 1662 enim
1382 1609 1448 1663 ad
1474 1624 1570 1664 nos
1594 1625 1698 1665 non
1724 1627 1869 1666 nunc
1891 1615 2145 1669 accessit:
2172 1615 2292 1671 ideo

717 1693 847 1750 nihil
871 1713 940 1752 ex
967 1698 1031 1753 iis
1060 1715 1176 1769 qua:
1198 1741 1216 1767 ,
1239 1716 1359 1757 cum
1387 1720 1556 1775 nuper
1585 1707 1652 1761 ad
1682 1722 1779 1763 nos
1803 1709 2092 1777 scriberes,
2115 1712 2288 1768 dictu-

716 1799 834 1840 rum
860 1787 1007 1843 illum
1031 1791 1230 1859 aiebas,
1260 1795 1399 1849 scire
1425 1797 1709 1864 potuimus,
1735 1800 1879 1870 quod
1911 1801 2156 1858 videlicet
2178 1806 2290 1875 ipse

717 1890 977 1947 nusquam
1001 1892 1269 1950 appareat.
1288 1883 1412 1940 Haec
1432 1887 1591 1956 igitur
1621 1902 1742 1944 cum
1764 1890 1854 1944 tibi
1880 1892 2095 1948 minime
2111 1894 2289 1964 ignota

716 1967 856 2034 sint,
890 1978 998 2024 tum
1025 1987 1086 2026 ea
1115 1989 1234 2043 qua)
1271 1989 1368 2044 per
1411 1992 1532 2032 eum
1565 1993 1732 2048 nuper
1759 1981 1911 2036 nobis
1947 1983 2287 2052 signiﬁcanda

717 2072 1017 2125 curaveras,
1040 2073 1148 2117 tum
1169 2065 1213 2117 si
1240 2065 1364 2135 quid
1384 2067 1525 2123 aliud
1545 2069 1772 2138 amplius
1796 2080 1894 2124 nos
1915 2073 2051 2128 scire
2071 2089 2291 2131 necesse

715 2145 804 2212 sit,
827 2164 964 2203 nunc
986 2151 1172 2206 saltem
1198 2152 1279 2209 fac
1301 2155 1548 2221 sciamus,
1571 2173 1634 2214 ac
1647 2159 1716 2214 de
1732 2169 1816 2214 tua
1836 2162 2151 2231 valetudine,
2173 2181 2290 2235 qua:

716 2239 871 2295 nobis
894 2256 1113 2298 summzc
1141 2261 1282 2302 cura:
1305 2257 1407 2311 est,
1430 2250 1574 2305 etde
1602 2266 1724 2321 qua,
1753 2267 1872 2307 cum
1904 2265 2152 2322 perpetua
2177 2258 2287 2311 sol-

716 2327 986 2386 licitudine
1025 2332 1344 2402 laboremus,
1378 2349 1635 2409 perpetuo
1680 2356 1890 2412 quoque
1921 2343 2106 2400 audire
2142 2347 2292 2417 cupi-

716 2433 860 2482 mus,
892 2422 1088 2491 aliquid
1138 2426 1291 2481 nobis
1318 2428 1574 2496 signiﬁca.

715 2508 1050 2569 XXXVIII.
1089 2515 1362 2586 Hymnetr'o
1385 2520 1459 2590 (a)
1490 2521 1760 2578 mltialro.
1787 2523 2017 2594 (Cucuso
2043 2541 2203 2594 anno,
2233 2535 2292 2584 ιιι

1315 2618 1544 2678 putatur,
1572 2610 1722 2684 405.)

781 2692 893 2748 Etsi
924 2709 1028 2750 non
1063 2697 1254 2754 crebro
1274 2699 1341 2754 ad
1369 2710 1422 2756 te
1458 2701 1640 2757 literas
1663 2703 1925 2768 dedimus,
1957 2714 2013 2761 at
2034 2718 2290 2778 perpetuo

712 2789 888 2838 tamen
927 2787 1183 2842 memoria
1213 2797 1265 2844 te
1291 2798 1560 2860 gestamus
1581 2831 1598 2858 ,
1629 2781 1807 2865 It'qui
1835 2794 2086 2852 ferventis
2111 2800 2183 2854 tui
2225 2815 2290 2856 ac

711 2873 861 2941 probi
902 2884 956 2930 et
998 2877 1192 2933 sinceri
1234 2882 1432 2937 amoris
1469 2882 1654 2953 ingens
1681 2885 1865 2954 paucis
1905 2887 2092 2945 diebus
2118 2891 2285 2947 docu-

713 2973 948 3019 mentum
977 2969 1295 3037 ceperimus.
1327 2971 1513 3044 quue
1541 2975 1758 3033 nomine
1783 2979 2285 3038 reverendissimum

709 3053 981 3112 dominum
1007 3075 1182 3116 meum
1207 3063 1514 3134 episcopum
1541 3065 1820 3124 Seleucum
1844 3070 1910 3124 ad
1941 3079 2057 3126 tuas
2077 3088 2286 3142 manus,

711 3160 815 3201 non
842 3163 996 3204 secus
1019 3160 1178 3222 atque
1203 3154 1254 3208 in
1281 3165 1490 3224 portum
1511 3199 1527 3225 ,
1556 3161 1984 3219 transmittimus.
2015 3163 2146 3219 Nam
2173 3167 2287 3236 ipse

708 3237 1016 3304 gravissima
1056 3243 1189 3298 tussi
1216 3258 1435 3302 vexatur
1457 3288 1473 3315 ,
1507 3263 1663 3318 quam
1703 3252 1864 3307 etiam
1893 3253 2130 3310 infestius
2159 3261 2283 3314 anni

710 3334 918 3398 tempus
937 3342 1111 3402 auget,
1133 3335 1535 3409 gravioremque
1555 3341 1746 3396 reddit.
1769 3341 1901 3400 Cum
1930 3346 2087 3416 igitur
2110 3352 2282 3408 morbi

709 3426 971 3512 naturam
994 3433 1324 3512 perspectam
1369 3428 1567 3486 habeas
1585 3473 1604 3499 ,
1629 3431 1842 3490 domine
1871 3439 1940 3492 mi
1977 3443 2286 3512 cumprimis

707 3509 1026 3598 venerande,
1045 3511 1111 3566 da
1138 3529 1372 3584 operam,
1400 3527 1457 3573 ut
1474 3535 1596 3576 eum
1625 3537 1689 3579 ex
1720 3523 1820 3581 hac
1841 3509 2153 3598 tempestate
2179 3534 2285 3588 eri-

707 3595 840 3664 pias,
861 3599 1048 3656 morbo
1070 3601 1404 3661 incommodo
1418 3610 1547 3664 artis
1569 3621 1672 3666 tuae
1689 3613 1792 3668 vim
1813 3595 2108 3687 opponens,
2131 3623 2283 3692 cujus

705 3701 808 3781 ope
831 3697 990 3760 atque
1015 3692 1319 3764 adjumcnto
1339 3699 1532 3755 multos
1557 3715 1719 3773 saepe,
1749 3719 1870 3760 cum
1895 3707 1946 3762 in
1974 3707 2112 3764 idem
2142 3713 2284 3781 peri-

705 3777 884 3833 culum
911 3781 1200 3852 venissent,
1236 3803 1303 3842 ne
1330 3789 1590 3859 ejusmodi
1617 3791 1861 3852 (luctibus
1888 3777 2240 3858 obruerentur
2264 3843 2281 3873 ,

704 3882 736 3920 e
766 3868 1037 3940 naufragio
1061 3877 1237 3930 statim
1265 3879 1528 3936 exemisti.

775 3956 1042 4052 ξΧξΙΧ.
1071 3961 1364 4022 Chalcidice.
1397 3968 1630 4038 (Cucuso
1656 3987 1798 4030 anno
1826 3975 1931 4032 ιοι
1955 3978 2040 4034 vel
2067 3979 2220 4052 405.)

776 4047 1058 4142 _Caritatem
1088 4067 1207 4108 eam
1228 4097 1242 4118 ,
1274 4071 1429 4127 quam
1454 4059 1564 4128 jam
1595 4062 1719 4118 inde
1745 4065 1813 4120 ab
1841 4066 1991 4123 initio
2033 4085 2157 4142 erga
2186 4047 2285 4129 nos

707 4137 891 4203 habes,
923 4155 1045 4196 nov:
1071 4161 1083 4197 :
1107 4152 1352 4217 quodque
1378 4152 1642 4220 vigentem
1671 4169 1789 4210 eam
1819 4157 2070 4228 retineas,
2098 4137 2161 4218 ac
2188 4177 2281 4219 cu-

703 4231 1034 4290 mulatiorem
1059 4239 1281 4296 subinde
1309 4243 1517 4313 reddas,
1540 4261 1764 4319 eamque
1788 4251 1857 4307 ob
1871 4250 2278 4323 disjunctionem

701 4323 936 4372 nostram
969 4361 985 4386 ,
1013 4329 1323 4395 tantumque
1369 4331 1625 4400 temporis
1666 4335 1896 4404 spatium
1922 4377 1936 4402 ,
1967 4353 2072 4394 non
2121 4341 2281 4398 modo

699 4411 973 4467 obscurari
1003 4429 1108 4469 non
1135 4417 1406 4486 sinas,sed
1429 4422 1586 4479 etiam
1615 4426 1782 4497 magis
1803 4427 2117 4487 inﬂammes.
2147 4433 2281 4490 Illud

700 4515 910 4570 quoque
945 4504 1077 4571 scio,
1110 4515 1161 4561 te
1193 4508 1370 4564 literas
1396 4520 1604 4568 nostras
1631 4530 1817 4586 magna
1845 4532 1966 4573 cum
1993 4522 2153 4578 animi
2181 4539 2277 4579 vo-

701 4590 902 4660 luptate
924 4596 1196 4664 accipere;
1227 4606 1401 4670 teque,
1433 4604 1546 4660 sive
1566 4607 1788 4674 scribas,
1813 4610 1931 4666 sive
1955 4619 2152 4681 taceas,
2183 4631 2280 4672 eo-

699 4681 822 4735 dem
851 4691 1027 4739 tamen
1054 4700 1268 4758 semper
1303 4693 1480 4747 animo
1517 4709 1641 4766 erga
1667 4711 1764 4753 nos
1790 4714 1910 4756 esse
1933 4718 1947 4754 :
1973 4701 2024 4756 id
2055 4707 2196 4760 enim
2225 4717 2282 4763 et

698 4771 880 4826 multis
915 4773 968 4828 in
995 4775 1156 4832 rebus
1178 4818 1194 4844 ,
1221 4786 1276 4834 et
1301 4793 1444 4851 sape
1469 4798 1587 4838 sum
1614 4796 1889 4856 expertus.
1919 4791 2277 4856 Quamobrem

700 4871 751 4916 te
777 4877 893 4931 oro,
911 4872 970 4920 ut
993 4867 1235 4925 eumdem
1262 4885 1386 4943 erga
1408 4888 1508 4929 nos
1530 4878 1762 4933 animum
1790 4881 2020 4939 retinere
2049 4900 2274 4958 pergas:

696 4953 955 5022 siquidem
972 4957 1165 5015 sinceri
1193 4963 1265 5016 tui
1293 4967 1494 5022 amoris
1513 4957 1676 5024 multa
1704 4971 1947 5042 pignora,
1971 4953 2135 5033 multa
2147 4953 2276 5035 tmo-

697 5042 931 5101 nimenta
956 5047 1232 5110 habemus.
1260 5053 1464 5111 idcirco
1502 5065 1555 5114 te
1583 5066 1853 5132 tamquam
1883 5065 1934 5120 in
1962 5068 2144 5124 animo
2176 5085 2277 5126 no-

693 5135 1150 5230 stroinsculptam
1180 5154 1436 5214 perpetuo
1461 5148 1881 5211 cimmferimus
1901 5198 1918 5222 ,
1948 5161 2130 5230 tuique
2154 5178 2271 5218 me-

694 5225 915 5280 moriam
943 5227 1012 5283 ita
1040 5239 1298 5299 tenemus,
1330 5247 1390 5291 ut
1415 5238 1556 5294 nulla
1583 5241 1848 5300 oblivione
1871 5225 2057 5306 deleri'
2085 5253 2272 5322 possit,

693 5316 900 5372 etiamsi
918 5333 1021 5374 non
1043 5334 1185 5392 sape
1203 5327 1498 5385 scribamus
1517 5331 1588 5387 ob
1609 5335 2000 5395 tabellariorum
2019 5316 2272 5413 inopiam.

755 5453 1096 5540 $913993???
1118 5462 1971 5540 θέξφὶξὲἐρὶειιμξ.πεινηοβεπηρενν
1996 5475 2271 5540 ιιυηιειὴίιου

695 5512 1394 5603 ﬁliani-Angel‘hymetio.
1401 5512 1585 5603 vaga:
1597 5512 1971 5603 Ῑίεῦἇῐὶὅζῖλὲ
1987 5512 2270 5603 ἱιῖῧὶἱᾶἒῖἱιὶἶέξ

694 5576 1072 5662 in.“
1081 5584 1147 5662 sit
1167 5576 1451 5662 appellatus,
1467 5576 1637 5662 dicere
1645 5576 2270 5662 ’6ὸῖιῖὴέὶῷ

1007 5635 1212 5726 bableut'.
1230 5635 1342 5726 Erat
1364 5635 2271 5726 1)ίῖἷέ

695 5696 987 5776 fuget
999 5715 1052 5776 ιιι
1077 5705 1298 5776 observat

697 5758 771 5808 lus
794 5768 870 5808 est
890 5761 952 5811 de
976 5766 1231 5819 (militibus
1253 5758 1304 5822 et
1325 5758 1930 5844 Archiati'is'sacri'pal‘ab'vi:

1449 401 1507 460 S.
1546 403 1824 462 JOANNIS
1857 401 2321 463 σιιῐιγεοετοιιι
2359 399 2676 462 ARCHIEP.
2715 403 3247 466 consumar.

3875 407 3991 466 631

2395 514 2522 572 Haec
2547 516 2707 588 igitur
2726 531 2849 575 cum
2873 534 2978 576 non
3000 528 3052 577 te
3074 520 3298 592 fugiant,
3323 522 3660 580 ornatissima
3677 530 3735 580 ct
3758 524 3988 594 religio-

2391 608 2601 664 sissima
2621 610 2835 667 domina
2860 626 2999 676 mea,
3014 612 3239 671 subinde
3263 629 3472 686 quoque
3489 617 3600 686 ipsa
3619 615 3689 674 de
3711 625 3802 672 tua
3829 618 3987 670 valeo

2393 699 2576 755 tudine
2597 701 2665 757 ad
2683 717 2780 758 nos
2797 703 2990 760 scribe.
3005 703 3337 775 Quamquam
3361 707 3504 762 enim
3530 721 3648 775 nos,
3665 722 3790 763 cum
3817 709 3989 763 nulla:

2395 789 2550 846 nobis
2583 791 2680 846 abs
2711 801 2762 848 te
2789 792 2958 849 litem
2983 792 3277 849 redduntur
3299 835 3315 861 ,
3337 809 3431 850 eos
3458 794 3550 865 qui
3573 795 3732 852 istinc
3757 798 3990 852 veniunt

2392 882 2461 939 de
2485 883 2586 938 bac
2612 898 2673 940 re
2701 898 2913 956 semper
2939 884 3312 942 sciscitantur:
3341 897 3517 944 tamen
3539 901 3569 941 a
3598 896 3650 944 te
3672 903 3893 960 quoque
3921 889 3988 943 li-

2396 982 2537 1029 teras
2559 1015 2574 1039 ,
2601 989 2718 1044 qua
2743 973 2812 1031 de
2841 985 2944 1031 tua:
2967 977 3284 1034 valetudinis
3324 985 3464 1035 statu
3506 979 3628 1036 ιω
3657 981 3815 1037 nobis
3843 997 3994 1037 nunc-

2393 1065 2547 1132 tlent,
2577 1074 2841 1136 perpetuo
2867 1066 3112 1137 accipere
3137 1082 3375 1125 avemus.

2670 1180 2789 1236 XL.
2816 1183 3130 1252 Aayncritia.
3159 1182 3386 1256 (Cucuso
3411 1202 3552 1244 anno
3566 1187 3744 1260 t0t.)~

2463 1271 2540 1328 'l‘e
2568 1275 2622 1328 in
2647 1289 2836 1346 magna
2848 1275 3148 1332 calamitate
3163 1291 3302 1332 nunc
3327 1280 3526 1334 versari
3541 1282 3670 1336 scio.
3693 1283 3763 1336 At
3783 1297 3982 1352 quem-

2394 1362 2682 1419 admodum
2738 1366 2840 1421 hoc
2866 1366 3001 1432 scio,
3047 1367 3127 1423 sic
3151 1376 3206 1423 et
3233 1368 3360 1423 illud
3389 1372 3588 1438 etiam,
3621 1372 3895 1442 ingentem
3932 1384 3986 1430 te

2396 1469 2492 1524 pro
2520 1454 2605 1510 his
2629 1456 3021 1512 calamitatibus
3060 1457 3362 1513 mercedem
3386 1469 3543 1530 atque
3575 1461 3814 1530 amplum
3843 1478 3986 1532 pra:-

2397 1549 2559 1602 mium
2612 1558 2667 1604 et
2713 1549 3195 1606 remunerationem
3241 1565 3480 1606 manere.
3523 1553 3720 1609 ιιωωτ
3773 1555 3982 1610 etenim

2395 1639 2586 1692 anima:
2609 1638 2883 1694 utilitatem
2904 1639 3076 1705 aﬂ'ert,
3103 1641 3260 1712 eique
3278 1643 3495 1712 premis
3515 1644 3681 1698 multa
3702 1645 3980 1700 conciliat.

2394 1729 2518 1786 Πῶς
2547 1729 2706 1799 igitur
2732 1731 2906 1787 sciens
2933 1741 3094 1803 atque
3120 1733 3466 1789 considerans
3486 1776 3502 1801 ,
3533 1735 3822 1790 maximam
3853 1736 3983 1790 hinc

2392 1823 2811 1879 consolationem
2825 1825 3004 1894 accipe
3019 1844 3034 1881 :
3050 1840 3147 1881 nec
3163 1827 3518 1882 calamitatum
3533 1827 3808 1884 dumtaxat
3822 1843 3983 1885 acer-

2394 1913 2530 1968 bitas
2557 1915 2647 1970 tibi
2677 1914 2750 1970 ob
2773 1915 2956 1971 oculos
2975 1925 3234 1982 versetur,
3257 1932 3443 1972 verum
3466 1919 3627 1973 etiam
3643 1919 3983 1975 emolumen-

2395 2012 2502 2056 tum
2532 2007 2673 2075 quod
2716 2021 2782 2061 ex
2813 2004 2878 2059 iis
2900 2006 3194 2075 colligitur;
3225 2021 3288 2063 ac
3315 2007 3540 2064 subinde
3563 2008 3630 2063 ad
3660 2025 3761 2064 nos
3790 2011 3858 2065 de
3891 2022 3982 2066 tua

2393 2094 2692 2152 valetudine
2739 2097 2932 2154 scribe.
2965 2097 3144 2168 Neque
3167 2099 3308 2153 enim
3340 2098 3442 2155 levi
3465 2098 3651 2156 dolore
3676 2101 3853 2156 affecti
3885 2118 3984 2157 su-

2393 2200 2533 2252 mus,
2559 2202 2678 2242 cum
2707 2198 2758 2244 te
2782 2189 3000 2245 adversa
3031 2187 3332 2243 valetudine
3356 2190 3828 2268 essegaccepimus.
3855 2193 3985 2248 Ideo

2393 2291 2580 2347 magna
2609 2292 2728 2333 cum
2755 2279 3022 2336 celeritate
3046 2279 3185 2337 scire
3201 2280 3542 2337 vehementer
3563 2283 3830 2354 cupimus,
3851 2303 3982 2342 num

2393 2365 2460 2421 de
2487 2370 2740 2438 gravitate
2761 2369 2956 2440 aliquid
2981 2374 3265 2437 remiserit,
3284 2384 3390 2444 quo
3410 2386 3471 2427 ea
3497 2386 3644 2439 cura,
3668 2388 3830 2446 quam
3854 2376 3983 2433 hinc

2393 2461 2756 2528 concepimus,
2785 2459 3040 2517 levemur.

2604 2547 2755 2604 XLI.
2773 2548 3034 2604 Valentino
3060 2552 3160 2623 (a).
3192 2551 3423 2622 (Cucuso
3445 2567 3586 2611 anno
3607 2553 3760 2624 404.)

2466 2638 2697 2695 Tertiam
2731 2641 2865 2696 hanc
2893 2642 3169 2713 epistolam
3201 2646 3352 2700 mitto
3374 2687 3389 2710 ,
3416 2662 3536 2703 cum
3567 2649 3681 2720 ipse
3709 2662 3739 2705 ι
3773 2657 3828 2706 lc
3853 2650 3980 2708 nul-

2394 2731 2496 2786 lam
2524 2735 2842 2803 acceperim.
2870 2734 3065 2791 Verum
3089 2739 3228 2807 quod
3259 2754 3448 2811 magna
3467 2756 3588 2797 cum
3626 2745 3789 2800 animi
3821 2747 3976 2801 voln-

2394 2833 2535 2892 platc
2561 2825 2742 2880 literas
2763 2835 2973 2882 nostras
2999 2830 3287 2898 acceperis,
3316 2846 3545 2902 eumque
3565 2835 3655 2904 qui
3677 2849 3772 2890 eas
3796 2837 3977 2892 reddi-

2391 2913 2490 2977 dit,
2516 2931 2622 2984 quo
2643 2917 2868 2972 decebat
2884 2917 3086 2974 honore
3114 2919 3374 2989 alit-ceris,
3396 2935 3556 2994 atque
3577 2928 3702 2980 item
3733 2926 3787 2982 id
3814 2943 3976 2984 omne

2391 3005 2530 3074 quod
2550 3016 2757 3062 tuarum
2775 3009 3002 3079 partium
3024 3013 3206 3066 eratin
3230 3011 3296 3068 iis
3320 3014 3500 3080 rebus,
3519 3031 3638 3087 quae
3655 3028 3799 3074 tuam
3816 3034 3974 3091 opem

2392 3100 2751 3170 requirebant,
2782 3105 3111 3172 prestiteris.
3141 3105 3519 3176 intelleximus,
3550 3125 3649 3166 nec
3684 3113 3972 3184 quidquam

2392 3190 2585 3248 horum
2617 3193 2772 3250 nobis
2796 3194 2952 3250 latuit
2980 3211 2994 3248 :
3026 3197 3234 3254 interim
3263 3207 3438 3255 tamen
3467 3200 3665 3267 nullam
3689 3204 3972 3273 cpistola

2389 3284 2712 3353 accepimus.
2745 3287 2823 3342 Ac
2847 3289 2894 3342 si
2932 3287 3146 3357 quidem
3170 3289 3306 3345 alius
3328 3305 3399 3346 ex
3427 3292 3493 3347 iis
3517 3294 3607 3364 qui
3651 3297 3833 3352 minus
3876 3313 3969 3368 ge-

2390 3389 2583 3431 neroso
2623 3377 2802 3432 animo
2830 3387 2954 3434 sunt
2975 3421 2992 3448 ,
3020 3379 3322 3451 hujusmodi
3352 3383 3566 3440 silentio
3595 3399 3723 3442 usus
3750 3387 3969 3454 fuisset.

2390 3466 2460 3522 ita
2489 3468 3000 3526 existimavissemus
3023 3513 3039 3539 ,
3068 3487 3190 3528 eum
3214 3476 3574 3532 excusationis
3601 3492 3763 3533 causa
3802 3495 3966 3552 nego-

2389 3559 2583 3616 tiorum
2620 3562 2816 3618 molem
2860 3562 3211 3633 praetendere.
3243 3565 3376 3622 Cum
3407 3577 3583 3624 autem
3625 3572 3824 3627 mentis
3869 3581 3971 3630 tua:

2388 3653 2766 3711 sublimitatem
2792 3655 3133 3728 caritatisque
3157 3657 3444 3726 fervorem,
3467 3660 3850 3729 sinceritatem,
3874 3679 3971 3735 pu-

2388 3745 2600 3801 ritatem
2646 3755 2807 3819 atque
2846 3751 3200 3805 constantiam
3247 3751 3579 3822 exploratam
3633 3755 3966 3823 habeamus.

2387 3837 2579 3894 adduci
2621 3855 2727 3894 non
2770 3855 3088 3911 possumus,
3119 3852 3177 3898 ut
3209 3842 3310 3900 hac
3351 3846 3694 3903 excusatione
3733 3851 3967 3906 contenti

2387 3930 2576 3986 simus.
2607 3931 2685 3988 Ne
2735 3933 2862 3988 item
2909 3933 3148 4001 dixeris,
3197 3944 3249 3991 te
3304 3936 3412 3992 illic
3455 3952 3561 3994 non
3607 3952 3965 3997 commorari:

2387 4037 2511 4077 nam
2537 4023 2663 4079 illud
2691 4023 2844 4080 nobis
2868 4034 3200 4096 compertum
3221 4036 3324 4082 est.
3346 4026 3543 4084 Verum
3563 4027 3664 4086 bac
3689 4046 3794 4087 una
3817 4032 3970 4088 dum-

2387 4124 2530 4170 taxat
2557 4131 2616 4172 re
2645 4115 2880 4173 diuturni
2903 4117 3100 4174 silentii
3127 4120 3201 4175 tui
3225 4120 3646 4177 consolationem
3670 4123 3965 4195 capiemus,

2384 4205 2430 4260 si
2460 4205 2511 4261 id
2536 4207 2677 4278 quod
2693 4209 2930 4264 antehac
2952 4209 3049 4264 abs
3080 4219 3133 4266 te
3157 4211 3457 4282 neglectum
3483 4221 3593 4280 est,
3619 4228 3968 4287 compensare

2384 4300 2638 4365 volueris,
2656 4315 2816 4370 quam
2836 4301 3193 4374 plurimasque
3217 4303 3286 4359 ab
3306 4304 3406 4360 ista
3431 4303 3626 4375 lingua,
3649 4321 3717 4362 ex
3736 4322 3845 4378 qua
3858 4309 3964 4364 mel

2384 4399 2603 4454 manat,
2634 4390 2778 4446 fusas
2816 4391 2997 4449 literas
3034 4393 3247 4449 mittere
3270 4434 3286 4461 ,
3316 4409 3436 4465 qua:
3465 4395 3619 4450 nobis
3646 4396 3965 4456 valetudinis

2385 4491 2488 4538 tum
2517 4492 2711 4539 statum
2738 4494 2886 4540 certo
2909 4495 3197 4555 exponant.
3227 4487 3557 4558 Quamquam
3584 4489 3728 4545 enim
3760 4490 3815 4546 in
3840 4493 3964 4548 soli-

2385 4573 2566 4630 tudine
2590 4575 2860 4643 sedemus,
2883 4577 3139 4648 gravique
3167 4578 3466 4645 obsidione,
3487 4589 3648 4651 atque
3673 4582 3964 4640 innumeris

2382 4665 2760 4721 acerbitatibus
2797 4667 3032 4739 undique
3074 4669 3235 4724 cincti
3277 4685 3498 4740 sumus,
3528 4671 3595 4728 de
3621 4683 3673 4729 te
3699 4682 3877 4730 tamen
3911 4676 3962 4732 in

2383 4768 2509 4809 cura
2537 4764 2592 4812 et
2615 4757 2976 4814 sollicitudine
3001 4774 3123 4815 esse
3148 4775 3252 4815 non
3278 4760 3573 4819 desinimus
3593 4805 3609 4830 ,
3638 4765 3963 4837 singulisque

2382 4844 2591 4913 diebus,
2621 4855 2678 4903 ut
2699 4863 2759 4904 se
2785 4865 2873 4904 res
2910 4858 3012 4905 tuae
3059 4850 3319 4919 habeant,
3345 4864 3736 4922 percontamur.
3761 4857 3958 4928 Quam-

2382 4938 2565 4994 obrem
2593 4955 2662 5016 ne
2687 4941 2755 4997 ab
2775 4941 2913 5008 aliis,
2935 4957 3115 4998 verum
3141 4944 3238 5001 abs
3252 4952 3324 5012 te,
3347 4945 3500 5017 cujus
3527 4947 3680 5004 nobis
3706 4948 3880 5007 dulcis
3901 4965 3957 5007 ac

2382 5043 2644 5100 perquam
2661 5032 2847 5086 suavis
2884 5033 3248 5090 benevolentia
3285 5045 3401 5103 est,
3428 5038 3540 5094 haec
3562 5039 3954 5110 intelligamus,

2381 5121 2625 5186 subinde,
2657 5138 2859 5192 qumso,
2889 5125 2957 5180 de
2986 5134 3072 5180 tua
3098 5127 3404 5184 valetudine
3432 5128 3499 5184 ad
3529 5146 3627 5185 nos
3651 5132 3847 5187 scribe.
3876 5132 3955 5188 Ni-

2382 5211 2456 5268 liil
2484 5213 2627 5270 enim
2645 5215 2767 5283 erit,
2791 5218 2930 5286 quod
2959 5233 3062 5274 non
3086 5234 3128 5289 θ,
3146 5229 3197 5276 te
3220 5222 3492 5291 accepisse
3509 5223 3894 5291 existimemus,
3912 5227 3953 5281 si

2379 5305 2656 5375 epistolas,
2678 5321 2797 5379 qua:
2825 5308 3001 5366 laetum
3024 5310 3166 5368 hunc
3195 5312 3349 5367 nobis
3380 5313 3623 5369 nuntium
3653 5314 3848 5383 lerant,
3872 5331 3954 5373 ac-

2380 5397 2698 5466 ceperimus.

2444 5540 2517 5605 (a)
2551 5538 2853 5607 Valentinum
2876 5539 3007 5607 illum
3027 5540 3178 5594 fuisse
3201 5543 3480 5606 [refectum
3496 5549 3722 5607 μ-ριυτίο
3743 5556 3826 5598 aut
3858 5551 3952 5602 urbi

2376 5601 3262 5673 constantinomlisuspiaturfronto
3284 5601 3510 5673 latemus;
3527 5621 3588 5657 eo
3610 5611 3739 5670 quod
3778 5601 3950 5673 magis;

2376 5663 2585 5730 licentia
2617 5663 2874 5730 honoriﬁco
2899 5667 3126 5716 vocabulo
3149 5663 3493 5730 compelletur.
3526 5663 3641 5718 Cum
3680 5685 3802 5720 vero
3835 5663 3952 5723 illum

2372 5726 2546 5790 titulus
2581 5734 2633 5775 et
2664 5726 2937 5790 rectoribus
2959 5726 3323 5789 provinciarum,
3367 5737 3420 5778 et
3463 5731 3690 5790 patriciis,
3727 5739 3954 5786 Frontone

2379 5791 2481 5851 ipso
2504 5789 2706 5851 fatente,
2733 5788 2988 5849 tribuatur,
3013 5801 3096 5839 res
3119 5790 3301 5852 [sentiet
3322 5788 3524 5843 incerta.
