4216 6530
225 430 327 490 631

224 553 318 604 θεν
346 547 405 603 ει
428 547 460 599 ό
481 545 582 618 τῆς
616 546 714 618 σῆς
733 543 957 617 ἀγάπης
980 543 1141 615 ἔρως.
1185 536 1354 609 οὗτος
1392 543 1557 599 αὑτὸν
1586 542 1678 597 καὶ
1707 558 1818 613 χει·

222 639 404 711 μῶνος
453 637 896 709 κατατολμῆσαι,
935 637 1032 690 καὶ
1063 634 1354 698 δυσκολίας
1406 634 1553 700 ὁδοῦ,
1584 635 1680 688 καὶ
1713 635 1815 704 ἀρ-

219 729 460 805 ῥωστίας
490 730 893 802 χαλεπωτάτης
925 727 1237 784 ἀνέπεισεν.
1275 727 1602 792 Ἐπαινέσας
1637 725 1819 780 τοίνυν

218 823 404 888 αὑτὸν,
455 821 698 878 δέσποτά
756 839 858 894 μου
912 820 1233 893 τιμιώτατε,
1290 817 1388 875 τοῦ
1443 819 1671 891 φίλτρου
1719 813 1820 885 τῆς

219 913 484 984 σπουδῆς,
533 913 730 978 ἀπόδος
789 913 942 985 αὐτῷ
989 913 1090 985 τὴν
1144 911 1385 984 ἀμοιϐὴν
1438 911 1542 982 τῆς
1598 913 1819 982 μακρᾶς

222 1001 427 1075 ταύτης
457 1002 855 1075 ταλαιπωρίας,
901 1001 1002 1075 τὴν
1041 1003 1299 1058 εἰωθυῖαν
1327 1003 1458 1074 περὶ
1481 1000 1646 1054 αὑτὸν
1682 1001 1823 1070 ἀγά-

225 1112 336 1186 πην
379 1095 477 1148 καὶ
515 1094 612 1148 νῦν
649 1091 1078 1186 ἐπιδειξάμενος.
1121 1093 1293 1186 Ἐπεὶ.
1317 1091 1412 1146 καὶ
1445 1091 1712 1186 ἡμεῖς
1742 1092 1822 1155 είς

219 1183 419 1258 λιμένα
459 1186 625 1240 αὐτὸν
657 1183 972 1255 ἀκύμαντον
1002 1190 1083 1249 είς
1112 1184 1214 1249 τὰς
1243 1184 1343 1249 σάς
1375 1183 1823 1256 παρεπέμψαμεν

222 1279 433 1348 χεῖρας,
478 1274 680 1338 ειδότες
721 1291 816 1328 σου
851 1275 952 1346 τὴν
988 1272 1192 1346 πολλὴν
1253 1273 1679 1345 φιλοφροσύνην,
1723 1271 1822 1344 τὴν

221 1366 456 1439 γνησίαν
487 1366 730 1437 ἀγάπην,
766 1364 867 1437 τὴν
900 1364 1110 1437 θερμὴν
1144 1365 1240 1418 καὶ
1273 1364 1472 1436 ἀκλινῆ
1505 1365 1600 1421 καὶ
1629 1363 1825 1436 ἀπερί-

222 1475 490 1531 τρεπτον.
526 1459 646 1512 Κᾶν
675 1457 973 1529 ἀφικνῆταί
999 1474 1090 1523 ετις
1122 1456 1354 1522 ἐκεῖθεν,
1384 1457 1480 1510 καὶ
1531 1455 1714 1528 ῥᾴδιον
1737 1453 1829 1524 γέ-

225 1568 409 1623 νηται,
441 1549 539 1603 καὶ
564 1548 870 1603 ἐπιστεῖλαι
901 1550 1032 1620 ἡμῖν
1059 1547 1449 1620 παρακλήθητι
1472 1546 1543 1602 τά
1569 1548 1699 1620 περὶ
1721 1546 1826 1618 τῆς

226 1640 452 1714 ῥώσεώς
500 1659 619 1698 σου..
663 1639 936 1711 Εὒψύχιος
963 1639 1075 1711 γάρ
1113 1641 1194 1704 εἰς
1220 1640 1282 1693 τὸ
1316 1639 1490 1710 παρὸν
1523 1640 1626 1694 οὐκ
1649 1639 1828 1711 ἀπήν-

223 1749 358 1804 τησε
379 1748 393 1762 °
431 1731 514 1786 διὸ
533 1731 657 1786 οὑδὲ
689 1732 880 1803 μαθεῖν
911 1749 963 1785 τι
990 1730 1332 1802 δεδυνήμεθα
1363 1723 1440 1785 ὦν
1455 1730 1594 1802 ἐφης
1615 1731 1828 1785 ἐκεῖνον

225 1827 373 1898 ἐρεῖν
408 1823 602 1897 πρώην
653 1825 788 1896 ἡμῖν
828 1823 1182 1888 ἐπιστέλλων,
1215 1823 1305 1878 διὰ
1357 1824 1420 1877 τδ
1455 1823 1708 1895 μηδαμοῦ
1736 1823 1828 1878 τὸν

223 1917 516 1990 ἄνθρωπον
570 1916 880 1986 φαίνεσθαι.
935 1914 1103 1970 Ταῦτ’
1161 1911 1255 1970 οὖν
1315 1913 1493 1980 είδὼς,
1553 1915 1742 1970 ἐκεῖνά
1768 1933 1830 1969 τε

226 2005 375 2077 ἆπερ
427 2005 496 2059 δι’
552 2008 764 2059 ἐκείνου
821 2003 1017 2076 πρώην
1056 2005 1356 2077 ἐδήλωσας,
1381 2005 1476 2060 καὶ
1509 2004 1565 2058 εῐ
1590 2022 1645 2058 τι
1667 2005 1830 2060 πλέον

225 2099 378 2169 ἡμᾶς
400 2094 556 2168 [615]
608 2095 814 2165 γνῶναι
863 2096 1190 2164 ἀναγκαῖον,
1237 2095 1335 2150 νῦν
1379 2095 1512 2166 γοῦν
1560 2095 1831 2167 γνωρίσαι

226 2189 364 2260 ἡμῖν
395 2186 806 2260 παρακλήθητι,
842 2188 940 2241 καὶ
985 2187 1054 2240 τά
1084 2186 1215 2258 περ)⁸
1247 2187 1349 2257 τῆς
1376 2187 1568 2255 ὑγείας
1595 2189 1832 2258 σήμαινε

225 2280 326 2352 τῆς
366 2280 490 2351 σῆς,
527 2281 625 2351 τῆς
658 2280 866 2352 σφόδρα
892 2281 1026 2351 ήμῖν
1056 2279 1660 2351 περισπουδάστου,καὶ
1692 2281 1832 2352 ὑπὲρ

225 2368 298 2447 ἧς
316 2372 408 2427 ἀεὶ
436 2371 836 2443 μεριμνῶντες,
877 2372 968 2426 ἀεὶ
991 2371 1288 2444 μανθάνειν
1326 2371 1726 2444 ἐπιθυμοῦμεν.

623 2486 734 2539 ΛΗ
746 2522 762 2537 .
811 2483 1095 2554 Ὑμνητίῳ
1123 2483 1441 2554 ἀρχιητρῷ.

302 2594 370 2651 El
423 2595 517 2649 καὶ
575 2595 652 2668 μὴ
709 2596 950 2668 συνεχῶς
986 2597 1407 2668 ἐπεστάλκαμεν
1445 2599 1513 2670 τῇ
1559 2596 1837 2670 τιμιότητί

231 2702 355 2754 σου,
389 2686 529 2740 ἀλλά
561 2677 803 2757 συνεχῶς
849 2704 910 2741 σε
955 2688 1052 2742 ἐπὶ
1097 2693 1319 2760 μνήμης
1375 2687 1597 2760 ἔχομεν,
1639 2691 1838 2761 πεῖράν

237 2793 336 2832 σου
393 2779 496 2848 τῆς
547 2776 941 2850 σφοδροτάτης,
975 2777 1079 2849 τῆς
1125 2777 1445 2844 σπουδαίας,
1475 2778 1574 2850 τῆς
1605 2780 1838 2851 γνησίας

234 2869 420 2942 φιλίας
445 2868 648 2941 πολλὴν
673 2869 732 2922 ἐν
759 2869 999 2940 ὴμέραις
1019 2869 1227 2938 ὀλίγαις
1249 2868 1525 2935 λαϐόντες.
1551 2871 1650 2924 Διά
1679 2870 1840 2927 τοῦτο

235 2962 335 3019 καὶ
362 2961 458 3016 τὸν
483 2959 679 3032 κύριόν
711 2975 814 3032 μου
844 2960 936 3014 τὸν
960 2960 1292 3032 τιμιώτατον
1319 2961 1620 3016 ἐπίσκοπον
1647 2963 1840 3017 Σέλευ-

235 3070 336 3109 κον
356 3053 434 3117 ὡς
449 3053 530 3117 είς
547 3052 747 3124 λιμένα
765 3051 868 3117 τάς
889 3053 989 3118 σάς
1013 3054 1466 3126 παραπέμπομεν
1490 3058 1701 3132 χεῖρας.
1728 3057 1842 3110 Καὶ

235 3147 349 3220 γάρ
379 3143 488 3200 ὑπὸ
532 3144 699 3217 βηχὸς
749 3147 1070 3216 πολεμεῖται
1129 3147 1545 3219 χαλεπωτάτης,
1577 3149 1645 3221 ὴν
1677 3150 1712 3221 ή
1740 3147 1840 3203 τοῦ

236 3237 399 3303 ιτους
428 3237 550 3310 ῶρα
584 3236 945 3309 σφοδρότερον
975 3237 1270 3310 ἐπιτρίόει,
1305 3239 1400 3293 καὶ
1451 3239 1843 3312 χαλεπωτέραν

237 3334 409 3387 ποιεῖ.
462 3329 816 3402 Καταμαθὼν
845 3329 1047 3396 τοίνυν,
1080 3330 1319 3386 δέσποτά
1369 3349 1472 3404 μου
1519 3332 1842 3402 τιμιώτατε,

242 3422 341 3478 τοῦ
376 3422 689 3494 νοσήματος
719 3419 821 3492 τὴν
851 3417 1036 3490 φύσιν,
1073 3418 1387 3493 ἐξαρπάσαι
1410 3419 1573 3474 αὑτὸν
1591 3419 1687 3475 τοῦ
1715 3425 1846 3475 κλυο

237 3515 439 3572 δωνίου
468 3514 790 3586 πειράθητι,
823 3517 893 3587 τῇ
919 3516 1020 3584 τῆς
1051 3515 1372 3588 ἀρῥωστίας
1403 3514 1576 3590 βλάϐῃ
1605 3517 1707 3588 τὴν
1733 3516 1845 3571 ἀπὸ

238 3610 344 3681 τῆς
389 3608 706 3679 ἐπιστήμης
753 3608 854 3680 τῆς
897 3607 1000 3679 σῆς
1035 3608 1376 3679 ἐπιτειχίσας
1399 3607 1654 3680 δύναμιν,
1682 3608 1750 3662 δι’
1776 3603 1847 3681 ἦς

243 3700 480 3764 πολλοὺς
505 3699 769 3764 πολλάκις
801 3699 1260 3764 κινδυνεύσαντας
1313 3699 1420 3754 ὑπὸ
1463 3699 1724 3754 τοιούτων
1751 3717 1848 3754 κυ-

247 3796 438 3868 μάτων
491 3793 858 3867 ὑποϐρυχίους
911 3792 1170 3864 γενέσθαι
1216 3793 1312 3848 τοῦ
1342 3793 1603 3864 ναυαγίου
1636 3793 1849 3865 ταχέως

242 3885 584 3961 ἀπήλὶαξας.

802 4024 938 4078 AG'.
977 4021 1290 4092 Χαλκιδέα.

321 4131 455 4194 οἰδα
479 4134 579 4208 τὴν
601 4134 825 4208 ἀγάπην
865 4137 931 4207 ὴν
966 4136 1124 4208 ἔσχες
1154 4137 1286 4207 περὶ
1307 4135 1461 4208 ἡμᾶς
1495 4133 1705 4192 ἀνωθεν
1751 4134 1849 4190 καὶ

248 4228 314 4294 ἐξ
345 4229 543 4300 ἀρχῆς,
588 4229 686 4282 καὶ
741 4227 824 4281 ὅτι
849 4227 1208 4300 ἀκμάζουσαν
1233 4227 1404 4300 αὑτὴν
1424 4228 1721 4300 διατηρεῖς,
1753 4227 1850 4281 καὶ

249 4321 335 4376 δτι
372 4319 511 4389 αὑτῇ
547 4319 643 4371 καὶ
669 4317 988 4390 προσθήκας
1014 4317 1246 4390 ἐργάζῃ,
1274 4318 1371 4371 καὶ
1404 4318 1466 4371 οὐ
1502 4317 1664 4390 μόνον
1697 4316 1850 4372 οὐδέν

249 4409 425 4479 αὐτὴν
455 4406 646 4470 εῖασας
689 4405 1075 4478 ἀμαυροτέραν
1103 4405 1359 4475 γενέσθαι
1392 4406 1500 4460 ἀπὸ
1538 4405 1635 4460 τοῦ
1678 4423 1850 4478 χωρι-

253 4501 420 4574 σμοῦ,
453 4499 551 4554 καὶ
571 4499 668 4554 τοῦ
701 4499 963 4553 τοσούτου
992 4499 1210 4572 χρόνου,
1240 4498 1379 4554 ἀλλά
1399 4500 1496 4553 καὶ
1525 4499 1728 4570 μᾶλλον
1759 4501 1851 4556 αὐ-

251 4593 353 4666 τὴν
404 4591 686 4655 ἀνάπτεις.
739 4585 854 4646 (ηδ’
903 4591 986 4645 ὅτι
1041 4591 1135 4645 καὶ
1173 4588 1315 4662 μετά
1362 4589 1566 4661 πολλῆς
1591 4588 1722 4663 δέχῃ
1749 4589 1852 4662 τῆς

255 4684 600 4757 εὐφροσύνης
632 4683 702 4737 τὰ
752 4683 884 4754 παρ’
908 4682 1067 4754 ήμῶν
1114 4685 1444 4755 γράμματα,
1495 4683 1591 4738 καὶ
1631 4684 1713 4738 δτι
1757 4683 1852 4739 καὶ

257 4779 553 4850 γράφουσα
580 4777 676 4830 καὶ
709 4775 921 4846 σιγῶσα
948 4773 1153 4847 ὁμοίως
1209 4774 1343 4848 περὶ
1373 4775 1526 4846 ἡμᾶς
1555 4774 1852 4841 διάκεισαι,

260 4867 465 4940 πολλὴν
491 4866 587 4922 τοῦ
616 4867 944 4940 πράγματος
965 4866 1080 4921 -καὶ
1102 4865 1163 4921 ἐν
1212 4865 1396 4938 πολλῷ
1448 4865 1526 4938 τῷ
1552 4867 1732 4940 χρόνῳ
1753 4867 1853 4940 τὴν

259 4961 460 5031 πεῖραν
491 4956 753 5030 εἰληφώς.
792 4957 886 5012 Διὸ
916 4956 983 5030 δὴ
1010 4955 1444 5028 παρακαλοῦμεν
1469 4957 1571 5028 τὴν
1604 4960 1857 5043 τιμιότηπ

258 5052 330 5107 τά
381 5066 476 5105 σου
508 5050 606 5104 καὶ
642 5050 772 5122 περὶ
818 5050 968 5122 ήμᾶς
1009 5049 1154 5104 οὑτω
1184 5049 1720 5130 διακεῖσθαεξιιπολλά
1745 5051 1854 5124 γὰρ

260 5141 498 5215 ἐνέχυρά
536 5159 633 5196 σου
671 5141 774 5213 τῆς
823 5141 1056 5213 γνησίας
1094 5141 1317 5214 ἀγάπης
1369 5127 1639 5213 ﬁxam-ﬁ
1685 5143 1856 5199 πολλά

261 5235 655 5307 ὑπομνήματα.
696 5233 789 5288 Διὸ
820 5233 915 5290 καὶ
957 5233 1017 5287 ἐν
1043 5236 1111 5306 τῇ
1139 5233 1286 5306 ψυχῇ
1322 5250 1383 5288 σε
1407 5233 1671 5305 διηνεκῶς
1701 5253 1858 5308 περι-

260 5329 526 5402 φέρομεν,
577 5326 984 5398 ἐγκολάψαντες
1032 5326 1195 5399 ὴμῶν
1233 5328 1301 5400 τῇ
1355 5326 1586 5400 διανοίᾳ,
1619 5328 1716 5382 καὶ
1757 5329 1857 5397 τὴν

263 5423 490 5495 μνήμην
522 5437 616 5475 σου
651 5420 886 5492 ἀληστον
915 5419 1132 5492 ιχομεν,
1159 5417 1266 5479 κάν
1298 5419 1373 5491 μὴ
1409 5416 1676 5491 διῆνεκῶς
1717 5420 1857 5491 γρά-

261 5527 478 5584 φωμεν,
501 5513 589 5569 διὰ
617 5512 719 5586 τὴν
765 5512 966 5568 σπάνιν
1002 5511 1114 5566 τῶν
1155 5511 1643 5583 γραμματηφόρων
1701 5512 1861 5581 ἐγκο-

264 5605 549 5677 πτόμενοι.
579 5603 751 5661 Ta'uc‘
801 5598 896 5660 οῦν
938 5602 1134 5669 εἰδυῖα,
1180 5602 1348 5674 κυρία
1377 5619 1479 5673 μου
1505 5603 1858 5674 κοσμιωτάτη

264 5695 362 5753 καὶ
395 5695 793 5769 εὑλαδεστάτη,
816 5696 998 5768 γράφε
1039 5694 1135 5750 καὶ
1169 5693 1310 5767 αὑτὴ
1340 5693 1579 5767 συνεχῶς
1624 5695 1758 5768 ἡμῖν
1790 5695 1858 5750 τὰ

327 5883 486 5936 “Duo
509 5897 623 5934 mss.
652 5886 1019 5948 meiagcpﬁiac
1045 5886 1231 5948 ἔχομεν.

1738 417 2125 485 EPISTOLE.

3420 421 3528 480 65!

1927 545 2059 616 περὶ
2090 543 2191 617 τῆς
2225 544 2441 616 ὑγιείας
2487 545 2592 618 τῆς
2642 545 2766 618 σῆς-
2817 546 3012 618 Ἡμετς
3046 545 3147 617 μὲν
3175 556 3287 618 γαρ
3315 540 3419 599 κᾶν
3451 539 3532 616 μὴ

1931 635 2215 708 δεξώμεθα
2248 639 2578 710 γράμματα,
2609 639 2740 702 τοὺς
2767 638 2978 699 ἐκεῖθεν
3011 637 3342 710 ἐρχομένους
3398 653 3528 691 συν-

1927 727 2070 799 εχῶς
2112 729 2408 801 ἐρωτῶμεν
2431 729 2592 784 τοῦτο
2611 745 2624 760 ο
2662 728 2967 802 βουλόμεθα
2999 730 3058 783 δέ
3107 732 3204 785 καὶ
3251 730 3405 803 παρά
3429 733 3531 804 τῆς

1926 819 2290 891 κοσμιότητος
2339 821 2442 891 τῆς
2492 822 2596 894 σῆς
2651 821 2898 894 συνεχῶς
2927 822 3182 894 δέχεσθαι
3211 822 3528 888 ἐπιστολὰς.

1927 909 2427 983 εύαγγελιζομὲνας
2448 913 2598 985 ἡμᾶς
2627 911 2696 967 τά
2720 913 2850 984 περὶ
2866 912 2966 985 τῆς
2986 912 3210 986 ῥώσεως
3235 914 3337 987 τῆς
3371 916 3490 986 σῆς.

2451 1043 2522 1102 Μ’
2533 1088 2548 1104 .
2600 1046 3010 1118 Ἀσυγκριείᾳ.

2005 1171 2139 1232 οἶδα
2189 1177 2272 1230 ὃτι
2305 1178 2362 1231 ἐν
2395 1175 2564 1250 πολλῇ
2619 1155 2822 1248 oms"
2845 1176 3198 1248 καθέστηκας
3229 1175 3348 1231 νῦν.
3387 1175 3550 1232 mn“

1929 1267 2122 1342 ῶσπερ
2145 1268 2306 1322 τοῦτο
2331 1265 2470 1331 οίδα.
2508 1268 2682 1334 οὕτως
2715 1270 2941 1324 κάκεῖνο
2969 1268 3295 1341 ἐπίσταμαι,
3323 1269 3408 1324 δτι
3435 1287 3535 1324 πο-

1930 1361 2028 1428 λύς
2055 1379 2116 1416 σε
2145 1364 2210 1416 ἐκ
2237 1361 2347 1416 τῶν
2381 1361 2616 1432 θλίψεων
2644 1361 2854 1416 τούτων
2885 1361 3149 1432 ἀναμένει
3179 1360 3396 1433 μισθὸς,
3436 1361 3534 1416 καὶ

1934 1452 2146 1526 μεγάλη
2180 1453 2384 1525 ἀμοιϐὴ
2415 1454 2510 1508 καὶ
2529 1453 2798 1518 ἀντίδοσις
2819 1456 3017 1508 κεῖται.
3044 1453 3109 1507 El
3141 1453 3252 1526 γάρ
3274 1454 3368 1516 καὶ
3401 1453 3534 1507 ἀθυ-

1936 1545 2058 1616 μία,
2088 1541 2238 1618 [616]
2275 1545 2412 1599 ἀλλά
2443 1545 2543 1616 τὴν
2591 1545 2771 1617 ψυχὴν
2795 1544 3103 1614 ὠφελοῦσα,
3132 1546 3228 1600 καὶ
3259 1543 3432 1599 πολλά
3464 1545 3535 1600 τὰ

1937 1635 2168 1709 βραδεῖα
2218 1636 2578 1707 προξενοῦσα.
2621 1634 2789 1700 Ταῦτ’
2815 1633 2910 1692 οὖν
2929 1638 2958 1677 δ
2989 1638 3163 1692 εἰδυῖα
3185 1637 3281 1691 καὶ
3330 1636 3535 1705 λογιζο-

1939 1728 2097 1800 μένη,
2139 1729 2404 1800 μεγίστην
2436 1727 2688 1782 ἐντεῦθεν
2729 1728 2950 1802 καρποῦ
3011 1730 3111 1800 τὴν
3155 1727 3532 1800 παράκλησιν,

1939 1822 2015 1893 μὴ
2049 1821 2110 1875 τὸ
2131 1821 2396 1892 ὀδυνηρὸν
2429 1823 2590 1894 μόνον
2620 1823 2810 1894 δρῶσα
2844 1822 2955 1876 τῶν
2981 1821 3238 1893 θλίψεων,
3269 1821 3409 1876 ἀλλά
3440 1822 3535 1877 καὶ

1935 1912 2000 1967 τδ
2036 1913 2102 1968 δκ
2151 1902 2355 1968 τούτων
2394 1916 2768 1987 συναγόμενον
2799 1915 3024 1987 κέρδος·
3057 1916 3152 1970 καὶ
3200 1915 3380 1986 γράφε
3419 1931 3536 1968 συνο

1939 2004 2079 2078 εχῶς
2107 2007 2241 2078 ἡμῖν
2271 2005 2401 2080 περὶ
2448 2007 2550 2078 τῆς
2578 2008 2794 2078 ὑγιείας
2817 2011 2917 2080 τῆς
2947 2008 3069 2080 σῆς.
3109 2009 3264 2063 Ἐπεὶ
3302 2007 3398 2062 καὶ
3439 2006 3536 2061 νῦν

1938 2098 2038 2168 οὐχ
2066 2098 2142 2162 ὡς
2174 2096 2367 2169 ῖτυχεν
2394 2098 2741 2171 ὴλγήσαμεν,
2766 2099 3102 2164 ἀκούσαντές
3126 2117 3187 2154 σε
3207 2099 3531 2172 ἀρρωστεῖν.

1939 2189 2031 2242 Διὸ
2061 2190 2158 2244 καὶ
2188 2189 2394 2262 σφόδρα
2436 2191 2807 2263 ἐπιζητοῦμεν
2839 2192 3131 2264 μανθάνειν
3160 2191 3302 2263 μετά
3340 2189 3538 2248 πολλοῦ

1938 2278 2033 2332 τοῦ
2069 2280 2295 2350 τάχους,
2339 2283 2389 2334 εί
2436 2281 2567 2353 ῥᾷόν
2607 2300 2690 2336 σοι
2736 2282 2951 2354 διετέθη
2971 2281 3039 2337 τὰ
3069 2284 3170 2353 τῆς
3202 2282 3538 2356 ἀρῥωστίας,

1942 2369 2086 2425 ὥστε
2120 2371 2221 2443 τῆς
2244 2374 2337 2426 ἐπὶ
2365 2375 2541 2448 ταύτῃ
2571 2377 2852 2446 φροντίδος
2878 2376 3158 2446 ἀνεθῆναι.

2477 2499 2618 2554 MA'.
2641 2501 3004 2569 Βαλεντίνῳ.

2016 2625 2219 2697 Τρίτην
2254 2626 2460 2698 πέμπω
2489 2627 2693 2700 ταύτην
2729 2628 3020 2701 ἐπιστολὴν
3043 2667 3058 2694 ,
3092 2628 3350 2700 οὐδεμίαν
3378 2629 3543 2695 αὐτὸς

1943 2725 2239 2796 δεξάμενος
2270 2723 2423 2797 παρά
2459 2727 2562 2799 τῆς
2599 2726 3078 2799 μεγαλοπρεπείας
3109 2727 3209 2799 τῆς
3239 2730 3356 2799 σῆς.
3403 2728 3545 2781 Ἀλλ’

1944 2825 2028 2879 δτι
2067 2825 2166 2896 μὲν
2201 2823 2344 2896 μετὰ
2366 2823 2569 2896 πολλῆς
2597 2827 2698 2896 τῆς
2724 2823 3068 2896 εὐφροσύνης
3095 2823 3264 2890 ἐδέξω
3293 2824 3452 2897 ήμῶν
3475 2826 3547 2881 τὰ

1945 2923 2272 2994 γράμματα,
2303 2923 2400 2978 καὶ
2421 2923 2516 2977 τὸν
2533 2922 2918 2996 ἐγχειρίσαντα
2948 2922 3124 2978 ταῦτα
3149 2923 3250 2995 τῆς
3278 2940 3360 2978 σοι
3383 2940 3549 2995 προσ.

1945 3019 2192 3091 ηκούσης
2242 3019 2508 3092 ἐποίησας
2559 3020 2869 3075 ἀπολαῦσαι
2920 3021 3118 3094 τιμῆς,
3155 3022 3250 3076 καὶ
3294 3021 3365 3076 τά
3393 3023 3551 3094 παρά

1952 3117 2151 3172 σαυτοῦ
2206 3116 2388 3172 πάντα
2419 3116 2777 3190 είσήνεγκας,
2807 3119 2866 3171 ἐν
2894 3109 2977 3182 οἷς
3001 3117 3173 3172 ἐδεῖτό
3202 3134 3296 3171 σου
3318 3119 3417 3190 τῆς
3453 3117 3548 3172 δυο

1950 3214 2200 3287 νάμεως,
2231 3213 2477 3285 ἔγνωμεν
2503 3254 2518 3280 ,
2557 3214 2654 3267 καὶ
2677 3213 2829 3268 οὐδὲν
2859 3215 3010 3285 ἡμᾶς
3056 3213 3269 3268 τούτων
3304 3214 3497 3269 ἐλαθεν
3530 3231 3544 3245 ·

1951 3309 2239 3381 ἐπιστολὴν
2270 3309 2328 3364 δέ
2355 3308 2613 3379 οὐδεμίαν
2633 3309 3039 3385 ἐκομισάμεθα.
3075 3310 3188 3366 Καὶ
3220 3311 3270 3364 εί
3305 3312 3406 3383 μὲν
3450 3311 3549 3367 ἀλ-

1949 3406 2042 3470 λος
2079 3423 2166 3471 τις
2195 3401 2266 3478 ἧν
2311 3405 2424 3459 τῶν
2455 3405 2518 3460 οὐ
2553 3407 2759 3479 σφόδρα
2786 3405 3050 3476 γενναίων
3079 3408 3109 3460 ό
3143 3408 3430 3480 σιωπήσας
3461 3426 3552 3464 το-

1954 3501 2164 3568 σοῦτον,
2204 3501 2539 3575 ἐνομίσαμεν
2567 3502 2634 3558 ἂν
2665 3501 2817 3574 αὑτῷ
2846 3502 3124 3575 πρόφασιν
3149 3506 3232 3569 είς
3251 3504 3552 3576 ἀπολογίαν

1954 3594 2093 3653 εῐναι
2131 3598 2240 3653 τῶν
2290 3598 2635 3672 πραγμάτων
2659 3599 2752 3653 τὸν
2780 3597 2957 3669 δχλον.
3009 3599 3228 3671 Ἐπειδὴ
3271 3600 3329 3655 δέ
3363 3617 3457 3656 σου
3488 3601 3554 3656 τὸ

1954 3696 2158 3768 ὑψηλὸν
2181 3699 2283 3768 τῆς
2307 3697 2407 3768 σῆς
2429 3697 2670 3762 διανοίας
2692 3706 2715 3736 ο
2749 3697 2930 3768 ῖσμεν,
2961 3695 3026 3751 τὸ
3055 3698 3258 3770 θερμὸν
3285 3701 3384 3772 τῆς
3416 3702 3552 3770 ἀγά-

1954 3812 2065 3867 πης
2085 3836 2100 3861 ,
2123 3796 2185 3848 τὸ
2211 3797 2455 3867 γνήσιον,
2479 3795 2542 3848 τὸ
2570 3795 2863 3865 είλικρινές
2882 3835 2899 3861 ,
2925 3794 2987 3849 τὸ
3015 3795 3235 3869 διαρκὲς
3261 3837 3278 3862 ,
3305 3797 3370 3851 τὸ
3401 3799 3553 3869 μόνι-

1958 3909 2079 3966 μον,
2104 3893 2205 3946 οὑκ
2233 3892 2301 3946 ἂν
2329 3891 2625 3963 δεξαίμεθα
2667 3891 2873 3963 ταύτην
2898 3892 3228 3962 ἀπολογίαν,
3257 3894 3369 3949 οὐδ’
3394 3890 3461 3950 αὖ
3490 3896 3553 3951 τὸ

1957 3989 2033 4060 μὴ
2054 3990 2235 4042 ἐκεῖσε
2262 3986 2559 4060 διατρίϐειν
2583 4005 2677 4041 σου
2707 3987 2805 4059 τὴν
2837 3987 3254 4062 θαυμασιότητα
3272 4007 3287 4024 ⁸
3323 3992 3418 4046 καὶ⁵
3441 3992 3552 4063 γάρ

1955 4087 2052 4140 καὶ
2081 4086 2242 4140 τοῦτο
2262 4086 2528 4157 ἐγνωμεν.
2560 4086 2700 4140 Ἀλλ’
2732 4088 2813 4140 ἐνὶ
2840 4087 2987 4160 μόνῳ
3013 4088 3424 4161 καρπωσόμεθα
3447 4090 3552 4160 τῆς

1959 4185 2180 4257 μακρᾶς
2203 4183 2360 4253 σιγῆς
2381 4183 2758 4256 παραμυθίαν,
2785 4185 2834 4238 εί
2858 4183 3181 4257 βουληθείης
3207 4187 3290 4252 είς
3314 4186 3376 4242 τὸ
3399 4187 3552 4244 ἐπιδν

1954 4280 2016 4335 τὸ
2055 4279 2332 4352 παροφθὲν
2368 4281 2428 4334 ἐν
2455 4278 2536 4352 τῷ
2582 4279 2909 4351 παρελθόντι
2955 4281 3136 4354 χρόνῳ
3165 4280 3196 4321 ἀ
3239 4283 3555 4359 ἀνακτήσα-

1959 4377 2107 4444 σθαι,
2140 4377 2234 4431 καὶ
2263 4375 2480 4448 πέμψαι
2501 4376 2732 4447 νιφάδας
2760 4377 3110 4449 γραμμάτων
3137 4377 3290 4450 ὴμῖν,
3316 4380 3425 4434 ἀπὸ
3453 4382 3558 4453 τῆς

1961 4475 2084 4547 μέλι
2126 4473 2358 4548 ῥεούσης
2387 4473 2636 4549 γλώττης
2682 4476 2752 4530 τά
2787 4477 2918 4549 περὶ
2952 4475 3056 4547 τῆς
3093 4477 3307 4547 ὑγιείας
3352 4479 3447 4534 σοῦ
3492 4497 3554 4537 τε

1957 4572 2054 4627 καὶ
2081 4571 2182 4642 τῆς
2209 4571 2512 4641 ἀσφαλείας
2535 4569 2863 4642 δηλούντων.
2902 4574 2966 4628 Εί
2993 4572 3102 4646 γὰρ
3132 4575 3228 4630 καὶ
3255 4577 3315 4630 ἐν
3347 4576 3556 4649 ἐρημίᾳ

1957 4669 2280 4742 καθήμεθα,
2313 4669 2410 4722 καὶ
2437 4667 2726 4740 πολιορκία
2763 4669 2998 4741 χαλεπῇ.
3029 4670 3124 4725 καὶ
3155 4671 3372 4742 μυρίοις
3402 4690 3558 4745 περι-

1959 4765 2348 4839 εστοιχίσμεθα
2415 4765 2643 4830 δεινοῖς,
2689 4765 2804 4820 ἀλλ’
2837 4768 2989 4838 ὅμως
3029 4769 3091 4822 οὐ
3145 4769 3432 4841 παυόμεθα
3463 4788 3559 4842 με-

1961 4865 2262 4939 ριμνῶντες
2292 4862 2393 4936 τὴν
2425 4863 2525 4936 σὴν
2554 4863 2969 4938 θαυμασιότητα
2991 4881 3007 4897 ο
3050 4866 3143 4922 καὶ
3171 4868 3297 4923 καθ’
3319 4869 3558 4941 ἐκάστην

1960 4961 2348 5034 πυνθανόμεθα
2375 4971 2400 5001 ο
2440 4963 2500 5016 ἐν
2527 4961 2672 5016 τίσιν
2699 4962 2848 5034 ὁρμᾷ
2877 4963 2946 5017 τά
2969 4962 3056 5018 σά.
3073 4964 3171 5019 Ἵν’
3199 4963 3294 5019 οὖν
3321 4966 3398 5038 μὴ
3427 4984 3498 5020 πα
3511 4970 3558 5038 ρ’

1960 5061 2186 5133 ἐτέρων,
2209 5059 2347 5115 ἀλλά
2369 5060 2467 5115 καὶ
2489 5059 2639 5132 παρά
2667 5060 2768 5131 τῆς
2797 5060 3057 5130 γλυκείας
3098 5062 3195 5116 καὶ
3241 5063 3559 5118 ποθεινοτά-

1959 5175 2061 5230 της
2084 5159 2220 5232 ήμῖν
2247 5157 2543 5222 διαθέσεως
2588 5157 2763 5213 ταῦτα
2794 5159 3188 5232 μανθάνωμεν,
3211 5161 3400 5234 ,γράφε
3429 5179 3556 5216 συν-

1962 5253 2105 5328 εχῶς
2132 5256 2268 5326 ήμῖν
2292 5253 2362 5308 τά
2383 5255 2514 5327 περὶ
2537 5254 2641 5324 τῆς
2674 5253 2896 5328 ῥώσεως
2924 5256 3024 5326 τῆς
3050 5261 3152 5330 σῆς
3173 5275 3188 5289 ο
3220 5258 3317 5313 καὶ
3359 5257 3420 5312 τὸ
3449 5261 3560 5313 πᾶν

1963 5352 2376 5425 ἀπειλήφαμεν,
2405 5352 2474 5424 ὴν
2516 5351 2804 5426 δεξώμεθα
2831 5353 3124 5420 ἐπιστολὰς
3157 5354 3332 5410 ταῦτα
3359 5357 3558 5430 φερού-

1968 5465 2068 5514 σας
2097 5449 2231 5520 ήμῖν
2255 5447 2327 5503 τά
2352 5447 2672 5519 εὐαγγέλια.

2027 5639 2281 5708 ε-ςοιςιίῃ.
2306 5640 2716 5708 πριιιιιξγὲμαεὶ
2740 5642 2915 5706 ἀθυμία
2936 5647 2993 5706 τῆ
3034 5644 3164 5707 Mt
3198 5641 3448 5708 ὤφίλιιιν,
3490 5643 3568 5694 καί

1965 5703 2121 5766 πολὶᾴ
2155 5703 2215 5766 τά
2237 5701 2452 5766 βραδεῖα.
2476 5701 2624 5766 ταῦτ’
2648 5705 2754 5758 οὖν.

2035 5767 2058 5794 ο
2082 5763 2343 5822 Ξοιθιιζτῆς
2361 5765 2584 5819 διανοίας.

2031 5826 2057 5866 d
2084 5824 2286 5893 goislin.
2311 5827 2358 5874 ἐν
2389 5827 2459 5893 τῷ
2485 5826 2681 5893 παρόντι
2702 5829 2873 5893 καιρῷ.

2038 5899 2063 5928 ο
2086 5885 2193 5936 Duo
2215 5900 2328 5934 mss.
2349 5885 2702 5953 πυνθανόμενοι.
