  <div class='ocr_page' id='page_1' title='image "/cluster/home/n/w/nwhite01/storage/ocr_20150623/52/uva.x030486926/253.png"; bbox 0 0 4216 6492; ppageno 0'>
   <div class='ocr_carea' id='block_1_1' title="bbox 683 419 792 479">
    <p class='ocr_par' dir='ltr' id='par_1_1' title="bbox 683 419 792 479">
     <span class='ocr_line' id='line_1_1' title="bbox 683 419 792 479; baseline 0.018 -2"><span class='ocrx_word' id='word_1_1' title='bbox 683 419 792 479; x_wconf 75' lang='lat'>633</span> 
     </span>
    </p>
   </div>
   <div class='ocr_carea' id='block_1_2' title="bbox 1195 523 1755 587">
    <p class='ocr_par' dir='ltr' id='par_1_2' title="bbox 1195 523 1755 587">
     <span class='ocr_line' id='line_1_2' title="bbox 1195 523 1755 587; baseline -0.009 -6"><span class='ocrx_word' id='word_1_2' title='bbox 1195 527 1334 580; x_wconf 68' lang='grc' dir='ltr'>ΜΗ.</span> <span class='ocrx_word' id='word_1_3' title='bbox 1366 523 1755 587; x_wconf 71' lang='grc' dir='ltr'>Κανδιδιανῷ.</span> 
     </span>
    </p>
   </div>
   <div class='ocr_carea' id='block_1_3' title="bbox 758 627 2271 709">
    <p class='ocr_par' dir='ltr' id='par_1_3' title="bbox 758 627 2271 709">
     <span class='ocr_line' id='line_1_3' title="bbox 758 627 2271 709; baseline -0.011 -12"><span class='ocrx_word' id='word_1_4' title='bbox 758 643 899 697; x_wconf 83' lang='grc' dir='ltr'>Πολὺ</span> <span class='ocrx_word' id='word_1_5' title='bbox 929 639 1029 709; x_wconf 87' lang='grc' dir='ltr'>τῆς</span> <span class='ocrx_word' id='word_1_6' title='bbox 1071 635 1191 691; x_wconf 83' lang='grc' dir='ltr'>ὁδοῦ</span> <span class='ocrx_word' id='word_1_7' title='bbox 1226 637 1287 690; x_wconf 83' lang='grc' dir='ltr'>τὺ</span> <span class='ocrx_word' id='word_1_8' title='bbox 1323 636 1484 708; x_wconf 78' lang='grc' dir='ltr'>μέσον</span> <span class='ocrx_word' id='word_1_9' title='bbox 1527 635 1588 688; x_wconf 83' lang='grc' dir='ltr'>τὸ</span> <span class='ocrx_word' id='word_1_10' title='bbox 1632 634 1866 704; x_wconf 78' lang='grc' dir='ltr'>διεῖργον</span> <span class='ocrx_word' id='word_1_11' title='bbox 1916 631 2101 702; x_wconf 78' lang='grc' dir='ltr'>ἡμᾶς,</span> <span class='ocrx_word' id='word_1_12' title='bbox 2155 627 2271 683; x_wconf 74' lang='grc' dir='ltr'>ἀλλ’</span> 
     </span>
    </p>
   </div>
   <div class='ocr_carea' id='block_1_4' title="bbox 692 719 2273 801">
    <p class='ocr_par' dir='ltr' id='par_1_4' title="bbox 692 719 2273 801">
     <span class='ocr_line' id='line_1_4' title="bbox 692 719 2273 801; baseline -0.013 -12"><span class='ocrx_word' id='word_1_13' title='bbox 692 733 815 788; x_wconf 74' lang='grc' dir='ltr'>οὑδέ</span> <span class='ocrx_word' id='word_1_14' title='bbox 845 733 875 784; x_wconf 91' lang='lat'>6</span> <span class='ocrx_word' id='word_1_15' title='bbox 899 730 1088 801; x_wconf 82' lang='grc' dir='ltr'>χρόνος</span> <span class='ocrx_word' id='word_1_16' title='bbox 1111 726 1316 799; x_wconf 76' lang='grc' dir='ltr'>βραχὺς</span> <span class='ocrx_word' id='word_1_17' title='bbox 1343 766 1357 790; x_wconf 92' lang='grc'>,</span> <span class='ocrx_word' id='word_1_18' title='bbox 1381 725 1440 790; x_wconf 79' lang='grc' dir='ltr'>ἐξ</span> <span class='ocrx_word' id='word_1_19' title='bbox 1463 720 1524 780; x_wconf 79' lang='grc' dir='ltr'>οὗ</span> <span class='ocrx_word' id='word_1_20' title='bbox 1553 725 1650 795; x_wconf 83' lang='grc' dir='ltr'>τῆς</span> <span class='ocrx_word' id='word_1_21' title='bbox 1676 723 2106 794; x_wconf 88' lang='grc' dir='ltr'>θαυμασιότητος</span> <span class='ocrx_word' id='word_1_22' title='bbox 2137 719 2273 787; x_wconf 73' lang='grc' dir='ltr'>ἐχωο</span> 
     </span>
    </p>
   </div>
   <div class='ocr_carea' id='block_1_5' title="bbox 693 809 2273 897">
    <p class='ocr_par' dir='ltr' id='par_1_5' title="bbox 693 809 2273 897">
     <span class='ocr_line' id='line_1_5' title="bbox 693 809 2273 897; baseline -0.01 -19"><span class='ocrx_word' id='word_1_23' title='bbox 693 824 958 897; x_wconf 80' lang='grc' dir='ltr'>ρῖσθημεν</span> <span class='ocrx_word' id='word_1_24' title='bbox 993 819 1091 888; x_wconf 83' lang='grc' dir='ltr'>τῆς</span> <span class='ocrx_word' id='word_1_25' title='bbox 1143 817 1274 888; x_wconf 80' lang='grc' dir='ltr'>σῆς’</span> <span class='ocrx_word' id='word_1_26' title='bbox 1305 814 1535 870; x_wconf 80' lang='grc' dir='ltr'>καὶτῶν</span> <span class='ocrx_word' id='word_1_27' title='bbox 1569 815 1908 885; x_wconf 78' lang='grc' dir='ltr'>πραγμάτων</span> <span class='ocrx_word' id='word_1_28' title='bbox 1930 812 1989 866; x_wconf 74' lang='grc' dir='ltr'>δέ</span> <span class='ocrx_word' id='word_1_29' title='bbox 2035 809 2202 872; x_wconf 80' lang='grc' dir='ltr'>πολὺς</span> <span class='ocrx_word' id='word_1_30' title='bbox 2243 809 2273 861; x_wconf 89' lang='lat'>6</span> 
     </span>
    </p>
   </div>
   <div class='ocr_carea' id='block_1_6' title="bbox 691 900 2270 986">
    <p class='ocr_par' dir='ltr' id='par_1_6' title="bbox 691 900 2270 986">
     <span class='ocr_line' id='line_1_6' title="bbox 691 900 2270 986; baseline -0.009 -17"><span class='ocrx_word' id='word_1_31' title='bbox 691 913 992 986; x_wconf 83' lang='grc' dir='ltr'>περιεστὼς</span> <span class='ocrx_word' id='word_1_32' title='bbox 1021 912 1170 982; x_wconf 76' lang='grc' dir='ltr'>ἡμᾶς</span> <span class='ocrx_word' id='word_1_33' title='bbox 1190 908 1346 980; x_wconf 83' lang='grc' dir='ltr'>δχλος</span> <span class='ocrx_word' id='word_1_34' title='bbox 1368 945 1384 973; x_wconf 90' lang='grc'>,</span> <span class='ocrx_word' id='word_1_35' title='bbox 1414 908 1623 978; x_wconf 89' lang='grc' dir='ltr'>ἐρημία</span> <span class='ocrx_word' id='word_1_36' title='bbox 1662 906 1859 976; x_wconf 86' lang='grc' dir='ltr'>χωρίου</span> <span class='ocrx_word' id='word_1_37' title='bbox 1891 900 2270 974; x_wconf 75' lang='grc' dir='ltr'>χαλεπωτάτη,</span> 
     </span>
    </p>
   </div>
   <div class='ocr_carea' id='block_1_7' title="bbox 691 993 2269 1076">
    <p class='ocr_par' dir='ltr' id='par_1_7' title="bbox 691 993 2269 1076">
     <span class='ocr_line' id='line_1_7' title="bbox 691 993 2269 1076; baseline -0.011 -16"><span class='ocrx_word' id='word_1_38' title='bbox 691 1003 975 1076; x_wconf 76' lang='grc' dir='ltr'>πολιορκία</span> <span class='ocrx_word' id='word_1_39' title='bbox 1009 1003 1320 1072; x_wconf 77' lang='grc' dir='ltr'>ἀφόρητος,</span> <span class='ocrx_word' id='word_1_40' title='bbox 1370 998 1588 1068; x_wconf 78' lang='grc' dir='ltr'>ἔφοδοι,</span> <span class='ocrx_word' id='word_1_41' title='bbox 1639 994 1980 1064; x_wconf 78' lang='grc' dir='ltr'>καταδρομαὶ</span> <span class='ocrx_word' id='word_1_42' title='bbox 2036 993 2269 1064; x_wconf 79' lang='grc' dir='ltr'>λῃστῶν,</span> 
     </span>
    </p>
   </div>
   <div class='ocr_carea' id='block_1_8' title="bbox 692 1082 2270 1168">
    <p class='ocr_par' dir='ltr' id='par_1_8' title="bbox 692 1082 2270 1168">
     <span class='ocr_line' id='line_1_8' title="bbox 692 1082 2270 1168; baseline -0.009 -18"><span class='ocrx_word' id='word_1_43' title='bbox 692 1097 853 1168; x_wconf 83' lang='grc' dir='ltr'>ἐτέρα</span> <span class='ocrx_word' id='word_1_44' title='bbox 875 1094 1220 1164; x_wconf 73' lang='grc' dir='ltr'>στενοχωρία,</span> <span class='ocrx_word' id='word_1_45' title='bbox 1253 1093 1287 1163; x_wconf 78' lang='grc' dir='ltr'>η</span> <span class='ocrx_word' id='word_1_46' title='bbox 1308 1091 1402 1144; x_wconf 88' lang='grc' dir='ltr'>τοῦ</span> <span class='ocrx_word' id='word_1_47' title='bbox 1442 1090 1693 1159; x_wconf 81' lang='grc' dir='ltr'>σώματος</span> <span class='ocrx_word' id='word_1_48' title='bbox 1723 1088 2003 1159; x_wconf 74' lang='grc' dir='ltr'>ἀρρωστία</span> <span class='ocrx_word' id='word_1_49' title='bbox 2033 1097 2080 1140; x_wconf 75' lang='grc' dir='ltr'>ι.</span> <span class='ocrx_word' id='word_1_50' title='bbox 2109 1082 2270 1138; x_wconf 71' lang='grc' dir='ltr'>ι’Δλλ’</span> 
     </span>
    </p>
   </div>
   <div class='ocr_carea' id='block_1_9' title="bbox 693 1175 2274 1260">
    <p class='ocr_par' dir='ltr' id='par_1_9' title="bbox 693 1175 2274 1260">
     <span class='ocr_line' id='line_1_9' title="bbox 693 1175 2274 1260; baseline -0.009 -17"><span class='ocrx_word' id='word_1_51' title='bbox 693 1189 842 1260; x_wconf 79' lang='grc' dir='ltr'>ὅμως</span> <span class='ocrx_word' id='word_1_52' title='bbox 863 1186 1014 1241; x_wconf 84' lang='grc' dir='ltr'>ούδέν</span> <span class='ocrx_word' id='word_1_53' title='bbox 1035 1185 1238 1238; x_wconf 87' lang='grc' dir='ltr'>τούτων</span> <span class='ocrx_word' id='word_1_54' title='bbox 1263 1181 1669 1256; x_wconf 68' lang='grc' dir='ltr'>ῥᾳθυμοτέρως</span> <span class='ocrx_word' id='word_1_55' title='bbox 1693 1183 1838 1251; x_wconf 77' lang='grc' dir='ltr'>ἡμᾶς</span> <span class='ocrx_word' id='word_1_56' title='bbox 1861 1180 1988 1249; x_wconf 76' lang='grc' dir='ltr'>περὶ</span> <span class='ocrx_word' id='word_1_57' title='bbox 2014 1177 2113 1248; x_wconf 83' lang='grc' dir='ltr'>τὴν</span> <span class='ocrx_word' id='word_1_58' title='bbox 2137 1175 2274 1243; x_wconf 90' lang='grc' dir='ltr'>ἀγά-</span> 
     </span>
    </p>
   </div>
   <div class='ocr_carea' id='block_1_10' title="bbox 698 1268 2272 1355">
    <p class='ocr_par' dir='ltr' id='par_1_10' title="bbox 698 1268 2272 1355">
     <span class='ocr_line' id='line_1_10' title="bbox 698 1268 2272 1355; baseline -0.012 -16"><span class='ocrx_word' id='word_1_59' title='bbox 698 1303 807 1355; x_wconf 87' lang='grc' dir='ltr'>πην</span> <span class='ocrx_word' id='word_1_60' title='bbox 828 1284 924 1354; x_wconf 78' lang='grc' dir='ltr'>τὴν</span> <span class='ocrx_word' id='word_1_61' title='bbox 961 1282 1058 1354; x_wconf 77' lang='grc' dir='ltr'>σὴν</span> <span class='ocrx_word' id='word_1_62' title='bbox 1083 1279 1400 1350; x_wconf 85' lang='grc' dir='ltr'>πεποίηκεν,</span> <span class='ocrx_word' id='word_1_63' title='bbox 1435 1276 1548 1330; x_wconf 80' lang='grc' dir='ltr'>ἀλλ’</span> <span class='ocrx_word' id='word_1_64' title='bbox 1574 1274 1930 1344; x_wconf 71' lang='grc' dir='ltr'>ἀκμάζουσαν</span> <span class='ocrx_word' id='word_1_65' title='bbox 1964 1269 2134 1340; x_wconf 78' lang='grc' dir='ltr'>αὑτὴν</span> <span class='ocrx_word' id='word_1_66' title='bbox 2179 1268 2272 1321; x_wconf 72' lang='grc' dir='ltr'>καὶ</span> 
     </span>
    </p>
   </div>
   <div class='ocr_carea' id='block_1_11' title="bbox 697 1359 2276 1449">
    <p class='ocr_par' dir='ltr' id='par_1_11' title="bbox 697 1359 2276 1449">
     <span class='ocr_line' id='line_1_11' title="bbox 697 1359 2276 1449; baseline -0.013 -16"><span class='ocrx_word' id='word_1_67' title='bbox 697 1374 848 1449; x_wconf 74' lang='grc'>[617]</span> <span class='ocrx_word' id='word_1_68' title='bbox 872 1373 1138 1429; x_wconf 75' lang='grc' dir='ltr'>ἀνθοῦσαν</span> <span class='ocrx_word' id='word_1_69' title='bbox 1168 1368 1548 1440; x_wconf 88' lang='grc' dir='ltr'>διατηροῦμεν,</span> <span class='ocrx_word' id='word_1_70' title='bbox 1578 1366 1670 1418; x_wconf 76' lang='grc' dir='ltr'>ἐπὶ</span> <span class='ocrx_word' id='word_1_71' title='bbox 1693 1363 1932 1426; x_wconf 83' lang='grc' dir='ltr'>διανοίας</span> <span class='ocrx_word' id='word_1_72' title='bbox 1964 1378 2023 1415; x_wconf 90' lang='grc' dir='ltr'>σε</span> <span class='ocrx_word' id='word_1_73' title='bbox 2053 1359 2276 1431; x_wconf 82' lang='grc' dir='ltr'>περιφέ-</span> 
     </span>
    </p>
   </div>
   <div class='ocr_carea' id='block_1_12' title="bbox 693 1452 2271 1540">
    <p class='ocr_par' dir='ltr' id='par_1_12' title="bbox 693 1452 2271 1540">
     <span class='ocr_line' id='line_1_12' title="bbox 693 1452 2271 1540; baseline -0.011 -19"><span class='ocrx_word' id='word_1_74' title='bbox 693 1483 880 1540; x_wconf 86' lang='grc' dir='ltr'>ροντες</span> <span class='ocrx_word' id='word_1_75' title='bbox 899 1507 913 1531; x_wconf 95' lang='grc'>,</span> <span class='ocrx_word' id='word_1_76' title='bbox 947 1467 1188 1535; x_wconf 83' lang='grc' dir='ltr'>ὅπουπερ</span> <span class='ocrx_word' id='word_1_77' title='bbox 1210 1462 1275 1516; x_wconf 79' lang='grc' dir='ltr'>ἂν</span> <span class='ocrx_word' id='word_1_78' title='bbox 1304 1457 1473 1531; x_wconf 80' lang='grc' dir='ltr'>ὦμεν,</span> <span class='ocrx_word' id='word_1_79' title='bbox 1497 1459 1590 1512; x_wconf 81' lang='grc' dir='ltr'>καὶ</span> <span class='ocrx_word' id='word_1_80' title='bbox 1619 1456 1848 1527; x_wconf 80' lang='grc' dir='ltr'>άληστόν</span> <span class='ocrx_word' id='word_1_81' title='bbox 1883 1471 1976 1507; x_wconf 90' lang='grc' dir='ltr'>σου</span> <span class='ocrx_word' id='word_1_82' title='bbox 1999 1453 2098 1524; x_wconf 82' lang='grc' dir='ltr'>τὴν</span> <span class='ocrx_word' id='word_1_83' title='bbox 2134 1452 2271 1523; x_wconf 84' lang='grc' dir='ltr'>μνή-</span> 
     </span>
    </p>
   </div>
   <div class='ocr_carea' id='block_1_13' title="bbox 694 1543 2270 1630">
    <p class='ocr_par' dir='ltr' id='par_1_13' title="bbox 694 1543 2270 1630">
     <span class='ocr_line' id='line_1_13' title="bbox 694 1543 2270 1630; baseline -0.011 -18"><span class='ocrx_word' id='word_1_84' title='bbox 694 1575 802 1630; x_wconf 90' lang='grc' dir='ltr'>μην</span> <span class='ocrx_word' id='word_1_85' title='bbox 831 1557 1040 1628; x_wconf 74' lang='grc' dir='ltr'>ἔχοντες</span> <span class='ocrx_word' id='word_1_86' title='bbox 1060 1597 1074 1618; x_wconf 92' lang='grc'>,</span> <span class='ocrx_word' id='word_1_87' title='bbox 1101 1555 1193 1608; x_wconf 72' lang='grc' dir='ltr'>καὶ</span> <span class='ocrx_word' id='word_1_88' title='bbox 1222 1554 1284 1607; x_wconf 91' lang='lat'>16</span> <span class='ocrx_word' id='word_1_89' title='bbox 1309 1551 1525 1621; x_wconf 81' lang='grc' dir='ltr'>εὐγενές</span> <span class='ocrx_word' id='word_1_90' title='bbox 1549 1567 1640 1604; x_wconf 90' lang='grc' dir='ltr'>σου</span> <span class='ocrx_word' id='word_1_91' title='bbox 1662 1547 1762 1618; x_wconf 83' lang='grc' dir='ltr'>τῆς</span> <span class='ocrx_word' id='word_1_92' title='bbox 1793 1546 1970 1616; x_wconf 82' lang='grc' dir='ltr'>ψυχῆς</span> <span class='ocrx_word' id='word_1_93' title='bbox 1987 1586 2002 1612; x_wconf 94' lang='grc'>,</span> <span class='ocrx_word' id='word_1_94' title='bbox 2030 1544 2091 1597; x_wconf 91' lang='lat'>16</span> <span class='ocrx_word' id='word_1_95' title='bbox 2118 1543 2270 1597; x_wconf 82' lang='grc' dir='ltr'>ἐλευ-</span> 
     </span>
    </p>
   </div>
   <div class='ocr_carea' id='block_1_14' title="bbox 691 1637 2269 1722">
    <p class='ocr_par' dir='ltr' id='par_1_14' title="bbox 691 1637 2269 1722">
     <span class='ocr_line' id='line_1_14' title="bbox 691 1637 2269 1722; baseline -0.01 -18"><span class='ocrx_word' id='word_1_96' title='bbox 691 1649 890 1722; x_wconf 84' lang='grc' dir='ltr'>θέριον,</span> <span class='ocrx_word' id='word_1_97' title='bbox 927 1649 986 1701; x_wconf 91' lang='lat'>16</span> <span class='ocrx_word' id='word_1_98' title='bbox 1008 1650 1293 1717; x_wconf 77' lang='grc' dir='ltr'>ἄτρεπτον,</span> <span class='ocrx_word' id='word_1_99' title='bbox 1327 1645 1388 1698; x_wconf 90' lang='lat'>16</span> <span class='ocrx_word' id='word_1_100' title='bbox 1413 1642 1631 1706; x_wconf 87' lang='grc' dir='ltr'>ἀκλινές</span> <span class='ocrx_word' id='word_1_101' title='bbox 1658 1640 1761 1710; x_wconf 84' lang='grc' dir='ltr'>τῆς</span> <span class='ocrx_word' id='word_1_102' title='bbox 1781 1638 2008 1709; x_wconf 86' lang='grc' dir='ltr'>γνησίας</span> <span class='ocrx_word' id='word_1_103' title='bbox 2027 1637 2269 1708; x_wconf 79' lang='grc' dir='ltr'>ἀγάπης,</span> 
     </span>
    </p>
   </div>
   <div class='ocr_carea' id='block_1_15' title="bbox 691 1729 2270 1810">
    <p class='ocr_par' dir='ltr' id='par_1_15' title="bbox 691 1729 2270 1810">
     <span class='ocr_line' id='line_1_15' title="bbox 691 1729 2270 1810; baseline -0.008 -17"><span class='ocrx_word' id='word_1_104' title='bbox 691 1739 754 1793; x_wconf 80' lang='grc' dir='ltr'>τὸ</span> <span class='ocrx_word' id='word_1_105' title='bbox 776 1739 973 1810; x_wconf 77' lang='grc' dir='ltr'>θερμὸν</span> <span class='ocrx_word' id='word_1_106' title='bbox 1003 1739 1102 1807; x_wconf 78' lang='grc' dir='ltr'>τῆς</span> <span class='ocrx_word' id='word_1_107' title='bbox 1120 1737 1412 1800; x_wconf 74' lang='grc' dir='ltr'>διαθέσεως</span> <span class='ocrx_word' id='word_1_108' title='bbox 1434 1732 1828 1802; x_wconf 83' lang='grc' dir='ltr'>ἐγκολάψαντες</span> <span class='ocrx_word' id='word_1_109' title='bbox 1867 1730 2024 1802; x_wconf 79' lang='grc' dir='ltr'>ἡμῶν</span> <span class='ocrx_word' id='word_1_110' title='bbox 2050 1732 2118 1800; x_wconf 80' lang='grc' dir='ltr'>τῇ</span> <span class='ocrx_word' id='word_1_111' title='bbox 2153 1729 2270 1782; x_wconf 83' lang='grc' dir='ltr'>δια-</span> 
     </span>
    </p>
   </div>
   <div class='ocr_carea' id='block_1_16' title="bbox 692 1821 2271 1902">
    <p class='ocr_par' dir='ltr' id='par_1_16' title="bbox 692 1821 2271 1902">
     <span class='ocr_line' id='line_1_16' title="bbox 692 1821 2271 1902; baseline -0.007 -17"><span class='ocrx_word' id='word_1_112' title='bbox 692 1829 829 1902; x_wconf 76' lang='grc' dir='ltr'>νοίᾳ.</span> <span class='ocrx_word' id='word_1_113' title='bbox 858 1828 1045 1892; x_wconf 80' lang='grc' dir='ltr'>Οὕτως</span> <span class='ocrx_word' id='word_1_114' title='bbox 1069 1826 1300 1882; x_wconf 83' lang='grc' dir='ltr'>ἐνταῦθα</span> <span class='ocrx_word' id='word_1_115' title='bbox 1327 1826 1605 1894; x_wconf 81' lang='grc' dir='ltr'>διάγομεν,</span> <span class='ocrx_word' id='word_1_116' title='bbox 1634 1823 1894 1894; x_wconf 77' lang='grc' dir='ltr'>μεγίστην</span> <span class='ocrx_word' id='word_1_117' title='bbox 1917 1821 2271 1892; x_wconf 80' lang='grc' dir='ltr'>παραμυθίαν</span> 
     </span>
    </p>
   </div>
   <div class='ocr_carea' id='block_1_17' title="bbox 690 1912 2272 1992">
    <p class='ocr_par' dir='ltr' id='par_1_17' title="bbox 690 1912 2272 1992">
     <span class='ocr_line' id='line_1_17' title="bbox 690 1912 2272 1992; baseline -0.006 -17"><span class='ocrx_word' id='word_1_118' title='bbox 690 1921 790 1992; x_wconf 82' lang='grc' dir='ltr'>τῆς</span> <span class='ocrx_word' id='word_1_119' title='bbox 810 1920 1075 1988; x_wconf 79' lang='grc' dir='ltr'>τοσαύτης</span> <span class='ocrx_word' id='word_1_120' title='bbox 1107 1917 1338 1989; x_wconf 78' lang='grc' dir='ltr'>ἐρημίας</span> <span class='ocrx_word' id='word_1_121' title='bbox 1358 1917 1454 1987; x_wconf 78' lang='grc' dir='ltr'>τὴν</span> <span class='ocrx_word' id='word_1_122' title='bbox 1480 1918 1701 1986; x_wconf 82' lang='grc' dir='ltr'>μνήμην</span> <span class='ocrx_word' id='word_1_123' title='bbox 1726 1914 1833 1966; x_wconf 90' lang='grc' dir='ltr'>τῶν</span> <span class='ocrx_word' id='word_1_124' title='bbox 1863 1913 1969 1966; x_wconf 88' lang='grc' dir='ltr'>σῶν</span> <span class='ocrx_word' id='word_1_125' title='bbox 1994 1912 2272 1984; x_wconf 89' lang='grc' dir='ltr'>κατορθω-</span> 
     </span>
    </p>
   </div>
   <div class='ocr_carea' id='block_1_18' title="bbox 696 2004 2268 2083">
    <p class='ocr_par' dir='ltr' id='par_1_18' title="bbox 696 2004 2268 2083">
     <span class='ocr_line' id='line_1_18' title="bbox 696 2004 2268 2083; baseline -0.004 -19"><span class='ocrx_word' id='word_1_126' title='bbox 696 2011 880 2083; x_wconf 81' lang='grc' dir='ltr'>μάτων</span> <span class='ocrx_word' id='word_1_127' title='bbox 911 2010 1144 2081; x_wconf 78' lang='grc' dir='ltr'>έχοντες.</span> <span class='ocrx_word' id='word_1_128' title='bbox 1173 2009 1354 2080; x_wconf 79' lang='grc' dir='ltr'>Γράφε</span> <span class='ocrx_word' id='word_1_129' title='bbox 1385 2008 1449 2078; x_wconf 81' lang='grc' dir='ltr'>δὴ</span> <span class='ocrx_word' id='word_1_130' title='bbox 1479 2007 1572 2060; x_wconf 79' lang='grc' dir='ltr'>καὶ</span> <span class='ocrx_word' id='word_1_131' title='bbox 1616 2006 1776 2069; x_wconf 80' lang='grc' dir='ltr'>αὐτὸς</span> <span class='ocrx_word' id='word_1_132' title='bbox 1822 2007 1954 2075; x_wconf 86' lang='grc' dir='ltr'>ἡμῖν</span> <span class='ocrx_word' id='word_1_133' title='bbox 2010 2004 2268 2074; x_wconf 87' lang='grc' dir='ltr'>συνεχῶς,</span> 
     </span>
    </p>
   </div>
   <div class='ocr_carea' id='block_1_19' title="bbox 689 2096 2268 2173">
    <p class='ocr_par' dir='ltr' id='par_1_19' title="bbox 689 2096 2268 2173">
     <span class='ocr_line' id='line_1_19' title="bbox 689 2096 2268 2173; baseline -0.006 -15"><span class='ocrx_word' id='word_1_134' title='bbox 689 2104 922 2158; x_wconf 77' lang='grc' dir='ltr'>δέσποτά</span> <span class='ocrx_word' id='word_1_135' title='bbox 956 2121 1056 2173; x_wconf 85' lang='grc' dir='ltr'>μου</span> <span class='ocrx_word' id='word_1_136' title='bbox 1103 2100 1517 2172; x_wconf 85' lang='grc' dir='ltr'>θαυμασιώτατε</span> <span class='ocrx_word' id='word_1_137' title='bbox 1554 2100 1649 2152; x_wconf 76' lang='grc' dir='ltr'>καὶ</span> <span class='ocrx_word' id='word_1_138' title='bbox 1700 2096 2268 2169; x_wconf 83' lang='grc' dir='ltr'>μεγαλοπρεπέστατε,</span> 
     </span>
    </p>
   </div>
   <div class='ocr_carea' id='block_1_20' title="bbox 691 2183 2271 2266">
    <p class='ocr_par' dir='ltr' id='par_1_20' title="bbox 691 2183 2271 2266">
     <span class='ocr_line' id='line_1_20' title="bbox 691 2183 2271 2266; baseline -0.007 -16"><span class='ocrx_word' id='word_1_139' title='bbox 691 2196 760 2250; x_wconf 81' lang='grc' dir='ltr'>τά</span> <span class='ocrx_word' id='word_1_140' title='bbox 790 2197 916 2266; x_wconf 73' lang='grc' dir='ltr'>περὶ</span> <span class='ocrx_word' id='word_1_141' title='bbox 945 2197 1044 2265; x_wconf 84' lang='grc' dir='ltr'>τῆς</span> <span class='ocrx_word' id='word_1_142' title='bbox 1075 2195 1284 2263; x_wconf 85' lang='grc' dir='ltr'>ὑγιείας</span> <span class='ocrx_word' id='word_1_143' title='bbox 1309 2193 1406 2263; x_wconf 83' lang='grc' dir='ltr'>τῆς</span> <span class='ocrx_word' id='word_1_144' title='bbox 1439 2195 1534 2263; x_wconf 74' lang='grc' dir='ltr'>σῆς</span> <span class='ocrx_word' id='word_1_145' title='bbox 1565 2189 2070 2259; x_wconf 80' lang='grc' dir='ltr'>εὐαγγελιζόμενος.</span> <span class='ocrx_word' id='word_1_146' title='bbox 2101 2183 2271 2241; x_wconf 75' lang='grc' dir='ltr'>Οἶσθα</span> 
     </span>
    </p>
   </div>
   <div class='ocr_carea' id='block_1_21' title="bbox 691 2278 2270 2358">
    <p class='ocr_par' dir='ltr' id='par_1_21' title="bbox 691 2278 2270 2358">
     <span class='ocr_line' id='line_1_21' title="bbox 691 2278 2270 2358; baseline -0.006 -17"><span class='ocrx_word' id='word_1_147' title='bbox 691 2288 800 2358; x_wconf 79' lang='grc' dir='ltr'>γὰρ</span> <span class='ocrx_word' id='word_1_148' title='bbox 819 2289 966 2350; x_wconf 84' lang='grc' dir='ltr'>ὅπως</span> <span class='ocrx_word' id='word_1_149' title='bbox 989 2287 1159 2355; x_wconf 80' lang='grc' dir='ltr'>αὑτῆς</span> <span class='ocrx_word' id='word_1_150' title='bbox 1183 2283 1517 2355; x_wconf 85' lang='grc' dir='ltr'>ἀντεχόμεθα</span> <span class='ocrx_word' id='word_1_151' title='bbox 1539 2282 1654 2352; x_wconf 76' lang='grc' dir='ltr'>(καὶ</span> <span class='ocrx_word' id='word_1_152' title='bbox 1676 2281 1785 2352; x_wconf 80' lang='grc' dir='ltr'>γάρ</span> <span class='ocrx_word' id='word_1_153' title='bbox 1806 2278 2270 2348; x_wconf 87' lang='grc' dir='ltr'>περισπούδαστον</span> 
     </span>
    </p>
   </div>
   <div class='ocr_carea' id='block_1_22' title="bbox 693 2371 2270 2452">
    <p class='ocr_par' dir='ltr' id='par_1_22' title="bbox 693 2371 2270 2452">
     <span class='ocr_line' id='line_1_22' title="bbox 693 2371 2270 2452; baseline -0.005 -20"><span class='ocrx_word' id='word_1_154' title='bbox 693 2381 824 2452; x_wconf 81' lang='grc' dir='ltr'>ημῖν</span> <span class='ocrx_word' id='word_1_155' title='bbox 851 2379 977 2449; x_wconf 74' lang='grc' dir='ltr'>περὶ</span> <span class='ocrx_word' id='word_1_156' title='bbox 998 2377 1210 2448; x_wconf 55' lang='grc' dir='ltr'>’ταύτης</span> <span class='ocrx_word' id='word_1_157' title='bbox 1243 2377 1552 2447; x_wconf 83' lang='grc' dir='ltr'>μανθάνειν)</span> <span class='ocrx_word' id='word_1_158' title='bbox 1579 2414 1594 2438; x_wconf 92' lang='grc'>,</span> <span class='ocrx_word' id='word_1_159' title='bbox 1651 2375 1747 2427; x_wconf 70' lang='grc' dir='ltr'>καὶ</span> <span class='ocrx_word' id='word_1_160' title='bbox 1793 2373 1872 2427; x_wconf 83' lang='grc' dir='ltr'>ὅτι</span> <span class='ocrx_word' id='word_1_161' title='bbox 1903 2371 2094 2442; x_wconf 80' lang='grc' dir='ltr'>διπλῆν</span> <span class='ocrx_word' id='word_1_162' title='bbox 2131 2388 2270 2442; x_wconf 82' lang='grc' dir='ltr'>καρ-</span> 
     </span>
    </p>
   </div>
   <div class='ocr_carea' id='block_1_23' title="bbox 695 2462 2267 2542">
    <p class='ocr_par' dir='ltr' id='par_1_23' title="bbox 695 2462 2267 2542">
     <span class='ocr_line' id='line_1_23' title="bbox 695 2462 2267 2542; baseline -0.006 -18"><span class='ocrx_word' id='word_1_163' title='bbox 695 2469 989 2542; x_wconf 88' lang='grc' dir='ltr'>πωσόμεθα</span> <span class='ocrx_word' id='word_1_164' title='bbox 1014 2469 1111 2540; x_wconf 80' lang='grc' dir='ltr'>τὴν</span> <span class='ocrx_word' id='word_1_165' title='bbox 1141 2467 1500 2540; x_wconf 76' lang='grc' dir='ltr'>εὐφροσύνην,</span> <span class='ocrx_word' id='word_1_166' title='bbox 1523 2465 1599 2536; x_wconf 83' lang='grc' dir='ltr'>τῷ</span> <span class='ocrx_word' id='word_1_167' title='bbox 1621 2481 1681 2517; x_wconf 87' lang='grc' dir='ltr'>τε</span> <span class='ocrx_word' id='word_1_168' title='bbox 1717 2462 2052 2517; x_wconf 73' lang='grc' dir='ltr'>ἐπιστέλλειν</span> <span class='ocrx_word' id='word_1_169' title='bbox 2083 2463 2267 2529; x_wconf 83' lang='grc' dir='ltr'>αὑτὸν,</span> 
     </span>
    </p>
   </div>
   <div class='ocr_carea' id='block_1_24' title="bbox 690 2550 2265 2632">
    <p class='ocr_par' dir='ltr' id='par_1_24' title="bbox 690 2550 2265 2632">
     <span class='ocr_line' id='line_1_24' title="bbox 690 2550 2265 2632; baseline -0.006 -17"><span class='ocrx_word' id='word_1_170' title='bbox 690 2560 770 2632; x_wconf 85' lang='grc' dir='ltr'>τῷ</span> <span class='ocrx_word' id='word_1_171' title='bbox 816 2576 875 2612; x_wconf 89' lang='grc' dir='ltr'>τε</span> <span class='ocrx_word' id='word_1_172' title='bbox 922 2557 1145 2612; x_wconf 83' lang='grc' dir='ltr'>τοιαῦτα</span> <span class='ocrx_word' id='word_1_173' title='bbox 1190 2555 1439 2628; x_wconf 86' lang='grc' dir='ltr'>δέχεσθαι</span> <span class='ocrx_word' id='word_1_174' title='bbox 1477 2557 1626 2626; x_wconf 78' lang='grc' dir='ltr'>ημᾶς</span> <span class='ocrx_word' id='word_1_175' title='bbox 1655 2554 1964 2626; x_wconf 87' lang='grc' dir='ltr'>γράμματα</span> <span class='ocrx_word' id='word_1_176' title='bbox 1993 2553 2147 2624; x_wconf 88' lang='grc' dir='ltr'>παρά</span> <span class='ocrx_word' id='word_1_177' title='bbox 2167 2550 2265 2622; x_wconf 84' lang='grc' dir='ltr'>τῆς</span> 
     </span>
    </p>
   </div>
   <div class='ocr_carea' id='block_1_25' title="bbox 697 2648 1456 2724">
    <p class='ocr_par' dir='ltr' id='par_1_25' title="bbox 697 2648 1456 2724">
     <span class='ocr_line' id='line_1_25' title="bbox 697 2648 1456 2724; baseline -0.005 -18"><span class='ocrx_word' id='word_1_178' title='bbox 697 2649 1170 2724; x_wconf 72' lang='grc' dir='ltr'>μεγαλοπρεπείας</span> <span class='ocrx_word' id='word_1_179' title='bbox 1198 2648 1298 2719; x_wconf 79' lang='grc' dir='ltr'>τῆς</span> <span class='ocrx_word' id='word_1_180' title='bbox 1338 2648 1456 2719; x_wconf 85' lang='grc' dir='ltr'>σῆς.</span> 
     </span>
    </p>
   </div>
   <div class='ocr_carea' id='block_1_26' title="bbox 1212 2781 1735 2852">
    <p class='ocr_par' dir='ltr' id='par_1_26' title="bbox 1212 2781 1735 2852">
     <span class='ocr_line' id='line_1_26' title="bbox 1212 2781 1735 2852; baseline -0.008 -13"><span class='ocrx_word' id='word_1_181' title='bbox 1212 2786 1357 2839; x_wconf 73' lang='lat' dir='ltr'>RH&quot;.</span> <span class='ocrx_word' id='word_1_182' title='bbox 1393 2781 1735 2852; x_wconf 76' lang='grc' dir='ltr'>Βασσιανῇ.</span> 
     </span>
    </p>
   </div>
   <div class='ocr_carea' id='block_1_27' title="bbox 761 2896 2271 2972">
    <p class='ocr_par' dir='ltr' id='par_1_27' title="bbox 761 2896 2271 2972">
     <span class='ocr_line' id='line_1_27' title="bbox 761 2896 2271 2972; baseline -0.003 -18"><span class='ocrx_word' id='word_1_183' title='bbox 761 2901 912 2970; x_wconf 78' lang='grc' dir='ltr'>Αὐτὴ</span> <span class='ocrx_word' id='word_1_184' title='bbox 974 2899 1072 2971; x_wconf 74' lang='grc' dir='ltr'>μὶν</span> <span class='ocrx_word' id='word_1_185' title='bbox 1133 2898 1343 2970; x_wconf 73' lang='grc' dir='ltr'>μακρὸν</span> <span class='ocrx_word' id='word_1_186' title='bbox 1397 2897 1657 2968; x_wconf 85' lang='grc' dir='ltr'>ἐσίγησας</span> <span class='ocrx_word' id='word_1_187' title='bbox 1687 2897 1910 2972; x_wconf 87' lang='grc' dir='ltr'>χρόνον,</span> <span class='ocrx_word' id='word_1_188' title='bbox 1965 2896 2062 2951; x_wconf 81' lang='grc' dir='ltr'>καὶ</span> <span class='ocrx_word' id='word_1_189' title='bbox 2099 2896 2271 2952; x_wconf 87' lang='grc' dir='ltr'>ταῦτα</span> 
     </span>
    </p>
   </div>
   <div class='ocr_carea' id='block_1_28' title="bbox 692 2987 2271 3064">
    <p class='ocr_par' dir='ltr' id='par_1_28' title="bbox 692 2987 2271 3064">
     <span class='ocr_line' id='line_1_28' title="bbox 692 2987 2271 3064; baseline -0.003 -19"><span class='ocrx_word' id='word_1_190' title='bbox 692 2991 887 3064; x_wconf 68' lang='grc' dir='ltr'>ῐχωσα</span> <span class='ocrx_word' id='word_1_191' title='bbox 910 2991 1001 3044; x_wconf 78' lang='grc' dir='ltr'>τὸν</span> <span class='ocrx_word' id='word_1_192' title='bbox 1023 2990 1210 3062; x_wconf 85' lang='grc' dir='ltr'>κύριόν</span> <span class='ocrx_word' id='word_1_193' title='bbox 1237 3007 1337 3060; x_wconf 85' lang='grc' dir='ltr'>μου</span> <span class='ocrx_word' id='word_1_194' title='bbox 1363 2989 1455 3043; x_wconf 82' lang='lat' dir='ltr'><strong>16v</strong></span> <span class='ocrx_word' id='word_1_195' title='bbox 1483 2988 1808 3060; x_wconf 84' lang='grc' dir='ltr'>τιμιώτατον</span> <span class='ocrx_word' id='word_1_196' title='bbox 1837 2990 1928 3042; x_wconf 79' lang='grc' dir='ltr'>καὶ</span> <span class='ocrx_word' id='word_1_197' title='bbox 1952 2987 2271 3043; x_wconf 79' lang='grc' dir='ltr'>εὑλαδέστα·</span> 
     </span>
    </p>
   </div>
   <div class='ocr_carea' id='block_1_29' title="bbox 689 3077 2270 3149">
    <p class='ocr_par' dir='ltr' id='par_1_29' title="bbox 689 3077 2270 3149">
     <span class='ocr_line' id='line_1_29' title="bbox 689 3077 2270 3149; baseline -0.003 -14"><span class='ocrx_word' id='word_1_198' title='bbox 689 3098 782 3135; x_wconf 84' lang='grc' dir='ltr'>τον</span> <span class='ocrx_word' id='word_1_199' title='bbox 811 3081 1064 3135; x_wconf 81' lang='grc' dir='ltr'>Θεόδοτον</span> <span class='ocrx_word' id='word_1_200' title='bbox 1091 3079 1183 3133; x_wconf 84' lang='grc' dir='ltr'>τὸν</span> <span class='ocrx_word' id='word_1_201' title='bbox 1215 3078 1482 3143; x_wconf 88' lang='grc' dir='ltr'>διάκονον,</span> <span class='ocrx_word' id='word_1_202' title='bbox 1549 3077 1843 3149; x_wconf 80' lang='grc' dir='ltr'>δυνάμενον</span> <span class='ocrx_word' id='word_1_203' title='bbox 1878 3079 2076 3149; x_wconf 74' lang='grc' dir='ltr'>ῥᾳδίως</span> <span class='ocrx_word' id='word_1_204' title='bbox 2121 3079 2270 3146; x_wconf 89' lang='grc' dir='ltr'>εὑρί-</span> 
     </span>
    </p>
   </div>
   <div class='ocr_carea' id='block_1_30' title="bbox 693 3170 2270 3241">
    <p class='ocr_par' dir='ltr' id='par_1_30' title="bbox 693 3170 2270 3241">
     <span class='ocr_line' id='line_1_30' title="bbox 693 3170 2270 3241; baseline -0.003 -13"><span class='ocrx_word' id='word_1_205' title='bbox 693 3191 844 3229; x_wconf 80' lang='grc' dir='ltr'>σκειν</span> <span class='ocrx_word' id='word_1_206' title='bbox 875 3174 997 3235; x_wconf 85' lang='grc' dir='ltr'>τοὺς</span> <span class='ocrx_word' id='word_1_207' title='bbox 1018 3171 1228 3226; x_wconf 81' lang='grc' dir='ltr'>ἐκεῖθεν</span> <span class='ocrx_word' id='word_1_208' title='bbox 1255 3170 1487 3225; x_wconf 80' lang='grc' dir='ltr'>ἐνταῦθα</span> <span class='ocrx_word' id='word_1_209' title='bbox 1510 3170 1958 3241; x_wconf 81' lang='grc' dir='ltr'>ἀφικνουμένους.</span> <span class='ocrx_word' id='word_1_210' title='bbox 1991 3171 2181 3241; x_wconf 80' lang='grc' dir='ltr'>Ἡμεῖς</span> <span class='ocrx_word' id='word_1_211' title='bbox 2212 3171 2270 3224; x_wconf 73' lang='grc' dir='ltr'>δὲ</span> 
     </span>
    </p>
   </div>
   <div class='ocr_carea' id='block_1_31' title="bbox 690 3261 2271 3334">
    <p class='ocr_par' dir='ltr' id='par_1_31' title="bbox 690 3261 2271 3334">
     <span class='ocr_line' id='line_1_31' title="bbox 690 3261 2271 3334; baseline -0.003 -15"><span class='ocrx_word' id='word_1_212' title='bbox 690 3265 812 3320; x_wconf 87' lang='grc' dir='ltr'>οὑδέ</span> <span class='ocrx_word' id='word_1_213' title='bbox 843 3264 1092 3318; x_wconf 84' lang='grc' dir='ltr'>ἐντεῦθεν</span> <span class='ocrx_word' id='word_1_214' title='bbox 1118 3261 1496 3334; x_wconf 82' lang='grc' dir='ltr'>ὑποπτεύομέν</span> <span class='ocrx_word' id='word_1_215' title='bbox 1549 3279 1644 3316; x_wconf 86' lang='grc' dir='ltr'>σου</span> <span class='ocrx_word' id='word_1_216' title='bbox 1674 3263 1772 3334; x_wconf 79' lang='grc' dir='ltr'>τὴν</span> <span class='ocrx_word' id='word_1_217' title='bbox 1801 3263 2040 3332; x_wconf 88' lang='grc' dir='ltr'>ἀγάπην,</span> <span class='ocrx_word' id='word_1_218' title='bbox 2068 3261 2147 3326; x_wconf 82' lang='grc' dir='ltr'>ὡς</span> <span class='ocrx_word' id='word_1_219' title='bbox 2173 3264 2271 3332; x_wconf 77' lang='grc' dir='ltr'>ρᾳ-</span> 
     </span>
    </p>
   </div>
   <div class='ocr_carea' id='block_1_32' title="bbox 693 3355 2268 3428">
    <p class='ocr_par' dir='ltr' id='par_1_32' title="bbox 693 3355 2268 3428">
     <span class='ocr_line' id='line_1_32' title="bbox 693 3355 2268 3428; baseline -0.003 -17"><span class='ocrx_word' id='word_1_220' title='bbox 693 3356 998 3428; x_wconf 82' lang='grc' dir='ltr'>θυμοτέραν</span> <span class='ocrx_word' id='word_1_221' title='bbox 1021 3355 1393 3426; x_wconf 75' lang='grc' dir='ltr'>γεγενημένην</span> <span class='ocrx_word' id='word_1_222' title='bbox 1423 3355 1550 3426; x_wconf 78' lang='grc' dir='ltr'>περὶ</span> <span class='ocrx_word' id='word_1_223' title='bbox 1579 3355 1752 3425; x_wconf 78' lang='grc' dir='ltr'>ἡμᾶς·</span> <span class='ocrx_word' id='word_1_224' title='bbox 1786 3355 1985 3425; x_wconf 84' lang='grc' dir='ltr'>πολλὴν</span> <span class='ocrx_word' id='word_1_225' title='bbox 2033 3355 2143 3425; x_wconf 83' lang='grc' dir='ltr'>γάρ</span> <span class='ocrx_word' id='word_1_226' title='bbox 2168 3355 2268 3408; x_wconf 86' lang='grc' dir='ltr'>αὑ-</span> 
     </span>
    </p>
   </div>
   <div class='ocr_carea' id='block_1_33' title="bbox 691 3445 2270 3520">
    <p class='ocr_par' dir='ltr' id='par_1_33' title="bbox 691 3445 2270 3520">
     <span class='ocr_line' id='line_1_33' title="bbox 691 3445 2270 3520; baseline -0.003 -18"><span class='ocrx_word' id='word_1_227' title='bbox 691 3449 791 3520; x_wconf 87' lang='grc' dir='ltr'>τῆς</span> <span class='ocrx_word' id='word_1_228' title='bbox 819 3451 1032 3519; x_wconf 85' lang='grc' dir='ltr'>πεῖραν,</span> <span class='ocrx_word' id='word_1_229' title='bbox 1068 3447 1162 3500; x_wconf 75' lang='grc' dir='ltr'>καὶ</span> <span class='ocrx_word' id='word_1_230' title='bbox 1193 3445 1281 3499; x_wconf 88' lang='grc' dir='ltr'>διά</span> <span class='ocrx_word' id='word_1_231' title='bbox 1304 3446 1513 3499; x_wconf 85' lang='grc' dir='ltr'>πολλῶν</span> <span class='ocrx_word' id='word_1_232' title='bbox 1544 3447 1843 3516; x_wconf 75' lang='grc' dir='ltr'>εἰλήφαμεν</span> <span class='ocrx_word' id='word_1_233' title='bbox 1867 3487 1881 3511; x_wconf 89' lang='grc'>,</span> <span class='ocrx_word' id='word_1_234' title='bbox 1911 3447 2004 3501; x_wconf 72' lang='grc' dir='ltr'>καὶ</span> <span class='ocrx_word' id='word_1_235' title='bbox 2026 3447 2270 3517; x_wconf 68' lang='grc' dir='ltr'>ἔγνωμεν</span> 
     </span>
    </p>
   </div>
   <div class='ocr_carea' id='block_1_34' title="bbox 692 3536 2270 3609">
    <p class='ocr_par' dir='ltr' id='par_1_34' title="bbox 692 3536 2270 3609">
     <span class='ocr_line' id='line_1_34' title="bbox 692 3536 2270 3609; baseline -0.001 -15"><span class='ocrx_word' id='word_1_236' title='bbox 692 3539 863 3609; x_wconf 85' lang='grc' dir='ltr'>αὑτῆς</span> <span class='ocrx_word' id='word_1_237' title='bbox 888 3538 948 3589; x_wconf 85' lang='lat'>16</span> <span class='ocrx_word' id='word_1_238' title='bbox 994 3536 1242 3608; x_wconf 85' lang='grc' dir='ltr'>λαμπρὸν</span> <span class='ocrx_word' id='word_1_239' title='bbox 1274 3536 1368 3590; x_wconf 80' lang='grc' dir='ltr'>καὶ</span> <span class='ocrx_word' id='word_1_240' title='bbox 1421 3536 1743 3607; x_wconf 73' lang='grc' dir='ltr'>εἱλικρινὲς,</span> <span class='ocrx_word' id='word_1_241' title='bbox 1792 3537 1853 3590; x_wconf 87' lang='lat'>16</span> <span class='ocrx_word' id='word_1_242' title='bbox 1905 3539 2125 3608; x_wconf 86' lang='grc' dir='ltr'>γνήσιον</span> <span class='ocrx_word' id='word_1_243' title='bbox 2175 3540 2270 3592; x_wconf 75' lang='grc' dir='ltr'>καὶ</span> 
     </span>
    </p>
   </div>
   <div class='ocr_carea' id='block_1_35' title="bbox 692 3625 2269 3704">
    <p class='ocr_par' dir='ltr' id='par_1_35' title="bbox 692 3625 2269 3704">
     <span class='ocr_line' id='line_1_35' title="bbox 692 3625 2269 3704; baseline 0.001 -22"><span class='ocrx_word' id='word_1_244' title='bbox 692 3628 1114 3704; x_wconf 75' lang='grc' dir='ltr'>ἀπερίτρεπτον.</span> <span class='ocrx_word' id='word_1_245' title='bbox 1145 3626 1236 3679; x_wconf 84' lang='grc' dir='ltr'>Διὸ</span> <span class='ocrx_word' id='word_1_246' title='bbox 1283 3625 1387 3680; x_wconf 71' lang='grc' dir='ltr'>κᾶν</span> <span class='ocrx_word' id='word_1_247' title='bbox 1415 3628 1633 3697; x_wconf 84' lang='grc' dir='ltr'>γράφῃς</span> <span class='ocrx_word' id='word_1_248' title='bbox 1657 3667 1672 3692; x_wconf 95' lang='grc'>,</span> <span class='ocrx_word' id='word_1_249' title='bbox 1705 3627 1807 3680; x_wconf 74' lang='grc' dir='ltr'>κᾶν</span> <span class='ocrx_word' id='word_1_250' title='bbox 1850 3630 2038 3698; x_wconf 78' lang='grc' dir='ltr'>σιγᾷς,</span> <span class='ocrx_word' id='word_1_251' title='bbox 2070 3630 2269 3700; x_wconf 75' lang='grc' dir='ltr'>ὁμοίιος</span> 
     </span>
    </p>
   </div>
   <div class='ocr_carea' id='block_1_36' title="bbox 690 3717 2268 3790">
    <p class='ocr_par' dir='ltr' id='par_1_36' title="bbox 690 3717 2268 3790">
     <span class='ocr_line' id='line_1_36' title="bbox 690 3717 2268 3790; baseline -0.001 -17"><span class='ocrx_word' id='word_1_252' title='bbox 690 3718 1009 3789; x_wconf 82' lang='grc' dir='ltr'>διακείμεθά</span> <span class='ocrx_word' id='word_1_253' title='bbox 1037 3735 1130 3771; x_wconf 89' lang='grc' dir='ltr'>σου</span> <span class='ocrx_word' id='word_1_254' title='bbox 1175 3717 1301 3787; x_wconf 74' lang='grc' dir='ltr'>περὶ</span> <span class='ocrx_word' id='word_1_255' title='bbox 1348 3717 1445 3788; x_wconf 78' lang='grc' dir='ltr'>τὴν</span> <span class='ocrx_word' id='word_1_256' title='bbox 1489 3717 1769 3786; x_wconf 85' lang='grc' dir='ltr'>εὐγένειαν</span> <span class='ocrx_word' id='word_1_257' title='bbox 1795 3761 1808 3784; x_wconf 90' lang='grc'>,</span> <span class='ocrx_word' id='word_1_258' title='bbox 1843 3720 1935 3771; x_wconf 78' lang='grc' dir='ltr'>καὶ</span> <span class='ocrx_word' id='word_1_259' title='bbox 1961 3719 2268 3790; x_wconf 71' lang='grc' dir='ltr'>θαρροῦμεν</span> 
     </span>
    </p>
   </div>
   <div class='ocr_carea' id='block_1_37' title="bbox 692 3808 2269 3881">
    <p class='ocr_par' dir='ltr' id='par_1_37' title="bbox 692 3808 2269 3881">
     <span class='ocr_line' id='line_1_37' title="bbox 692 3808 2269 3881; baseline -0.001 -17"><span class='ocrx_word' id='word_1_260' title='bbox 692 3811 824 3881; x_wconf 70' lang='grc' dir='ltr'>περὶ</span> <span class='ocrx_word' id='word_1_261' title='bbox 854 3811 950 3880; x_wconf 82' lang='grc' dir='ltr'>τῆς</span> <span class='ocrx_word' id='word_1_262' title='bbox 981 3808 1267 3870; x_wconf 82' lang='grc' dir='ltr'>διαθέσεως</span> <span class='ocrx_word' id='word_1_263' title='bbox 1294 3808 1394 3877; x_wconf 78' lang='grc' dir='ltr'>τῆς</span> <span class='ocrx_word' id='word_1_264' title='bbox 1429 3808 1548 3877; x_wconf 82' lang='grc' dir='ltr'>σῆς,</span> <span class='ocrx_word' id='word_1_265' title='bbox 1573 3811 1647 3872; x_wconf 88' lang='grc' dir='ltr'>ώς</span> <span class='ocrx_word' id='word_1_266' title='bbox 1672 3810 1930 3880; x_wconf 79' lang='grc' dir='ltr'>ἀκεραίου</span> <span class='ocrx_word' id='word_1_267' title='bbox 1963 3812 2054 3864; x_wconf 84' lang='grc' dir='ltr'>καὶ</span> <span class='ocrx_word' id='word_1_268' title='bbox 2074 3812 2269 3880; x_wconf 87' lang='grc' dir='ltr'>ἀκραι-</span> 
     </span>
    </p>
   </div>
   <div class='ocr_carea' id='block_1_38' title="bbox 695 3899 2266 3973">
    <p class='ocr_par' dir='ltr' id='par_1_38' title="bbox 695 3899 2266 3973">
     <span class='ocr_line' id='line_1_38' title="bbox 695 3899 2266 3973; baseline 0.001 -21"><span class='ocrx_word' id='word_1_269' title='bbox 695 3899 858 3968; x_wconf 79' lang='grc' dir='ltr'>φνοῦς</span> <span class='ocrx_word' id='word_1_270' title='bbox 900 3899 1184 3970; x_wconf 87' lang='grc' dir='ltr'>μενούσης.</span> <span class='ocrx_word' id='word_1_271' title='bbox 1224 3899 1360 3952; x_wconf 79' lang='grc' dir='ltr'>Ἀλλ’</span> <span class='ocrx_word' id='word_1_272' title='bbox 1399 3902 1548 3970; x_wconf 86' lang='grc' dir='ltr'>ὅμως</span> <span class='ocrx_word' id='word_1_273' title='bbox 1592 3903 1686 3953; x_wconf 74' lang='grc' dir='ltr'>καὶ</span> <span class='ocrx_word' id='word_1_274' title='bbox 1738 3901 1878 3954; x_wconf 82' lang='grc' dir='ltr'>οὑτω</span> <span class='ocrx_word' id='word_1_275' title='bbox 1915 3903 2266 3973; x_wconf 85' lang='grc' dir='ltr'>διακείμενοι,</span> 
     </span>
    </p>
   </div>
   <div class='ocr_carea' id='block_1_39' title="bbox 696 3990 2268 4063">
    <p class='ocr_par' dir='ltr' id='par_1_39' title="bbox 696 3990 2268 4063">
     <span class='ocr_line' id='line_1_39' title="bbox 696 3990 2268 4063; baseline 0 -18"><span class='ocrx_word' id='word_1_276' title='bbox 696 3991 900 4063; x_wconf 84' lang='grc' dir='ltr'>σφόδρα</span> <span class='ocrx_word' id='word_1_277' title='bbox 929 3990 1225 4061; x_wconf 85' lang='grc' dir='ltr'>βουλόμεθα</span> <span class='ocrx_word' id='word_1_278' title='bbox 1260 3993 1455 4061; x_wconf 79' lang='grc' dir='ltr'>συνεχῆ</span> <span class='ocrx_word' id='word_1_279' title='bbox 1501 3991 1749 4061; x_wconf 83' lang='grc' dir='ltr'>δέχεσθαι</span> <span class='ocrx_word' id='word_1_280' title='bbox 1787 3995 2088 4063; x_wconf 84' lang='grc' dir='ltr'>γράμματα</span> <span class='ocrx_word' id='word_1_281' title='bbox 2139 3994 2268 4062; x_wconf 79' lang='grc' dir='ltr'>παρ’</span> 
     </span>
    </p>
   </div>
   <div class='ocr_carea' id='block_1_40' title="bbox 694 4082 2271 4156">
    <p class='ocr_par' dir='ltr' id='par_1_40' title="bbox 694 4082 2271 4156">
     <span class='ocr_line' id='line_1_40' title="bbox 694 4082 2271 4156; baseline 0.001 -20"><span class='ocrx_word' id='word_1_282' title='bbox 694 4082 849 4151; x_wconf 87' lang='grc' dir='ltr'>ὑμῶν</span> <span class='ocrx_word' id='word_1_283' title='bbox 876 4125 891 4149; x_wconf 94' lang='grc'>,</span> <span class='ocrx_word' id='word_1_284' title='bbox 935 4082 1392 4151; x_wconf 75' lang='grc' dir='ltr'>εὐαγγελιζόμενοι</span> <span class='ocrx_word' id='word_1_285' title='bbox 1424 4083 1570 4152; x_wconf 78' lang='grc' dir='ltr'>ἡμᾶς</span> <span class='ocrx_word' id='word_1_286' title='bbox 1616 4085 1744 4152; x_wconf 80' lang='grc' dir='ltr'>περὶ</span> <span class='ocrx_word' id='word_1_287' title='bbox 1791 4085 1888 4153; x_wconf 85' lang='grc' dir='ltr'>τῆς</span> <span class='ocrx_word' id='word_1_288' title='bbox 1919 4084 2130 4152; x_wconf 82' lang='grc' dir='ltr'>ὑγιείας</span> <span class='ocrx_word' id='word_1_289' title='bbox 2172 4085 2271 4156; x_wconf 81' lang='grc' dir='ltr'>τῆς</span> 
     </span>
    </p>
   </div>
   <div class='ocr_carea' id='block_1_41' title="bbox 697 4171 2271 4246">
    <p class='ocr_par' dir='ltr' id='par_1_41' title="bbox 697 4171 2271 4246">
     <span class='ocr_line' id='line_1_41' title="bbox 697 4171 2271 4246; baseline 0.001 -21"><span class='ocrx_word' id='word_1_290' title='bbox 697 4173 964 4244; x_wconf 81' lang='grc' dir='ltr'>ὑμετέρας</span> <span class='ocrx_word' id='word_1_291' title='bbox 989 4214 1003 4235; x_wconf 94' lang='grc'>,</span> <span class='ocrx_word' id='word_1_292' title='bbox 1035 4172 1129 4225; x_wconf 68' lang='grc' dir='ltr'>καὶ</span> <span class='ocrx_word' id='word_1_293' title='bbox 1158 4171 1252 4226; x_wconf 91' lang='grc' dir='ltr'>τοῦ</span> <span class='ocrx_word' id='word_1_294' title='bbox 1286 4173 1432 4225; x_wconf 85' lang='grc' dir='ltr'>οῐκου</span> <span class='ocrx_word' id='word_1_295' title='bbox 1477 4172 1628 4242; x_wconf 88' lang='grc' dir='ltr'>ὑμῶν</span> <span class='ocrx_word' id='word_1_296' title='bbox 1671 4174 1887 4237; x_wconf 86' lang='grc' dir='ltr'>παντός.</span> <span class='ocrx_word' id='word_1_297' title='bbox 1930 4174 2144 4246; x_wconf 81' lang='grc' dir='ltr'>Ἐπειδὴ</span> <span class='ocrx_word' id='word_1_298' title='bbox 2175 4175 2271 4226; x_wconf 74' lang='grc' dir='ltr'>καὶ</span> 
     </span>
    </p>
   </div>
   <div class='ocr_carea' id='block_1_42' title="bbox 697 4263 2270 4336">
    <p class='ocr_par' dir='ltr' id='par_1_42' title="bbox 697 4263 2270 4336">
     <span class='ocr_line' id='line_1_42' title="bbox 697 4263 2270 4336; baseline 0.003 -20"><span class='ocrx_word' id='word_1_299' title='bbox 697 4264 898 4336; x_wconf 73' lang='grc' dir='ltr'>σφόδρα</span> <span class='ocrx_word' id='word_1_300' title='bbox 935 4263 1136 4334; x_wconf 81' lang='grc' dir='ltr'>ταύτης</span> <span class='ocrx_word' id='word_1_301' title='bbox 1187 4264 1558 4334; x_wconf 75' lang='grc' dir='ltr'>ἐπιθυμοῦμεν</span> <span class='ocrx_word' id='word_1_302' title='bbox 1591 4265 1685 4317; x_wconf 75' lang='grc' dir='ltr'>καὶ</span> <span class='ocrx_word' id='word_1_303' title='bbox 1717 4265 2074 4335; x_wconf 84' lang='grc' dir='ltr'>ἀντεχόμεθα,</span> <span class='ocrx_word' id='word_1_304' title='bbox 2101 4267 2270 4320; x_wconf 75' lang='grc' dir='ltr'>καθά-</span> 
     </span>
    </p>
   </div>
   <div class='ocr_carea' id='block_1_43' title="bbox 696 4349 2267 4427">
    <p class='ocr_par' dir='ltr' id='par_1_43' title="bbox 696 4349 2267 4427">
     <span class='ocr_line' id='line_1_43' title="bbox 696 4349 2267 4427; baseline 0 -19"><span class='ocrx_word' id='word_1_305' title='bbox 696 4373 803 4426; x_wconf 88' lang='grc' dir='ltr'>περ</span> <span class='ocrx_word' id='word_1_306' title='bbox 855 4357 948 4407; x_wconf 70' lang='grc' dir='ltr'>καὶ</span> <span class='ocrx_word' id='word_1_307' title='bbox 996 4354 1130 4424; x_wconf 75' lang='grc' dir='ltr'>αὑτὴ</span> <span class='ocrx_word' id='word_1_308' title='bbox 1163 4349 1338 4410; x_wconf 78' lang='grc' dir='ltr'>οἶσθα.</span> <span class='ocrx_word' id='word_1_309' title='bbox 1374 4355 1560 4408; x_wconf 89' lang='grc' dir='ltr'>Ταῦτα</span> <span class='ocrx_word' id='word_1_310' title='bbox 1586 4349 1679 4408; x_wconf 87' lang='grc' dir='ltr'>οῦν</span> <span class='ocrx_word' id='word_1_311' title='bbox 1721 4354 1924 4414; x_wconf 82' lang='grc' dir='ltr'>εἰδυῖα,</span> <span class='ocrx_word' id='word_1_312' title='bbox 1966 4355 2129 4426; x_wconf 85' lang='grc' dir='ltr'>κυρία</span> <span class='ocrx_word' id='word_1_313' title='bbox 2166 4374 2267 4427; x_wconf 88' lang='grc' dir='ltr'>μου</span> 
     </span>
    </p>
   </div>
   <div class='ocr_carea' id='block_1_44' title="bbox 694 4446 2270 4524">
    <p class='ocr_par' dir='ltr' id='par_1_44' title="bbox 694 4446 2270 4524">
     <span class='ocr_line' id='line_1_44' title="bbox 694 4446 2270 4524; baseline 0.004 -25"><span class='ocrx_word' id='word_1_314' title='bbox 694 4447 1041 4516; x_wconf 88' lang='grc' dir='ltr'>κοσμιωτάτη</span> <span class='ocrx_word' id='word_1_315' title='bbox 1065 4447 1155 4498; x_wconf 74' lang='grc' dir='ltr'>καὶ</span> <span class='ocrx_word' id='word_1_316' title='bbox 1179 4446 1558 4518; x_wconf 77' lang='grc' dir='ltr'>εὐγενεστάτη,</span> <span class='ocrx_word' id='word_1_317' title='bbox 1585 4450 1807 4520; x_wconf 76' lang='grc' dir='ltr'>χαρίζου</span> <span class='ocrx_word' id='word_1_318' title='bbox 1835 4451 1932 4520; x_wconf 75' lang='grc' dir='ltr'>τὴν</span> <span class='ocrx_word' id='word_1_319' title='bbox 1957 4451 2116 4523; x_wconf 87' lang='grc' dir='ltr'>χάριν</span> <span class='ocrx_word' id='word_1_320' title='bbox 2140 4454 2270 4524; x_wconf 79' lang='grc' dir='ltr'>ἡμῖν</span> 
     </span>
    </p>
   </div>
   <div class='ocr_carea' id='block_1_45' title="bbox 695 4533 2268 4610">
    <p class='ocr_par' dir='ltr' id='par_1_45' title="bbox 695 4533 2268 4610">
     <span class='ocr_line' id='line_1_45' title="bbox 695 4533 2268 4610; baseline 0.005 -22"><span class='ocrx_word' id='word_1_321' title='bbox 695 4535 898 4603; x_wconf 88' lang='grc' dir='ltr'>ταύτην</span> <span class='ocrx_word' id='word_1_322' title='bbox 922 4574 936 4598; x_wconf 92' lang='grc'>,</span> <span class='ocrx_word' id='word_1_323' title='bbox 968 4535 1173 4603; x_wconf 82' lang='grc' dir='ltr'>κούφην</span> <span class='ocrx_word' id='word_1_324' title='bbox 1208 4553 1266 4587; x_wconf 88' lang='grc' dir='ltr'>τε</span> <span class='ocrx_word' id='word_1_325' title='bbox 1297 4533 1460 4591; x_wconf 84' lang='grc' dir='ltr'>οὖσαν</span> <span class='ocrx_word' id='word_1_326' title='bbox 1490 4540 1585 4590; x_wconf 79' lang='grc' dir='ltr'>καὶ</span> <span class='ocrx_word' id='word_1_327' title='bbox 1617 4540 1803 4608; x_wconf 79' lang='grc' dir='ltr'>ῥᾳδίαν</span> <span class='ocrx_word' id='word_1_328' title='bbox 1826 4582 1839 4604; x_wconf 95' lang='grc'>,</span> <span class='ocrx_word' id='word_1_329' title='bbox 1891 4543 1984 4594; x_wconf 72' lang='grc' dir='ltr'>καὶ</span> <span class='ocrx_word' id='word_1_330' title='bbox 2028 4542 2268 4610; x_wconf 80' lang='grc' dir='ltr'>εύλογον,</span> 
     </span>
    </p>
   </div>
   <div class='ocr_carea' id='block_1_46' title="bbox 698 4625 2269 4706">
    <p class='ocr_par' dir='ltr' id='par_1_46' title="bbox 698 4625 2269 4706">
     <span class='ocr_line' id='line_1_46' title="bbox 698 4625 2269 4706; baseline 0.004 -26"><span class='ocrx_word' id='word_1_331' title='bbox 698 4628 793 4680; x_wconf 76' lang='grc' dir='ltr'>καὶ</span> <span class='ocrx_word' id='word_1_332' title='bbox 813 4625 1009 4695; x_wconf 83' lang='grc' dir='ltr'>πολλὴν</span> <span class='ocrx_word' id='word_1_333' title='bbox 1040 4628 1168 4695; x_wconf 78' lang='grc' dir='ltr'>ἡμῖν</span> <span class='ocrx_word' id='word_1_334' title='bbox 1203 4628 1292 4679; x_wconf 69' lang='grc' dir='ltr'>καὶ</span> <span class='ocrx_word' id='word_1_335' title='bbox 1319 4630 1374 4680; x_wconf 87' lang='grc' dir='ltr'>ἐν</span> <span class='ocrx_word' id='word_1_336' title='bbox 1403 4629 1610 4700; x_wconf 81' lang='grc' dir='ltr'>ἐρημίᾳ</span> <span class='ocrx_word' id='word_1_337' title='bbox 1640 4632 1968 4702; x_wconf 86' lang='grc' dir='ltr'>καθημένοις</span> <span class='ocrx_word' id='word_1_338' title='bbox 1998 4635 2269 4706; x_wconf 83' lang='grc' dir='ltr'>παρέχου-</span> 
     </span>
    </p>
   </div>
   <div class='ocr_carea' id='block_1_47' title="bbox 701 4718 1330 4789">
    <p class='ocr_par' dir='ltr' id='par_1_47' title="bbox 701 4718 1330 4789">
     <span class='ocr_line' id='line_1_47' title="bbox 701 4718 1330 4789; baseline 0 -17"><span class='ocrx_word' id='word_1_339' title='bbox 701 4735 798 4772; x_wconf 87' lang='grc' dir='ltr'>σαν</span> <span class='ocrx_word' id='word_1_340' title='bbox 831 4718 927 4789; x_wconf 77' lang='grc' dir='ltr'>τὴν</span> <span class='ocrx_word' id='word_1_341' title='bbox 957 4718 1330 4788; x_wconf 81' lang='grc' dir='ltr'>παραμυθίαν.</span> 
     </span>
    </p>
   </div>
   <div class='ocr_carea' id='block_1_48' title="bbox 1118 4850 1847 4922">
    <p class='ocr_par' dir='ltr' id='par_1_48' title="bbox 1118 4850 1847 4922">
     <span class='ocr_line' id='line_1_48' title="bbox 1118 4850 1847 4922; baseline 0.012 -19"><span class='ocrx_word' id='word_1_342' title='bbox 1118 4850 1249 4905; x_wconf 84' lang='grc' dir='ltr'>ΜΔ’.</span> <span class='ocrx_word' id='word_1_343' title='bbox 1287 4852 1544 4916; x_wconf 80' lang='grc' dir='ltr'>Θεοδότῳ</span> <span class='ocrx_word' id='word_1_344' title='bbox 1572 4853 1847 4922; x_wconf 81' lang='grc' dir='ltr'>διακόνῳ.</span> 
     </span>
    </p>
   </div>
   <div class='ocr_carea' id='block_1_49' title="bbox 770 4960 2270 5042">
    <p class='ocr_par' dir='ltr' id='par_1_49' title="bbox 770 4960 2270 5042">
     <span class='ocr_line' id='line_1_49' title="bbox 770 4960 2270 5042; baseline 0.007 -24"><span class='ocrx_word' id='word_1_345' title='bbox 770 4960 900 5018; x_wconf 77' lang='grc' dir='ltr'>Οἶδα</span> <span class='ocrx_word' id='word_1_346' title='bbox 927 4965 1021 5016; x_wconf 79' lang='grc' dir='ltr'>καὶ</span> <span class='ocrx_word' id='word_1_347' title='bbox 1053 4963 1211 5027; x_wconf 82' lang='grc' dir='ltr'>αὑτὸς</span> <span class='ocrx_word' id='word_1_348' title='bbox 1236 5004 1251 5028; x_wconf 95' lang='grc'>,</span> <span class='ocrx_word' id='word_1_349' title='bbox 1287 4964 1368 5017; x_wconf 81' lang='grc' dir='ltr'>ὅτι</span> <span class='ocrx_word' id='word_1_350' title='bbox 1397 4965 1498 5020; x_wconf 85' lang='grc' dir='ltr'>οὑκ</span> <span class='ocrx_word' id='word_1_351' title='bbox 1529 4966 1596 5019; x_wconf 83' lang='grc' dir='ltr'>ἀν</span> <span class='ocrx_word' id='word_1_352' title='bbox 1629 4969 1757 5038; x_wconf 70' lang='grc' dir='ltr'>ἡμῖν</span> <span class='ocrx_word' id='word_1_353' title='bbox 1806 4970 1894 5023; x_wconf 78' lang='grc' dir='ltr'>διὰ</span> <span class='ocrx_word' id='word_1_354' title='bbox 1932 4973 2270 5042; x_wconf 83' lang='grc' dir='ltr'>γραμμάτων</span> 
     </span>
    </p>
   </div>
   <div class='ocr_carea' id='block_1_50' title="bbox 701 5054 2270 5134">
    <p class='ocr_par' dir='ltr' id='par_1_50' title="bbox 701 5054 2270 5134">
     <span class='ocr_line' id='line_1_50' title="bbox 701 5054 2270 5134; baseline 0.006 -24"><span class='ocrx_word' id='word_1_355' title='bbox 701 5055 1006 5123; x_wconf 86' lang='grc' dir='ltr'>συνεγένου,</span> <span class='ocrx_word' id='word_1_356' title='bbox 1039 5057 1086 5108; x_wconf 84' lang='grc' dir='ltr'>εἰ</span> <span class='ocrx_word' id='word_1_357' title='bbox 1111 5054 1199 5107; x_wconf 90' lang='grc' dir='ltr'>διά</span> <span class='ocrx_word' id='word_1_358' title='bbox 1223 5057 1521 5124; x_wconf 89' lang='grc' dir='ltr'>παρουσίας</span> <span class='ocrx_word' id='word_1_359' title='bbox 1560 5058 1688 5128; x_wconf 81' lang='grc' dir='ltr'>ἐξῆν</span> <span class='ocrx_word' id='word_1_360' title='bbox 1707 5076 1720 5090; x_wconf 79' lang='grc'><em>’</em></span> <span class='ocrx_word' id='word_1_361' title='bbox 1747 5061 1880 5115; x_wconf 88' lang='grc' dir='ltr'>ἀλλά</span> <span class='ocrx_word' id='word_1_362' title='bbox 1906 5063 2082 5117; x_wconf 88' lang='grc' dir='ltr'>πάντα</span> <span class='ocrx_word' id='word_1_363' title='bbox 2113 5067 2270 5134; x_wconf 69' lang='grc' dir='ltr'>ἀφεὶς</span> 
     </span>
    </p>
   </div>
   <div class='ocr_carea' id='block_1_51' title="bbox 704 5142 2269 5225">
    <p class='ocr_par' dir='ltr' id='par_1_51' title="bbox 704 5142 2269 5225">
     <span class='ocr_line' id='line_1_51' title="bbox 704 5142 2269 5225; baseline 0.001 -26"><span class='ocrx_word' id='word_1_364' title='bbox 704 5147 822 5218; x_wconf 81' lang='grc' dir='ltr'>μεθ’</span> <span class='ocrx_word' id='word_1_365' title='bbox 849 5146 1005 5216; x_wconf 78' lang='grc' dir='ltr'>ἡμῶν</span> <span class='ocrx_word' id='word_1_366' title='bbox 1031 5145 1249 5217; x_wconf 73' lang='grc' dir='ltr'>ἔμελλες</span> <span class='ocrx_word' id='word_1_367' title='bbox 1287 5142 1445 5213; x_wconf 73' lang='grc' dir='ltr'>εἶναι,</span> <span class='ocrx_word' id='word_1_368' title='bbox 1477 5150 1526 5202; x_wconf 81' lang='grc' dir='ltr'>εί</span> <span class='ocrx_word' id='word_1_369' title='bbox 1559 5151 1633 5221; x_wconf 83' lang='grc' dir='ltr'>μὴ</span> <span class='ocrx_word' id='word_1_370' title='bbox 1661 5151 1885 5224; x_wconf 82' lang='grc' dir='ltr'>κώλυμα</span> <span class='ocrx_word' id='word_1_371' title='bbox 1918 5150 2006 5225; x_wconf 84' lang='grc' dir='ltr'>ἦν,</span> <span class='ocrx_word' id='word_1_372' title='bbox 2042 5157 2135 5212; x_wconf 83' lang='grc' dir='ltr'>καὶ</span> <span class='ocrx_word' id='word_1_373' title='bbox 2157 5158 2269 5211; x_wconf 85' lang='grc' dir='ltr'>κώ-</span> 
     </span>
    </p>
   </div>
   <div class='ocr_carea' id='block_1_52' title="bbox 699 5239 2270 5322">
    <p class='ocr_par' dir='ltr' id='par_1_52' title="bbox 699 5239 2270 5322">
     <span class='ocr_line' id='line_1_52' title="bbox 699 5239 2270 5322; baseline 0.009 -32"><span class='ocrx_word' id='word_1_374' title='bbox 699 5239 846 5308; x_wconf 90' lang='grc' dir='ltr'>λυμα</span> <span class='ocrx_word' id='word_1_375' title='bbox 870 5239 1140 5308; x_wconf 86' lang='grc' dir='ltr'>μέγιστον,</span> <span class='ocrx_word' id='word_1_376' title='bbox 1169 5241 1261 5292; x_wconf 80' lang='grc' dir='ltr'>καὶ</span> <span class='ocrx_word' id='word_1_377' title='bbox 1295 5241 1327 5310; x_wconf 81' lang='grc' dir='ltr'>ἡ</span> <span class='ocrx_word' id='word_1_378' title='bbox 1364 5240 1456 5294; x_wconf 88' lang='grc' dir='ltr'>τοῦ</span> <span class='ocrx_word' id='word_1_379' title='bbox 1486 5240 1638 5305; x_wconf 77' lang='grc' dir='ltr'>ἔτους</span> <span class='ocrx_word' id='word_1_380' title='bbox 1666 5242 1805 5313; x_wconf 85' lang='grc' dir='ltr'>ὥρα,</span> <span class='ocrx_word' id='word_1_381' title='bbox 1843 5246 1936 5298; x_wconf 73' lang='grc' dir='ltr'>καὶ</span> <span class='ocrx_word' id='word_1_382' title='bbox 1966 5247 2072 5301; x_wconf 89' lang='grc' dir='ltr'>τῶν</span> <span class='ocrx_word' id='word_1_383' title='bbox 2125 5269 2270 5322; x_wconf 80' lang='grc' dir='ltr'>πρα-</span> 
     </span>
    </p>
   </div>
   <div class='ocr_carea' id='block_1_53' title="bbox 699 5329 2271 5407">
    <p class='ocr_par' dir='ltr' id='par_1_53' title="bbox 699 5329 2271 5407">
     <span class='ocr_line' id='line_1_53' title="bbox 699 5329 2271 5407; baseline 0.001 -24"><span class='ocrx_word' id='word_1_384' title='bbox 699 5330 926 5400; x_wconf 80' lang='grc' dir='ltr'>γμάτων</span> <span class='ocrx_word' id='word_1_385' title='bbox 967 5331 1000 5400; x_wconf 81' lang='grc' dir='ltr'>ἡ</span> <span class='ocrx_word' id='word_1_386' title='bbox 1055 5329 1338 5396; x_wconf 85' lang='grc' dir='ltr'>δυσκολία,</span> <span class='ocrx_word' id='word_1_387' title='bbox 1372 5333 1467 5385; x_wconf 71' lang='grc' dir='ltr'>καὶ</span> <span class='ocrx_word' id='word_1_388' title='bbox 1499 5332 1606 5386; x_wconf 90' lang='grc' dir='ltr'>τῶν</span> <span class='ocrx_word' id='word_1_389' title='bbox 1646 5335 1878 5388; x_wconf 85' lang='grc' dir='ltr'>ἐνταῦθα</span> <span class='ocrx_word' id='word_1_390' title='bbox 1915 5341 1947 5407; x_wconf 87' lang='grc' dir='ltr'>ή</span> <span class='ocrx_word' id='word_1_391' title='bbox 1984 5341 2104 5395; x_wconf 87' lang='grc' dir='ltr'>καθ’</span> <span class='ocrx_word' id='word_1_392' title='bbox 2139 5343 2271 5396; x_wconf 82' lang='grc' dir='ltr'>ἐκά-</span> 
     </span>
    </p>
   </div>
   <div class='ocr_carea' id='block_1_54' title="bbox 701 5420 2266 5505">
    <p class='ocr_par' dir='ltr' id='par_1_54' title="bbox 701 5420 2266 5505">
     <span class='ocr_line' id='line_1_54' title="bbox 701 5420 2266 5505; baseline 0.013 -37"><span class='ocrx_word' id='word_1_393' title='bbox 701 5435 832 5488; x_wconf 71' lang='grc' dir='ltr'>σει-ην</span> <span class='ocrx_word' id='word_1_394' title='bbox 859 5420 1070 5490; x_wconf 74' lang='grc' dir='ltr'>ἡμέραν</span> <span class='ocrx_word' id='word_1_395' title='bbox 1100 5422 1484 5493; x_wconf 83' lang='grc' dir='ltr'>-ἐπιτεινομένη</span> <span class='ocrx_word' id='word_1_396' title='bbox 1525 5426 1660 5496; x_wconf 81' lang='grc' dir='ltr'>πρὸς</span> <span class='ocrx_word' id='word_1_397' title='bbox 1707 5428 1766 5481; x_wconf 87' lang='grc' dir='ltr'>τὸ</span> <span class='ocrx_word' id='word_1_398' title='bbox 1815 5432 1996 5500; x_wconf 83' lang='grc' dir='ltr'>χεῖρον</span> <span class='ocrx_word' id='word_1_399' title='bbox 2039 5434 2266 5505; x_wconf 83' lang='grc' dir='ltr'>ἐρημία.</span> 
     </span>
    </p>
   </div>
   <div class='ocr_carea' id='block_1_55' title="bbox 700 5510 2269 5588">
    <p class='ocr_par' dir='ltr' id='par_1_55' title="bbox 700 5510 2269 5588">
     <span class='ocr_line' id='line_1_55' title="bbox 700 5510 2269 5588; baseline 0.01 -24"><span class='ocrx_word' id='word_1_400' title='bbox 700 5510 808 5564; x_wconf 75' lang='grc' dir='ltr'>Καὶ</span> <span class='ocrx_word' id='word_1_401' title='bbox 836 5511 987 5563; x_wconf 80' lang='grc' dir='ltr'>οὐδὲν</span> <span class='ocrx_word' id='word_1_402' title='bbox 1025 5511 1208 5582; x_wconf 84' lang='grc' dir='ltr'>δέομαι</span> <span class='ocrx_word' id='word_1_403' title='bbox 1237 5513 1394 5567; x_wconf 89' lang='grc' dir='ltr'>τοῦτο</span> <span class='ocrx_word' id='word_1_404' title='bbox 1426 5518 1703 5588; x_wconf 57' lang='grc' dir='ltr'>παράησοῦ</span> <span class='ocrx_word' id='word_1_405' title='bbox 1741 5521 2050 5588; x_wconf 87' lang='grc' dir='ltr'>μανθάνειν.</span> <span class='ocrx_word' id='word_1_406' title='bbox 2088 5527 2269 5580; x_wconf 82' lang='grc' dir='ltr'>Ἐπει-</span> 
     </span>
    </p>
   </div>
   <div class='ocr_carea' id='block_1_56' title="bbox 697 5600 2267 5689">
    <p class='ocr_par' dir='ltr' id='par_1_56' title="bbox 697 5600 2267 5689">
     <span class='ocr_line' id='line_1_56' title="bbox 697 5600 2267 5689; baseline 0.012 -35"><span class='ocrx_word' id='word_1_407' title='bbox 697 5601 764 5672; x_wconf 79' lang='grc' dir='ltr'>δη</span> <span class='ocrx_word' id='word_1_408' title='bbox 792 5602 900 5672; x_wconf 86' lang='grc' dir='ltr'>γὰρ</span> <span class='ocrx_word' id='word_1_409' title='bbox 930 5600 1099 5670; x_wconf 77' lang='grc' dir='ltr'>ἔγνων</span> <span class='ocrx_word' id='word_1_410' title='bbox 1136 5604 1282 5668; x_wconf 76' lang='grc' dir='ltr'>ἆπαξ</span> <span class='ocrx_word' id='word_1_411' title='bbox 1305 5645 1320 5671; x_wconf 92' lang='grc'>,</span> <span class='ocrx_word' id='word_1_412' title='bbox 1353 5607 1433 5659; x_wconf 84' lang='grc' dir='ltr'>ὅτι</span> <span class='ocrx_word' id='word_1_413' title='bbox 1481 5609 1706 5680; x_wconf 82' lang='grc' dir='ltr'>σφοδρὸς</span> <span class='ocrx_word' id='word_1_414' title='bbox 1740 5612 1896 5682; x_wconf 78' lang='grc' dir='ltr'>ἡμῶν</span> <span class='ocrx_word' id='word_1_415' title='bbox 1935 5617 2169 5689; x_wconf 72' lang='grc' dir='ltr'>ἐραστὴς</span> <span class='ocrx_word' id='word_1_416' title='bbox 2197 5615 2267 5684; x_wconf 75' lang='grc' dir='ltr'>εἴ,</span> 
     </span>
    </p>
   </div>
   <div class='ocr_carea' id='block_1_57' title="bbox 752 5757 2270 5836">
    <p class='ocr_par' dir='ltr' id='par_1_57' title="bbox 752 5757 2270 5836">
     <span class='ocr_line' id='line_1_57' title="bbox 752 5757 2270 5836; baseline 0.018 -34"><span class='ocrx_word' id='word_1_417' title='bbox 813 5757 1139 5836; x_wconf 30' lang='lat' dir='ltr'>prgam“:</span> <span class='ocrx_word' id='word_1_418' title='bbox 1159 5761 1187 5816; x_wconf 81' lang='grc' dir='ltr'><strong>ἡ</strong></span> <span class='ocrx_word' id='word_1_419' title='bbox 1212 5767 1293 5820; x_wconf 81' lang='grc' dir='ltr'>τῆς</span> <span class='ocrx_word' id='word_1_420' title='bbox 1311 5760 1395 5812; x_wconf 86' lang='grc' dir='ltr'>τοῦ</span> <span class='ocrx_word' id='word_1_421' title='bbox 1418 5766 1660 5830; x_wconf 83' lang='grc' dir='ltr'>στομάχου</span> <span class='ocrx_word' id='word_1_422' title='bbox 1682 5770 1962 5834; x_wconf 81' lang='grc' dir='ltr'>ἀρῤωστίας.</span> <span class='ocrx_word' id='word_1_423' title='bbox 1985 5774 2114 5826; x_wconf 78' lang='lat' dir='ltr'>Edil.</span> <span class='ocrx_word' id='word_1_424' title='bbox 2133 5781 2163 5836; x_wconf 80' lang='grc' dir='ltr'>ἡ</span> <span class='ocrx_word' id='word_1_425' title='bbox 2184 5778 2270 5829; x_wconf 89' lang='grc' dir='ltr'>τοῦ</span> 
     </span>
    </p>
   </div>
   <div class='ocr_carea' id='block_1_58' title="bbox 698 5819 1194 5884">
    <p class='ocr_par' dir='ltr' id='par_1_58' title="bbox 698 5819 1194 5884">
     <span class='ocr_line' id='line_1_58' title="bbox 698 5819 1194 5884; baseline 0.008 -21"><span class='ocrx_word' id='word_1_426' title='bbox 698 5819 917 5877; x_wconf 79' lang='grc' dir='ltr'>σώματος</span> <span class='ocrx_word' id='word_1_427' title='bbox 935 5819 1194 5884; x_wconf 69' lang='grc' dir='ltr'>ἀρρωστία.</span> 
     </span>
    </p>
   </div>
   <div class='ocr_carea' id='block_1_59' title="bbox 1387 393 3250 467">
    <p class='ocr_par' dir='ltr' id='par_1_59' title="bbox 1387 393 3250 467">
     <span class='ocr_line' id='line_1_59' title="bbox 1387 393 3250 467; baseline -0.008 -1"><span class='ocrx_word' id='word_1_428' title='bbox 1387 409 1448 467; x_wconf 84' lang='lat' dir='ltr'>S.</span> <span class='ocrx_word' id='word_1_429' title='bbox 1488 406 1774 465; x_wconf 75' lang='lat' dir='ltr'>JOANNIS</span> <span class='ocrx_word' id='word_1_430' title='bbox 1810 399 2302 463; x_wconf 71' lang='lat' dir='ltr'>CHRYSOSTOMI</span> <span class='ocrx_word' id='word_1_431' title='bbox 2341 395 2664 452; x_wconf 78' lang='lat' dir='ltr'>ARCHIEP.</span> <span class='ocrx_word' id='word_1_432' title='bbox 2698 393 3250 453; x_wconf 76' lang='lat' dir='ltr'>CONSTANTINOP.</span> 
     </span>
    </p>
   </div>
   <div class='ocr_carea' id='block_1_60' title="bbox 3860 393 3966 452">
    <p class='ocr_par' dir='ltr' id='par_1_60' title="bbox 3860 393 3966 452">
     <span class='ocr_line' id='line_1_60' title="bbox 3860 393 3966 452; baseline -0.009 0"><span class='ocrx_word' id='word_1_433' title='bbox 3860 393 3966 452; x_wconf 63' lang='lat'><strong>638</strong></span> 
     </span>
    </p>
   </div>
   <div class='ocr_carea' id='block_1_61' title="bbox 2378 503 3968 580">
    <p class='ocr_par' dir='ltr' id='par_1_61' title="bbox 2378 503 3968 580">
     <span class='ocr_line' id='line_1_61' title="bbox 2378 503 3968 580; baseline -0.001 -18"><span class='ocrx_word' id='word_1_434' title='bbox 2378 508 2551 579; x_wconf 76' lang='grc' dir='ltr'>εγνων</span> <span class='ocrx_word' id='word_1_435' title='bbox 2596 510 2690 566; x_wconf 79' lang='grc' dir='ltr'>καὶ</span> <span class='ocrx_word' id='word_1_436' title='bbox 2750 510 2907 564; x_wconf 85' lang='grc' dir='ltr'>τοῦτο</span> <span class='ocrx_word' id='word_1_437' title='bbox 2963 509 3164 570; x_wconf 83' lang='grc' dir='ltr'>καλῶς.</span> <span class='ocrx_word' id='word_1_438' title='bbox 3206 509 3396 580; x_wconf 85' lang='grc' dir='ltr'>Ἡμεῖς</span> <span class='ocrx_word' id='word_1_439' title='bbox 3441 507 3539 579; x_wconf 74' lang='grc' dir='ltr'>μὲν</span> <span class='ocrx_word' id='word_1_440' title='bbox 3588 503 3683 562; x_wconf 84' lang='grc' dir='ltr'>οῦν</span> <span class='ocrx_word' id='word_1_441' title='bbox 3705 547 3722 573; x_wconf 92' lang='grc'>,</span> <span class='ocrx_word' id='word_1_442' title='bbox 3757 509 3854 564; x_wconf 77' lang='grc' dir='ltr'>καὶ</span> <span class='ocrx_word' id='word_1_443' title='bbox 3891 507 3968 580; x_wconf 67' lang='grc' dir='ltr'>μὴ</span> 
     </span>
    </p>
   </div>
   <div class='ocr_carea' id='block_1_62' title="bbox 2380 597 3964 672">
    <p class='ocr_par' dir='ltr' id='par_1_62' title="bbox 2380 597 3964 672">
     <span class='ocr_line' id='line_1_62' title="bbox 2380 597 3964 672; baseline -0.004 -16"><span class='ocrx_word' id='word_1_444' title='bbox 2380 601 2792 672; x_wconf 82' lang='grc' dir='ltr'>ἀναμνήσαντός</span> <span class='ocrx_word' id='word_1_445' title='bbox 2833 619 2925 655; x_wconf 92' lang='grc' dir='ltr'>σου</span> <span class='ocrx_word' id='word_1_446' title='bbox 2943 600 3127 672; x_wconf 68' lang='grc' dir='ltr'>,επρδς</span> <span class='ocrx_word' id='word_1_447' title='bbox 3158 599 3368 663; x_wconf 85' lang='grc' dir='ltr'>πάντας</span> <span class='ocrx_word' id='word_1_448' title='bbox 3399 599 3464 652; x_wconf 79' lang='grc' dir='ltr'>ἂν</span> <span class='ocrx_word' id='word_1_449' title='bbox 3509 597 3964 669; x_wconf 81' lang='grc' dir='ltr'>ἐπεστάλκαμεν·</span> 
     </span>
    </p>
   </div>
   <div class='ocr_carea' id='block_1_63' title="bbox 2380 689 3969 764">
    <p class='ocr_par' dir='ltr' id='par_1_63' title="bbox 2380 689 3969 764">
     <span class='ocr_line' id='line_1_63' title="bbox 2380 689 3969 764; baseline -0.002 -17"><span class='ocrx_word' id='word_1_450' title='bbox 2380 694 2770 764; x_wconf 79' lang='grc' dir='ltr'>ἐθαυμάσαμεν</span> <span class='ocrx_word' id='word_1_451' title='bbox 2818 693 2877 747; x_wconf 84' lang='grc' dir='ltr'>δέ</span> <span class='ocrx_word' id='word_1_452' title='bbox 2909 709 2969 746; x_wconf 91' lang='grc' dir='ltr'>σε</span> <span class='ocrx_word' id='word_1_453' title='bbox 2996 692 3090 747; x_wconf 82' lang='grc' dir='ltr'>καὶ</span> <span class='ocrx_word' id='word_1_454' title='bbox 3124 692 3329 763; x_wconf 84' lang='grc' dir='ltr'>ταύτης</span> <span class='ocrx_word' id='word_1_455' title='bbox 3358 691 3459 761; x_wconf 82' lang='grc' dir='ltr'>τῆς</span> <span class='ocrx_word' id='word_1_456' title='bbox 3483 691 3611 761; x_wconf 73' lang='grc' dir='ltr'>περὶ</span> <span class='ocrx_word' id='word_1_457' title='bbox 3637 693 3787 762; x_wconf 68' lang='grc' dir='ltr'>ἡμᾶς</span> <span class='ocrx_word' id='word_1_458' title='bbox 3816 689 3969 760; x_wconf 80' lang='grc' dir='ltr'>φιλο-</span> 
     </span>
    </p>
   </div>
   <div class='ocr_carea' id='block_1_64' title="bbox 2382 783 3968 858">
    <p class='ocr_par' dir='ltr' id='par_1_64' title="bbox 2382 783 3968 858">
     <span class='ocr_line' id='line_1_64' title="bbox 2382 783 3968 858; baseline -0.002 -18"><span class='ocrx_word' id='word_1_459' title='bbox 2382 787 2640 857; x_wconf 82' lang='grc' dir='ltr'>στοργίας</span> <span class='ocrx_word' id='word_1_460' title='bbox 2659 826 2674 849; x_wconf 90' lang='grc'>,</span> <span class='ocrx_word' id='word_1_461' title='bbox 2710 787 2792 840; x_wconf 78' lang='grc' dir='ltr'>ὅτι</span> <span class='ocrx_word' id='word_1_462' title='bbox 2816 787 2911 840; x_wconf 71' lang='grc' dir='ltr'>καὶ</span> <span class='ocrx_word' id='word_1_463' title='bbox 2942 787 3020 858; x_wconf 84' lang='grc' dir='ltr'>τῷ</span> <span class='ocrx_word' id='word_1_464' title='bbox 3051 785 3196 840; x_wconf 82' lang='grc' dir='ltr'>τέλει</span> <span class='ocrx_word' id='word_1_465' title='bbox 3228 785 3328 854; x_wconf 82' lang='grc' dir='ltr'>τῆς</span> <span class='ocrx_word' id='word_1_466' title='bbox 3357 783 3650 854; x_wconf 77' lang='grc' dir='ltr'>ἐπιστολῆς</span> <span class='ocrx_word' id='word_1_467' title='bbox 3677 783 3968 856; x_wconf 67' lang='grc' dir='ltr'>παράκληο</span> 
     </span>
    </p>
   </div>
   <div class='ocr_carea' id='block_1_65' title="bbox 2382 875 3971 950">
    <p class='ocr_par' dir='ltr' id='par_1_65' title="bbox 2382 875 3971 950">
     <span class='ocr_line' id='line_1_65' title="bbox 2382 875 3971 950; baseline -0.001 -19"><span class='ocrx_word' id='word_1_468' title='bbox 2382 895 2465 931; x_wconf 93' lang='grc' dir='ltr'>σιν</span> <span class='ocrx_word' id='word_1_469' title='bbox 2493 877 2634 950; x_wconf 75' lang='grc' dir='ltr'>ὑπὲρ</span> <span class='ocrx_word' id='word_1_470' title='bbox 2654 876 2844 931; x_wconf 88' lang='grc' dir='ltr'>τούτου</span> <span class='ocrx_word' id='word_1_471' title='bbox 2884 876 3255 949; x_wconf 83' lang='grc' dir='ltr'>προσέθηκας.</span> <span class='ocrx_word' id='word_1_472' title='bbox 3291 875 3464 929; x_wconf 90' lang='grc' dir='ltr'>Τοῦτο</span> <span class='ocrx_word' id='word_1_473' title='bbox 3498 875 3606 946; x_wconf 93' lang='grc' dir='ltr'>γάρ</span> <span class='ocrx_word' id='word_1_474' title='bbox 3633 875 3811 947; x_wconf 82' lang='grc' dir='ltr'>ψυχῆς</span> <span class='ocrx_word' id='word_1_475' title='bbox 3844 876 3971 944; x_wconf 78' lang='grc' dir='ltr'>σφό-</span> 
     </span>
    </p>
   </div>
   <div class='ocr_carea' id='block_1_66' title="bbox 2379 966 3971 1041">
    <p class='ocr_par' dir='ltr' id='par_1_66' title="bbox 2379 966 3971 1041">
     <span class='ocr_line' id='line_1_66' title="bbox 2379 966 3971 1041; baseline -0.006 -15"><span class='ocrx_word' id='word_1_476' title='bbox 2379 969 2480 1041; x_wconf 86' lang='grc' dir='ltr'>δρα</span> <span class='ocrx_word' id='word_1_477' title='bbox 2530 969 2886 1040; x_wconf 82' lang='grc' dir='ltr'>μεριμνώσης</span> <span class='ocrx_word' id='word_1_478' title='bbox 2911 971 2980 1022; x_wconf 90' lang='grc' dir='ltr'>τά</span> <span class='ocrx_word' id='word_1_479' title='bbox 3017 968 3262 1040; x_wconf 76' lang='grc' dir='ltr'>ἡμέτερα</span> <span class='ocrx_word' id='word_1_480' title='bbox 3283 1008 3298 1032; x_wconf 94' lang='grc'>,</span> <span class='ocrx_word' id='word_1_481' title='bbox 3334 966 3758 1039; x_wconf 83' lang='grc' dir='ltr'>φροντιζούσης,</span> <span class='ocrx_word' id='word_1_482' title='bbox 3791 966 3971 1034; x_wconf 79' lang='grc' dir='ltr'>κηδο-·</span> 
     </span>
    </p>
   </div>
   <div class='ocr_carea' id='block_1_67' title="bbox 2383 1053 3969 1132">
    <p class='ocr_par' dir='ltr' id='par_1_67' title="bbox 2383 1053 3969 1132">
     <span class='ocr_line' id='line_1_67' title="bbox 2383 1053 3969 1132; baseline -0.003 -19"><span class='ocrx_word' id='word_1_483' title='bbox 2383 1062 2552 1132; x_wconf 85' lang='grc' dir='ltr'>μένης</span> <span class='ocrx_word' id='word_1_484' title='bbox 2574 1101 2589 1125; x_wconf 95' lang='grc'>,</span> <span class='ocrx_word' id='word_1_485' title='bbox 2623 1061 2864 1130; x_wconf 87' lang='grc' dir='ltr'>γνησίως</span> <span class='ocrx_word' id='word_1_486' title='bbox 2890 1061 3110 1130; x_wconf 83' lang='grc' dir='ltr'>ἀγαπᾷν</span> <span class='ocrx_word' id='word_1_487' title='bbox 3137 1058 3527 1128; x_wconf 83' lang='grc' dir='ltr'>ἐπισταμένης.</span> <span class='ocrx_word' id='word_1_488' title='bbox 3567 1059 3692 1120; x_wconf 86' lang='grc' dir='ltr'>Τοῖς</span> <span class='ocrx_word' id='word_1_489' title='bbox 3729 1056 3827 1127; x_wconf 86' lang='grc' dir='ltr'>μέν</span> <span class='ocrx_word' id='word_1_490' title='bbox 3874 1053 3969 1110; x_wconf 79' lang='grc' dir='ltr'>οὗν</span> 
     </span>
    </p>
   </div>
   <div class='ocr_carea' id='block_1_68' title="bbox 2379 1149 3970 1224">
    <p class='ocr_par' dir='ltr' id='par_1_68' title="bbox 2379 1149 3970 1224">
     <span class='ocr_line' id='line_1_68' title="bbox 2379 1149 3970 1224; baseline -0.004 -16"><span class='ocrx_word' id='word_1_491' title='bbox 2379 1154 2559 1217; x_wconf 77' lang='grc' dir='ltr'>ἄλλοις</span> <span class='ocrx_word' id='word_1_492' title='bbox 2604 1155 2806 1208; x_wconf 76' lang='grc' dir='ltr'>ἅπασιν</span> <span class='ocrx_word' id='word_1_493' title='bbox 2841 1151 2995 1224; x_wconf 78' lang='grc'>[618]</span> <span class='ocrx_word' id='word_1_494' title='bbox 3039 1151 3383 1205; x_wconf 84' lang='grc' dir='ltr'>ἐπέσταλκα·</span> <span class='ocrx_word' id='word_1_495' title='bbox 3417 1149 3608 1220; x_wconf 82' lang='grc' dir='ltr'>ἐπειδὴ</span> <span class='ocrx_word' id='word_1_496' title='bbox 3653 1149 3710 1202; x_wconf 79' lang='grc' dir='ltr'>δέ</span> <span class='ocrx_word' id='word_1_497' title='bbox 3758 1150 3853 1203; x_wconf 76' lang='grc' dir='ltr'>καὶ</span> <span class='ocrx_word' id='word_1_498' title='bbox 3900 1151 3970 1222; x_wconf 73' lang='grc' dir='ltr'>τῇ</span> 
     </span>
    </p>
   </div>
   <div class='ocr_carea' id='block_1_69' title="bbox 2380 1239 3972 1317">
    <p class='ocr_par' dir='ltr' id='par_1_69' title="bbox 2380 1239 3972 1317">
     <span class='ocr_line' id='line_1_69' title="bbox 2380 1239 3972 1317; baseline -0.004 -18"><span class='ocrx_word' id='word_1_499' title='bbox 2380 1247 2544 1316; x_wconf 77' lang='grc' dir='ltr'>κυρίᾳ</span> <span class='ocrx_word' id='word_1_500' title='bbox 2575 1262 2676 1316; x_wconf 91' lang='grc' dir='ltr'>μου</span> <span class='ocrx_word' id='word_1_501' title='bbox 2693 1245 2974 1317; x_wconf 76' lang='grc' dir='ltr'>Καρτερία</span> <span class='ocrx_word' id='word_1_502' title='bbox 2998 1243 3188 1315; x_wconf 82' lang='grc' dir='ltr'>πρώην</span> <span class='ocrx_word' id='word_1_503' title='bbox 3209 1239 3350 1315; x_wconf 80' lang='grc' dir='ltr'>ἦμεν</span> <span class='ocrx_word' id='word_1_504' title='bbox 3370 1241 3788 1306; x_wconf 70' lang='grc' dir='ltr'>ἐπεσταλκότες,</span> <span class='ocrx_word' id='word_1_505' title='bbox 3806 1241 3972 1310; x_wconf 80' lang='grc' dir='ltr'>ἐγνωο</span> 
     </span>
    </p>
   </div>
   <div class='ocr_carea' id='block_1_70' title="bbox 2382 1334 3970 1410">
    <p class='ocr_par' dir='ltr' id='par_1_70' title="bbox 2382 1334 3970 1410">
     <span class='ocr_line' id='line_1_70' title="bbox 2382 1334 3970 1410; baseline -0.003 -18"><span class='ocrx_word' id='word_1_506' title='bbox 2382 1356 2482 1410; x_wconf 91' lang='grc' dir='ltr'>μεν</span> <span class='ocrx_word' id='word_1_507' title='bbox 2517 1338 2573 1391; x_wconf 85' lang='grc' dir='ltr'>δέ</span> <span class='ocrx_word' id='word_1_508' title='bbox 2594 1337 2764 1409; x_wconf 82' lang='grc' dir='ltr'>αὑτὴν</span> <span class='ocrx_word' id='word_1_509' title='bbox 2795 1337 2869 1408; x_wconf 81' lang='grc' dir='ltr'>μὴ</span> <span class='ocrx_word' id='word_1_510' title='bbox 2886 1337 3180 1408; x_wconf 76' lang='grc' dir='ltr'>διατρίϐειν</span> <span class='ocrx_word' id='word_1_511' title='bbox 3205 1339 3405 1403; x_wconf 82' lang='grc' dir='ltr'>ἐκεῖσε,</span> <span class='ocrx_word' id='word_1_512' title='bbox 3439 1335 3577 1390; x_wconf 83' lang='grc' dir='ltr'>ἀλλά</span> <span class='ocrx_word' id='word_1_513' title='bbox 3606 1334 3823 1407; x_wconf 80' lang='grc' dir='ltr'>μακράν</span> <span class='ocrx_word' id='word_1_514' title='bbox 3847 1334 3970 1388; x_wconf 75' lang='grc' dir='ltr'>ὁδὸν</span> 
     </span>
    </p>
   </div>
   <div class='ocr_carea' id='block_1_71' title="bbox 2380 1423 3971 1501">
    <p class='ocr_par' dir='ltr' id='par_1_71' title="bbox 2380 1423 3971 1501">
     <span class='ocr_line' id='line_1_71' title="bbox 2380 1423 3971 1501; baseline -0.003 -16"><span class='ocrx_word' id='word_1_515' title='bbox 2380 1430 2883 1500; x_wconf 84' lang='grc' dir='ltr'>ἀποδεδημηκέναι·</span> <span class='ocrx_word' id='word_1_516' title='bbox 2937 1431 2986 1483; x_wconf 85' lang='grc' dir='ltr'>εί</span> <span class='ocrx_word' id='word_1_517' title='bbox 3038 1430 3136 1501; x_wconf 80' lang='grc' dir='ltr'>μὲν</span> <span class='ocrx_word' id='word_1_518' title='bbox 3165 1423 3278 1498; x_wconf 74' lang='grc' dir='ltr'>οἷόν</span> <span class='ocrx_word' id='word_1_519' title='bbox 3335 1445 3396 1482; x_wconf 83' lang='grc' dir='ltr'>τε</span> <span class='ocrx_word' id='word_1_520' title='bbox 3447 1426 3835 1498; x_wconf 79' lang='grc' dir='ltr'>ἐκπεμφθῆναι</span> <span class='ocrx_word' id='word_1_521' title='bbox 3897 1425 3971 1481; x_wconf 85' lang='grc' dir='ltr'>τά</span> 
     </span>
    </p>
   </div>
   <div class='ocr_carea' id='block_1_72' title="bbox 2378 1521 3969 1594">
    <p class='ocr_par' dir='ltr' id='par_1_72' title="bbox 2378 1521 3969 1594">
     <span class='ocr_line' id='line_1_72' title="bbox 2378 1521 3969 1594; baseline -0.002 -18"><span class='ocrx_word' id='word_1_522' title='bbox 2378 1523 2686 1594; x_wconf 89' lang='grc' dir='ltr'>γράμματα</span> <span class='ocrx_word' id='word_1_523' title='bbox 2707 1523 2776 1577; x_wconf 79' lang='grc' dir='ltr'>τά</span> <span class='ocrx_word' id='word_1_524' title='bbox 2807 1521 3056 1594; x_wconf 75' lang='grc' dir='ltr'>ἡμέτερα</span> <span class='ocrx_word' id='word_1_525' title='bbox 3080 1523 3218 1584; x_wconf 80' lang='grc' dir='ltr'>ἐκεῖ.</span> <span class='ocrx_word' id='word_1_526' title='bbox 3249 1523 3346 1576; x_wconf 71' lang='grc' dir='ltr'>καὶ</span> <span class='ocrx_word' id='word_1_527' title='bbox 3375 1521 3534 1575; x_wconf 83' lang='grc' dir='ltr'>τοῦτο</span> <span class='ocrx_word' id='word_1_528' title='bbox 3558 1521 3802 1590; x_wconf 87' lang='grc' dir='ltr'>γενέσθω</span> <span class='ocrx_word' id='word_1_529' title='bbox 3823 1561 3838 1587; x_wconf 95' lang='grc'>,</span> <span class='ocrx_word' id='word_1_530' title='bbox 3869 1522 3969 1574; x_wconf 72' lang='grc' dir='ltr'>ἐὰν</span> 
     </span>
    </p>
   </div>
   <div class='ocr_carea' id='block_1_73' title="bbox 2378 1613 3969 1688">
    <p class='ocr_par' dir='ltr' id='par_1_73' title="bbox 2378 1613 3969 1688">
     <span class='ocr_line' id='line_1_73' title="bbox 2378 1613 3969 1688; baseline 0 -22"><span class='ocrx_word' id='word_1_531' title='bbox 2378 1613 2680 1688; x_wconf 83' lang='grc' dir='ltr'>δοκιμάσῃς</span> <span class='ocrx_word' id='word_1_532' title='bbox 2699 1631 2712 1644; x_wconf 89' lang='grc'><strong>·</strong></span> <span class='ocrx_word' id='word_1_533' title='bbox 2741 1617 2790 1668; x_wconf 83' lang='grc' dir='ltr'>εί</span> <span class='ocrx_word' id='word_1_534' title='bbox 2826 1614 2884 1667; x_wconf 88' lang='grc' dir='ltr'>δέ</span> <span class='ocrx_word' id='word_1_535' title='bbox 2918 1614 2993 1686; x_wconf 76' lang='grc' dir='ltr'>μὴ</span> <span class='ocrx_word' id='word_1_536' title='bbox 3018 1613 3240 1668; x_wconf 80' lang='grc' dir='ltr'>δυνατὸν</span> <span class='ocrx_word' id='word_1_537' title='bbox 3264 1655 3278 1679; x_wconf 94' lang='grc'>,</span> <span class='ocrx_word' id='word_1_538' title='bbox 3309 1617 3422 1679; x_wconf 88' lang='grc' dir='ltr'>τοῖς</span> <span class='ocrx_word' id='word_1_539' title='bbox 3452 1613 3584 1684; x_wconf 88' lang='grc' dir='ltr'>γοῦν</span> <span class='ocrx_word' id='word_1_540' title='bbox 3610 1613 3819 1685; x_wconf 87' lang='grc' dir='ltr'>κυρίοις</span> <span class='ocrx_word' id='word_1_541' title='bbox 3862 1631 3969 1684; x_wconf 88' lang='grc' dir='ltr'>μου</span> 
     </span>
    </p>
   </div>
   <div class='ocr_carea' id='block_1_74' title="bbox 2378 1706 3972 1779">
    <p class='ocr_par' dir='ltr' id='par_1_74' title="bbox 2378 1706 3972 1779">
     <span class='ocr_line' id='line_1_74' title="bbox 2378 1706 3972 1779; baseline 0.001 -19"><span class='ocrx_word' id='word_1_542' title='bbox 2378 1708 2729 1779; x_wconf 83' lang='grc' dir='ltr'>τιμιωτάτοις</span> <span class='ocrx_word' id='word_1_543' title='bbox 2756 1709 2850 1762; x_wconf 76' lang='grc' dir='ltr'>καὶ</span> <span class='ocrx_word' id='word_1_544' title='bbox 2875 1707 3283 1776; x_wconf 77' lang='grc' dir='ltr'>εὐγενεστάτοις</span> <span class='ocrx_word' id='word_1_545' title='bbox 3307 1710 3421 1772; x_wconf 89' lang='grc' dir='ltr'>τοῖς</span> <span class='ocrx_word' id='word_1_546' title='bbox 3453 1707 3582 1777; x_wconf 71' lang='grc' dir='ltr'>περὶ</span> <span class='ocrx_word' id='word_1_547' title='bbox 3619 1706 3972 1778; x_wconf 85' lang='grc' dir='ltr'>Μαρκελλια-</span> 
     </span>
    </p>
   </div>
   <div class='ocr_carea' id='block_1_75' title="bbox 2378 1799 3973 1871">
    <p class='ocr_par' dir='ltr' id='par_1_75' title="bbox 2378 1799 3973 1871">
     <span class='ocr_line' id='line_1_75' title="bbox 2378 1799 3973 1871; baseline -0.001 -17"><span class='ocrx_word' id='word_1_548' title='bbox 2378 1801 2470 1854; x_wconf 77' lang='grc' dir='ltr'>νὺν</span> <span class='ocrx_word' id='word_1_549' title='bbox 2505 1799 2781 1871; x_wconf 80' lang='grc' dir='ltr'>συντυχὼν</span> <span class='ocrx_word' id='word_1_550' title='bbox 2805 1799 3134 1871; x_wconf 82' lang='grc' dir='ltr'>διαλέχθητι,</span> <span class='ocrx_word' id='word_1_551' title='bbox 3161 1799 3301 1854; x_wconf 80' lang='grc' dir='ltr'>ὥστε</span> <span class='ocrx_word' id='word_1_552' title='bbox 3331 1799 3466 1871; x_wconf 76' lang='grc' dir='ltr'>αὑτῇ</span> <span class='ocrx_word' id='word_1_553' title='bbox 3493 1800 3546 1852; x_wconf 84' lang='grc' dir='ltr'>εῖ</span> <span class='ocrx_word' id='word_1_554' title='bbox 3568 1815 3699 1852; x_wconf 90' lang='grc' dir='ltr'>ποτε</span> <span class='ocrx_word' id='word_1_555' title='bbox 3723 1799 3973 1852; x_wconf 72' lang='grc' dir='ltr'>ἐπιστέλ-</span> 
     </span>
    </p>
   </div>
   <div class='ocr_carea' id='block_1_76' title="bbox 2378 1891 3970 1965">
    <p class='ocr_par' dir='ltr' id='par_1_76' title="bbox 2378 1891 3970 1965">
     <span class='ocr_line' id='line_1_76' title="bbox 2378 1891 3970 1965; baseline -0.002 -19"><span class='ocrx_word' id='word_1_556' title='bbox 2378 1893 2518 1947; x_wconf 87' lang='grc' dir='ltr'>λοιεν</span> <span class='ocrx_word' id='word_1_557' title='bbox 2544 1935 2558 1958; x_wconf 94' lang='grc'>,</span> <span class='ocrx_word' id='word_1_558' title='bbox 2589 1893 3033 1964; x_wconf 81' lang='grc' dir='ltr'>ἀπολογήσασθαι</span> <span class='ocrx_word' id='word_1_559' title='bbox 3069 1893 3210 1965; x_wconf 84' lang='grc' dir='ltr'>ὑπὲρ</span> <span class='ocrx_word' id='word_1_560' title='bbox 3258 1895 3290 1963; x_wconf 82' lang='grc' dir='ltr'>η</span> <span class='ocrx_word' id='word_1_561' title='bbox 3302 1891 3417 1963; x_wconf 89' lang='grc' dir='ltr'>μῶν</span> <span class='ocrx_word' id='word_1_562' title='bbox 3437 1933 3452 1958; x_wconf 87' lang='grc'>,</span> <span class='ocrx_word' id='word_1_563' title='bbox 3488 1892 3563 1955; x_wconf 84' lang='grc' dir='ltr'>ὡς</span> <span class='ocrx_word' id='word_1_564' title='bbox 3597 1891 3698 1945; x_wconf 88' lang='grc' dir='ltr'>οὑκ</span> <span class='ocrx_word' id='word_1_565' title='bbox 3731 1891 3970 1964; x_wconf 79' lang='grc' dir='ltr'>ἐρῤᾳθυ-</span> 
     </span>
    </p>
   </div>
   <div class='ocr_carea' id='block_1_77' title="bbox 2383 1983 3971 2057">
    <p class='ocr_par' dir='ltr' id='par_1_77' title="bbox 2383 1983 3971 2057">
     <span class='ocr_line' id='line_1_77' title="bbox 2383 1983 3971 2057; baseline -0.001 -19"><span class='ocrx_word' id='word_1_566' title='bbox 2383 1985 2655 2057; x_wconf 86' lang='grc' dir='ltr'>μηκότων,</span> <span class='ocrx_word' id='word_1_567' title='bbox 2685 1986 2808 2038; x_wconf 87' lang='grc' dir='ltr'>οὑδέ</span> <span class='ocrx_word' id='word_1_568' title='bbox 2839 1985 2930 2039; x_wconf 83' lang='grc' dir='ltr'>τδν</span> <span class='ocrx_word' id='word_1_569' title='bbox 2960 1984 3162 2056; x_wconf 80' lang='grc' dir='ltr'>μεταξὺ</span> <span class='ocrx_word' id='word_1_570' title='bbox 3189 1986 3380 2056; x_wconf 87' lang='grc' dir='ltr'>χρόνον</span> <span class='ocrx_word' id='word_1_571' title='bbox 3412 1984 3807 2054; x_wconf 85' lang='grc' dir='ltr'>σεσιγηκὸτων,</span> <span class='ocrx_word' id='word_1_572' title='bbox 3847 1983 3971 2037; x_wconf 80' lang='grc' dir='ltr'>ἀλλ’</span> 
     </span>
    </p>
   </div>
   <div class='ocr_carea' id='block_1_78' title="bbox 2380 2075 3972 2148">
    <p class='ocr_par' dir='ltr' id='par_1_78' title="bbox 2380 2075 3972 2148">
     <span class='ocr_line' id='line_1_78' title="bbox 2380 2075 3972 2148; baseline -0.001 -18"><span class='ocrx_word' id='word_1_573' title='bbox 2380 2077 2485 2131; x_wconf 82' lang='grc' dir='ltr'>ὑπὸ</span> <span class='ocrx_word' id='word_1_574' title='bbox 2512 2076 2611 2148; x_wconf 74' lang='grc' dir='ltr'>τῆς</span> <span class='ocrx_word' id='word_1_575' title='bbox 2639 2077 2856 2148; x_wconf 65' lang='grc' dir='ltr'>μακράς</span> <span class='ocrx_word' id='word_1_576' title='bbox 2885 2077 3054 2148; x_wconf 81' lang='grc' dir='ltr'>αὑτῆς</span> <span class='ocrx_word' id='word_1_577' title='bbox 3083 2076 3395 2147; x_wconf 75' lang='grc' dir='ltr'>ἀποδημίας</span> <span class='ocrx_word' id='word_1_578' title='bbox 3425 2075 3777 2130; x_wconf 82' lang='grc' dir='ltr'>κωλυθέντων</span> <span class='ocrx_word' id='word_1_579' title='bbox 3836 2093 3972 2129; x_wconf 85' lang='grc' dir='ltr'>συν·-</span> 
     </span>
    </p>
   </div>
   <div class='ocr_carea' id='block_1_79' title="bbox 2379 2169 3406 2242">
    <p class='ocr_par' dir='ltr' id='par_1_79' title="bbox 2379 2169 3406 2242">
     <span class='ocr_line' id='line_1_79' title="bbox 2379 2169 3406 2242; baseline -0.002 -18"><span class='ocrx_word' id='word_1_580' title='bbox 2379 2170 2664 2242; x_wconf 82' lang='grc' dir='ltr'>εχέστερον</span> <span class='ocrx_word' id='word_1_581' title='bbox 2693 2169 3026 2224; x_wconf 82' lang='grc' dir='ltr'>ἐπιστέλλειν</span> <span class='ocrx_word' id='word_1_582' title='bbox 3057 2169 3190 2240; x_wconf 74' lang='grc' dir='ltr'>πρὸς</span> <span class='ocrx_word' id='word_1_583' title='bbox 3215 2170 3406 2239; x_wconf 83' lang='grc' dir='ltr'>αὑτήν.</span> 
     </span>
    </p>
   </div>
   <div class='ocr_carea' id='block_1_80' title="bbox 2722 2296 3605 2369">
    <p class='ocr_par' dir='ltr' id='par_1_80' title="bbox 2722 2296 3605 2369">
     <span class='ocr_line' id='line_1_80' title="bbox 2722 2296 3605 2369; baseline -0.001 -17"><span class='ocrx_word' id='word_1_584' title='bbox 2722 2300 2866 2354; x_wconf 78' lang='lat' dir='ltr'>ME&#39;.</span> <span class='ocrx_word' id='word_1_585' title='bbox 2884 2297 3184 2369; x_wconf 81' lang='grc' dir='ltr'>Συμμάχῳ</span> <span class='ocrx_word' id='word_1_586' title='bbox 3205 2296 3605 2366; x_wconf 77' lang='grc' dir='ltr'>πρεσϐυτέρῳ.</span> 
     </span>
    </p>
   </div>
   <div class='ocr_carea' id='block_1_81' title="bbox 2449 2421 3969 2494">
    <p class='ocr_par' dir='ltr' id='par_1_81' title="bbox 2449 2421 3969 2494">
     <span class='ocr_line' id='line_1_81' title="bbox 2449 2421 3969 2494; baseline 0 -16"><span class='ocrx_word' id='word_1_587' title='bbox 2449 2425 2616 2479; x_wconf 76' lang='grc' dir='ltr'>Οὑδέν</span> <span class='ocrx_word' id='word_1_588' title='bbox 2669 2425 2856 2479; x_wconf 79' lang='grc' dir='ltr'>καινὸν</span> <span class='ocrx_word' id='word_1_589' title='bbox 2887 2424 3009 2479; x_wconf 78' lang='grc' dir='ltr'>ούδέ</span> <span class='ocrx_word' id='word_1_590' title='bbox 3057 2423 3281 2488; x_wconf 78' lang='grc' dir='ltr'>ἀπεικὸς</span> <span class='ocrx_word' id='word_1_591' title='bbox 3313 2422 3680 2494; x_wconf 86' lang='grc' dir='ltr'>τεθλιμμένην</span> <span class='ocrx_word' id='word_1_592' title='bbox 3708 2421 3969 2478; x_wconf 87' lang='grc' dir='ltr'>όδεύοντα</span> 
     </span>
    </p>
   </div>
   <div class='ocr_carea' id='block_1_82' title="bbox 2377 2514 3968 2590">
    <p class='ocr_par' dir='ltr' id='par_1_82' title="bbox 2377 2514 3968 2590">
     <span class='ocr_line' id='line_1_82' title="bbox 2377 2514 3968 2590; baseline -0.001 -19"><span class='ocrx_word' id='word_1_593' title='bbox 2377 2517 2491 2571; x_wconf 83' lang='grc' dir='ltr'>ὁδὸν</span> <span class='ocrx_word' id='word_1_594' title='bbox 2527 2519 2999 2590; x_wconf 86' lang='grc' dir='ltr'>στενοχωρεῖσθαι.</span> <span class='ocrx_word' id='word_1_595' title='bbox 3040 2518 3280 2588; x_wconf 84' lang='grc' dir='ltr'>Τοιαύτη</span> <span class='ocrx_word' id='word_1_596' title='bbox 3309 2517 3417 2588; x_wconf 84' lang='grc' dir='ltr'>γὰρ</span> <span class='ocrx_word' id='word_1_597' title='bbox 3441 2517 3540 2586; x_wconf 83' lang='grc' dir='ltr'>τῆς</span> <span class='ocrx_word' id='word_1_598' title='bbox 3567 2514 3772 2589; x_wconf 77' lang='grc' dir='ltr'>ἀρετῆς</span> <span class='ocrx_word' id='word_1_599' title='bbox 3795 2518 3830 2589; x_wconf 80' lang='grc' dir='ltr'><strong>ἠ</strong></span> <span class='ocrx_word' id='word_1_600' title='bbox 3863 2517 3968 2587; x_wconf 84' lang='grc' dir='ltr'>φύ-</span> 
     </span>
    </p>
   </div>
   <div class='ocr_carea' id='block_1_83' title="bbox 2380 2607 3970 2680">
    <p class='ocr_par' dir='ltr' id='par_1_83' title="bbox 2380 2607 3970 2680">
     <span class='ocr_line' id='line_1_83' title="bbox 2380 2607 3970 2680; baseline -0.001 -19"><span class='ocrx_word' id='word_1_601' title='bbox 2380 2625 2495 2674; x_wconf 89' lang='grc' dir='ltr'>σις,</span> <span class='ocrx_word' id='word_1_602' title='bbox 2525 2608 2701 2662; x_wconf 85' lang='grc' dir='ltr'>πόνων</span> <span class='ocrx_word' id='word_1_603' title='bbox 2732 2609 2896 2680; x_wconf 88' lang='grc' dir='ltr'>γέμει</span> <span class='ocrx_word' id='word_1_604' title='bbox 2934 2610 3027 2663; x_wconf 81' lang='grc' dir='ltr'>καὶ</span> <span class='ocrx_word' id='word_1_605' title='bbox 3067 2608 3333 2680; x_wconf 80' lang='grc' dir='ltr'>ἱδρώτων,</span> <span class='ocrx_word' id='word_1_606' title='bbox 3375 2607 3680 2661; x_wconf 76' lang='grc' dir='ltr'>ἐπιϐουλῶν</span> <span class='ocrx_word' id='word_1_607' title='bbox 3713 2609 3808 2662; x_wconf 75' lang='grc' dir='ltr'>καὶ</span> <span class='ocrx_word' id='word_1_608' title='bbox 3854 2626 3970 2662; x_wconf 84' lang='grc' dir='ltr'>κιν-</span> 
     </span>
    </p>
   </div>
   <div class='ocr_carea' id='block_1_84' title="bbox 2377 2695 3968 2770">
    <p class='ocr_par' dir='ltr' id='par_1_84' title="bbox 2377 2695 3968 2770">
     <span class='ocr_line' id='line_1_84' title="bbox 2377 2695 3968 2770; baseline -0.001 -18"><span class='ocrx_word' id='word_1_609' title='bbox 2377 2696 2570 2753; x_wconf 90' lang='grc' dir='ltr'>δύνων.</span> <span class='ocrx_word' id='word_1_610' title='bbox 2612 2699 2751 2752; x_wconf 79' lang='grc' dir='ltr'>Ἀλλ’</span> <span class='ocrx_word' id='word_1_611' title='bbox 2775 2700 2809 2770; x_wconf 78' lang='grc' dir='ltr'><strong>ἡ</strong></span> <span class='ocrx_word' id='word_1_612' title='bbox 2834 2699 2934 2770; x_wconf 82' lang='grc' dir='ltr'>μέν</span> <span class='ocrx_word' id='word_1_613' title='bbox 2955 2698 3074 2762; x_wconf 82' lang='grc' dir='ltr'>ὁδὸς</span> <span class='ocrx_word' id='word_1_614' title='bbox 3095 2697 3318 2768; x_wconf 85' lang='grc' dir='ltr'>τοιαύτη</span> <span class='ocrx_word' id='word_1_615' title='bbox 3335 2716 3350 2729; x_wconf 89' lang='grc'><strong>·</strong></span> <span class='ocrx_word' id='word_1_616' title='bbox 3385 2695 3456 2750; x_wconf 92' lang='grc' dir='ltr'>τά</span> <span class='ocrx_word' id='word_1_617' title='bbox 3482 2697 3539 2750; x_wconf 85' lang='grc' dir='ltr'>δὲ</span> <span class='ocrx_word' id='word_1_618' title='bbox 3566 2697 3816 2754; x_wconf 85' lang='grc' dir='ltr'>ἐντεῦθεν</span> <span class='ocrx_word' id='word_1_619' title='bbox 3844 2699 3968 2751; x_wconf 90' lang='grc' dir='ltr'>στέ-</span> 
     </span>
    </p>
   </div>
   <div class='ocr_carea' id='block_1_85' title="bbox 2381 2788 3968 2863">
    <p class='ocr_par' dir='ltr' id='par_1_85' title="bbox 2381 2788 3968 2863">
     <span class='ocr_line' id='line_1_85' title="bbox 2381 2788 3968 2863; baseline 0 -19"><span class='ocrx_word' id='word_1_620' title='bbox 2381 2808 2557 2862; x_wconf 85' lang='grc' dir='ltr'>φανοι,</span> <span class='ocrx_word' id='word_1_621' title='bbox 2598 2790 2846 2862; x_wconf 75' lang='grc' dir='ltr'>βραδεῖα,</span> <span class='ocrx_word' id='word_1_622' title='bbox 2867 2789 2937 2844; x_wconf 89' lang='grc' dir='ltr'>τά</span> <span class='ocrx_word' id='word_1_623' title='bbox 2965 2790 3256 2863; x_wconf 69' lang='grc' dir='ltr'>ἀπόρρητα</span> <span class='ocrx_word' id='word_1_624' title='bbox 3285 2789 3467 2859; x_wconf 87' lang='grc' dir='ltr'>ἀγαθά</span> <span class='ocrx_word' id='word_1_625' title='bbox 3490 2829 3504 2854; x_wconf 97' lang='grc'>,</span> <span class='ocrx_word' id='word_1_626' title='bbox 3538 2789 3634 2843; x_wconf 78' lang='grc' dir='ltr'>καὶ</span> <span class='ocrx_word' id='word_1_627' title='bbox 3676 2788 3830 2852; x_wconf 81' lang='grc' dir='ltr'>τέλος</span> <span class='ocrx_word' id='word_1_628' title='bbox 3861 2790 3968 2844; x_wconf 77' lang='grc' dir='ltr'>οὑκ</span> 
     </span>
    </p>
   </div>
   <div class='ocr_carea' id='block_1_86' title="bbox 2379 2877 3966 2951">
    <p class='ocr_par' dir='ltr' id='par_1_86' title="bbox 2379 2877 3966 2951">
     <span class='ocr_line' id='line_1_86' title="bbox 2379 2877 3966 2951; baseline -0.004 -17"><span class='ocrx_word' id='word_1_629' title='bbox 2379 2880 2588 2951; x_wconf 74' lang='grc' dir='ltr'>ἔχοντα.</span> <span class='ocrx_word' id='word_1_630' title='bbox 2623 2879 2849 2943; x_wconf 86' lang='grc' dir='ltr'>Τούτοις</span> <span class='ocrx_word' id='word_1_631' title='bbox 2885 2879 3065 2932; x_wconf 87' lang='grc' dir='ltr'>τοίνυν</span> <span class='ocrx_word' id='word_1_632' title='bbox 3120 2879 3316 2933; x_wconf 80' lang='grc' dir='ltr'>σαυτὸν</span> <span class='ocrx_word' id='word_1_633' title='bbox 3351 2877 3659 2948; x_wconf 87' lang='grc' dir='ltr'>παρακάλει</span> <span class='ocrx_word' id='word_1_634' title='bbox 3683 2893 3699 2909; x_wconf 78' lang='grc' dir='ltr'><strong>ο</strong></span> <span class='ocrx_word' id='word_1_635' title='bbox 3733 2877 3966 2948; x_wconf 73' lang='grc' dir='ltr'>καὶγὰρ</span> 
     </span>
    </p>
   </div>
   <div class='ocr_carea' id='block_1_87' title="bbox 2379 2970 3965 3044">
    <p class='ocr_par' dir='ltr' id='par_1_87' title="bbox 2379 2970 3965 3044">
     <span class='ocr_line' id='line_1_87' title="bbox 2379 2970 3965 3044; baseline 0 -19"><span class='ocrx_word' id='word_1_636' title='bbox 2379 2974 2472 3025; x_wconf 70' lang='grc' dir='ltr'>καὶ</span> <span class='ocrx_word' id='word_1_637' title='bbox 2493 2975 2525 3043; x_wconf 73' lang='grc' dir='ltr'><strong>ἡ</strong></span> <span class='ocrx_word' id='word_1_638' title='bbox 2558 2971 2736 3036; x_wconf 71' lang='grc' dir='ltr'>ἄνεσις</span> <span class='ocrx_word' id='word_1_639' title='bbox 2759 2973 2851 3026; x_wconf 72' lang='grc' dir='ltr'>καὶ</span> <span class='ocrx_word' id='word_1_640' title='bbox 2877 2973 2911 3044; x_wconf 77' lang='grc' dir='ltr'><strong>ὴ</strong></span> <span class='ocrx_word' id='word_1_641' title='bbox 2938 2971 3114 3041; x_wconf 79' lang='grc' dir='ltr'>θλίψις</span> <span class='ocrx_word' id='word_1_642' title='bbox 3144 2973 3178 3043; x_wconf 80' lang='grc' dir='ltr'>ἡ</span> <span class='ocrx_word' id='word_1_643' title='bbox 3200 2972 3293 3025; x_wconf 91' lang='grc' dir='ltr'>τοῦ</span> <span class='ocrx_word' id='word_1_644' title='bbox 3315 2971 3581 3043; x_wconf 87' lang='grc' dir='ltr'>παρόντος</span> <span class='ocrx_word' id='word_1_645' title='bbox 3607 2970 3965 3042; x_wconf 80' lang='grc' dir='ltr'>παροδεύεται</span> 
     </span>
    </p>
   </div>
   <div class='ocr_carea' id='block_1_88' title="bbox 2381 3059 3965 3138">
    <p class='ocr_par' dir='ltr' id='par_1_88' title="bbox 2381 3059 3965 3138">
     <span class='ocr_line' id='line_1_88' title="bbox 2381 3059 3965 3138; baseline -0.002 -20"><span class='ocrx_word' id='word_1_646' title='bbox 2381 3066 2518 3137; x_wconf 86' lang='grc' dir='ltr'>βίου.</span> <span class='ocrx_word' id='word_1_647' title='bbox 2559 3067 2652 3119; x_wconf 78' lang='grc' dir='ltr'>καὶ</span> <span class='ocrx_word' id='word_1_648' title='bbox 2697 3065 2848 3137; x_wconf 86' lang='grc' dir='ltr'>αὑτῷ</span> <span class='ocrx_word' id='word_1_649' title='bbox 2876 3065 2955 3136; x_wconf 82' lang='grc' dir='ltr'>τῷ</span> <span class='ocrx_word' id='word_1_650' title='bbox 3009 3065 3110 3138; x_wconf 78' lang='grc' dir='ltr'>βίῳ</span> <span class='ocrx_word' id='word_1_651' title='bbox 3163 3065 3620 3135; x_wconf 89' lang='grc' dir='ltr'>συγκαταλύεται.</span> <span class='ocrx_word' id='word_1_652' title='bbox 3650 3064 3832 3134; x_wconf 82' lang='grc' dir='ltr'>Μηδὲν</span> <span class='ocrx_word' id='word_1_653' title='bbox 3869 3059 3965 3116; x_wconf 77' lang='grc' dir='ltr'>οὖν</span> 
     </span>
    </p>
   </div>
   <div class='ocr_carea' id='block_1_89' title="bbox 2381 3156 3966 3229">
    <p class='ocr_par' dir='ltr' id='par_1_89' title="bbox 2381 3156 3966 3229">
     <span class='ocr_line' id='line_1_89' title="bbox 2381 3156 3966 3229; baseline -0.001 -18"><span class='ocrx_word' id='word_1_654' title='bbox 2381 3157 2516 3229; x_wconf 79' lang='grc' dir='ltr'>μηδὲ</span> <span class='ocrx_word' id='word_1_655' title='bbox 2545 3159 2770 3212; x_wconf 82' lang='grc' dir='ltr'>ἐκείνων</span> <span class='ocrx_word' id='word_1_656' title='bbox 2796 3158 3043 3227; x_wconf 82' lang='grc' dir='ltr'>φυσάτω,</span> <span class='ocrx_word' id='word_1_657' title='bbox 3070 3157 3203 3229; x_wconf 88' lang='grc' dir='ltr'>μηδέ</span> <span class='ocrx_word' id='word_1_658' title='bbox 3250 3157 3456 3211; x_wconf 88' lang='grc' dir='ltr'>τούτων</span> <span class='ocrx_word' id='word_1_659' title='bbox 3499 3156 3836 3210; x_wconf 87' lang='grc' dir='ltr'>ταπεινούτω</span> <span class='ocrx_word' id='word_1_660' title='bbox 3868 3157 3966 3209; x_wconf 71' lang='grc' dir='ltr'>καὶ</span> 
     </span>
    </p>
   </div>
   <div class='ocr_carea' id='block_1_90' title="bbox 2379 3247 3963 3320">
    <p class='ocr_par' dir='ltr' id='par_1_90' title="bbox 2379 3247 3963 3320">
     <span class='ocr_line' id='line_1_90' title="bbox 2379 3247 3963 3320; baseline -0.002 -19"><span class='ocrx_word' id='word_1_661' title='bbox 2379 3248 2735 3303; x_wconf 88' lang='grc' dir='ltr'>συστελλέτω.</span> <span class='ocrx_word' id='word_1_662' title='bbox 2773 3248 2833 3302; x_wconf 83' lang='lat'>&#39;0</span> <span class='ocrx_word' id='word_1_663' title='bbox 2859 3248 2968 3319; x_wconf 85' lang='grc' dir='ltr'>γάρ</span> <span class='ocrx_word' id='word_1_664' title='bbox 2996 3250 3219 3320; x_wconf 82' lang='grc' dir='ltr'>ἀριστος</span> <span class='ocrx_word' id='word_1_665' title='bbox 3255 3247 3591 3320; x_wconf 75' lang='grc' dir='ltr'>κυϐερνήτης</span> <span class='ocrx_word' id='word_1_666' title='bbox 3613 3247 3736 3300; x_wconf 72' lang='grc' dir='ltr'>οὔτε</span> <span class='ocrx_word' id='word_1_667' title='bbox 3769 3250 3826 3300; x_wconf 87' lang='grc' dir='ltr'>ἐν</span> <span class='ocrx_word' id='word_1_668' title='bbox 3855 3264 3963 3314; x_wconf 82' lang='grc' dir='ltr'>γα-</span> 
     </span>
    </p>
   </div>
   <div class='ocr_carea' id='block_1_91' title="bbox 2376 3340 3964 3414">
    <p class='ocr_par' dir='ltr' id='par_1_91' title="bbox 2376 3340 3964 3414">
     <span class='ocr_line' id='line_1_91' title="bbox 2376 3340 3964 3414; baseline 0.001 -21"><span class='ocrx_word' id='word_1_669' title='bbox 2376 3340 2513 3414; x_wconf 81' lang='grc' dir='ltr'>λήνῃ</span> <span class='ocrx_word' id='word_1_670' title='bbox 2550 3341 2864 3410; x_wconf 89' lang='grc' dir='ltr'>χαυνοῦται,</span> <span class='ocrx_word' id='word_1_671' title='bbox 2895 3341 3020 3396; x_wconf 82' lang='grc' dir='ltr'>οὕτε</span> <span class='ocrx_word' id='word_1_672' title='bbox 3047 3344 3105 3394; x_wconf 89' lang='grc' dir='ltr'>ἐν</span> <span class='ocrx_word' id='word_1_673' title='bbox 3137 3341 3362 3412; x_wconf 87' lang='grc' dir='ltr'>χειμῶνι</span> <span class='ocrx_word' id='word_1_674' title='bbox 3391 3344 3742 3413; x_wconf 87' lang='grc' dir='ltr'>ταράττεται.</span> <span class='ocrx_word' id='word_1_675' title='bbox 3796 3342 3964 3396; x_wconf 84' lang='grc' dir='ltr'>Ταῦτ’</span> 
     </span>
    </p>
   </div>
   <div class='ocr_carea' id='block_1_92' title="bbox 2377 3429 3962 3506">
    <p class='ocr_par' dir='ltr' id='par_1_92' title="bbox 2377 3429 3962 3506">
     <span class='ocr_line' id='line_1_92' title="bbox 2377 3429 3962 3506; baseline 0.001 -20"><span class='ocrx_word' id='word_1_676' title='bbox 2377 3429 2470 3486; x_wconf 77' lang='grc' dir='ltr'>οὖν</span> <span class='ocrx_word' id='word_1_677' title='bbox 2507 3433 2662 3497; x_wconf 72' lang='grc' dir='ltr'>εἰδὼς</span> <span class='ocrx_word' id='word_1_678' title='bbox 2693 3433 2997 3506; x_wconf 88' lang='grc' dir='ltr'>παρακάλει</span> <span class='ocrx_word' id='word_1_679' title='bbox 3029 3434 3246 3498; x_wconf 81' lang='grc' dir='ltr'>σαυτὸν,</span> <span class='ocrx_word' id='word_1_680' title='bbox 3273 3435 3367 3486; x_wconf 73' lang='grc' dir='ltr'>καὶ</span> <span class='ocrx_word' id='word_1_681' title='bbox 3395 3435 3745 3506; x_wconf 89' lang='grc' dir='ltr'>παραμυθίαν</span> <span class='ocrx_word' id='word_1_682' title='bbox 3774 3433 3962 3488; x_wconf 81' lang='grc' dir='ltr'>ἐντεῦ-</span> 
     </span>
    </p>
   </div>
   <div class='ocr_carea' id='block_1_93' title="bbox 2379 3522 3965 3596">
    <p class='ocr_par' dir='ltr' id='par_1_93' title="bbox 2379 3522 3965 3596">
     <span class='ocr_line' id='line_1_93' title="bbox 2379 3522 3965 3596; baseline 0.001 -20"><span class='ocrx_word' id='word_1_683' title='bbox 2379 3522 2471 3576; x_wconf 89' lang='grc' dir='ltr'>θεν</span> <span class='ocrx_word' id='word_1_684' title='bbox 2504 3524 2717 3594; x_wconf 88' lang='grc' dir='ltr'>καρποῦ</span> <span class='ocrx_word' id='word_1_685' title='bbox 2771 3525 2869 3595; x_wconf 81' lang='grc' dir='ltr'>τὴν</span> <span class='ocrx_word' id='word_1_686' title='bbox 2921 3527 3202 3595; x_wconf 86' lang='grc' dir='ltr'>μεγίστην.</span> <span class='ocrx_word' id='word_1_687' title='bbox 3236 3525 3419 3595; x_wconf 82' lang='grc' dir='ltr'>Γράφε</span> <span class='ocrx_word' id='word_1_688' title='bbox 3464 3526 3702 3596; x_wconf 83' lang='grc' dir='ltr'>συνεχῶς</span> <span class='ocrx_word' id='word_1_689' title='bbox 3739 3527 3868 3596; x_wconf 80' lang='grc' dir='ltr'>ημῖν</span> <span class='ocrx_word' id='word_1_690' title='bbox 3895 3526 3965 3578; x_wconf 85' lang='grc' dir='ltr'>τά</span> 
     </span>
    </p>
   </div>
   <div class='ocr_carea' id='block_1_94' title="bbox 2378 3613 3966 3687">
    <p class='ocr_par' dir='ltr' id='par_1_94' title="bbox 2378 3613 3966 3687">
     <span class='ocr_line' id='line_1_94' title="bbox 2378 3613 3966 3687; baseline 0.001 -22"><span class='ocrx_word' id='word_1_691' title='bbox 2378 3615 2507 3685; x_wconf 80' lang='grc' dir='ltr'>περὶ</span> <span class='ocrx_word' id='word_1_692' title='bbox 2535 3615 2632 3685; x_wconf 83' lang='grc' dir='ltr'>τῆς</span> <span class='ocrx_word' id='word_1_693' title='bbox 2665 3615 2875 3680; x_wconf 86' lang='grc' dir='ltr'>ὑγιείας</span> <span class='ocrx_word' id='word_1_694' title='bbox 2913 3617 3012 3687; x_wconf 80' lang='grc' dir='ltr'>τῆς</span> <span class='ocrx_word' id='word_1_695' title='bbox 3037 3619 3155 3687; x_wconf 82' lang='grc' dir='ltr'>σῆς.</span> <span class='ocrx_word' id='word_1_696' title='bbox 3185 3619 3246 3670; x_wconf 73' lang='lat' dir='ltr'>Et</span> <span class='ocrx_word' id='word_1_697' title='bbox 3279 3616 3387 3687; x_wconf 77' lang='grc' dir='ltr'>γὰρ</span> <span class='ocrx_word' id='word_1_698' title='bbox 3417 3617 3510 3673; x_wconf 72' lang='grc' dir='ltr'>καὶ</span> <span class='ocrx_word' id='word_1_699' title='bbox 3544 3613 3724 3686; x_wconf 89' lang='grc' dir='ltr'>πολλῷ</span> <span class='ocrx_word' id='word_1_700' title='bbox 3750 3613 3828 3685; x_wconf 77' lang='grc' dir='ltr'>τῷ</span> <span class='ocrx_word' id='word_1_701' title='bbox 3857 3617 3966 3686; x_wconf 79' lang='grc' dir='ltr'>μή-</span> 
     </span>
    </p>
   </div>
   <div class='ocr_carea' id='block_1_95' title="bbox 2379 3705 3966 3780">
    <p class='ocr_par' dir='ltr' id='par_1_95' title="bbox 2379 3705 3966 3780">
     <span class='ocr_line' id='line_1_95' title="bbox 2379 3705 3966 3780; baseline 0.001 -22"><span class='ocrx_word' id='word_1_702' title='bbox 2379 3722 2462 3758; x_wconf 87' lang='grc' dir='ltr'>κει</span> <span class='ocrx_word' id='word_1_703' title='bbox 2487 3705 2588 3775; x_wconf 82' lang='grc' dir='ltr'>τῆς</span> <span class='ocrx_word' id='word_1_704' title='bbox 2620 3705 2741 3759; x_wconf 87' lang='grc' dir='ltr'>ὁδοῦ</span> <span class='ocrx_word' id='word_1_705' title='bbox 2773 3706 3143 3780; x_wconf 87' lang='grc' dir='ltr'>διειργόμεθα.</span> <span class='ocrx_word' id='word_1_706' title='bbox 3170 3711 3264 3763; x_wconf 77' lang='grc' dir='ltr'>καὶ</span> <span class='ocrx_word' id='word_1_707' title='bbox 3295 3709 3462 3761; x_wconf 84' lang='grc' dir='ltr'>πολύν</span> <span class='ocrx_word' id='word_1_708' title='bbox 3512 3725 3606 3762; x_wconf 89' lang='grc' dir='ltr'>σου</span> <span class='ocrx_word' id='word_1_709' title='bbox 3659 3709 3756 3778; x_wconf 83' lang='grc' dir='ltr'>τῆς</span> <span class='ocrx_word' id='word_1_710' title='bbox 3789 3709 3966 3777; x_wconf 88' lang='grc' dir='ltr'>ἐμμε-</span> 
     </span>
    </p>
   </div>
   <div class='ocr_carea' id='block_1_96' title="bbox 2377 3797 3962 3870">
    <p class='ocr_par' dir='ltr' id='par_1_96' title="bbox 2377 3797 3962 3870">
     <span class='ocr_line' id='line_1_96' title="bbox 2377 3797 3962 3870; baseline 0.008 -21"><span class='ocrx_word' id='word_1_711' title='bbox 2377 3797 2527 3860; x_wconf 90' lang='grc' dir='ltr'>λείας</span> <span class='ocrx_word' id='word_1_712' title='bbox 2559 3799 2969 3870; x_wconf 76' lang='grc' dir='ltr'>ἀπελείφθημεν</span> <span class='ocrx_word' id='word_1_713' title='bbox 3008 3802 3198 3870; x_wconf 89' lang='grc' dir='ltr'>χρόνον</span> <span class='ocrx_word' id='word_1_714' title='bbox 3222 3842 3237 3865; x_wconf 93' lang='grc'>,</span> <span class='ocrx_word' id='word_1_715' title='bbox 3290 3801 3406 3854; x_wconf 81' lang='grc' dir='ltr'>ἀλλ’</span> <span class='ocrx_word' id='word_1_716' title='bbox 3438 3801 3498 3854; x_wconf 91' lang='grc' dir='ltr'>οὑ</span> <span class='ocrx_word' id='word_1_717' title='bbox 3551 3801 3650 3870; x_wconf 80' lang='grc' dir='ltr'>τῆς</span> <span class='ocrx_word' id='word_1_718' title='bbox 3703 3800 3923 3867; x_wconf 77' lang='grc' dir='ltr'>ἀγάπης</span> <span class='ocrx_word' id='word_1_719' title='bbox 3947 3839 3962 3863; x_wconf 79' lang='lat'><em>.</em></span> 
     </span>
    </p>
   </div>
   <div class='ocr_carea' id='block_1_97' title="bbox 2378 3887 3962 3964">
    <p class='ocr_par' dir='ltr' id='par_1_97' title="bbox 2378 3887 3962 3964">
     <span class='ocr_line' id='line_1_97' title="bbox 2378 3887 3962 3964; baseline 0.005 -25"><span class='ocrx_word' id='word_1_720' title='bbox 2378 3887 2490 3939; x_wconf 77' lang='grc' dir='ltr'>ἀλλ’</span> <span class='ocrx_word' id='word_1_721' title='bbox 2516 3887 2747 3958; x_wconf 81' lang='grc' dir='ltr'>ἀληστον</span> <span class='ocrx_word' id='word_1_722' title='bbox 2770 3891 2936 3960; x_wconf 77' lang='grc' dir='ltr'>αὐτὴν</span> <span class='ocrx_word' id='word_1_723' title='bbox 2958 3892 3042 3944; x_wconf 82' lang='grc' dir='ltr'>ἀεὶ</span> <span class='ocrx_word' id='word_1_724' title='bbox 3070 3893 3437 3964; x_wconf 71' lang='grc' dir='ltr'>περιφέρομεν</span> <span class='ocrx_word' id='word_1_725' title='bbox 3463 3894 3558 3947; x_wconf 78' lang='grc' dir='ltr'>καὶ</span> <span class='ocrx_word' id='word_1_726' title='bbox 3580 3892 3962 3964; x_wconf 78' lang='grc' dir='ltr'>ἀκμάζουσαν,</span> 
     </span>
    </p>
   </div>
   <div class='ocr_carea' id='block_1_98' title="bbox 2379 3975 3969 4060">
    <p class='ocr_par' dir='ltr' id='par_1_98' title="bbox 2379 3975 3969 4060">
     <span class='ocr_line' id='line_1_98' title="bbox 2379 3975 3969 4060; baseline 0.005 -29"><span class='ocrx_word' id='word_1_727' title='bbox 2379 3980 2624 4051; x_wconf 80' lang='grc' dir='ltr'>ὅπουπερ</span> <span class='ocrx_word' id='word_1_728' title='bbox 2657 3980 2724 4033; x_wconf 79' lang='grc' dir='ltr'>ἂν</span> <span class='ocrx_word' id='word_1_729' title='bbox 2755 3975 2906 4052; x_wconf 79' lang='grc' dir='ltr'>ὦμεν</span> <span class='ocrx_word' id='word_1_730' title='bbox 2963 3985 3195 4056; x_wconf 88' lang='grc' dir='ltr'>ἐπείπερ</span> <span class='ocrx_word' id='word_1_731' title='bbox 3228 3985 3451 4058; x_wconf 89' lang='grc' dir='ltr'>τοιαύτη</span> <span class='ocrx_word' id='word_1_732' title='bbox 3485 3986 3579 4040; x_wconf 86' lang='grc' dir='ltr'>τοῦ</span> <span class='ocrx_word' id='word_1_733' title='bbox 3624 3985 3798 4058; x_wconf 84' lang='grc' dir='ltr'>φιλεῖν</span> <span class='ocrx_word' id='word_1_734' title='bbox 3831 4005 3969 4060; x_wconf 83' lang='grc' dir='ltr'>γνη-</span> 
     </span>
    </p>
   </div>
   <div class='ocr_carea' id='block_1_99' title="bbox 2381 4072 2792 4144">
    <p class='ocr_par' dir='ltr' id='par_1_99' title="bbox 2381 4072 2792 4144">
     <span class='ocr_line' id='line_1_99' title="bbox 2381 4072 2792 4144; baseline 0.005 -19"><span class='ocrx_word' id='word_1_735' title='bbox 2381 4073 2509 4136; x_wconf 87' lang='grc' dir='ltr'>σίως</span> <span class='ocrx_word' id='word_1_736' title='bbox 2543 4074 2576 4144; x_wconf 81' lang='grc' dir='ltr'>ἠ</span> <span class='ocrx_word' id='word_1_737' title='bbox 2611 4072 2792 4142; x_wconf 86' lang='grc' dir='ltr'>φύσις.</span> 
     </span>
    </p>
   </div>
   <div class='ocr_carea' id='block_1_100' title="bbox 2917 4205 3426 4274">
    <p class='ocr_par' dir='ltr' id='par_1_100' title="bbox 2917 4205 3426 4274">
     <span class='ocr_line' id='line_1_100' title="bbox 2917 4205 3426 4274; baseline 0.006 -17"><span class='ocrx_word' id='word_1_738' title='bbox 2917 4205 3069 4271; x_wconf 60' lang='grc' dir='ltr'>Μςκ</span> <span class='ocrx_word' id='word_1_739' title='bbox 3118 4205 3426 4274; x_wconf 64' lang='grc' dir='ltr'>Ῥουφινῳ.</span> 
     </span>
    </p>
   </div>
   <div class='ocr_carea' id='block_1_101' title="bbox 2458 4317 3961 4406">
    <p class='ocr_par' dir='ltr' id='par_1_101' title="bbox 2458 4317 3961 4406">
     <span class='ocr_line' id='line_1_101' title="bbox 2458 4317 3961 4406; baseline 0.007 -30"><span class='ocrx_word' id='word_1_740' title='bbox 2458 4317 2790 4394; x_wconf 76' lang='grc' dir='ltr'>Ἐϐουλόμην</span> <span class='ocrx_word' id='word_1_741' title='bbox 2829 4329 2926 4398; x_wconf 77' lang='grc' dir='ltr'>μὲν</span> <span class='ocrx_word' id='word_1_742' title='bbox 2967 4331 3350 4400; x_wconf 59' lang='grc' dir='ltr'>συνενέστερον</span> <span class='ocrx_word' id='word_1_743' title='bbox 3385 4332 3720 4386; x_wconf 85' lang='grc' dir='ltr'>ἐπιστέλλειν</span> <span class='ocrx_word' id='word_1_744' title='bbox 3767 4349 3861 4387; x_wconf 90' lang='grc' dir='ltr'>σου</span> <span class='ocrx_word' id='word_1_745' title='bbox 3894 4339 3961 4406; x_wconf 79' lang='grc' dir='ltr'>τῇ</span> 
     </span>
    </p>
   </div>
   <div class='ocr_carea' id='block_1_102' title="bbox 2377 4420 3963 4498">
    <p class='ocr_par' dir='ltr' id='par_1_102' title="bbox 2377 4420 3963 4498">
     <span class='ocr_line' id='line_1_102' title="bbox 2377 4420 3963 4498; baseline 0.009 -27"><span class='ocrx_word' id='word_1_746' title='bbox 2377 4420 2694 4490; x_wconf 75' lang='grc' dir='ltr'>εὑλαϐείᾳδ,</span> <span class='ocrx_word' id='word_1_747' title='bbox 2720 4420 2903 4492; x_wconf 82' lang='grc' dir='ltr'>ἐπειδή</span> <span class='ocrx_word' id='word_1_748' title='bbox 2930 4439 2989 4474; x_wconf 89' lang='grc' dir='ltr'>σε</span> <span class='ocrx_word' id='word_1_749' title='bbox 3021 4423 3181 4492; x_wconf 86' lang='grc' dir='ltr'>φιλῶ,</span> <span class='ocrx_word' id='word_1_750' title='bbox 3208 4426 3301 4480; x_wconf 74' lang='grc' dir='ltr'>καὶ</span> <span class='ocrx_word' id='word_1_751' title='bbox 3324 4427 3527 4498; x_wconf 83' lang='grc' dir='ltr'>σφόδρα</span> <span class='ocrx_word' id='word_1_752' title='bbox 3550 4427 3709 4497; x_wconf 83' lang='grc' dir='ltr'>φιλῶ,</span> <span class='ocrx_word' id='word_1_753' title='bbox 3727 4429 3963 4487; x_wconf 83' lang='grc' dir='ltr'>δέσποτά</span> 
     </span>
    </p>
   </div>
   <div class='ocr_carea' id='block_1_103' title="bbox 2382 4515 3962 4600">
    <p class='ocr_par' dir='ltr' id='par_1_103' title="bbox 2382 4515 3962 4600">
     <span class='ocr_line' id='line_1_103' title="bbox 2382 4515 3962 4600; baseline 0.011 -34"><span class='ocrx_word' id='word_1_754' title='bbox 2382 4531 2481 4583; x_wconf 90' lang='grc' dir='ltr'>μου</span> <span class='ocrx_word' id='word_1_755' title='bbox 2530 4515 2925 4582; x_wconf 75' lang='grc' dir='ltr'>αἱδεσιμώτατε</span> <span class='ocrx_word' id='word_1_756' title='bbox 2965 4520 3059 4572; x_wconf 79' lang='grc' dir='ltr'>καὶ</span> <span class='ocrx_word' id='word_1_757' title='bbox 3110 4520 3506 4576; x_wconf 80' lang='grc' dir='ltr'>εὑλαδέστατε·</span> <span class='ocrx_word' id='word_1_758' title='bbox 3550 4524 3645 4578; x_wconf 79' lang='grc' dir='ltr'>καὶ</span> <span class='ocrx_word' id='word_1_759' title='bbox 3674 4527 3962 4600; x_wconf 86' lang='grc' dir='ltr'>ἀμφότερα</span> 
     </span>
    </p>
   </div>
   <div class='ocr_carea' id='block_1_104' title="bbox 2377 4608 3962 4697">
    <p class='ocr_par' dir='ltr' id='par_1_104' title="bbox 2377 4608 3962 4697">
     <span class='ocr_line' id='line_1_104' title="bbox 2377 4608 3962 4697; baseline 0.011 -34"><span class='ocrx_word' id='word_1_760' title='bbox 2377 4611 2553 4665; x_wconf 86' lang='grc' dir='ltr'>ταῦτα</span> <span class='ocrx_word' id='word_1_761' title='bbox 2581 4608 2734 4666; x_wconf 75' lang='grc' dir='ltr'>οἶσθα</span> <span class='ocrx_word' id='word_1_762' title='bbox 2766 4616 2858 4669; x_wconf 75' lang='grc' dir='ltr'>καὶ</span> <span class='ocrx_word' id='word_1_763' title='bbox 2886 4616 3068 4680; x_wconf 85' lang='grc' dir='ltr'>αὑτός.</span> <span class='ocrx_word' id='word_1_764' title='bbox 3115 4619 3254 4672; x_wconf 79' lang='grc' dir='ltr'>Ἀλλ’</span> <span class='ocrx_word' id='word_1_765' title='bbox 3294 4621 3482 4691; x_wconf 82' lang='grc' dir='ltr'>ἐπειδὴ</span> <span class='ocrx_word' id='word_1_766' title='bbox 3526 4623 3587 4676; x_wconf 92' lang='lat'>16</span> <span class='ocrx_word' id='word_1_767' title='bbox 3613 4624 3714 4695; x_wconf 80' lang='grc' dir='ltr'>μέν</span> <span class='ocrx_word' id='word_1_768' title='bbox 3742 4627 3801 4679; x_wconf 84' lang='grc' dir='ltr'>ἐν</span> <span class='ocrx_word' id='word_1_769' title='bbox 3829 4629 3962 4697; x_wconf 82' lang='grc' dir='ltr'>ημῖν</span> 
     </span>
    </p>
   </div>
   <div class='ocr_carea' id='block_1_105' title="bbox 2379 4710 3964 4795">
    <p class='ocr_par' dir='ltr' id='par_1_105' title="bbox 2379 4710 3964 4795">
     <span class='ocr_line' id='line_1_105' title="bbox 2379 4710 3964 4795; baseline 0.011 -35"><span class='ocrx_word' id='word_1_770' title='bbox 2379 4711 2574 4774; x_wconf 87' lang='grc' dir='ltr'>κεῖται,</span> <span class='ocrx_word' id='word_1_771' title='bbox 2611 4710 2668 4763; x_wconf 90' lang='lat'>16</span> <span class='ocrx_word' id='word_1_772' title='bbox 2693 4711 2750 4764; x_wconf 86' lang='grc' dir='ltr'>δέ</span> <span class='ocrx_word' id='word_1_773' title='bbox 2776 4712 2876 4765; x_wconf 88' lang='grc' dir='ltr'>οὑκ</span> <span class='ocrx_word' id='word_1_774' title='bbox 2909 4715 2967 4767; x_wconf 78' lang='grc' dir='ltr'>ἐν</span> <span class='ocrx_word' id='word_1_775' title='bbox 2991 4716 3152 4786; x_wconf 77' lang='grc' dir='ltr'>ἡμῖν’</span> <span class='ocrx_word' id='word_1_776' title='bbox 3184 4715 3276 4770; x_wconf 88' lang='grc' dir='ltr'>τοῦ</span> <span class='ocrx_word' id='word_1_777' title='bbox 3309 4717 3409 4788; x_wconf 79' lang='grc' dir='ltr'>μὲν</span> <span class='ocrx_word' id='word_1_778' title='bbox 3450 4721 3559 4790; x_wconf 83' lang='grc' dir='ltr'>γὰρ</span> <span class='ocrx_word' id='word_1_779' title='bbox 3603 4721 3774 4789; x_wconf 83' lang='grc' dir='ltr'>φιλεῖν</span> <span class='ocrx_word' id='word_1_780' title='bbox 3797 4726 3964 4795; x_wconf 71' lang='grc' dir='ltr'>ἡμεῖς</span> 
     </span>
    </p>
   </div>
   <div class='ocr_carea' id='block_1_106' title="bbox 2381 4805 3961 4885">
    <p class='ocr_par' dir='ltr' id='par_1_106' title="bbox 2381 4805 3961 4885">
     <span class='ocr_line' id='line_1_106' title="bbox 2381 4805 3961 4885; baseline 0.013 -28"><span class='ocrx_word' id='word_1_781' title='bbox 2381 4805 2595 4879; x_wconf 86' lang='grc' dir='ltr'>κύριοι,</span> <span class='ocrx_word' id='word_1_782' title='bbox 2623 4808 2718 4862; x_wconf 89' lang='grc' dir='ltr'>τοῦ</span> <span class='ocrx_word' id='word_1_783' title='bbox 2745 4810 2802 4864; x_wconf 76' lang='grc' dir='ltr'>δὲ</span> <span class='ocrx_word' id='word_1_784' title='bbox 2832 4811 3072 4882; x_wconf 84' lang='grc' dir='ltr'>συνεχῶς</span> <span class='ocrx_word' id='word_1_785' title='bbox 3105 4814 3443 4870; x_wconf 88' lang='grc' dir='ltr'>ἐπιστέλλειν</span> <span class='ocrx_word' id='word_1_786' title='bbox 3479 4818 3580 4882; x_wconf 85' lang='grc' dir='ltr'>οὑκ</span> <span class='ocrx_word' id='word_1_787' title='bbox 3629 4819 3742 4885; x_wconf 74' lang='grc' dir='ltr'>ἔτι,</span> <span class='ocrx_word' id='word_1_788' title='bbox 3777 4821 3866 4876; x_wconf 89' lang='grc' dir='ltr'>διά</span> <span class='ocrx_word' id='word_1_789' title='bbox 3903 4841 3961 4878; x_wconf 84' lang='grc' dir='ltr'>τε</span> 
     </span>
    </p>
   </div>
   <div class='ocr_carea' id='block_1_107' title="bbox 2366 4903 3959 5005">
    <p class='ocr_par' dir='ltr' id='par_1_107' title="bbox 2366 4903 3959 5005">
     <span class='ocr_line' id='line_1_107' title="bbox 2366 4903 3959 5005; baseline 0.013 -51"><span class='ocrx_word' id='word_1_790' title='bbox 2366 4903 2477 4973; x_wconf 61' lang='lat' dir='ltr'>si};</span> <span class='ocrx_word' id='word_1_791' title='bbox 2509 4904 2629 4958; x_wconf 85' lang='lat'><strong>6606</strong></span> <span class='ocrx_word' id='word_1_792' title='bbox 2661 4906 2759 4977; x_wconf 82' lang='grc' dir='ltr'>τὴν</span> <span class='ocrx_word' id='word_1_793' title='bbox 2793 4907 3081 4964; x_wconf 84' lang='grc' dir='ltr'>δυσκολίαν</span> <span class='ocrx_word' id='word_1_794' title='bbox 3105 4949 3121 4977; x_wconf 91' lang='grc'>,</span> <span class='ocrx_word' id='word_1_795' title='bbox 3168 4912 3264 4966; x_wconf 73' lang='grc' dir='ltr'>καὶ</span> <span class='ocrx_word' id='word_1_796' title='bbox 3306 4913 3416 5005; x_wconf 59' lang='grc' dir='ltr'>τοῦ</span> <span class='ocrx_word' id='word_1_797' title='bbox 3451 4915 3605 4981; x_wconf 72' lang='grc' dir='ltr'>[τους</span> <span class='ocrx_word' id='word_1_798' title='bbox 3638 4919 3736 4991; x_wconf 83' lang='grc' dir='ltr'>τὴν</span> <span class='ocrx_word' id='word_1_799' title='bbox 3767 4919 3916 4992; x_wconf 83' lang='grc' dir='ltr'>ὥραν</span> <span class='ocrx_word' id='word_1_800' title='bbox 3943 4938 3959 4955; x_wconf 89' lang='grc'><strong>·</strong></span> 
     </span>
    </p>
   </div>
   <div class='ocr_carea' id='block_1_108' title="bbox 2379 5001 3962 5089">
    <p class='ocr_par' dir='ltr' id='par_1_108' title="bbox 2379 5001 3962 5089">
     <span class='ocr_line' id='line_1_108' title="bbox 2379 5001 3962 5089; baseline 0.013 -36"><span class='ocrx_word' id='word_1_801' title='bbox 2379 5001 2554 5056; x_wconf 71' lang='grc' dir='ltr'>ἐκεῖνο</span> <span class='ocrx_word' id='word_1_802' title='bbox 2582 5002 2686 5074; x_wconf 67' lang='grc' dir='ltr'>μὲν</span> <span class='ocrx_word' id='word_1_803' title='bbox 2740 5004 3003 5075; x_wconf 86' lang='grc' dir='ltr'>διηνεκῶς</span> <span class='ocrx_word' id='word_1_804' title='bbox 3037 5009 3299 5079; x_wconf 88' lang='grc' dir='ltr'>ποιοῦμεν</span> <span class='ocrx_word' id='word_1_805' title='bbox 3321 5051 3336 5074; x_wconf 88' lang='grc'>,</span> <span class='ocrx_word' id='word_1_806' title='bbox 3371 5001 3531 5068; x_wconf 63' lang='grc' dir='ltr'>τοῦτο</span> <span class='ocrx_word' id='word_1_807' title='bbox 3583 5016 3641 5070; x_wconf 84' lang='grc' dir='ltr'>δέ</span> <span class='ocrx_word' id='word_1_808' title='bbox 3687 5018 3849 5089; x_wconf 77' lang='grc' dir='ltr'>ἡνίκα</span> <span class='ocrx_word' id='word_1_809' title='bbox 3876 5022 3962 5074; x_wconf 72' lang='grc' dir='ltr'>ἂν</span> 
     </span>
    </p>
   </div>
   <div class='ocr_carea' id='block_1_109' title="bbox 2377 5097 3961 5191">
    <p class='ocr_par' dir='ltr' id='par_1_109' title="bbox 2377 5097 3961 5191">
     <span class='ocr_line' id='line_1_109' title="bbox 2377 5097 3961 5191; baseline 0.015 -44"><span class='ocrx_word' id='word_1_810' title='bbox 2377 5097 2470 5168; x_wconf 79' lang='grc' dir='ltr'>ἐξῇ</span> <span class='ocrx_word' id='word_1_811' title='bbox 2495 5113 2510 5128; x_wconf 73' lang='grc' dir='ltr'>ο</span> <span class='ocrx_word' id='word_1_812' title='bbox 2548 5099 2748 5169; x_wconf 80' lang='grc' dir='ltr'>μᾶλλον</span> <span class='ocrx_word' id='word_1_813' title='bbox 2779 5100 2835 5154; x_wconf 77' lang='grc' dir='ltr'>δὲ</span> <span class='ocrx_word' id='word_1_814' title='bbox 2864 5103 2960 5156; x_wconf 71' lang='grc' dir='ltr'>καὶ</span> <span class='ocrx_word' id='word_1_815' title='bbox 2987 5103 3148 5160; x_wconf 89' lang='grc' dir='ltr'>τοῦτο</span> <span class='ocrx_word' id='word_1_816' title='bbox 3169 5107 3437 5179; x_wconf 84' lang='grc' dir='ltr'>διηνεκῶς</span> <span class='ocrx_word' id='word_1_817' title='bbox 3459 5113 3739 5184; x_wconf 87' lang='grc' dir='ltr'>ποιοῦμεν.</span> <span class='ocrx_word' id='word_1_818' title='bbox 3766 5117 3826 5170; x_wconf 80' lang='grc' dir='ltr'><strong>Εἰ</strong></span> <span class='ocrx_word' id='word_1_819' title='bbox 3852 5119 3961 5191; x_wconf 83' lang='grc' dir='ltr'>γὰρ</span> 
     </span>
    </p>
   </div>
   <div class='ocr_carea' id='block_1_110' title="bbox 2379 5197 3959 5288">
    <p class='ocr_par' dir='ltr' id='par_1_110' title="bbox 2379 5197 3959 5288">
     <span class='ocr_line' id='line_1_110' title="bbox 2379 5197 3959 5288; baseline 0.015 -42"><span class='ocrx_word' id='word_1_820' title='bbox 2379 5197 2473 5248; x_wconf 76' lang='grc' dir='ltr'>καὶ</span> <span class='ocrx_word' id='word_1_821' title='bbox 2515 5197 2589 5266; x_wconf 79' lang='grc' dir='ltr'>μὴ</span> <span class='ocrx_word' id='word_1_822' title='bbox 2641 5197 2830 5266; x_wconf 88' lang='grc' dir='ltr'>μέλανι</span> <span class='ocrx_word' id='word_1_823' title='bbox 2864 5202 2996 5272; x_wconf 77' lang='grc' dir='ltr'>μηδὲ</span> <span class='ocrx_word' id='word_1_824' title='bbox 3029 5205 3205 5276; x_wconf 82' lang='grc' dir='ltr'>χάρτῃ</span> <span class='ocrx_word' id='word_1_825' title='bbox 3259 5208 3497 5279; x_wconf 84' lang='grc' dir='ltr'>συνεχῶς</span> <span class='ocrx_word' id='word_1_826' title='bbox 3550 5205 3959 5288; x_wconf 77' lang='grc' dir='ltr'>ἐπιστέλλομεν,</span> 
     </span>
    </p>
   </div>
   <div class='ocr_carea' id='block_1_111' title="bbox 2378 5289 3961 5386">
    <p class='ocr_par' dir='ltr' id='par_1_111' title="bbox 2378 5289 3961 5386">
     <span class='ocr_line' id='line_1_111' title="bbox 2378 5289 3961 5386; baseline 0.019 -46"><span class='ocrx_word' id='word_1_827' title='bbox 2378 5289 2514 5343; x_wconf 88' lang='grc' dir='ltr'>ἀλλά</span> <span class='ocrx_word' id='word_1_828' title='bbox 2541 5292 2734 5368; x_wconf 67' lang='grc' dir='ltr'>γνώμη</span> <span class='ocrx_word' id='word_1_829' title='bbox 2759 5297 2853 5351; x_wconf 72' lang='grc' dir='ltr'>καὶ</span> <span class='ocrx_word' id='word_1_830' title='bbox 2879 5299 3088 5372; x_wconf 78' lang='grc' dir='ltr'>διανοίᾳ</span> <span class='ocrx_word' id='word_1_831' title='bbox 3108 5319 3121 5334; x_wconf 89' lang='grc'><strong>·</strong></span> <span class='ocrx_word' id='word_1_832' title='bbox 3147 5304 3390 5362; x_wconf 87' lang='grc' dir='ltr'>τοιοῦτον</span> <span class='ocrx_word' id='word_1_833' title='bbox 3417 5307 3527 5380; x_wconf 85' lang='grc' dir='ltr'>γὰρ</span> <span class='ocrx_word' id='word_1_834' title='bbox 3547 5309 3609 5364; x_wconf 84' lang='lat'>16</span> <span class='ocrx_word' id='word_1_835' title='bbox 3632 5311 3807 5382; x_wconf 79' lang='grc' dir='ltr'>φιλεῖν</span> <span class='ocrx_word' id='word_1_836' title='bbox 3827 5329 3961 5386; x_wconf 81' lang='grc' dir='ltr'>γνη-</span> 
     </span>
    </p>
   </div>
   <div class='ocr_carea' id='block_1_112' title="bbox 2383 5388 2529 5450">
    <p class='ocr_par' dir='ltr' id='par_1_112' title="bbox 2383 5388 2529 5450">
     <span class='ocr_line' id='line_1_112' title="bbox 2383 5388 2529 5450; baseline 0.041 -12"><span class='ocrx_word' id='word_1_837' title='bbox 2383 5388 2529 5450; x_wconf 82' lang='grc' dir='ltr'>σίως.</span> 
     </span>
    </p>
   </div>
   <div class='ocr_carea' id='block_1_113' title="bbox 2863 5521 3464 5599">
    <p class='ocr_par' dir='ltr' id='par_1_113' title="bbox 2863 5521 3464 5599">
     <span class='ocr_line' id='line_1_113' title="bbox 2863 5521 3464 5599; baseline 0.013 -21"><span class='ocrx_word' id='word_1_838' title='bbox 2863 5521 3014 5596; x_wconf 79' lang='grc'>[619]</span> <span class='ocrx_word' id='word_1_839' title='bbox 3044 5529 3179 5581; x_wconf 87' lang='lat' dir='ltr'>MZ&#39;.</span> <span class='ocrx_word' id='word_1_840' title='bbox 3208 5531 3464 5599; x_wconf 81' lang='grc' dir='ltr'>Ναμαίςῑ.</span> 
     </span>
    </p>
   </div>
   <div class='ocr_carea' id='block_1_114' title="bbox 2453 5630 3963 5727">
    <p class='ocr_par' dir='ltr' id='par_1_114' title="bbox 2453 5630 3963 5727">
     <span class='ocr_line' id='line_1_114' title="bbox 2453 5630 3963 5727; baseline 0.021 -46"><span class='ocrx_word' id='word_1_841' title='bbox 2453 5630 2815 5708; x_wconf 73' lang='grc' dir='ltr'>Τίπεριέρχη</span> <span class='ocrx_word' id='word_1_842' title='bbox 2845 5638 3145 5709; x_wconf 86' lang='grc' dir='ltr'>ἀπολογίαν</span> <span class='ocrx_word' id='word_1_843' title='bbox 3190 5644 3461 5715; x_wconf 84' lang='grc' dir='ltr'>ζητοῦσα,</span> <span class='ocrx_word' id='word_1_844' title='bbox 3494 5652 3586 5706; x_wconf 82' lang='grc' dir='ltr'>καὶ</span> <span class='ocrx_word' id='word_1_845' title='bbox 3629 5654 3963 5727; x_wconf 57' lang='grc' dir='ltr'>συγγνώμην</span> 
     </span>
    </p>
   </div>
   <div class='ocr_carea' id='block_1_115' title="bbox 2379 5782 3960 5894">
    <p class='ocr_par' dir='ltr' id='par_1_115' title="bbox 2379 5782 3960 5894">
     <span class='ocr_line' id='line_1_115' title="bbox 2379 5782 3960 5894; baseline -0.023 -1"><span class='ocrx_word' id='word_1_846' title='bbox 2379 5782 2594 5894; x_wconf 51' lang='lat'>10213.&quot;)</span> <span class='ocrx_word' id='word_1_847' title='bbox 2600 5798 2688 5835; x_wconf 61' lang='lat' dir='ltr'>“es</span> <span class='ocrx_word' id='word_1_848' title='bbox 2711 5800 2839 5851; x_wconf 63' lang='lat' dir='ltr'>pene</span> <span class='ocrx_word' id='word_1_849' title='bbox 2877 5804 2994 5846; x_wconf 39' lang='lat'>“35&#39;</span> <span class='ocrx_word' id='word_1_850' title='bbox 3017 5810 3106 5844; x_wconf 57' lang='lat' dir='ltr'>cm</span> <span class='ocrx_word' id='word_1_851' title='bbox 3128 5800 3185 5859; x_wconf 59' lang='grc' dir='ltr'>τῇ</span> <span class='ocrx_word' id='word_1_852' title='bbox 3231 5797 3474 5869; x_wconf 52' lang='lat' dir='ltr'>il‘v-Wq-</span> <span class='ocrx_word' id='word_1_853' title='bbox 3515 5802 3646 5857; x_wconf 74' lang='grc' dir='ltr'>Εᾶει.</span> <span class='ocrx_word' id='word_1_854' title='bbox 3686 5807 3853 5867; x_wconf 70' lang='grc' dir='ltr'>σουτὴ</span> <span class='ocrx_word' id='word_1_855' title='bbox 3880 5809 3960 5858; x_wconf 78' lang='grc' dir='ltr'>εῦ-</span> 
     </span>
    </p>
   </div>
  </div>
