4172 6480
154 436 266 494 633

371 550 556 609 XLII.
577 552 911 609 Candidiano.
949 550 1178 622 (Cucuso
1206 564 1347 606 anno
1370 547 1520 620 ιοιι).

230 643 420 717 ingens
441 645 641 701 itineris
662 644 995 700 intervallum
1029 656 1125 698 nos
1153 642 1372 703 dirimit,
1397 656 1495 696 nec
1516 655 1737 710 parvum

153 746 371 806 tempus
397 744 480 791 est
505 779 518 802 ,
549 751 667 791 cum
694 737 790 789 abs
819 743 869 790 te
893 734 1117 803 sejuncti
1149 735 1340 788 fuimus
1367 749 1380 786 :
1407 732 1536 802 quin
1577 747 1739 802 nego-

152 829 350 882 tiorum
381 843 590 899 quoque
615 841 802 895 magna
831 840 927 881 nos
954 826 1104 880 turba
1135 826 1460 885 circumstat,
1486 823 1740 893 gravissi-

151 934 239 972 ma
267 918 371 972 loci
402 917 666 982 solitudo,
697 916 1024 972 intoleranda
1052 915 1277 977 obsidio,
1315 915 1541 980 insidice,
1572 915 1735 968 latro-

148 1024 278 1062 num
312 1009 659 1073 incursiones,
687 1007 893 1077 aiiaque
916 1017 1165 1076 pmtema
1195 1006 1454 1076 angustia,
1484 1005 1732 1059 nimirum

147 1100 394 1170 corporis
423 1100 640 1154 morbus
671 1100 710 1153 ¹.
737 1098 846 1155 Nec
874 1108 1044 1154 tamen
1084 1097 1371 1169 quidquam
1413 1097 1600 1151 horum
1638 1110 1736 1150 nos

149 1195 200 1246 in
235 1194 310 1247 tui
349 1207 533 1248 amore
561 1192 832 1263 segniores
872 1190 1047 1246 effecit
1071 1208 1084 1244 :
1108 1179 1232 1260 quin
1263 1190 1433 1259 potius
1465 1190 1732 1259 vigentem

143 1300 268 1339 eum
291 1299 353 1338 ac
373 1285 650 1339 florentem
671 1298 1064 1350 conservamus,
1086 1298 1148 1338 ac
1171 1292 1239 1346 te,
1262 1296 1592 1350 quocumque
1617 1287 1737 1335 tan-

145 1378 265 1430 dem
296 1378 348 1432 in
377 1377 495 1431 loco
524 1376 688 1430 simus
711 1416 727 1442 ,
752 1375 931 1430 animo
969 1383 1021 1429 et
1056 1373 1374 1443 cogitatione
1402 1370 1732 1427 cireumferi-

143 1482 298 1532 mus,
329 1468 511 1537 tuique
553 1467 864 1522 memoriam
904 1465 1187 1521 oblivionis
1230 1465 1406 1519 omnis
1449 1471 1729 1532 expertem

142 1568 428 1626 tenemus,
457 1544 724 1629 animique
768 1559 840 1613 tui
880 1558 1210 1613 nobilitatem
1250 1566 1306 1612 et
1350 1556 1728 1627 ingenuitatem

139 1649 470 1722 sincerteque
490 1651 726 1707 caritatis
751 1651 1047 1706 firmitatem
1070 1659 1227 1720 atque
1247 1649 1618 1713 constantiam,
1635 1648 1731 1702 be-

139 1742 558 1810 nevolentiaeque
605 1741 863 1797 fervorem
919 1741 1140 1796 incisum
1190 1740 1240 1794 in
1287 1741 1479 1794 animis
1531 1739 1729 1794 nostris

138 1831 419 1886 habemus.
451 1832 529 1885 Ad
557 1832 694 1886 hunc
719 1832 918 1886 scilicet
944 1831 1156 1886 modum
1181 1831 1265 1885 bic
1285 1831 1545 1900 degimus,
1573 1845 1724 1885 sum-

136 1939 282 1978 mum
311 1933 470 1979 tanta:
497 1923 793 1978 solitudinis
822 1923 1063 1979 solatium
1088 1925 1138 1978 in
1170 1939 1352 1979 earum
1392 1939 1568 1978 rerum
1604 1939 1724 1994 qure

135 2014 232 2069 abs
261 2023 315 2069 te
341 2023 486 2069 recte
513 2024 770 2084 geruntur
797 2015 1164 2070 recordatione
1191 2016 1416 2084 positum
1447 2015 1721 2070 habentes.

135 2104 213 2159 Tu
241 2120 371 2163 vero
397 2106 464 2161 ad
509 2121 603 2160 nos
644 2123 851 2177 quoque
887 2108 1110 2164 subinde
1155 2110 1362 2173 scribe,
1396 2110 1611 2165 domine
1650 2111 1723 2165 mi

132 2211 476 2265 summopere
500 2196 809 2254 admirande
829 2215 890 2252 ac
906 2199 1204 2268 magnifice,
1227 2201 1292 2256 de
1313 2209 1399 2255 tua
1423 2201 1724 2259 valetudine

133 2289 288 2343 nobis
337 2289 458 2343 lazta
511 2291 779 2346 nuntians.
822 2291 936 2345 Scis
982 2293 1123 2346 enim
1177 2303 1501 2364 quantopere
1553 2294 1722 2364 ipsam

131 2379 552 2450 complectamur
597 2382 811 2452 (quippe
850 2383 915 2438 de
944 2399 1004 2438 ea
1047 2385 1245 2455 aliquid
1285 2387 1470 2441 audire
1516 2403 1723 2457 magna)

132 2470 287 2526 nobis
316 2486 460 2526 curae
485 2474 612 2543 est),
637 2474 880 2544 quodque
901 2475 1166 2544 duplicem
1187 2477 1509 2547 voluptatem
1537 2480 1721 2548 capie-

130 2576 271 2624 mus,
294 2564 338 2616 si
361 2573 414 2617 et
436 2563 546 2632 ipse
566 2565 792 2634 scribas,
817 2577 869 2620 et
895 2567 1062 2622 litem
1086 2570 1181 2622 abs
1203 2579 1254 2625 te
1280 2569 1379 2625 boc
1407 2580 1721 2642 argumento

129 2652 196 2705 ad
229 2667 329 2708 nos
359 2654 667 2709 afferantur.

379 2743 595 2802 XLIII.
623 2749 904 2806 Bassiamc.
935 2754 1164 2821 (Cucuso
1190 2770 1331 2808 anno
1357 2756 1506 2826 405.)

199 2838 281 2892 Tu
312 2840 528 2908 quidem
560 2843 743 2910 perdiu
773 2845 983 2909 siluisti,
1018 2847 1196 2916 idque,
1227 2863 1347 2901 cum
1379 2851 1713 2907 reverendis-

127 2930 322 2983 simum
351 2944 413 2984 ac
438 2931 890 3002 religiosissimum
912 2936 1192 2993 diaconum
1216 2938 1546 2996 Theodotqu
1575 2957 1716 3013 pra:-

127 3029 213 3078 sto
236 3020 486 3086 haberes.
508 3037 605 3095 per
619 3039 774 3097 quem
798 3026 950 3082 facile
969 3031 1198 3086 nancisci
1219 3046 1422 3101 posses,
1446 3034 1534 3104 qui
1561 3035 1719 3091 istinc

127 3114 191 3168 ad
237 3129 338 3170 nos
386 3117 645 3172 venirent.
673 3119 780 3173 Nos
825 3129 1001 3176 autem
1043 3138 1109 3178 ne
1149 3123 1270 3177 hinc
1311 3125 1523 3193 quidem
1568 3137 1618 3182 te
1663 3128 1715 3182 iu

126 3220 310 3260 amore
337 3221 460 3276 erga
492 3223 589 3262 nos
614 3211 911 3278 segniorem
935 3213 1196 3268 redditam
1217 3229 1336 3271 esse
1360 3218 1713 3285 suspicamur;

126 3299 323 3368 quippe
352 3300 442 3369 qui
471 3316 704 3371 persaepe
729 3317 791 3357 ac
823 3305 1001 3360 multis
1046 3306 1097 3360 in
1128 3306 1286 3362 rebus
1313 3309 1477 3379 ipsius
1501 3311 1712 3379 pericu-

127 3392 233 3446 lum
261 3391 548 3449 fecerimus
567 3435 582 3459 ,
611 3395 829 3466 ejusque
857 3397 1190 3466 splendorem
1216 3443 1230 3466 ,
1263 3402 1571 3470 puritatem,
1600 3405 1716 3459 sin-

125 3483 403 3538 ceritatem
452 3495 612 3556 atque
640 3489 993 3543 constantiam
1025 3491 1355 3560 exploratam
1403 3495 1716 3550 habeamus.

125 3572 508 3638 Quamobrem,
537 3576 648 3631 sive
677 3579 899 3644 scribas,
929 3580 1040 3636 sive
1070 3592 1266 3648 taceas,
1291 3584 1480 3639 eodem
1512 3601 1635 3655 erga
1663 3596 1714 3642 te

124 3665 306 3718 animo
334 3679 537 3728 sumus,
571 3667 739 3738 deque
765 3679 852 3724 tua
882 3672 1081 3741 integra
1111 3683 1163 3727 et
1190 3689 1317 3742 pura
1347 3674 1714 3734 benevolentia

125 3758 350 3811 minime
375 3756 696 3815 dubitamus.
729 3763 1059 3834 Quamquam
1105 3777 1280 3823 autem
1321 3785 1385 3824 eo
1414 3774 1591 3827 animo
1617 3791 1711 3828 su-

125 3862 265 3913 mus,
295 3849 513 3904 crebras
541 3860 716 3907 tamen
744 3854 923 3909 literas
942 3898 957 3922 ,
987 3873 1106 3928 qua:
1133 3859 1286 3914 nobis
1311 3860 1379 3916 de
1407 3872 1491 3917 tua
1520 3864 1711 3920 totius-

123 3955 229 4009 que
257 3949 363 3995 tute
391 3941 580 3998 domus
605 3944 909 4001 valetudine
928 3990 941 4012 ,
968 3963 1086 4017 qua:
1113 3950 1357 4006 volumus
1380 3994 1396 4017 ,
1428 3957 1710 4023 nuntient,

126 4033 372 4102 accipere
409 4034 752 4092 vehementer
789 4039 1050 4108 cupimus.
1095 4042 1531 4114 Quandoquidem
1571 4049 1710 4103 nosti

124 4124 294 4190 ipsam
330 4139 538 4194 quoque
568 4128 718 4182 nobis
747 4129 1031 4185 admodum
1063 4150 1206 4189 cura:
1233 4151 1371 4191 esse.
1405 4137 1528 4193 Hmc
1555 4139 1712 4210 igitur

123 4229 246 4266 cum
296 4212 387 4267 tibi
419 4227 693 4284 perspecta
726 4219 834 4273 sint
860 4261 874 4284 ,
902 4223 1240 4278 ornatissima
1289 4242 1349 4282 ac
1380 4229 1708 4286 nobilissima

122 4304 340 4358 domina
384 4321 499 4359 mea
525 4348 540 4372 ,
575 4307 709 4363 hanc
749 4311 900 4366 nobis
938 4316 1162 4382 gratiam
1202 4318 1361 4373 velim
1407 4322 1667 4378 concedas
1692 4365 1706 4387 ,

122 4410 244 4464 quae
286 4407 342 4450 et
374 4397 503 4452 levis
527 4441 542 4465 ,
574 4400 742 4456 facilis
783 4413 837 4458 et
879 4421 1027 4475 :equa
1074 4417 1155 4462 est
1179 4451 1194 4474 ,
1224 4420 1278 4464 et
1305 4413 1458 4467 nobis
1479 4455 1493 4478 ,
1523 4416 1611 4485 qui
1655 4416 1706 4470 iu

124 4487 226 4543 hac
255 4489 537 4548 solitudine
562 4493 824 4550 iuraremus
842 4537 858 4562 ,
893 4497 1154 4568 ingentem
1181 4504 1597 4562 consolationem
1625 4509 1707 4563 af-

123 4578 242 4634 fert.

230 4673 283 4728 Χ
286 4673 361 4728 LI
376 4674 435 4727 V.
468 4676 722 4733 Theodoto
751 4681 985 4736 diacono.
1015 4684 1258 4754 (Cucuso
1279 4703 1419 4743 anno
1441 4690 1590 4762 405.)

195 4766 320 4821 Scio
340 4768 521 4837 utique
551 4779 602 4825 te
631 4787 727 4840 per
751 4773 930 4828 literas
953 4790 1050 4830 nos
1081 4779 1299 4835 minime
1321 4794 1705 4841 conventurum

120 4855 308 4922 fuisse,
345 4857 390 4912 si
415 4873 593 4915 coram
645 4863 694 4916 id
725 4863 959 4921 licuisset
993 4885 1006 4922 :
1040 4884 1222 4924 verum
1252 4875 1497 4928 omnibus
1546 4877 1707 4930 rebus

124 4949 342 5004 omissis
379 4950 444 5005 ad
489 4968 588 5008 nos
615 4963 665 5008 te
701 4955 996 5025 conferres,
1031 4961 1127 5015 nisi
1151 4973 1205 5017 et
1232 4967 1359 5019 anni
1394 4977 1619 5038 tempus,
1654 4979 1708 5024 et.

122 5042 455 5113 negotiorum
482 5044 787 5113 difficultas,
809 5058 863 5103 et
891 5049 1047 5120 hujus
1083 5053 1181 5107 loci
1210 5057 1441 5111 solitudo
1471 5060 1706 5129 quotidie

121 5135 518 5204 ingravescens,
553 5142 838 5195 maximum
868 5143 1299 5211 impedimentum
1326 5150 1555 5206 afferret.
1599 5153 1706 5207 Nec

122 5242 256 5296 opus
288 5239 388 5291 eat,
417 5239 476 5282 ut
499 5245 562 5284 ex
607 5241 657 5285 te
699 5232 798 5287 hoc
827 5234 1080 5290 ediscant.
1123 5237 1256 5293 Nam
1291 5256 1412 5295 cum
1452 5243 1578 5298 illud
1621 5259 1704 5299 se-

122 5320 224 5372 mel
256 5319 384 5373 mihi
407 5332 736 5390 compertum
769 5326 858 5391 sit,
887 5343 972 5383 me
1000 5329 1096 5384 abs
1125 5341 1174 5384 te
1195 5331 1538 5388 vehementer
1557 5352 1705 5389 ama-

119 5425 183 5477 rt,
229 5410 334 5464 hoc
353 5425 564 5481 quoque
583 5417 783 5484 optime
804 5421 945 5471 novi.
964 5419 1292 5492 Quamquam
1305 5435 1482 5481 autem
1497 5429 1704 5484 etiamsi

121 5503 341 5556 minime
367 5501 754 5572 admonuisses,
791 5509 1138 5567 nihilominus
1171 5515 1236 5570 ad
1259 5531 1446 5573 omnes
1476 5521 1705 5588 scriptu-

123 5610 209 5648 rus
239 5609 386 5650 eram
415 5616 429 5652 :
462 5605 637 5654 tamen
687 5601 787 5656 hoc
814 5605 974 5658 etiam
1008 5607 1222 5664 nomine
1253 5617 1397 5664 tuum
1442 5629 1564 5683 erga
1607 5631 1703 5669 nos

121 5698 361 5742 amorem
405 5688 650 5748 admirati
681 5707 884 5761 sumus,
918 5698 1060 5766 quod
1091 5709 1328 5756 extrema
1367 5713 1450 5757 tua
1479 5707 1702 5775 epistola

125 5843 411 5962 ω
448 5853 576 5909 un,
612 5849 838 5904 nimirum
859 5855 1091 5907 stomachi
1121 5859 1294 5912 morbi.
1322 5860 1461 5926 EdiL,
1487 5865 1702 5929 corporis

451 6009 718 6072 Ριτιιοι.
754 6016 868 6076 Gtt.
906 6017 1035 6080 Lll.

1612 436 1988 494 EPISTOLIE.

3333 437 3436 493 634

1853 564 1938 605 me
1962 565 2171 622 quoque
2197 553 2264 608 de
2295 555 2393 610 hac
2424 572 2482 612 re
2508 558 2902 614 exhortandum
2932 553 3149 610 duxisti.
3175 551 3306 608 Nam
3337 556 3436 607 line

1849 641 2011 697 animi
2053 653 2136 698 est
2161 645 2508 704 vehementer
2537 651 2769 717 solliciti,
2815 664 2878 703 ac
2923 662 3101 703 rerum
3133 655 3435 700 nostrarum

1850 747 1976 788 cura
2006 734 2329 802 laborantis,
2360 750 2414 795 et
2464 742 2553 810 qui
2581 743 2791 797 sincere
2832 755 3014 795 amare
3044 737 3202 791 norit.
3234 736 3438 804 Quam-

1850 822 2035 877 obrem
2051 836 2270 894 excepta
2286 828 2506 882 domina
2524 843 2643 883 mea
2667 828 2932 893 Carteria,
2975 830 3042 885 ad
3070 845 3229 898 quam
3270 844 3438 897 nuper

1848 915 2030 972 literas
2080 917 2227 984 dedi,
2259 923 2508 978 omnibus
2549 924 2739 994 scripsi
2772 942 2786 979 :
2814 938 2933 978 eam
2963 933 3140 978 autem
3182 922 3287 976 illic
3332 939 3434 974 non

1845 1011 2168 1070 commorari
2222 1017 2424 1085 accepi,
2457 1032 2643 1071 verum
2695 1017 2906 1087 longam
2953 1016 3436 1087 peregrinationem

1846 1099 2046 1158 iniisse.
2069 1103 2326 1169 Quocirca
2348 1107 2392 1161 si
2417 1108 2584 1163 litera:
2601 1119 2799 1165 nostrm
2827 1110 2952 1165 illuc
2977 1109 3198 1178 perferri
3219 1117 3433 1177 queant,

1845 1187 1946 1245 hoc
1967 1209 2197 1264 quoque,
2226 1197 2270 1250 si
2304 1198 2395 1253 tibi
2413 1199 2699 1265 videbitur,
2728 1201 2851 1255 fiat:
2880 1201 2964 1256 sin
2996 1200 3046 1255 id
3076 1201 3188 1255 ﬁt‘l'i
3218 1199 3437 1254 minime

1843 1287 2034 1354 possit,
2059 1288 2218 1342 velim
2246 1291 2435 1346 saltem
2463 1293 2772 1349 carissimos
2797 1310 2861 1349 ac
2904 1293 3265 1349 ιιοὺὶιὶεεὶηιοε
3290 1293 3436 1345 viros

1843 1378 2237 1437 Marcellianum
2267 1394 2320 1438 et
2349 1385 2553 1440 Socium
2583 1386 2660 1457 (ιι)
2686 1387 2999 1449 convenias,
3033 1397 3192 1457 atque
3221 1400 3340 1438 cum
3371 1384 3433 1438 iis

1840 1485 1987 1540 agas,
2020 1481 2076 1525 ut
2107 1473 2151 1526 si
2179 1475 2395 1544 quando
2419 1477 2487 1530 ad
2531 1493 2649 1532 eam
2686 1479 2948 1543 scribant,
2979 1479 3026 1534 ei
3073 1493 3158 1532 me
3185 1485 3434 1547 purgent,

1841 1563 2004 1631 utqui
2035 1579 2137 1618 non
2185 1580 2280 1633 per
2310 1567 2691 1638 negligentiam
2725 1571 2982 1640 tantisper
3028 1569 3302 1630 tacuerim,
3336 1583 3431 1623 ve-

1839 1669 1955 1708 rum
1985 1656 2140 1725 longa
2174 1658 2340 1727 ipsius
2371 1661 2632 1728 absentia,
2662 1664 2950 1734 quominus
2993 1663 3060 1718 ad
3100 1678 3218 1717 eam
3242 1662 3432 1718 crebro

1835 1746 2146 1815 scriberem,
2177 1750 2462 1820 impeditus
2500 1755 2621 1809 sim.

1870 1858 2042 1914 XLV.
2069 1861 2379 1934 Symmacho
2399 1867 2707 1939 presbytero.
2742 1868 2847 1941 (Ab
2869 1884 3009 1923 anno
3029 1870 3132 1925 40$
3147 1868 3215 1924 ad
3240 1869 3396 1939 407.)

1905 1974 2122 2032 Minime
2153 1993 2346 2034 novum
2372 1996 2435 2035 ac
2464 1993 2850 2052 praeposterum
2883 1982 3052 2038 videri
3077 1983 3252 2045 debet,
3287 1985 3330 2038 si
3364 1984 3425 2050 is,

1832 2069 1919 2138 qui
1948 2078 2230 2139 angustum
2258 2072 2357 2127 iter
2395 2083 2559 2141 tenet,
2591 2076 2871 2143 premitur.
2906 2074 3035 2128 Nam
3083 2074 3198 2130 bzrc
3223 2075 3429 2130 virtutis

1840 2171 2030 2215 natura
2061 2170 2163 2226 est,
2196 2173 2254 2216 ut
2279 2165 2550 2219 laboribus
2571 2174 2626 2220 et
2651 2167 2934 2220 sudoribus
2962 2176 3120 2236 atque
3150 2166 3355 2221 insidiis
3375 2177 3429 2222 et

1833 2254 2083 2322 periculis
2131 2265 2351 2311 scatent.
2379 2257 2576 2312 Verum
2615 2259 2716 2314 iter
2744 2259 2961 2330 quidem
3004 2271 3086 2314 est
3118 2261 3379 2330 ejusmodi
3411 2284 3426 2317 :

1833 2356 1950 2415 post
1970 2356 2146 2401 autem
2161 2359 2455 2419 sequuntur
2466 2365 2700 2416 coronae,
2728 2353 2968 2421 prmmia,
2985 2362 3246 2408 etarcana
3267 2353 3425 2419 bona,

1829 2439 2020 2509 quibus
2047 2440 2170 2495 linis
2201 2443 2379 2497 nullus
2409 2453 2491 2497 est
2521 2445 2864 2498 constitutus.
2899 2443 3010 2499 Hac
3043 2446 3199 2516 igitur
3224 2447 3431 2515 cogita-

1830 2532 1974 2586 tione
2005 2541 2056 2586 te
2095 2533 2266 2600 ipsum
2305 2536 2620 2590 consolare:
2658 2553 2779 2590 nam
2814 2538 3089 2606 pra:sentis
3118 2538 3238 2592 vitae
3264 2550 3427 2592 etve-

1829 2621 2000 2692 luptas
2022 2634 2077 2676 et
2100 2624 2377 2678 calamitas
2394 2642 2496 2679 una
2522 2641 2643 2680 cum
2683 2627 2780 2681 hac
2815 2629 2914 2681 vita
2946 2628 3135 2696 fluunt,
3162 2629 3425 2696 simulque

1826 2728 1946 2766 cum
1969 2728 2031 2768 ea
2051 2715 2338 2769 intereunt.
2363 2715 2439 2771 Ne
2461 2717 2623 2786 igitur
2641 2720 2928 2788 quidquam
2953 2720 3162 2773 illorum
3187 2720 3423 2773 animum

1828 2815 1974 2859 tuum
2006 2804 2173 2871 inflet,
2201 2822 2299 2862 nec
2316 2823 2525 2861 rursum
2550 2808 2837 2879 quidquam
2867 2809 3057 2865 horum
3080 2819 3129 2865 te
3159 2809 3423 2880 deprimat

1825 2908 1985 2968 atque
2013 2898 2313 2954 contrahat.
2364 2900 2636 2969 Siquidem
2689 2903 2923 2971 optimus
2968 2902 3294 2973 gubernator
3325 2917 3424 2958 nec

1827 2991 2114 3060 tranquillo
2138 3000 2378 3061 tempore
2408 2993 2683 3047 remissius
2703 2995 2832 3064 agit,
2864 3010 2964 3050 uec
2989 3006 3266 3066 grassante
3290 3006 3422 3050 lein-

1827 3091 2029 3152 pestate
2063 3083 2427 3150 perturbatur.
2485 3083 2609 3138 Haec
2647 3086 2807 3155 igitur
2834 3101 2955 3141 cum
3010 3087 3101 3141 tibi
3143 3101 3419 3157 perspecta

1823 3173 1949 3239 sint,
1994 3172 2436 3242 teipsumsolare,
2491 3174 2883 3246 maximamque
2923 3177 3307 3234 ltincmceroris
3338 3180 3418 3233 le-

1821 3266 2088 3321 vationem
2129 3267 2339 3337 capias:
2364 3284 2425 3322 ac
2450 3267 2517 3322 de
2551 3277 2638 3322 tua
2663 3270 2965 3326 valetudine
2994 3271 3076 3326 fac
3102 3288 3199 3327 nos
3239 3273 3420 3328 subin-

1821 3358 1888 3413 de
1917 3360 2193 3414 certiores.
2242 3359 2374 3413 Nam
2400 3361 2499 3414 etsi
2543 3361 2702 3432 longo
2736 3363 2944 3419 itineris
2987 3364 3265 3419 intervallo
3294 3380 3321 3418 a
3365 3378 3416 3419 te

1821 3451 2192 3521 disjungituur,
2225 3450 2421 3521 diuque
2450 3468 2478 3506 a
2509 3460 2596 3507 tua
2623 3455 2882 3509 suavitate
2908 3454 3195 3521 abfuimus,
3227 3465 3280 3511 at
3311 3473 3416 3512 nou

1822 3547 1945 3600 item
1974 3562 2002 3600 a
2034 3556 2119 3600 tua
2148 3547 2371 3601 caritate
2405 3565 2418 3601 :
2443 3561 2628 3601 verum
2658 3564 2774 3603 eam
2806 3550 2984 3603 omnis
3009 3550 3292 3605 oblivionis
3318 3566 3415 3606 ex-

1820 3648 2024 3707 pertem
2076 3653 2138 3692 ac
2165 3649 2458 3703 recentem,
2491 3641 2816 3710 ubicumque
2845 3643 3032 3707 simus,
3071 3659 3285 3714 semper
3310 3643 3412 3697 cir-

1818 3729 2162 3786 cumferimus
2187 3749 2200 3784 :
2230 3747 2352 3785 nam
2379 3732 2492 3788 haec
2519 3748 2735 3805 quoque
2783 3735 2979 3790 sinceri
3004 3735 3206 3791 amoris
3226 3747 3412 3791 natura

1819 3833 1920 3877 εει.

2012 3893 2220 3950 XLVI.
2258 3896 2477 3968 numne.
2513 3899 2635 3969 (Ab
2658 3914 2800 3954 anno
2828 3900 2931 3955 tet
2960 3899 3026 3954 ad
3059 3899 3230 3973 ιον.)

1887 4005 2177 4078 Cupiebam
2217 4012 2433 4081 quidem
2470 4013 2668 4084 szepius
2709 4014 2774 4069 ad
2813 4023 2863 4070 te
2903 4015 3087 4070 literas
3115 4015 3265 4080 dare,
3314 4016 3412 4072 do-

1817 4102 1960 4157 mine
1990 4103 2060 4156 mi
2102 4105 2414 4174 cumprimis
2439 4108 2742 4162 venerande
2784 4122 2848 4162 ac
2886 4109 3153 4179 religiose,
3191 4108 3313 4178 quia
3359 4121 3410 4165 te

1816 4209 1958 4262 amo,
1989 4210 2051 4250 ac
2079 4197 2425 4253 vehementer
2446 4215 2604 4265 amo;
2638 4209 2798 4271 atque
2851 4209 3134 4271 utrumque
3179 4201 3409 4271 hocipse

1815 4304 2024 4358 quoque
2040 4292 2201 4345 nosti.
2229 4292 2490 4358 Quoniam
2528 4302 2707 4348 autem
2735 4294 2965 4349 alterum
3003 4295 3216 4364 quidem
3240 4299 3407 4351 nostri

1813 4384 2015 4437 arbitrii
2040 4393 2141 4450 est,
2174 4387 2399 4440 alterum
2427 4396 2606 4440 autem
2635 4402 2740 4441 non
2771 4387 2822 4441 in
2846 4388 3001 4442 nobis
3027 4391 3186 4442 situm
3209 4398 3290 4458 est
3315 4409 3329 4444 :
3353 4401 3411 4444 ut

1813 4473 1955 4528 enim
1988 4485 2038 4530 te
2065 4491 2326 4543 amemus,
2361 4478 2414 4532 in
2461 4479 2682 4533 arbitrio
2710 4492 2896 4536 nostro
2929 4482 3192 4547 consistit,
3225 4493 3282 4536 ut
3309 4500 3406 4536 au-

1816 4576 1919 4621 tem
1952 4567 2017 4621 ad
2050 4576 2101 4622 te
2123 4583 2266 4638 saepe
2291 4571 2608 4633 scribamus,
2646 4587 2749 4625 non
2784 4571 2931 4635 item,
2969 4581 3077 4626 tum
3105 4573 3174 4627 ob
3202 4576 3408 4630 itineris

1813 4659 2201 4726 difficultatem,
2223 4671 2333 4717 tum
2363 4663 2433 4718 ob
2462 4665 2585 4717 anni
2620 4675 2828 4735 tempus
2853 4683 2864 4718 :
2898 4665 3027 4720 illud
3056 4667 3270 4736 quidem
3295 4684 3408 4737 per-

1814 4763 1977 4823 petuo
2006 4753 2251 4820 facimus,
2287 4755 2388 4811 hoc
2422 4766 2602 4812 autem
2626 4773 2746 4812 eum
2775 4759 2927 4824 licet;
2960 4761 3068 4814 imo
3094 4761 3254 4815 etiam
3285 4778 3406 4832 per-

1814 4855 1973 4915 petuo
1999 4844 2241 4901 facimus.
2277 4847 2407 4902 Nam
2437 4848 2538 4902 etsi
2589 4860 2890 4905 atramento
2916 4861 3074 4921 atque
3097 4852 3277 4907 charta
3300 4870 3404 4908 nou

1812 4953 2023 5006 semper
2061 4937 2346 4994 scribimus
2386 4957 2400 4992 :
2454 4949 2509 4994 at
2537 4941 2810 4997 voluntate
2839 4953 3012 4998 tamen
3041 4954 3199 5016 atque
3226 4946 3407 5000 animo

1811 5029 2092 5085 scribimus
2117 5048 2129 5084 :
2158 5045 2221 5085 ea
2242 5031 2442 5101 quippe
2479 5032 2674 5087 sinceri
2711 5036 2908 5090 amoris
2939 5046 3126 5090 natura
3155 5046 3258 5092 est.

2023 5141 2263 5199 XLVII.
2298 5144 2547 5200 Nominat.
2579 5144 2826 5215 (Cucuso
2855 5164 2995 5204 anno
3019 5151 3144 5205 403.
3171 5150 3190 5222 )

1893 5238 2033 5305 Quid
2051 5235 2407 5306 bucillucque
2422 5236 2915 5302 teversas,dumob
2930 5256 3050 5296 eam
3097 5258 3207 5297 rem
3239 5259 3402 5298 excu-

1873 5369 1944 5436 (α)
1977 5375 2141 5436 Grtece
2180 5367 2397 5436 legitur,_
2417 5386 2501 5429 Τοῖς
2527 5384 2608 5434 κιρ).
2630 5385 2913 5433 Μαριιλλωνόν.
2953 5381 3088 5436 Smpe
3121 5376 3330 5427 diximus
3354 5382 3401 5428 in

1808 5431 1923 5500 Edit.
1951 5439 1996 5480 S.
2020 5431 2258 5500 Athanasii
2283 5432 2398 5500 illud
2421 5451 2496 5490 τοῖς
2519 5431 2726 5500 πέσω-ᾳ
2748 5436 2812 5500 de
2838 5449 2933 5484 uno
2954 5431 3059 5486 solo
3095 5439 3208 5498 dici,
3233 5443 3401 5500 saepis-

1807 5494 1930 5557 _sime
1954 5507 2072 5557 vero
2095 5501 2178 5540 aut
2196 5493 2259 5542 de
2283 5495 2471 5542 duobus
2492 5493 2653 5544 autde
2672 5494 2904 5557 pluribus.
2931 5500 3012 5547 Hic
3033 5508 3170 5549 certe
3193 5493 3256 5549 de
3278 5493 3400 5550 duo-

1807 5555 1898 5604 bus
1919 5555 2091 5627 saltem
2114 5568 2392 5626 sermonem
2435 5557 2645 5627 habere“
2664 5555 3082 5627 planunrvidetur
3108 5575 3168 5611 es
3209 5564 3267 5612 iis
3291 5581 3399 5627 quze

1807 5616 2105 5678 praecedunt,
2131 5616 2401 5667 carissimos
2424 5632 2481 5667 ac
2498 5616 2814 5671 nobilissimos
2837 5621 2977 5672 κήν-οδ.
2997 5625 3222 5674 Libenter
3244 5616 3399 5677 orelli?

1805 5680 1958 5744 derint
1984 5680 2242 5744 hic__agere
2272 5681 2654 5744 (:hrysostomum
2694 5683 2757 5732 de
2783 5687 3013 5734 Marciano
3038 5696 3089 5736 et
3130 5688 3397 5743 Marcellino

1808 5740 1883 5788 vel
1910 5741 2226 5815 Marcelliano,
2270 5740 2485 5815 nuninsic
2508 5757 2701 5814 quoque
2725 5749 2955 5809 scriptum
2979 5750 3023 5815 in
3050 5757 3154 5798 Mss.
3196 5741 3396 5815 legitur,

1805 5804 1995 5872 quando
2019 5803 2076 5872 ad
2101 5803 2538 5872 utrumqueliterai
2579 5803 2848 5872 mittuntur,
2886 5811 3012 5872 quod
3035 5823 3167 5872 saepe
3207 5803 3395 5863 contini

1806 5867 1914 5934 git‘:
1950 5868 2203 5934 rariusque
2229 5865 2383 5915 literae
2406 5868 2464 5934 ad
2501 5868 2719 5934 singulos
2740 5865 3029 5934 diriguntur.
3055 5865 3118 5923 ut'
3143 5874 3190 5922 in
3227 5873 3394 5929 harum

1811 5927 2349 5978 etiislolarum’decursu
2374 5927 2740 5982 animadvertas.

2970 6031 3045 6092 16
