4172 6488
779 439 882 494 635

775 550 1033 606 sationem
1062 551 1274 620 quteris,
1306 565 1366 606 ac
1383 552 1588 606 veniam
1608 550 1764 622 petis,
1791 550 1860 606 ob
1887 565 2043 621 quam
2069 560 2120 604 te
2141 563 2332 605 corona

777 644 1033 696 donamus
1073 656 1135 696 ac
1183 641 1529 712 praedicamus
1558 661 1573 698 :
1600 641 1796 714 quippe
1823 641 1935 713 qui,
1975 641 2113 713 quod
2148 641 2214 696 ad
2243 655 2340 696 nos

777 735 1074 803 scripseris,
1112 743 1316 802 gratum
1358 734 1644 790 habeamus
1681 751 1696 796 :
1743 734 1881 805 quod
1911 745 2084 789 autem
2128 749 2250 790 sero
2277 748 2340 788 ac

778 827 946 892 tarde,
974 827 1170 882 idcirco
1217 827 1306 880 libi
1336 843 1654 882 succensere
1682 829 1987 898 possimus?
2011 829 2341 900 Quapropter

776 917 819 969 si
869 932 1071 987 magum
1100 917 1330 972 audaciae
1377 918 1427 972 id
1480 917 1641 974 fuisse
1665 918 1953 983 existimas,
1985 921 2122 989 quod
2150 919 2215 973 ad
2241 933 2339 974 nos

776 1006 957 1060 iileras
987 1007 1212 1070 dederis,
1247 1007 1346 1062 hoc
1382 1008 1581 1062 omisso
1629 1008 1696 1063 sd
1728 1009 1986 1063 tarditatis
2014 1012 2211 1064 crimen
2240 1010 2336 1064 de-

779 1099 1065 1152 fensionem
1115 1099 1370 1155 meditare
1397 1110 1554 1170 atque
1579 1115 1842 1170 compara.
1890 1099 2017 1155 Nam
2044 1117 2150 1171 quo
2175 1104 2340 1170 magis

776 1188 974 1242 dixeris
997 1229 1014 1254 ,
1056 1197 1109 1244 te
1136 1198 1247 1245 tum
1277 1203 1580 1260 pmsentes,
1617 1201 1723 1246 tum
1751 1193 1998 1248 absentes
2026 1196 2231 1250 sincere
2255 1195 2340 1249 di-

776 1281 988 1347 lexisse,
1015 1296 1082 1336 eo
1110 1281 1278 1352 magis
1297 1284 1683 1337 accusationem
1706 1287 1936 1340 auxeris.
1967 1285 2176 1340 Etenim
2206 1287 2248 1341 si
2275 1303 2339 1341 ex

777 1386 961 1425 eorum
981 1386 1202 1426 numero
1225 1386 1390 1438 esses,
1422 1388 1642 1442 quorum
1670 1375 1899 1442 vulgaris
1925 1391 2045 1446 erga
2075 1391 2169 1430 nos
2193 1393 2342 1431 amor

776 1473 933 1521 esset,
966 1461 1183 1517 minime
1235 1463 1424 1516 ntirum
1455 1464 1583 1518 mihi
1634 1464 1817 1519 fuisset
1875 1476 1924 1520 te
1951 1467 2036 1520 diu
2093 1468 2338 1531 siluisse;

775 1572 894 1610 cum
925 1567 1101 1612 autem
1133 1567 1186 1613 te
1237 1567 1342 1612 tam
1390 1559 1650 1614 sinceram
1678 1575 1740 1614 ac
1772 1560 2054 1615 ferventem
2083 1576 2205 1631 erga
2245 1577 2342 1615 nos

777 1649 1048 1704 caritatem
1080 1665 1188 1720 pra:
1215 1659 1267 1706 te
1294 1649 1477 1704 tulisse
1520 1665 1727 1706 asseras
1760 1692 1773 1712 ,
1801 1662 1858 1705 ιιι
1909 1668 1974 1706 ne
2002 1653 2101 1707 iter
2129 1651 2340 1722 quidem

780 1756 942 1809 usque
970 1741 1101 1796 adeo
1140 1743 1420 1797 molestum
1453 1751 1631 1812 totque
1654 1744 1956 1811 prtcdonum
1986 1754 2126 1798 metu
2156 1745 2341 1799 obses-

779 1848 895 1884 sum
926 1833 1194 1902 suscipere
1223 1843 1523 1888 recusatura
1569 1835 1749 1896 fueris,
1790 1834 1886 1887 nisi
1938 1836 2152 1890 morbus
2179 1837 2345 1891 obsti-

783 1925 949 1990 tisset,
973 1941 1073 1978 una
1095 1926 1200 1995 jam
1221 1927 1373 1992 ratio,
1389 1942 1488 1996 qua
1517 1927 1666 1980 nobis
1684 1926 1995 1988 satisfacias.
2031 1928 2120 1981 tibi
2141 1923 2386 1998 reliqua”

780 2025 884 2074 est,
909 2016 1151 2069 nimirum
1185 2027 1236 2069 ut
1268 2026 1540 2070 sexcentas
1569 2018 1746 2070 literas
1775 2019 1839 2070 ad
1872 2032 1968 2071 nos
1997 2019 2194 2082 mittas,
2225 2035 2343 2088 qum

781 2106 1008 2160 diuturni
1032 2107 1226 2161 silentii
1253 2109 1458 2176 culpam
1485 2107 1756 2177 deprecari
1801 2109 2018 2178 possint.
2055 2109 2164 2163 Hoc
2192 2111 2346 2179 igitur

785 2197 862 2248 fac
898 2206 987 2250 :et
1015 2198 1220 2264 quidvis
1263 2215 1290 2251 a
1322 2208 1370 2253 te
1402 2201 1810 2267 perceperitnus.
1842 2200 1970 2252 Nam
2001 2209 2054 2254 et
2092 2199 2205 2254 ha‘c
2242 2212 2343 2254 tam

783 2299 898 2338 sora
946 2289 1164 2355 epistola
1214 2288 1281 2342 ad
1337 2304 1432 2343 nos
1482 2293 1731 2352 veniens,
1777 2292 2024 2359 quoniam
2074 2291 2346 2345 ardentem

783 2379 1060 2445 quamdam
1087 2380 1358 2433 caritatem
1388 2381 1642 2449 spirabat,
1676 2381 1962 2450 superioris
1983 2398 2190 2452 quoque
2218 2391 2350 2438 tem-

787 2470 929 2534 poris
958 2468 1191 2523 debitum
1219 2470 1475 2524 dissolvit.
1510 2471 1768 2526 Caeterum
1803 2471 1851 2524 id
1877 2472 2015 2536 vide,
2048 2489 2114 2526 ne
2136 2474 2349 2543 reliqua:

790 2561 944 2627 hujus
971 2561 1272 2616 tarditatem
1293 2562 1581 2617 imitentur.
1618 2565 1705 2617 Sic
1731 2565 1871 2617 enim
1899 2566 2011 2618 hzec
2039 2567 2195 2619 etiam
2221 2565 2347 2620 illud

789 2654 1000 2719 planum
1053 2653 1227 2709 facere
1257 2657 1468 2723 poterit,
1499 2671 1557 2710 se
1601 2672 1705 2709 non
1750 2660 1818 2708 ob
1842 2655 2123 2726 pigritiam,
2168 2673 2348 2711 verum

785 2743 854 2794 ob
893 2743 1100 2797 inanem
1150 2754 1370 2808 metunt,
1411 2745 1852 2814 quemadmodum
1906 2747 2000 2800 abs
2050 2757 2102 2802 te
2144 2761 2353 2818 quoque

786 2831 982 2885 dictum
1013 2843 1113 2898 est,
1143 2835 1310 2888 serius
1343 2836 1568 2898 venisse,
1607 2836 1650 2888 si
1700 2836 1913 2905 reliqua:
1951 2846 2004 2890 et
2040 2838 2279 2906 plurima:
2299 2846 2354 2891 et

788 2924 1034 2980 celeriter
1056 2925 1121 2980 ad
1153 2943 1248 2980 nos
1274 2929 1502 2980 veniant.

1312 3061 1408 3117 XL
1423 3062 1582 3117 l'lll.
1617 3066 1820 3119 Arabio.

863 3231 1145 3288 Caritatem
1172 3249 1295 3306 erga
1344 3251 1429 3292 me
1458 3246 1597 3291 tuam
1630 3248 1786 3310 atque
1816 3240 2088 3294 ardentem
2122 3250 2266 3295 tuum
2293 3255 2357 3296 ac

792 3335 994 3387 verum,
1020 3325 1284 3378 sincerum
1321 3335 1373 3380 et
1399 3336 1728 3383 constantem
1761 3345 1994 3383 amorem
2023 3332 2354 3397 exploratum

795 3410 1004 3466 haben:
1037 3413 1266 3485 illudque
1318 3416 1443 3470 item
1496 3429 1848 3488 perspectum,
1899 3435 1994 3476 uec
2027 3421 2355 3490 negotiorum

795 3503 1181 3572 difﬁcultatem,
1230 3523 1327 3562 nec
1372 3524 1615 3563 curarum
1647 3525 1856 3580 agmen,
1889 3526 1986 3566 nec
2041 3527 2214 3566 rermn
2262 3512 2357 3564 ad-

798 3611 1067 3650 versarum
1100 3600 1531 3668 magnitudinem,
1553 3617 1650 3657 nec
1672 3605 1921 3672 temporis
1941 3605 2357 3670 diuturnitatem,

801 3703 896 3740 nec
925 3688 1125 3743 itineris
1157 3690 1589 3761 longinquitatem
1607 3703 1694 3748 tuo
1711 3710 1833 3765 erga
1863 3711 1946 3750 me
1976 3696 2141 3750 amori
2173 3697 2362 3750 obscu-

800 3780 1006 3834 ritatem
1033 3780 1223 3836 afferre
1263 3798 1436 3851 posse.
1479 3785 1658 3854 quue
1689 3787 1764 3850 fit,
1800 3797 1855 3840 ιιι
1906 3799 2157 3858 perpetuo
2186 3790 2280 3842 abs
2313 3797 2362 3843 te

802 3871 998 3935 literas,
1039 3889 1154 3943 qua:
1185 3875 1335 3930 nobis
1364 3892 1425 3930 ea
1457 3876 1522 3931 de
1552 3886 1636 3931 tua
1661 3877 1956 3932 valetudine
1983 3895 2098 3948 qua:
2125 3879 2362 3932 volumus

803 3968 1064 4030 nuntient,
1091 3969 1331 4038 accipere
1364 3971 1703 4028 vehementer
1728 3985 2122 4042 exspectamus.
2145 3974 2294 4042 Quod
2321 3975 2364 4027 si

805 4069 855 4111 te
901 4075 1223 4125 accusamus,
1260 4078 1361 4116 non
1409 4074 1465 4117 ut
1510 4066 1858 4135 negligentem
1887 4081 2216 4130 accusamus,
2274 4065 2368 4120 sed

803 4150 923 4218 quia
956 4152 1132 4220 plures
1159 4154 1416 4222 ejusmodi
1453 4156 1702 4226 epistolas
1738 4158 2063 4226 appetimus.
2094 4157 2221 4223 Quae
2249 4171 2368 4210 cum

807 4242 1020 4296 minime
1074 4244 1302 4312 ignores,
1359 4245 1765 4300 honoratissime
1813 4262 1878 4300 ac
1921 4247 2243 4301 nobilissime
2273 4245 2368 4298 do-

807 4331 966 4394 mine,
997 4333 1095 4387 hoc
1123 4334 1271 4388 uobis
1299 4335 1608 4390 beneﬁcium
1645 4337 1800 4390 velim
1850 4335 2088 4406 prtebeas
2108 4379 2121 4402 ,
2154 4337 2290 4406 quod
2319 4346 2373 4391 ct

809 4422 897 4475 tibi
926 4423 1037 4478 leve
1061 4439 1121 4478 ac
1138 4425 1286 4479 facile
1305 4436 1402 4491 est,
1437 4436 1493 4481 et
1517 4443 1756 4498 magnam
1780 4428 1950 4492 nobis,
1982 4429 2139 4482 etiam
2172 4430 2223 4481 ιιι
2245 4428 2372 4481 soli—

813 4513 989 4566 tudine
1019 4514 1360 4579 hazreutibus,
1393 4517 1710 4586 voluptatem
1741 4517 1914 4572 affert.

1020 4687 1222 4743 XLIX.
1253 4692 1456 4760 Alphio.
1488 4694 1687 4759 (Anno,
1712 4703 1767 4746 ιιι
1787 4703 2018 4764 putatur,
2043 4694 2200 4763 405.)

884 4867 1137 4936 Equidem
1187 4869 1510 4940 frequentius
1550 4872 1729 4925 literas
1767 4871 1830 4924 ad
1855 4881 1904 4926 te
1931 4872 2060 4926 dare
2108 4887 2375 4940 cuperem,

822 4971 992 5011 rerum
1019 4960 1402 5015 tabellariorum
1426 4964 1638 5031 penuria
1655 4977 1738 5016 me
1766 4961 1900 5016 hanc
1925 4962 2260 5032 cupiditatem
2285 4979 2379 5017 ex-

823 5052 965 5121 sequi
990 5053 1206 5108 minime
1231 5054 1373 5108 sinit.
1403 5054 1530 5108 Nam
1560 5067 1654 5110 nec
1681 5055 1834 5124 hujus
1879 5056 1977 5110 loci
2005 5057 2251 5122 solitudo,
2284 5072 2382 5110 nec

823 5143 1114 5198 isaurorum
1146 5141 1335 5206 melus,
1354 5159 1453 5198 nec
1478 5144 1665 5199 hiemis
1685 5147 1944 5213 aSperitas
1973 5146 2177 5216 aliquos
2199 5147 2261 5200 ad
2285 5161 2381 5200 nos

818 5235 1007 5288 crebro
1049 5249 1350 5289 commeare
1386 5237 1584 5288 sinunt.
1634 5234 1980 5290 Nihilominus
2029 5248 2222 5297 tamen.
2272 5237 2383 5290 sive

820 5326 1129 5390 scribamus,
1169 5328 1280 5381 sive
1324 5337 1607 5393 taceamus,
1649 5328 1888 5382 eamdem
1937 5341 2146 5396 semper
2181 5344 2301 5399 erga
2334 5340 2384 5382 te

824 5419 1236 5472 benevolentiam
1281 5421 1588 5484 retinemus,
1616 5419 1844 5474 studium
1885 5419 2088 5473 scilicet
2116 5429 2271 5488 atque
2296 5436 2386 5475 cu-

823 5525 933 5562 ram
953 5510 1322 5579 intelligentes,
1346 5527 1446 5582 qua
1471 5511 1660 5565 anima:
1682 5523 1784 5565 tua:
1800 5510 2092 5565 commodis
2111 5512 2383 5579 prospicis,

827 5603 949 5654 dum
977 5618 1068 5656 eos
1092 5603 1179 5671 qui
1207 5617 1327 5656 cum
1371 5603 1565 5673 pietate
1586 5603 1766 5656 vivunt
1797 5617 2042 5657 recreare
2066 5617 2129 5656 ac
2169 5602 2387 5657 reﬁcere

828 5693 1027 5753 studes.
1055 5701 1213 5763 atque
1251 5694 1304 5746 in
1335 5693 1435 5747 hoc
1458 5694 1713 5763 praeclaro
1741 5708 1958 5748 munere
1979 5694 2225 5747 versaris.
2264 5693 2390 5758 Quae

831 5796 949 5836 eum
976 5783 1064 5837 tibi
1092 5783 1362 5851 explorata
1385 5784 1506 5847 sint,
1538 5785 1978 5840 reverendissime
2017 5800 2077 5841 ac
2107 5785 2389 5854 religiosis-

828 5874 961 5928 sime
1019 5877 1247 5944 domine,
1302 5877 1367 5933 dc
1414 5887 1495 5931 tua
1557 5878 1818 5947 totiusque
1861 5876 2048 5934 domus
2090 5876 2389 5934 valetudine

1436 437 1492 492 S.
1532 435 1803 493 JOANNIS
1839 433 2310 494 CllllYSOSTOHI
2348 430 2661 488 AHCIIIEP.
2703 429 3228 488 CONSTANTINOP.

2657 294 2781 329 \

2449 546 2701 603 certiores
2726 561 2822 601 nos
2852 545 3021 601 facere
3071 559 3138 600 ne
3167 541 3498 598 intermittas.
3528 539 3620 596 Sic
3649 539 3792 595 enim
3828 539 3883 594 iu
3916 541 4020 596 hac

2445 655 2655 712 quoque
2687 638 2970 694 solitudine
3003 651 3244 707 magnam
3282 635 3604 705 voluptatem
3643 635 3938 704 aptemus,
3969 635 4020 687 si

2445 733 2701 804 ejusmodi
2731 733 2825 787 abs
2852 743 2902 788 te
2924 732 3100 786 literas
3127 729 3504 798 acceperimus.

2761 865 2820 921 L.
2849 864 3122 936 Diogeni.(
3151 863 3355 920 Cucuso
3381 875 3521 916 anno
3545 861 3668 917 ιοι.
3704 862 3722 930 )

2516 1005 2841 1072 Quamquam
2890 1000 2956 1055 de
2987 1009 3088 1054 tute
3131 1013 3253 1068 erga
3293 1012 3390 1052 nos
3430 995 3666 1051 caritatis
3715 994 4026 1049 sinceritate

2447 1098 2669 1152 antehac
2697 1095 2848 1150 nobis
2879 1093 3208 1162 exploratum
3258 1101 3390 1154 erat,
3437 1098 3612 1144 tamen
3654 1087 3823 1142 multo
3858 1087 4027 1157 magis

2447 1189 2686 1244 eamdem
2727 1201 2866 1241 nunc
2916 1183 3305 1255 perspeximus,
3346 1196 3465 1235 cum
3509 1189 3649 1233 tanta
3680 1187 3865 1233 coorta
3892 1185 4024 1232 tent-

2450 1287 2669 1349 pestatc,
2696 1291 2798 1331 non
2829 1277 2985 1332 modo
3016 1275 3176 1328 nihilo
3200 1273 3517 1342 segniorem,
3546 1270 3635 1324 sed
3666 1270 3829 1324 etiam
3852 1269 4024 1322 multo

2449 1371 2822 1427 studiosiorem
2871 1369 3097 1423 amicum
3137 1375 3188 1419 te
3219 1367 3369 1420 nobis
3402 1363 3688 1433 praebuisti.
3719 1362 3913 1432 quue
3935 1377 4026 1414 uo-

2451 1462 2591 1515 mine
2620 1471 2670 1514 te
2698 1460 3039 1520 admiramur,
3092 1455 3431 1526 quotidieque
3460 1451 3748 1522 praedicare
3796 1467 3908 1505 non
3937 1450 4026 1506 de-

2448 1555 2688 1608 sinimus.
2708 1552 2837 1606 Nam
2867 1561 2922 1605 tu
2960 1550 3168 1618 quidem
3211 1563 3238 1600 a
3269 1547 3496 1615 benigno
3554 1545 3682 1610 Deo,
3712 1543 3803 1612 qui
3853 1558 3972 1607 αις,
3999 1559 4026 1597 a

2448 1646 2636 1715 quibus
2678 1645 2800 1697 boni
2847 1641 3042 1712 aliquid
3095 1638 3340 1703 efficitur,
3395 1646 3484 1690 aut
3528 1635 3742 1699 dicitur,
3796 1635 4029 1704 praemiis

2449 1737 2603 1806 longe
2669 1750 2878 1805 semper
2929 1740 3176 1800 superat,
3229 1730 3525 1783 mercedem
3582 1729 3727 1780 onmi
3782 1739 4032 1780 sermone

2450 1828 2870 1897 pra-stantiorem
2901 1833 3211 1893 accepturus
3241 1839 3320 1878 es.
3352 1821 3458 1874 Nos
3488 1830 3687 1882 autem,
3715 1819 3914 1888 quibus
3943 1835 4000 1871 re

2451 1921 2549 1974 bus
2572 1933 2870 1990 possumus,
2920 1917 3138 1987 gratiam
3189 1915 3278 1968 tibi
3329 1913 3687 1981 rcpendimus,
3730 1920 3913 1966 necte
3939 1911 4028 1963 ad-

2452 2011 2649 2074 mirari,
2709 2009 2941 2074 laudare,
2991 2009 3198 2063 beatum
3249 2007 3555 2076 prmdicare,
3598 2019 3800 2068 amare,
3832 2004 4029 2067 vereri,

2451 2103 2646 2165 colere,
2686 2102 2965 2169 animoque
2986 2109 3034 2151 te
3060 2114 3270 2168 quoquo
3295 2098 3530 2166 gentium
3571 2093 3926 2149 circumferre
3955 2095 4030 2146 in-

2455 2193 2814 2256 termittitnus,
2843 2191 3078 2245 caritatis
3099 2188 3344 2242 videlicet
3367 2187 3481 2255 lege
3499 2185 3588 2238 tibi
3610 2184 3846 2252 copulati
3879 2191 4033 2252 atque

2451 2285 2709 2340 adstricti.
2737 2283 2867 2338 Nam
2896 2282 3033 2351 quod
3058 2297 3120 2334 ex
3148 2295 3330 2334 eorum
3361 2291 3579 2331 numero
3603 2289 3820 2344 semper
3861 2274 4026 2328 fueri-

2455 2393 2590 2440 mus,
2631 2377 2722 2446 qui
2773 2385 2825 2432 te
2874 2375 3109 2444 apprime
3162 2372 3401 2441 diligant,
3455 2369 3609 2438 plane
3664 2381 3880 2436 quoque
3925 2366 4035 2434 ipse

2454 2471 2578 2533 scis,
2608 2467 2820 2522 domine
2850 2467 2919 2520 mi
2964 2477 3299 2532 summopere
3338 2460 3637 2514 venerande
3662 2469 3824 2527 atque
3867 2456 4026 2509 admi-

2455 2560 2637 2615 rande.
2682 2559 3018 2628 Quapropter
3041 2570 3224 2610 eorum
3275 2567 3552 2606 munerum
3586 2563 3769 2612 causa,
3822 2562 3942 2616 qua
3971 2547 4036 2600 ad

2455 2670 2551 2708 nos
2580 2652 2790 2716 misisti,
2821 2665 2887 2704 ne
2916 2649 3066 2703 nobis
3095 2660 3439 2700 succenseas.
3497 2642 3853 2709 Posteaquam
3897 2637 4037 2692 enim

2459 2747 2714 2800 honorem
2759 2758 2905 2803 eum,
2949 2740 3037 2810 qui
3088 2740 3153 2792 ab
3205 2737 3332 2805 ipsis
3385 2733 3651 2798 manabat,
3705 2740 4037 2799 tamquame

2457 2837 2720 2892 vindemia
2748 2833 2973 2904 quadam
3006 2846 3159 2885 uvam
3191 2828 3555 2897 expressimus
3594 2839 3657 2878 ac
3679 2823 4038 2892 percepimus,

2460 2943 2679 2983 munera
2711 2928 2820 2996 ipsa
2848 2923 3199 2983 remissimus,
3231 2935 3332 2972 non
3361 2915 3501 2987 quod
3527 2924 3578 2969 te
3606 2926 4037 2984 aspernaremur,

2460 3030 2552 3073 aut
2583 3019 2744 3072 animi
2775 3017 2848 3071 tui
2907 3013 3170 3070 nobilitati
3214 3009 3431 3065 minime
3485 3005 3902 3069 conlideremus,
3947 3001 4044 3056 sed

2460 3110 2600 3181 quod
2629 3111 2692 3163 iis
2722 3125 2826 3164 non
2857 3106 3229 3176 iudigeremus.
3262 3099 3415 3170 Quod
3445 3100 3600 3154 etiam
3632 3098 3683 3151 in
3713 3095 3897 3150 multis
3925 3095 4046 3148 aliis

2462 3205 2701 3260 fecimus.
2746 3200 2877 3256 Nam
2905 3200 2989 3253 alii
3018 3211 3228 3268 quoque
3253 3191 3624 3266 quamplurimi
3652 3190 3856 3258 tibique
3891 3187 4047 3242 nobi-

2462 3296 2610 3350 litate
2635 3307 2810 3363 pares,
2857 3306 2918 3345 ac
2948 3305 3044 3343 nos
3075 3287 3445 3342 ardentissime
3469 3291 3732 3362 amantes,
3760 3289 3820 3334 ttt
3847 3277 4048 3346 ampli.

2465 3385 2590 3440 tudo
2621 3359 2706 3438 tua
2748 3383 2939 3453 poterit
2959 3381 3215 3442 ediscere,
3242 3377 3380 3431 idem
3411 3373 3544 3430 istud
3572 3359 3814 3428 fecerunt
3844 3389 3856 3423 :
3887 3381 4051 3439 atque

2463 3475 2598 3546 apud
2639 3488 2732 3528 eos
2783 3472 2933 3526 nobis
2962 3470 3146 3525 eadem
3178 3469 3291 3522 hzec
3321 3466 3597 3522 excusatio
3620 3462 3853 3525 suﬂ'ecit,
3884 3474 4048 3531 quam

2466 3575 2519 3620 tu
2545 3581 2755 3636 quoque
2797 3563 3044 3617 admittas
3072 3559 3253 3614 velim.
3280 3557 3410 3613 Nam
3456 3556 3498 3610 si
3527 3557 3581 3608 in
3614 3553 3833 3624 penuria
3862 3565 4049 3605 verse-

2467 3674 2608 3721 tnur,
2639 3656 2826 3726 majori
2855 3669 2991 3711 cum.
3023 3652 3184 3706 animi
3231 3649 3444 3711 fiducia,
3493 3656 3764 3714 tamquam
3793 3642 3838 3695 si
3869 3651 4050 3694 nostra

2466 3756 2682 3813 essent,
2729 3757 3146 3815 exsposcemus:
3195 3740 3356 3808 idque
3407 3746 3462 3792 tu
3511 3735 3684 3802 reipsa
3733 3729 4046 3800 perspicies.

2467 3840 2817 3908 Quamobrem
2837 3852 2898 3891 ea
2919 3835 3117 3903 accipe,
3147 3847 3209 3886 ac
3235 3831 3514 3900 diligenter
3533 3841 3706 3888 serva,
3735 3823 3857 3878 utsi
3887 3837 4050 3892 quan-

2469 3931 2538 3984 do
2569 3941 2774 3996 tempus
2803 3926 3096 3995 postularit,
3126 3922 3305 3977 fidenti
3351 3936 3414 3976 ac
3442 3920 3609 3974 libero
3655 3918 3838 3971 animo
3864 3928 3928 3968 ea
3956 3912 4048 3968 abs

2473 4023 2526 4077 te
2552 4023 2916 4091 deposcamus.

2770 4170 2860 4225 LI.
2890 4169 3088 4224 Eidem.
3120 4169 3140 4239 (
3171 4167 3375 4224 Cucuso
3399 4183 3536 4221 anno
3569 4165 3672 4221 405
3705 4165 3748 4238 .)

2545 4309 2674 4360 Cum
2692 4305 3016 4374 superiorem
3041 4300 3316 4371 epistolam
3343 4299 3691 4367 scripsissem,
3715 4305 3881 4369 atque
3902 4313 4053 4354 reve-

2479 4399 2846 4455 rcudissimum
2869 4411 2930 4449 ac
2957 4392 3411 4463 religiosissimum
3437 4392 3605 4444 virum
3629 4391 3956 4456 Aphraatem
3984 4392 4050 4445 ita

2480 4493 2629 4546 nobis
2645 4491 2859 4544 affixum
2880 4502 2998 4542 esse
3023 4486 3405 4554 conspicerem,
3435 4492 3488 4537 ut
3511 4498 3609 4538 nec
3635 4483 3760 4537 hinc
3783 4483 3931 4539 abire
3955 4486 4056 4538 vel-

2479 4586 2569 4647 let,
2587 4599 2682 4637 nec
2702 4582 2880 4636 literas
2897 4578 3105 4649 quidem
3123 4593 3150 4628 a
3169 4575 3321 4631 nobis
3335 4585 3669 4644 accepturum
3681 4589 3741 4628 se
3757 4589 3879 4630 esse
3892 4575 4056 4628 mina-

2482 4691 2646 4739 retur,
2663 4676 2760 4730 nisi
2785 4686 3002 4728 munera
3019 4685 3220 4740 ea,qn:e
3237 4669 3301 4722 ad
3326 4682 3421 4722 nos
3441 4666 4052 4734 misisses,accepissem,

2485 4778 2687 4839 typum,
2707 4765 2795 4835 qtti
2820 4774 2922 4817 tua:
2943 4760 3196 4815 nobilitati
3224 4758 3452 4812 maxime
3487 4766 3667 4826 gratus
3690 4754 3920 4819 futurus,
3947 4756 4060 4809 ani-

2485 4873 2736 4926 tuumque
2751 4869 2895 4909 tuum
2915 4861 3245 4906 recreaturus
3266 4850 3354 4914 sit,
3385 4847 3506 4901 huic
3517 4847 3592 4900 rei
3617 4845 3844 4913 imposui
3863 4863 3876 4899 :
3898 4861 4056 4914 quem

2489 4960 2540 5004 tu
2563 4966 2680 5004 cum
2705 4964 2769 5002 ex
2797 4948 2912 5018 ipso
2929 4943 3266 5004 intellexeris,
3289 4956 3408 4994 eum
3425 4939 3660 5009 pneclari
3690 4937 3911 5006 hujusce
3927 4951 4058 4991 con-

2488 5041 2588 5097 silii
2610 5039 2976 5094 administrum
3010 5035 3119 5089 ﬁeri
3138 5034 3284 5103 jube.
3307 5031 3416 5086 Nec
3440 5031 3580 5085 enim
3605 5040 3656 5084 te
3679 5027 3832 5099 fugit,
3866 5038 4057 5098 quanta

2490 5133 2644 5203 hujus
2669 5133 2744 5188 rei
2772 5131 2968 5185 utilitas
2992 5126 3161 5180 futttra
3187 5126 3274 5186 sit,
3301 5133 3408 5177 tum
3426 5121 3498 5175 ob
3521 5121 3685 5190 ipsius
3713 5119 3765 5174 in
3790 5119 4060 5175 thnicia

2489 5227 2791 5289 adventum,
2829 5232 2942 5277 tum
2970 5220 3036 5275 ob
3067 5231 3205 5273 tuam
3252 5215 3618 5270 liberalitatem
3649 5227 3712 5266 ac
3743 5213 4059 5265 munificen-

2492 5324 2637 5377 tiam.
2687 5324 2856 5388 Atque
2887 5317 3156 5384 utriusque
3183 5311 3338 5380 hujus
3367 5311 3441 5364 rei
3475 5305 3775 5363 mercedem
3829 5304 3944 5374 ipse
3974 5317 4060 5357 ca-

2493 5416 2603 5486 pies
2636 5431 2650 5478 ;
2683 5421 2741 5466 ttt
2760 5413 2846 5480 qui
2876 5424 2995 5479 erga
3017 5422 3130 5470 eos,
3153 5407 3238 5475 qui
3276 5406 3324 5456 in
3352 5400 3617 5457 thnicia
3659 5398 3885 5468 gentiles
3908 5393 4062 5450 Chri-

2492 5509 2676 5562 stiante
2703 5504 2822 5565 lidei
2857 5499 3163 5556 rudimentis
3189 5497 3450 5558 imhuunt,
3501 5503 3662 5561 atque
3715 5487 4058 5544 ecclesiarum

2493 5594 2871 5654 constructioni
2927 5606 3145 5661 operam
3198 5584 3528 5656 impendunt,
3561 5579 3896 5636 liberalitatis
3960 5587 4060 5632 tua:

2495 5693 2761 5762 specimen
2784 5687 3033 5750 edideris,
3062 5699 3124 5739 ac
3154 5689 3411 5751 praeterea
3431 5674 3689 5746 ejusmodi
3720 5674 3891 5727 virum
3917 5671 4060 5725 exei-

2497 5761 2623 5838 taris
2645 5781 2709 5835 ad
2737 5793 2930 5847 eosque
2950 5771 3300 5829 consolandos
3327 5768 3568 5822 miseris:
3599 5777 3740 5820 nunc
3770 5761 4060 5833 pra-serum

2498 5890 2617 5926 cum
2663 5874 2713 5926 in
2744 5880 2882 5924 tanta
2914 5865 3218 5920 difﬁcultate
3265 5869 3567 5927 versantur,
3598 5867 3756 5926 atque
3808 5871 3836 5910 a
3887 5849 4061 5910 multis
