4216 6488
750 449 866 504 ⁸637

760 561 850 635 λίᾳ
879 556 1308 626 καθεστηκότων,
1337 554 1430 608 ml
1467 552 1615 621 παρά
1649 548 1857 602 πολλῶν
1883 543 2318 635 πολεμουμένων..

772 630 1060 724 Ἰέννοήσας
1103 649 1282 701 τοίνυν
1319 645 1412 699 τοῦ
1444 641 1863 713 κατορθώματος
1886 640 1976 693 τδν
2011 638 2210 704 ϐγκον,
2248 630 2325 702 μὴ

761 749 906 818 ἀφῇς
939 743 1072 816 μηδι
1108 739 1300 811 μικρὸν
1349 738 1510 790 αὐτὸν
1540 734 1970 795 ἀναϐάλλεσθαι,
2016 729 2131 784 ἀλλ’
2161 725 2326 796 ἀμελ-

762 839 882 910 λητὶ
907 837 1004 906 τῆς
1027 832 1146 887 ὁδοῦ
1170 830 1372 900 ταύτης
1400 828 1638 898 ἅψασθαι
1667 823 2104 899 παρασκεύασον,
2127 818 2326 885 πολλὴν

763 928 944 999 σαυτῷ
981 927 1068 981 διά
1093 925 1192 994 τῆς
1225 922 1391 989 καλῆς
1435 920 1634 990 ταύτης
1669 917 1902 987 σπουδῆς
1925 953 1941 978 ,
1963 911 2197 967 δέσποτά
2224 925 2325 980 μου

763 1015 1178 1089 θαυμασιώτατε
1208 1054 1223 1077 ,
1292 1011 1785 1084 προαποτιθέμενος
1844 1005 1991 1078 παρά
2041 1002 2119 1074 τῷ
2196 1000 2328 1072 φιλ-

762 1109 1030 1181 ανθρώπῳ
1052 1106 1170 1178 Θεῷ
1199 1106 1296 1177 τὴν
1329 1104 1581 1176 ἀμοιϐήν.

1329 1218 1464 1270 NB’.
1507 1213 1750 1281 Ἆδολίᾳ.

832 1334 955 1387 Ὀτι
997 1333 1093 1401 μὲν
1120 1329 1502 1402 ἡρῤώστησας.
1533 1327 1800 1396 ῐγνωμεν,
1829 1325 1924 1380 καὶ
1955 1325 2039 1378 ὅτι
2074 1321 2327 1393 χαλεπῶς

763 1422 1147 1493 ἠρῤώστησας,
1182 1418 1275 1471 καὶ
1300 1416 1435 1487 πρὸς
1471 1414 1638 1477 αὐτάς
1661 1411 1822 1484 ἦλθες
1851 1412 1946 1466 τοῦ
1977 1414 2202 1466 θανάτου
2231 1411 2327 1470 τάς

763 1514 965 1576 πύλας·
1009 1511 1145 1566 ἀλλὰ
1176 1514 1270 1564 καὶ
1307 1509 1389 1562 ὃτι
1434 1507 1740 1578 ἀνήνεγκας
1767 1507 1831 1558 ἐκ
1866 1505 1960 1574 τῆς
2001 1502 2324 1576 ἀρρωστίας,

763 1605 857 1657 καὶ
898 1603 992 1656 τοῦ
1037 1600 1283 1655 κινδύνου
1330 1599 1517 1653 λοιπὸν
1565 1596 1936 1664 ἀπαλλαγεῖσα
1969 1594 2104 1666 πρὸς
2143 1594 2328 1663 ὑγείαν

763 1696 985 1760 όδεύεις.
1022 1693 1164 1747 Ἀλλ’
1195 1692 1257 1745 οὐ
1292 1690 1444 1764 παρὰ
1475 1688 1583 1743 τῶν
1622 1687 1729 1740 σῶν
1759 1686 2098 1757 γραμμάτων
2127 1684 2329 1754 ἔμαθόν

762 1807 817 1843 τι
846 1787 1072 1849 τούτων,
1120 1783 1201 1837 διὸ
1240 1783 1334 1836 ml
1361 1779 1564 1852 σφόδρα
1605 1779 1820 1849 ῆλγησα
1844 1795 1856 1807 ·
1888 1777 2003 1830 ἀλλ’
2045 1775 2327 1846 ἑτέρωθεν,

765 1879 857 1932 καὶ
901 1876 1032 1946 παρ’
1066 1873 1287 1944 ἐτέρων.
1322 1870 1471 1940 Πλὴν
1511 1869 1671 1940 ἀρκεῖ
1700 1870 1777 1931 είς
1812 1864 2162 1936 παραμυθίαν
2200 1866 2330 1934 ἡμῖν

764 1967 824 2020 τὸ
851 1965 950 2034 τῆς
971 1962 1279 2035 ἀρρωστίας
1310 1958 1654 2029 ἀπηλλάχθαι
1691 1974 1783 2010 σου
1806 1957 1902 2026 τὴν
1933 1954 2235 2009 εὐλάϐειαν.
2253 1953 2328 2007 Οὐ

769 2059 894 2129 μὴν,
930 2055 1116 2126 ἐπειδὴ
1142 2056 1338 2126 ἀρκεῖ.
1371 2051 1560 2124 πράως
1588 2050 1824 2119 φέρομεν
1857 2048 1957 2116 τὴν
1993 2046 2207 2118 μακράν
2237 2062 2328 2098 σου

765 2149 966 2218 ταύτην
1007 2149 1185 2217 σιγήν.
1228 2141 1593 2214 Ἐϐουλόμεθα
1617 2140 1745 2212 γάρ,
1782 2139 2033 2209 καθάπερ
2072 2138 2166 2191 ml
2195 2137 2332 2208 αὐτὴ

765 2234 942 2301 οῐσθα,
970 2236 1064 2288 καὶ
1092 2231 1546 2304 παραγενομένην
1572 2229 1804 2284 ἐνταῦθα
1835 2228 1981 2281 ίδεῖν.
2009 2228 2115 2279 Καὶ
2144 2226 2250 2295 γάρ
2284 2228 2332 2278 εί

769 2332 845 2401 μὴ
877 2327 1156 2402 ἀρρωστία
1185 2325 1546 2396 παρενέπεσε,
1569 2322 1632 2374 τὸ
1654 2319 1860 2374 κωλύον
1884 2318 2034 2372 οὐδὲν
2062 2313 2152 2388 ἦν.
2181 2318 2246 2371 Ὀ
2271 2333 2331 2370 τε

767 2423 878 2492 γὰρ
915 2419 1120 2490 χειμὼν
1153 2420 1181 2472 ό
1214 2415 1447 2470 ἐνταῦθα
1475 2414 1576 2486 ἔαρ
1597 2411 1950 2485 ἡμερώτατον
1982 2410 2117 2473 τέως
2151 2410 2332 2479 μιμεῖ-

765 2529 878 2576 ται,
911 2511 1020 2564 τῶν
1051 2527 1110 2564 τε
1142 2508 1403 2577 ’ίσαύρων
1430 2508 1463 2577 ή
1501 2505 1760 2576 Ἀρμενία
1788 2502 2153 2574 ἀπήλλακται.
2196 2499 2332 2552 Ἀλλ’

764 2605 916 2675 ὅμως
946 2601 1098 2656 οὐδὲν
1129 2599 1536 2670 ἀναγκάζομεν,
1559 2595 1679 2649 οὐδὲ
1717 2592 2019 2665 βιαζόμεθα
2043 2593 2116 2662 μὴ
2151 2591 2334 2662 βουλος

770 2696 941 2765 μένην
964 2694 1104 2762 ὑπὲρ
1135 2691 1234 2761 τῆς
1254 2688 1487 2742 ἐνταῦθα
1522 2684 1846 2756 παρουσίας.
1879 2683 2018 2736 Ἀλλ’
2049 2684 2185 2750 ὅπερ
2209 2680 2332 2734 οὐτε

781 2780 1036 2849 Ἵσαύρων
1066 2777 1249 2847 φόϐος,
1272 2775 1397 2830 οὐτε
1431 2773 1698 2844 χειμῶνος
1722 2772 2039 2842 σφοδρότης.
2064 2770 2186 2823 οὐτε
2213 2770 2332 2824 ὀδοῦ

767 2870 1134 2940 ταλαιπωρία,
1152 2867 1263 2921 οὐτ’
1289 2865 1421 2922 ἀλλο
1445 2864 1594 2918 οὐδὲν
1615 2862 1809 2916 κωλύει
1828 2875 1877 2925 ι,
1900 2862 2057 2916 τοῦτο
2079 2861 2336 2932 αἰτοῦμεν

767 2962 1006 3032 συνεχῶς
1035 2962 1166 3030 ἡμῖν
1203 2958 1467 3028 ὑπάρχειν
1505 2955 1578 3010 τά
1628 2955 1954 3025 γράμματα,
1984 2952 2054 3006 τά
2079 2953 2175 3023 τῆς
2208 2952 2336 3022 θερ-

771 3053 877 3123 μῆς
912 3068 1003 3103 σου
1053 3050 1147 3102 ml
1191 3047 1420 3118 γνησίας
1465 3041 1778 3105 διαθέσεως.
1831 3042 1932 3094 Ἦν
1970 3040 2079 3110 γὰρ
2134 3039 2336 3091 τούτων

768 3141 1131 3210 ἀπολαύωμεν
1171 3138 1431 3208 συνεχῶς,
1462 3135 1915 3204 ἀπαγγελλόντων
1947 3134 2075 3203 ἡμῖν
2102 3131 2170 3185 τὰ
2205 3133 2336 3201 περὶ

769 3235 870 3304 τῆς
903 3233 1110 3300 ὐγιείας
1144 3232 1237 3285 ml
1271 3229 1534 3300 εὐθυμίας
1567 3229 1663 3298 τῆς
1700 3228 1818 3296 σῆς,
1848 3225 1910 3278 οὐ
1943 3225 2041 3295 τὴν
2071 3223 2336 3293 τυχοῦσαν

771 3325 862 3379 καὶ
888 3323 1137 3377 ἐντεῦθεν
1181 3318 1587 3390 καρπωσόμεθα
1627 3317 1999 3390 παραμυθίαν.
2052 3315 2338 3368 Ἐννοοῦσα

769 3416 950 3469 τοίνυν
985 3415 1183 3485 ἡλίκην
1217 3415 1348 3484 ἡμῖν
1376 3415 1542 3484 χαριῇ
1573 3412 1753 3482 χάριν,
1793 3412 1868 3482 μὴ
1895 3408 2146 3462 κατόκνει
2181 3408 2339 3462 τοῦτο

773 3511 963 3562 ποιεῖν.
987 3504 1155 3560 Οἶσθα
1194 3504 1303 3575 γὰρ
1339 3504 1486 3567 ὅπως
1529 3501 1867 3572 ἀντεχόμεθά
1909 3516 2004 3553 σου
2040 3499 2141 3569 τῆς
2179 3501 2336 3566 εὐγε-

775 3600 942 3664 νείας,
976 3598 1068 3650 ml
1105 3598 1238 3666 ὅσην
1262 3595 1350 3648 ἀεὶ
1377 3595 1504 3666 περὶ
1534 3593 1632 3665 τὴν
1662 3593 1762 3663 σὴν
1795 3590 2094 3662 ἐμμέλειαν
2133 3589 2341 3643 ἐπεδει-

776 3689 985 3762 ξάμεθα
1013 3689 1110 3758 τὴν
1138 3687 1378 3757 ἀγάπην.

1123 3817 1256 3870 Nl".
1295 3811 1566 3880 Νικολάῳ
1593 3809 1988 3880 πρεσϐυτέρῳτ

846 3950 1056 4020 Σφόδρα
1075 3949 1221 4018 ἡμᾶς
1254 3945 1660 4015 ἀνεπτέρωσας,
1686 3943 1779 3996 καὶ
1809 3939 2008 4011 πολλῆς
2042 3937 2341 4008 ἐνέπλησας

776 4041 875 4111 τῆς
906 4039 1115 4109 ἡδονῆς,
1145 4035 1387 4107 δηλώσας
1426 4035 1506 4087 ὅτι
1539 4050 1621 4085 σοι
1652 4030 1818 4099 πολλὴ
1851 4029 2072 4100 φροντὶς
2105 4028 2203 4097 τῆς
2222 4029 2344 4080 Φοι-

777 4134 935 4202 νίκης
963 4129 1100 4193 ἐστὶ,
1121 4127 1216 4180 ml
1243 4128 1308 4180 ἐκ
1339 4123 1594 4178 τοσούτου
1623 4121 1928 4190 καθήμενος
1955 4119 2340 4186 διαστήματος,

777 4221 866 4275 διὰ
899 4219 1245 4290 γραμμάτων
1284 4215 1525 4283 ἀλείφεις
1567 4214 1694 4276 τοὺς
1724 4209 1948 4272 αὐτόθι,
1997 4207 2157 4277 ζῆλον
2195 4204 2343 4278 [622]

781 4313 1002 4384 πληρῶν
1035 4307 1411 4364 ἀποστολικόν.
1442 4306 1539 4358 Διά
1561 4304 1736 4358 ταῦτά
1761 4319 1821 4354 σε
1854 4300 2224 4371 θαυμάζοντες
2253 4298 2347 4350 καὶ

787 4404 1183 4476 μακαρίζοντες
1227 4401 1287 4454 οὐ
1327 4397 1779 4470 διαλιμπάνομεν,
1825 4396 1906 4448 ὅτι
1955 4394 2046 4447 ml
2086 4394 2347 4464 πρότερον

782 4498 909 4559 τοὺς
943 4495 1208 4566 μοναχοὺς
1239 4490 1511 4561 ἔπεμψας,
1546 4490 1639 4542 ml
1662 4489 1742 4542 ὅτι
1773 4486 1889 4549 νῦν,
1920 4487 1976 4539 ἐν
2006 4485 2346 4556 πραγμάτων

782 4587 1044 4656 δυσκολίᾳ
1076 4583 1336 4653 τοσαύτῃ,
1362 4582 1424 4634 οὐ
1466 4581 1625 4650 μόνον
1666 4581 1860 4643 αὐτοὺς
1903 4579 2002 4632 οὐκ
2039 4579 2344 4648 ἀπήγαγες,

784 4679 920 4734 ἀλλὰ
947 4679 1039 4732 ml
1064 4677 1245 4748 μένειν
1273 4674 1470 4736 αὐτοὺς
1498 4672 1808 4736 ἐκέλευσας,
1834 4672 2053 4742 ἀρίστου
2084 4669 2349 4743 κυϐερνή-

785 4787 880 4823 του
915 4770 1007 4822 καὶ
1062 4766 1247 4838 ἰατροῦ
1295 4765 1544 4835 γενναίου
1579 4765 1814 4835 πρᾶγμα
1854 4763 2042 4816 ποιῶν.
2087 4763 2194 4815 Καὶ
2239 4762 2348 4832 γάρ

788 4863 1008 4918 ἐκείνων
1035 4861 1280 4924 ἕκαστος,
1309 4861 1336 4912 ὁ
1378 4857 1478 4929 μὲν
1517 4859 1642 4911 ὅταν
1668 4856 1750 4930 ῖδῃ
1791 4857 1860 4910 τά
1889 4855 2106 4925 κύματα
2137 4856 2346 4925 ἐγειρό⁶

793 4973 948 5026 μενα,
972 4956 1094 5008 τότε
1121 4953 1315 5024 μᾶλλον
1343 4949 1541 5021 πολλὴν
1564 4949 1930 5002 ἐπιδείκνυται
1952 4946 2049 5017 τὴν
2079 4946 2310 5016 σπουδήν
2332 4962 2346 4976 ο

789 5051 817 5102 ὁ
834 5049 889 5102 δέ
909 5049 1037 5099 ὅταν
1057 5046 1147 5099 τὸν
1169 5041 1405 5115 πυρετὸν
1431 5042 1524 5095 ἐπὶ
1547 5041 1765 5112 μείζονα
1789 5039 1962 5109 φλόγα
1985 5037 2348 5108 διεγερθέντα,

789 5139 910 5191 τότε
953 5137 1121 5207 πολλῇ
1166 5137 1432 5205 κέχρηται
1478 5135 1543 5204 τῇ
1588 5131 1781 5203 τέχνῃ·
1816 5132 1908 5184 ml
1936 5130 2097 5194 αὐτὸς
2148 5130 2348 5196 τοίνυν,

792 5230 946 5301 κύριέ
999 5246 1101 5299 μου
1147 5225 1441 5296 τιμιὼτατε
1489 5228 1582 5278 καὶ
1627 5222 2026 5281 εὐλαϐέστατε.
2069 5221 2193 5286 ἀξια
2253 5222 2351 5292 τῆς

793 5318 987 5373 σαυτοῦ
1028 5319 1330 5387 πεποίηκας
1363 5317 1594 5390 ἀρετῆς,
1637 5316 1726 5368 ὅτε
1766 5314 1836 5367 τά
1885 5313 2185 5384 πράγματα
2217 5307 2353 5374 εἶδες

794 5409 1053 5464 νοσοῦντα
1088 5409 1182 5463 ml
1215 5405 1590 5471 στασιάζοντα,
1622 5407 1740 5459 τότε
1775 5407 2006 5477 μάλιστα
2039 5401 2357 5472 ἐπιθέμενος

793 5502 904 5565 τοῖς
949 5503 1126 5554 ἐκεῖσε
1175 5499 1572 5571 διατρίϐουσιν,
1618 5496 1756 5551 ὥστε
1794 5498 1867 5569 μὴ
1897 5494 2353 5566 λειποτακτῆσαι,

795 5594 910 5647 ἀλλ’
939 5596 1235 5662 ἐπιμεῖναι,
1267 5594 1361 5648 ml
1388 5593 1459 5646 τά
1499 5591 1629 5664 παρ’
1656 5589 1862 5644 ἑαυτῶν
1896 5587 2247 5656 εἰσενεγκεῖν.
2277 5585 2357 5638 Τά

803 5683 996 5737 σαυτοῦ
1038 5683 1214 5737 τοίνυν
1261 5682 1618 5754 μιμούμενος,
1665 5681 1758 5734 τόν
1796 5696 1855 5733 τε
1896 5677 2086 5750 κύριόν
2121 5693 2225 5748 μου
2270 5676 2359 5728 τὸν

796 5773 1122 5846 τιμιώτατον
1177 5774 1454 5846 Γερόντιον
1514 5775 1607 5829 τὸν
1661 5772 2034 5847 πρεσϐύτερον
2057 5809 2072 5838 ,
2125 5771 2174 5824 εί
2230 5770 2359 5841 ῥᾷον

855 5903 882 5932 ⁸
905 5907 1019 5963 m0
1043 5922 1156 5960 ms.
1179 5910 1311 5961 οὒϐδν
1329 5909 1596 5960 διακωλύει.

1476 439 1534 494 8.
1569 432 1855 493 ιοΑΝΝιε
1903 421 2382 488 CIIBYSOSTOMI
2421 417 2736 476 ARCHIEP.
2778 409 3316 471 CONSTANTINOP.

3895 402 4004 461 638

2439 532 2611 604 σχοίη.
2656 531 2750 584 καὶ
2779 527 2914 597 πρὸς
2960 525 3204 597 καθαράν
3242 523 3430 590 ὑγείαν
3463 519 3767 584 ἐπανέλθοι,
3798 518 4007 581 εὐθέως

2432 622 2750 685 κατέπειξον
2772 621 2869 691 τῆς
2892 620 3008 671 ἐκεῖ
3035 615 3273 685 ἅψασθαι
3295 613 3437 666 ὁδοῦ.
3469 609 3873 681 Ἐπιθυμοῦμεν
3895 609 4008 681 γάρ

2431 716 2593 769 αὐτὸν
2617 715 2778 787 ἡμεῖς
2818 711 2911 765 ml
2942 707 3175 763 ἐνταῦθα
3204 704 3648 776 παραγενόμενον
3691 705 3852 758 ίδεῖν’
3889 702 4004 757 ἀλλ’

2433 803 2618 874 ἐπειδὴ
2657 802 2750 856 καὶ
2785 799 3088 870 ταχύτητος
3137 796 3231 849 ml
3264 795 3467 866 πολλῆς
3497 795 3666 848 δεῖται
3707 795 3804 864 τῆς
3837 796 4010 863 ἀγρυ-

2433 894 2593 958 πνίας
2619 895 2688 948 τά
2709 895 2888 946 ἐκεῖσε
2913 892 3235 960 πράγματα,
3261 886 3401 940 ῶστε
3429 887 3504 957 μὴ
3536 887 3701 939 πολὺν
3722 888 3780 940 ἐν
3806 887 3873 955 τῇ
3901 883 4008 953 ὁδῷ

2431 982 2770 1056 διατριϐῆναι
2806 979 2833 1019 δ
2867 981 3093 1052 χρόνον,
3139 976 3235 1030 καὶ
3279 975 3369 1027 τὸν
3419 973 3660 1044 χειμῶνα
3711 970 4010 1023 ἐπιστάντα

2431 1073 2752 1128 ἀποκλεῖσαι
2790 1070 2938 1138 αὐτῷ
2987 1068 3087 1138 τὴν
3131 1067 3278 1132 όδὺν,
3318 1060 3744 1136 παρακαλοῦμεν
3781 1076 3876 1112 σου
3908 1057 4010 1130 τὴν

2431 1166 2719 1237 τιμιότητα
2763 1161 2925 1215 αὐτόν
2957 1177 3017 1213 τε
3053 1159 3318 1230 ραἲσαντα
3348 1154 3560 1218 ἐπεῖξαι
3607 1151 3884 1213 ἀπελθεῖν,
3915 1148 4011 1206 τόν

2432 1275 2491 1311 τε
2520 1255 2855 1324 γλυκύτατον
2892 1251 2988 1305 ml
3035 1249 3416 1303 ποθεινότατον
3454 1245 3708 1313 Ἰωάννην
3742 1241 3838 1294 τὸν
3868 1257 4009 1311 πρε-

2435 1348 2695 1418 σϐύτερον
2715 1340 3133 1416 παρασκευάσαι
3153 1335 3561 1408 συνεφάψασθαι
3579 1335 3678 1404 τῆς
3698 1332 4013 1403 ἀποδημίας

2433 1436 2600 1508 αὐτῷ.
2632 1431 2802 1488 Οἶσθα
2828 1433 2936 1503 γάρ
2967 1431 3062 1486 καὶ
3098 1429 3260 1491 αὐτὸς
3285 1429 3367 1481 ὅτι
3399 1427 3495 1480 νῦν
3527 1425 3760 1495 μάλιστα
3799 1422 3871 1477 τά
3909 1423 4011 1475 αὐ-

2432 1527 2548 1580 τόθι
2600 1524 2811 1578 πολλῶν
2855 1523 3026 1576 δεῖται
3066 1519 3176 1574 τῶν
3223 1516 3698 1590 διορθωσομένων,
3754 1515 3867 1584 ὅσῳ
3916 1511 4014 1565 ἐπὶ

2437 1618 2620 1689 μεῖζον
2656 1611 2811 1687 είρψε
2860 1613 2930 1667 τά
2969 1612 3132 1666 κακά.
3159 1609 3316 1664 Τοῦτ’
3343 1604 3436 1662 οὖν
3466 1607 3682 1669 ἐννοῶν,
3720 1605 3814 1658 καὶ
3853 1603 4015 1667 είδὼς

2433 1711 2622 1784 ἡλίκον
2671 1709 2788 1761 ἐστὶ
2841 1706 3084 1776 σωτηρία
3130 1703 3348 1774 ψυχῆς,
3379 1701 3473 1754 ml
3515 1695 3601 1754 οἷα
3656 1693 4015 1766 κατῶρθωταί

2437 1819 2530 1854 σου
2555 1801 2621 1870 τῇ
2652 1799 2925 1868 τιμιότητι
2963 1797 3050 1849 διὰ
3077 1795 3176 1864 τῆς
3204 1790 3518 1864 ἔμπροσθεν
3550 1789 3807 1856 σπουδῆς,
3835 1787 3993 1839 πάντι

2439 1893 2658 1963 ποιῆσαι
2702 1891 2796 1943 ml
2823 1889 2911 1942 διὰ
2949 1885 3170 1951 σαυτοῦ,
3205 1885 3299 1938 καὶ
3330 1884 3396 1937 δι’
3438 1882 3662 1954 ἐτέρων,
3699 1873 3775 1934 ὧν
3808 1879 3874 1933 ἂν
3903 1875 4020 1933 οἷόν

2435 1997 2495 2034 τε
2537 1976 2606 2053 ᾗ,
2654 1977 3033 2050 παρακλήθητι
3059 2012 3076 2039 ,
3122 1974 3263 2026 ῶστε
3301 1972 3371 2025 τά
3407 1969 3768 2042 διορθωθέντα
3824 1971 4016 2038 μεῖναι

2435 2072 2691 2142 ἀκίνητα,
2717 2071 2908 2141 ἐτέραν
2956 2086 3015 2120 τε
3053 2067 3236 2128 αὐτοῖς
3273 2063 3454 2133 πολλῷ
3487 2061 3711 2114 πλείονα
3758 2059 4022 2128 γενέσθαι

2438 2163 2779 2241 προσθήκην.
2806 2161 2974 2223 Αὐτὸς
3004 2159 3185 2230 μέντοι
3216 2156 3324 2209 τῶν
3358 2153 3592 2208 ἐνταῦθα
3618 2153 3881 2206 ἐλθόντων
3915 2151 4021 2204 οὐκ

2437 2257 2656 2310 έλαττον
2702 2255 2848 2324 ἡμᾶς
2901 2251 3200 2323 εὐφρανας·
3254 2252 3318 2319 τῇ
3358 2247 3454 2318 μὲν
3504 2247 3613 2314 γὰρ
3667 2243 3863 2317 γνώμῃ
3915 2245 4019 2296 καὶ

2438 2347 2840 2419 παραγέγονας,
2867 2344 3098 2405 καὶτοῖς
3125 2342 3226 2412 τῆς
3256 2337 3473 2408 ἀγάπης
3505 2354 3564 2390 σε
3598 2336 3896 2406 ὀφθαλμοῖς
3926 2335 4022 2388 καὶ

2441 2442 2514 2512 μὴ
2545 2439 2789 2510 παρόντα
2816 2433 3144 2507 σωματικῶς
3181 2435 3345 2502 ἡμεῖς
3381 2431 3500 2483 καθ’
3529 2430 3766 2500 ἑκάστην
3799 2428 4022 2500 δρῶμεν

2437 2527 2533 2596 τὴν
2555 2527 2788 2596 ἡμέραν,
2811 2524 2902 2577 ἐπὶ
2924 2525 3022 2594 τῆς
3043 2521 3281 2583 διανοίας
3302 2517 3578 2589 πανταχοῦ
3601 2517 4019 2590 περιφέροντες.

2442 2620 2636 2672 Ἔσται
2663 2617 2719 2670 δὲ
2748 2615 2877 2678 ἴσως
2906 2615 3002 2668 καὶ
3042 2615 3073 2684 ἡ
3105 2613 3226 2665 κατ’
3271 2611 3393 2680 ὄψιν
3418 2612 3551 2680 ἡμῖν
3582 2610 3862 2680 συντυχία,
3891 2611 4022 2662 ὅταν

2438 2712 2467 2765 ὁ
2517 2709 2707 2779 καιρὸς
2750 2707 3041 2778 ἐπιτρέπῃ.
3082 2704 3168 2766 Ὠς
3200 2703 3294 2756 νῦν
3348 2719 3411 2771 γε
3465 2704 3558 2755 ml
3604 2704 3785 2774 ἡμεῖς,
3841 2701 4023 2754 καίτοι

2442 2800 2646 2870 σφόδρα
2674 2797 3048 2869 ἐπιθυμοῦμεν
3075 2796 3202 2850 ίδεῖν
3231 2796 3329 2866 τὴν
3355 2793 3575 2866 ἀγάπην
3605 2810 3722 2858 σου,
3745 2793 3841 2846 ml
3864 2810 3931 2844 πε
3941 2811 4023 2863 ρι-

2441 2889 2782 2955 πτύξασθαι,
2818 2888 3120 2957 ἀναγκαίαν
3165 2883 3300 2940 εἶναι
3359 2885 3650 2956 νομίζομεν
3697 2885 3796 2954 τὴν
3829 2884 4024 2936 αὐτόθι

2444 3001 2536 3037 σου
2570 2983 2756 3054 μονήν.
2804 2975 2877 3034 Εὖ
2909 2979 3016 3050 γάρ
3059 2977 3153 3031 οἷδ’
3184 2980 3266 3031 ὅτι
3301 2978 3361 3031 οὐ
3406 2977 3589 3048 παύσῃ
3637 2978 3812 3031 πάντα
3849 2976 4026 3028 ποιῶν

2441 3076 2541 3128 ml
2572 3074 3111 3144 πραγματευόμενος,
3150 3068 3291 3122 ὥστε
3324 3067 3599 3138 ἐμπλῆσαι
3640 3067 3736 3138 τὴν
3765 3066 4026 3136 Φοινίκην

2442 3165 2702 3235 γενναίων
2723 3161 2952 3234 ἀνδρῶν,
2977 3162 3070 3215 καὶ
3097 3161 3221 3226 τούς
3245 3179 3303 3214 τε
3335 3162 3450 3213 ἐκεῖ
3481 3159 3859 3232 μεμενηκότας
3887 3176 4024 3231 στηο

2445 3257 2610 3328 ρίζων
2657 3257 2748 3309 ἐπὶ
2783 3255 2965 3316 πλέον,
3015 3252 3154 3306 ὥστε
3199 3253 3274 3323 μὴ
3317 3252 3556 3321 ἀφέντας
3587 3250 3656 3305 τά
3687 3250 3876 3304 αὐτόθι
3921 3251 4026 3303 ἐπ-

2443 3347 2706 3410 ανελθεῖν,
2733 3347 2859 3410 τούς
2887 3363 2947 3398 τε
2979 3345 3206 3414 πλησίον
3239 3343 3398 3407 ὄντας
3428 3341 3732 3412 ἀναζητῶν,
3761 3342 3853 3395 καὶ
3883 3340 4028 3411 μετὰ

2445 3439 2648 3510 πολλῆς
2668 3439 2968 3509 ἐκπέμπων
2991 3435 3320 3506 προθυμίας,
3346 3434 3479 3487 πᾶσί
3503 3450 3562 3485 τε
3585 3433 3774 3504 κέρδος
3798 3433 4028 3503 γινόμε-

2446 3548 2536 3594 νος
2570 3530 2823 3600 μέγιστον
2847 3530 2960 3591 τοῖς
2993 3543 3053 3579 τε
3092 3526 3282 3594 ἐγγὺς,
3306 3527 3418 3587 τοῖς
3443 3541 3502 3577 τε
3529 3524 3766 3594 μακράν,
3804 3525 3900 3577 καὶ
3926 3524 4028 3592 τὴν

2445 3621 2554 3674 τῶν
2582 3621 2888 3691 ἀρωμάτων
2914 3617 3249 3688 μιμούμενος
3275 3617 3457 3686 φύσιν,
3480 3616 3622 3686 ἀπερ
3645 3615 3706 3668 οὐ
3735 3614 3826 3668 τὸν
3858 3617 4029 3668 τόπον

2451 3715 2610 3785 μόνον
2638 3715 2729 3766 τὸν
2763 3712 3157 3782 ὑποδεχόμενον
3181 3710 3343 3774 αὐτὰ,
3378 3708 3514 3762 ἀλλά
3541 3708 3636 3761 καὶ
3664 3707 3756 3760 τὸν
3781 3708 4030 3777 ἀφεστη-

2449 3807 2582 3860 κότα
2618 3804 2756 3873 ἀέρα
2787 3803 2987 3866 πολλῆς
3017 3801 3366 3873 ἐμπίμπλησι
3401 3800 3501 3870 τῆς
3534 3798 3785 3862 εὐωδίας.

2699 3909 2849 3983 [625]
2890 3912 3017 3965 ΝΔ’.
3057 3909 3352 3977 Γεροντίῳ
3379 3907 3776 3976 πρεσϐυτέρῳ.

2522 4021 2630 4074 Καὶ
2665 4020 2766 4090 ἤδη
2799 4019 2898 4089 μὲν
2925 4015 3239 4070 ἐπέσταλκά
3278 4033 3370 4070 σου
3412 4015 3549 4089 πρὸς
3591 4015 3689 4086 τὴν
3716 4013 4028 4078 εὐλάϐειαν,

2451 4113 2677 4184 νομίσας
2704 4128 2763 4163 σε
2802 4113 2858 4163 ἐν
2890 4108 3112 4179 Φοινίκῃ
3144 4105 3283 4161 εἶναι
3305 4147 3318 4170 ,
3354 4107 3458 4184 καὶ
3491 4107 3584 4161 νῦν
3632 4105 3687 4159 δὲ
3731 4106 4034 4158 ἐπιστέλλω

2451 4204 2620 4258 ταύτά
2651 4205 2797 4272 ἅπερ
2839 4203 2932 4255 ml
2967 4199 3294 4270 ἔμπροσθεν.
3322 4199 3403 4252 ὅτι
3438 4197 3534 4253 νῦν
3587 4197 3821 4268 μάλιστα
3850 4197 4032 4250 πάντα

2452 4298 2533 4350 δεῖ
2570 4299 2742 4348 ποιεῖν
2776 4296 2868 4349 ml
2904 4293 3157 4364 πάσχειν,
3186 4291 3327 4344 ὥστε
3363 4291 3436 4362 μὴ
3471 4291 3790 4345 καταλιπεῖν
3820 4290 4034 4360 ἔρημον

2471 4385 2567 4456 τὴν
2585 4385 2753 4454 καλὴν
2768 4383 2919 4454 ὑμῶν
2939 4381 3233 4452 γεωργίαν,
3246 4381 3409 4452 μηδὲν
3421 4382 3638 4448 ἀφεῖναι
3664 4377 4035 4450 διαφθαρῆναί

2455 4494 2578 4530 τινα
2610 4477 2716 4528 τῶν
2745 4475 2845 4545 ἤδη
2874 4471 3352 4544 κατορθωθέντων.
3381 4472 3492 4524 Καὶ
3517 4472 3623 4542 γάρ
3651 4470 3744 4524 ml
3771 4470 4032 4539 ποιμένες

2453 4567 2581 4620 ὅταν
2617 4567 2768 4619 ἴδωσι
2798 4563 2999 4634 πολλὴν
3029 4560 3296 4616 πάντοθεν
3322 4564 3435 4625 τοῖς
3469 4561 3762 4632 προϐάτοις
3793 4561 4034 4614 ἐπιτιθε-

2460 4658 2630 4730 μένην
2668 4655 2869 4727 λύμην,
2909 4656 3030 4708 τότε
3071 4654 3306 4725 μάλιστα
3332 4653 3677 4726 ἀγρυπνοῦσι
3705 4653 3802 4706 ml
3835 4653 4034 4720 διεγεί-

2458 4767 2664 4820 ρονται,
2699 4751 2794 4801 ml
2841 4747 3130 4816 σφενδόνην
3173 4744 3629 4816 μεταχειρίζουσι,
3664 4744 3758 4798 ml
3787 4747 3853 4816 τῇ
3897 4745 4030 4815 άλλη

2459 4843 2754 4912 κέχρηνται
2785 4839 2968 4911 τέχνῃ,
3004 4837 3146 4891 ὥστε
3177 4839 3357 4890 πᾶσαν
3388 4837 3489 4906 τῆς
3527 4836 3729 4906 ἀγέλης
3755 4835 4032 4908 ἀπελάσαι

2459 4933 2685 5003 βλάϐην,
2733 4932 2797 4985 Εἰ
2842 4931 2950 5001 γὰρ
2999 4930 3249 5000 πρόϐατα
3298 4928 3469 4997 ἀλογα
3517 4927 3951 4996 πεπιστευμένος
4004 4931 4034 4981 ό

2471 5023 2669 5079 Ἰακὼϐ
2691 5063 2706 5088 ,
2753 5023 2848 5092 ἐτη
2881 5024 3257 5092 δεκατέσσαρα
3289 5019 3553 5074 διετέλεσε
3595 5018 3865 5072 δουλεύων
3885 5061 3901 5084 ,
3940 5020 4033 5072 καὶ

2461 5117 2657 5171 θάλπει
2689 5116 2784 5168 καὶ
2826 5114 2986 5184 ψύχει
3031 5110 3579 5182 ταλαιπωρούμενος,
3616 5109 3711 5163 ml
3753 5109 4034 5180 ἀγρυπιίᾳ

2462 5207 2658 5276 πολλῇ,
2683 5205 2775 5258 καὶ
2803 5205 2900 5275 τὴν
2925 5205 3159 5274 ἐσχάτην
3185 5202 3405 5274 θητείαν
3435 5201 3746 5273 ἐθήτευσεν,
3773 5201 4032 5270 ἐννόησον

2461 5303 2560 5354 ὅσα
2595 5300 2690 5352 ml
2742 5300 2914 5351 ποιεῖν
2960 5299 3055 5351 ml
3092 5297 3322 5367 πάσχειν
3361 5295 3465 5367 χρὴ
3501 5294 3630 5358 τοὺς
3673 5293 3742 5347 τά
3780 5292 4033 5366 πρόϐατα

2460 5391 2658 5461 λογικὰ
2691 5388 3231 5460 ἐμπεπιστευμένους
3255 5428 3270 5453 ,
3322 5387 3461 5457 ὑπὲρ
3494 5384 3589 5439 τοῦ
3641 5383 3804 5456 μηδδν
3849 5384 4033 5437 αὐτῶν

2462 5481 2891 5556 παραπολέσθαι.
2931 5481 3242 5554 Παρακαλῶ
3271 5481 3449 5534 τοίνυν
3479 5495 3570 5531 σου
3600 5477 3700 5548 τὴν
3721 5475 4030 5534 εὐλάϐειαν.

2461 5576 2571 5646 ὅσῳ
2603 5574 2803 5645 μείζων
2851 5572 2879 5624 ὁ
2919 5571 3127 5643 χειμὼν
3151 5611 3166 5637 ,
3219 5570 3317 5624 ml
3355 5568 3577 5623 πλείονα
3610 5565 3678 5619 τά
3722 5563 3905 5624 κακὰ.
3935 5565 4033 5619 καὶ

2467 5664 2674 5737 σφοδρά
2695 5664 2767 5717 τὰ
2793 5662 3109 5734 κωλύματα,
3151 5663 3245 5717 ml
3271 5661 3456 5716 πολλοὶ
3484 5661 3534 5714 οί
3567 5655 4031 5721 ἐπιϐουλεύοντες,

2465 5758 2702 5827 τοσούτῳ
2743 5755 2943 5826 μᾶλλον
2972 5755 3068 5809 ml
3092 5755 3255 5810 αὐτὸν
3279 5754 3656 5824 διαναστῆσαι,
3685 5749 3781 5804 ml
3807 5748 4024 5821 ἑτέρους

2527 5893 2557 5936 δ
2579 5893 2704 5948 Tres
2725 5905 2840 5943 mss.
2877 5894 3108 5962 τριϐῆναι.
