4172 6542
157 498 251 556 6³57

156 619 555 684 oppugnantur.
601 602 961 676 Quamobrem
1003 593 1337 652 considerata
1373 585 1614 684 praeclari
1648 585 1748 637 hu-

158 681 309 778 jusce
335 702 532 774 negotii
562 696 940 770 magnitudine,
982 708 1048 748 ne
1070 706 1191 746 eum
1215 686 1297 741 vel
1330 681 1592 778 tantillum
1621 693 1753 778 cun-

163 769 298 856 ctari
343 769 546 870 patere,
579 769 762 850 verum
814 791 914 843 hoc
956 785 1129 852 effice,
1163 791 1221 836 ut
1266 777 1407 870 nulla
1430 769 1750 870 interposita

165 907 318 947 mora
345 860 470 945 Ihoc
514 860 615 941 iter
642 881 894 951 suscipiat
923 897 936 934 :
970 878 1048 932 sic
1073 875 1215 930 enim
1265 869 1382 935 tibi,
1413 866 1627 922 domine
1682 860 1752 916 mi

165 995 511 1052 summopere
533 973 864 1039 admirande,
889 986 983 1040 per
1008 964 1274 1038 egregiam
1302 956 1602 1052 hujnsmodi
1628 968 1757 1023 Ope-

167 1091 313 1140 ram,
357 1048 593 1142 amplam
621 1065 761 1138 apud
802 1064 1086 1132 benignum
1141 1058 1308 1112 Deum
1336 1048 1638 1108 mercedem
1669 1063 1756 1103 re-

166 1168 395 1223 condes.

263 1303 400 1362 L11.
425 1301 643 1357 Molita.
672 1296 905 1369 (Cucuso
928 1306 1091 1354 anno,
1119 1299 1177 1345 ut
1205 1296 1438 1360 putatur,
1468 1282 1624 1355 804.)

241 1438 398 1508 Quod
420 1438 472 1492 in
492 1434 734 1491 morbum
762 1428 1030 1493 incideris,
1053 1424 1356 1488 didicimus,
1375 1427 1430 1476 et
1457 1417 1756 1492 quidemita

167 1546 388 1603 gravem
403 1539 454 1584 et
476 1527 725 1584 acerbum
744 1535 798 1578 ut
811 1521 875 1577 ad
891 1523 1032 1591 ipsas
1047 1532 1257 1590 quoque
1272 1515 1457 1570 mortis
1478 1519 1661 1583 portas
1672 1523 1758 1603 ae-

169 1600 422 1686 eesseris;
439 1622 635 1676 scimus
656 1617 813 1672 etiam
834 1623 884 1669 te
906 1630 937 1668 e
963 1611 1149 1666 morbo
1164 1606 1516 1668 convaluisse,
1535 1618 1597 1658 ac
1616 1600 1758 1671 peri-

170 1715 413 1785 culojam
433 1713 704 1768 liberatam
723 1707 786 1762 ad
809 1707 1086 1762 sanitatem
1106 1699 1369 1774 progredi.
1393 1698 1462 1753 At
1485 1712 1552 1752 ex
1569 1695 1675 1750 tuis
1697 1694 1761 1748 li-

174 1807 308 1863 teris
335 1805 465 1861 nihil
495 1798 682 1858 horum
724 1797 991 1862 intellexi;
1017 1795 1244 1864 ideoque
1264 1789 1550 1847 admodum
1579 1785 1719 1840 dolui
1743 1801 1758 1848 ;

174 1915 362 1956 verum
381 1894 613 1962 aliunde,
631 1903 788 1963 atque
816 1890 883 1945 ab
907 1887 1044 1944 aliis.
1068 1887 1334 1942 Caeterum
1358 1880 1487 1937 illud
1516 1879 1669 1935 nobis
1693 1878 1761 1933 ad

173 1990 594 2048 consolationem
624 1983 835 2040 abunde
862 1989 974 2048 est,
994 1981 1134 2050 quod
1168 1993 1199 2032 e
1223 1975 1410 2030 morbo
1455 1970 1758 2028 emerseris.

177 2084 295 2140 Etsi
331 2091 508 2137 autem
537 2077 590 2136 id
638 2076 791 2132 nobis
835 2072 1094 2135 sufliciat,
1123 2085 1231 2125 non
1266 2078 1544 2139 propterea
1585 2073 1762 2118 tamen

177 2176 395 2245 longum
426 2171 526 2227 hoc
565 2178 712 2225 tuum
758 2165 1026 2222 silentium
1058 2160 1268 2233 placido
1295 2159 1474 2215 animo
1521 2156 1760 2213 ferimus.

176 2266 454 2321 Vellemus
482 2262 647 2328 enim,
675 2269 731 2315 ut
759 2260 868 2329 ipsa
899 2271 1111 2328 quoque
1137 2253 1296 2318 nosti,
1327 2262 1380 2308 te
1407 2251 1511 2306 huc
1539 2249 1764 2305 venien-

179 2368 288 2413 tem
318 2369 560 2411 cernere.
603 2355 679 2408 Ac
705 2366 864 2414 sane,
894 2349 996 2403 nisi
1026 2345 1244 2402 morbus
1289 2343 1568 2400 accidisset
1591 2383 1605 2406 ,
1635 2339 1767 2395 nihil

180 2457 296 2505 erat
332 2446 475 2516 quod
518 2445 818 2516 impediret.
869 2441 1001 2496 Nam
1046 2449 1101 2495 et
1129 2440 1287 2508 hujus
1333 2436 1566 2506 regionis
1595 2433 1768 2488 hiems

179 2540 531 2599 ammnissimi
557 2540 698 2595 veris
722 2536 954 2606 speciem
997 2534 1259 2589 hactenus
1293 2530 1551 2595 imitatur,
1582 2536 1634 2583 et
1667 2528 1769 2581 Ar-

183 2633 360 2691 menia
383 2632 580 2689 lsauris
604 2631 820 2685 liberata
848 2635 947 2683 est.
967 2625 1237 2688 Attamen,
1263 2631 1318 2677 ut
1337 2621 1440 2676 huc
1464 2620 1667 2684 venias,
1692 2618 1772 2672 in-

183 2728 347 2781 vitam
378 2739 442 2778 ac
460 2728 842 2793 repugnantem
868 2717 1091 2774 minime
1123 2714 1381 2785 cogimus.
1419 2711 1568 2779 Quod
1591 2719 1770 2764 autem

185 2834 286 2875 nec
310 2817 613 2874 Isaurorum
641 2821 815 2869 metus
855 2826 955 2867 nec
984 2810 1175 2866 hiemis
1197 2805 1519 2872 acrimonia,
1550 2818 1650 2858 nec
1696 2801 1775 2857 iti-

187 2911 332 2966 neris
362 2921 626 2972 terumna,
658 2920 758 2961 nec
786 2903 927 2958 aliud
950 2902 1236 2974 quidquam
1265 2897 1515 2969 impedit,
1544 2895 1648 2951 hoc
1675 2909 1771 2966 pe-

189 3003 388 3067 timus,
417 2999 666 3053 nimirum
712 3004 769 3050 ut
810 3006 946 3060 ate,
973 2995 1126 3064 cujus
1176 2990 1371 3045 ardens
1417 3004 1539 3058 erga
1570 3002 1671 3043 nos
1711 3001 1774 3041 ac

187 3093 397 3147 sincera
425 3087 795 3144 benevolentia
825 3093 945 3151 est,
974 3083 1167 3138 crebro
1202 3081 1386 3135 literas
1426 3079 1771 3148 accipiamus.

187 3184 322 3240 Nam
345 3182 391 3236 si
418 3194 511 3236 cas
533 3223 549 3247 ,
575 3179 644 3235 de
671 3187 760 3233 tua
784 3175 1084 3232 valetudine
1109 3173 1382 3243 animique
1403 3171 1478 3228 tui
1508 3169 1776 3226 hilaritate

187 3291 290 3333 nos
316 3274 576 3330 certiores
619 3271 905 3332 facientes,
935 3282 1079 3337 saepe
1121 3265 1488 3330 obtineamus,
1521 3279 1628 3318 non
1657 3278 1775 3317 me-

186 3369 428 3424 diocrem
461 3365 583 3420 hinc
604 3378 816 3434 quoque
858 3359 1279 3416 consolationem
1308 3355 1599 3427 capiemus.
1642 3353 1776 3410 Cum

189 3463 378 3533 igitur,
404 3468 603 3530 quanto
624 3471 722 3512 nos
749 3453 1008 3510 beneficio
1029 3450 1283 3506 aﬂ'ectura
1313 3451 1408 3517 sis,
1441 3446 1780 3503 animadver-

188 3564 308 3619 tas,
337 3550 388 3606 id
423 3550 597 3605 facere
637 3563 705 3602 ne
747 3543 1009 3616 graveris.
1054 3542 1172 3598 Scis
1196 3541 1337 3596 enim
1360 3555 1517 3611 quam
1553 3547 1605 3595 te
1627 3553 1780 3594 com-

189 3647 508 3716 plectamur,
531 3651 886 3713 quantamque
905 3653 1118 3710 semper
1140 3651 1265 3707 erga
1293 3643 1347 3690 te
1369 3635 1644 3690 caritatem
1670 3648 1781 3704 prce

190 3738 353 3795 nubis
383 3736 680 3791 tulerimus.

309 3866 478 3924 LIII.
511 3865 728 3922 Nicolao
759 3863 1060 3937 presbytero.
1095 3860 1326 3934 (Cucuso
1351 3874 1492 3914 anno
1518 3857 1669 3928 405).

270 4005 591 4075 Magnopere
639 4015 738 4056 nos
777 3999 1031 4063 erexisti,
1075 4006 1234 4068 atque
1273 3995 1474 4066 ingenti
1515 3994 1790 4064 voluptate

195 4096 519 4169 pctl'udisti,
563 4111 684 4149 eum
733 4092 860 4147 illud
912 4090 1254 4163 signiﬁcasti,
1300 4103 1643 4159 permagnam
1695 4087 1788 4142 tibi

198 4192 492 4249 Plnenicia:
536 4205 720 4244 curam
775 4201 929 4250 esse,
968 4193 1130 4255 teque
1157 4193 1308 4238 tanto
1342 4182 1466 4238 licet
1504 4182 1789 4237 intervallo

197 4285 471 4348 dissitum,
503 4296 596 4336 eos
623 4279 714 4352 qui
746 4279 853 4334 illic
898 4277 1100 4348 degunt
1129 4290 1224 4346 per
1269 4275 1449 4330 literas
1479 4273 1546 4329 ad
1577 4273 1793 4344 pietatis

197 4375 438 4432 studium
466 4387 660 4427 acuere
696 4379 854 4441 atque
883 4366 1084 4425 hortari
1111 4383 1124 4420 :
1157 4381 1261 4437 qua
1289 4366 1342 4420 in
1381 4381 1440 4422 re
1466 4367 1638 4421 zelum
1662 4380 1795 4436 apo-

199 4470 451 4528 stolicum
481 4476 723 4538 praestas.
756 4465 937 4536 anue
963 4479 1125 4521 causa
1167 4471 1221 4519 te
1261 4462 1516 4518 admirari
1561 4477 1625 4516 ac
1669 4461 1797 4516 bea-

201 4574 317 4618 tum
346 4559 637 4632 przedicare
679 4558 900 4614 minime
947 4555 1383 4621 intermittimus,
1409 4554 1551 4626 quod
1590 4562 1647 4610 et
1676 4568 1793 4608 mo-

202 4655 410 4712 nachos
447 4661 601 4708 antea
644 4649 866 4714 misisti,
897 4657 954 4705 et
976 4662 1119 4702 nunc
1143 4686 1158 4714 ,
1191 4646 1245 4702 in
1289 4657 1429 4702 tanta
1462 4646 1794 4717 negotiorum

201 4744 553 4810 difficultate,
579 4759 686 4797 non
727 4740 887 4797 modo
925 4755 1019 4797 eos
1048 4755 1156 4794 non
1178 4737 1442 4794 abduxisti
1463 4779 1479 4804 ,
1510 4737 1604 4793 sed
1634 4739 1798 4793 etiam

205 4851 428 4892 manere
453 4833 708 4904 coegisti,
740 4832 926 4903 Optimi
962 4831 1212 4887 videlicet
1238 4830 1613 4901 gubernatoris
1637 4838 1798 4901 atque

202 4929 407 5002 egregii
435 4928 623 4982 medici
656 4941 874 4980 munere
893 4925 1235 4997 perfungens.
1267 4922 1336 4979 Ut
1359 4923 1500 4977 enim
1529 4921 1617 4977 ille
1637 4963 1652 4988 ,
1675 4936 1797 4977 cum

206 5026 407 5079 tinctus
437 5020 658 5076 excitari
686 5018 861 5085 videt,
903 5027 1016 5073 tum
1063 5017 1185 5087 plus
1212 5015 1370 5070 studii
1400 5029 1464 5069 ac
1509 5013 1799 5086 diligentia:

204 5117 446 5182 adhibet,
497 5124 656 5186 atque
697 5113 785 5168 hic
833 5112 996 5175 item,
1034 5126 1156 5166 cum
1202 5109 1391 5166 febrim
1440 5109 1495 5164 in
1541 5107 1801 5177 majorem

207 5209 481 5264 ﬂammam
506 5206 770 5262 exarsisse
798 5204 1054 5276 perspicit
1077 5245 1092 5269 ,
1115 5213 1226 5258 tum
1261 5203 1458 5271 majori
1500 5212 1616 5256 arte
1642 5210 1801 5271 atque

208 5299 470 5357 industria
501 5299 663 5353 utitur
694 5315 706 5350 :
733 5296 800 5351 ad
820 5295 1066 5352 eumdem
1094 5295 1311 5350 modum
1340 5304 1396 5349 tu
1424 5309 1670 5365 quoque,
1700 5309 1803 5349 no-

208 5393 474 5448 bilissime
515 5405 579 5446 ac
613 5387 1013 5460 religiosissime
1058 5387 1307 5454 domine,
1337 5402 1452 5442 rem
1488 5386 1683 5442 virtute
1712 5394 1802 5441 tua

208 5485 426 5559 dignam
456 5483 647 5551 fecisti,
676 5483 818 5554 quod
845 5497 966 5539 cum
993 5497 1165 5554 εει-εις
1191 5496 1278 5538 res
1303 5496 1425 5538 esse
1449 5495 1512 5537 ac
1540 5481 1804 5538 seditione

212 5577 462 5636 laborare
488 5577 817 5647 conspexisti
844 5618 860 5642 ,
889 5585 1003 5630 tum
1033 5576 1370 5646 potissimum
1396 5589 1614 5646 operam
1645 5574 1800 5632 dedi-

211 5671 304 5736 sti,
323 5679 382 5725 ut
401 5685 471 5726 ne
498 5669 556 5736 ii,
576 5669 663 5740 qui
689 5669 796 5724 illic
820 5668 1038 5738 degunt,
1061 5669 1232 5723 aciem
1260 5666 1590 5734 desererent,
1614 5683 1801 5723 verum

219 5773 602 5830 remanerent,
634 5777 698 5818 ac
743 5774 922 5834 partes
950 5777 1076 5817 suas
1116 5761 1414 5830 explerent.
1440 5762 1800 5828 Quamobrem

214 5857 320 5912 tuis
358 5857 473 5928 ipse
510 5855 742 5925 vestigiis
791 5854 1034 5916 bmrens,
1077 5853 1584 5909 reverendissimum
1632 5854 1803 5910 domi-

215 5965 342 6007 num
373 5965 551 6008 meum
580 5947 892 6010 Gerontium
932 5947 1322 6021 presbyterum,
1354 5948 1398 6004 si
1443 5949 1792 6021 convaluerit,

1608 462 1963 526 EPISTOLE
1980 511 1986 518 .

3343 451 3454 516 ϐω

1859 587 2020 652 atque
2065 574 2130 632 ad
2183 584 2443 646 integram
2497 574 2782 631 sanitatem
2818 573 3072 641 redierit,
3123 573 3448 641 confesttm,

1857 655 2057 740 quaeso,
2091 683 2240 738 urge,
2271 677 2328 721 nt
2351 668 2452 722 iter
2477 666 2604 721 illud
2627 667 2788 721 ineat.
2817 665 3153 736 Quamquam
3181 665 3327 722 enim
3352 682 3448 723 nos

1859 776 2070 833 quoque
2101 775 2222 815 eum
2251 763 2356 814 huc
2385 758 2570 814 venire
2611 773 2676 813 ac
2701 757 2882 813 videre
2917 757 3164 828 cupimus
3189 775 3208 812 :
3237 767 3452 822 tamen,

1860 855 2110 925 quoniam
2158 851 2396 922 regionis
2426 851 2567 904 illius
2603 850 2815 920 negotia
2864 849 3234 918 celeritatem,
3263 849 3454 920 ingen-

1862 955 2076 1015 temque
2111 944 2437 1015 vigilantiam
2491 941 2846 1010 desiderant,
2894 956 2964 998 ne
3003 941 3057 997 in
3103 941 3189 996 via
3239 941 3455 1012 longum

1862 1046 2072 1105 tempus
2102 1044 2334 1102 teratur,
2367 1035 2647 1105 hiemsque
2677 1033 3044 1090 interveniens
3089 1034 3190 1090 iter
3234 1034 3339 1106 ipsi
3371 1035 3454 1089 in-

1864 1130 2146 1196 tercludat,
2177 1131 2276 1185 abs
2300 1139 2352 1185 te
2379 1128 2729 1185 vehementer
2753 1127 2986 1199 petimus
3009 1168 3026 1194 ,
3055 1138 3110 1183 ut
3147 1136 3203 1183 et
3230 1142 3352 1183 cum
3372 1170 3386 1194 ,
3410 1129 3473 1183 si.

1863 1238 1926 1278 ex
1957 1222 2145 1277 morbo
2171 1229 2447 1283 recreatus
2469 1220 2560 1288 sit,
2588 1218 2657 1274 ad
2672 1218 3084 1291 suscipiendum
3109 1219 3212 1275 iter
3241 1235 3456 1295 urgeas,

1865 1317 2102 1389 illudque
2124 1331 2302 1382 cures,
2333 1324 2390 1371 ut
2416 1316 2498 1370 vir
2525 1315 2874 1371 suavissimus
2902 1331 2967 1371 ac
2992 1315 3124 1376 mihi
3150 1317 3462 1372 carissimus

1862 1412 2095 1467 Joannes
2122 1412 2401 1482 presbyter
2437 1411 2642 1466 itineris
2668 1408 2920 1465 comitem
2947 1425 3006 1466 se
3053 1409 3153 1480 ipsi
3178 1410 3459 1480 adjungat.

1865 1502 1982 1558 Scis
2022 1502 2164 1557 enim
2212 1502 2448 1574 regionis
2493 1502 2633 1558 illius
2679 1502 2902 1574 negotia
2938 1518 3080 1558 nunc
3124 1518 3190 1558 eo
3218 1503 3463 1573 pluribus

1863 1593 2258 1650 correctoribus
2306 1594 2562 1665 indigere,
2583 1608 2690 1665 quo
2719 1593 2929 1666 longius
2956 1605 3275 1664 serpsernnt
3300 1594 3461 1649 mala.

1868 1686 1992 1742 llzec
2019 1687 2176 1758 igitur
2204 1701 2324 1741 cum
2349 1688 2528 1742 animo
2554 1697 2644 1743 tuo
2672 1697 2947 1758 reputans,
2971 1703 3034 1744 ac
3060 1689 3242 1759 quanti
3267 1689 3463 1743 anima:

1865 1780 2010 1834 salus
2058 1780 2314 1834 momenti
2341 1780 2443 1844 sit,
2472 1781 2836 1851 perspiciens,
2873 1789 3207 1851 quantasque
3244 1795 3333 1836 res
3353 1782 3465 1851 jam

1865 1872 2093 1926 antehae
2122 1871 2299 1926 studio
2327 1881 2417 1927 tuo
2451 1887 2516 1928 ac
2539 1872 2817 1944 diligentia
2857 1873 2933 1928 sis
2958 1884 3342 1944 consequutus,
3373 1889 3468 1930 ve-

1869 1965 1960 2019 lim
1992 1976 2096 2019 tam
2128 1980 2222 2034 per
2252 1972 2304 2020 te
2338 1966 2451 2036 ipse
2476 1981 2635 2036 quam
2665 1967 2912 2035 aliorum,
2933 1982 3072 2040 quos
3100 1966 3347 2024 nancisci
3369 1983 3471 2040 po-

1869 2058 2037 2112 tueris
2060 2098 2076 2123 ,
2100 2072 2262 2128 opera
2290 2066 2450 2128 atque
2471 2057 2730 2114 industria
2765 2074 2922 2116 cures
2939 2101 2956 2127 ,
2993 2068 3053 2116 ut
3080 2075 3201 2132 quze
3227 2070 3472 2117 correcta

1869 2157 2131 2204 etsanata
2171 2159 2331 2217 sunt,
2359 2150 2512 2206 lirma
2560 2159 2851 2220 maneant,
2879 2162 3039 2224 atque
3085 2153 3249 2209 etiam
3301 2153 3474 2209 multo

1872 2244 2078 2315 n‘iajore
2105 2245 2417 2301 accessione
2459 2245 2819 2303 cumulentur.
2848 2245 2930 2304 Tu
2969 2257 3118 2304 certe
3144 2247 3315 2305 nihilo
3367 2247 3474 2303 mi-

1873 2353 2081 2402 norem,
2110 2353 2268 2409 quam
2297 2338 2367 2404 ii,
2390 2339 2482 2409 qui
2509 2341 2613 2394 huc
2644 2349 2925 2405 venerunt,
2951 2341 3286 2412 voluptatem
3317 2339 3476 2396 nobis

1873 2431 2094 2484 attulisti
2129 2448 2140 2482 :
2175 2429 2437 2500 siquidem
2481 2430 2665 2486 animo
2709 2447 2774 2487 ac
2814 2432 3090 2489 voluntate
3128 2431 3322 2489 venisti
3352 2439 3477 2486 :at—

1873 2537 1978 2592 que
2001 2521 2236 2577 caritatis
2267 2522 2437 2578 oculis
2456 2562 2471 2588 ,
2502 2535 2729 2593 corpore
2756 2521 2881 2579 licet
2923 2523 3224 2591 absentem,
3261 2534 3315 2581 te
3340 2536 3481 2597 quo-

1877 2612 2005 2667 tidie
2071 2610 2382 2678 cernimus,
2433 2612 2720 2684 animoque
2770 2615 2972 2686 passim
3024 2616 3495 2677 circumfer-imus-

1876 2702 2128 2760 Fortasse
2148 2718 2360 2775 quoque
2378 2705 2533 2759 nobis
2573 2714 2758 2760 mutuo
2781 2715 3073 2777 conspectu
3103 2708 3204 2764 frui
3233 2708 3492 2780 dabitur,

1877 2813 1999 2854 eum
2024 2808 2237 2869 tempus
2267 2798 2318 2854 id
2353 2800 2647 2869 permittet.
2668 2798 2823 2865 Nam,
2849 2811 2907 2856 ut
2931 2817 3073 2857 nunc
3093 2818 3180 2860 res
3209 2813 3352 2867 sunt,
3378 2807 3489 2862 etsi

1877 2891 2078 2962 alioqui
2124 2893 2196 2947 tui
2237 2892 2451 2947 videndi
2492 2901 2652 2964 atque
2695 2895 3054 2965 amplectendi
3102 2912 3293 2970 magna
3333 2900 3484 2970 cupi-

1879 2983 2046 3039 ditate
2079 2993 2352 3051 tenemur,
2384 2995 2435 3040 te
2465 2994 2646 3041 tamen
2692 2986 2812 3042 istic
2854 3003 3074 3045 manere
3115 2991 3482 3048 necessarium

1880 3092 2001 3134 esse
2039 3076 2304 3132 ducimus.
2334 3076 2446 3134 Nec
2481 3079 2625 3135 enim
2674 3079 3002 3149 dubitamus,
3026 3084 3156 3154 quin
3204 3093 3259 3140 tu
3299 3087 3483 3144 omnia

1883 3170 2120 3228 facturus
2160 3183 2553 3244 curaturusque
2572 3189 2647 3228 sis
2667 3213 2684 3240 ,
2707 3190 2815 3246 quo
2840 3177 3078 3232 strenuis
3104 3179 3234 3233 viris
3259 3177 3489 3236 Plateni-

1882 3268 2019 3322 ciam
2051 3267 2294 3336 impleas,
2319 3276 2481 3337 atque
2501 3282 2617 3334 eos,
2647 3267 2739 3338 qui
2768 3269 2877 3324 illic
2897 3277 3300 3333 remanserunt,
3319 3272 3494 3344 magis

1883 3373 1948 3415 ac
1976 3361 2144 3429 magis
2174 3358 2361 3414 fulcias
2390 3371 2444 3415 et
2469 3361 2811 3430 corrobores,
2844 3370 2902 3418 ut
2931 3377 3000 3418 ne
3019 3361 3225 3419 relictis
3251 3364 3492 3436 regionis

1887 3452 2030 3507 illius
2060 3451 2289 3523 negetiis
2316 3451 2506 3522 pedem
2547 3452 2823 3521 referant,
2853 3462 2908 3511 et
2950 3467 3082 3522 eos,
3105 3455 3196 3526 qui
3227 3455 3389 3511 vicini
3428 3471 3494 3513 ac

1888 3545 2167 3616 propinqui
2207 3554 2365 3610 sunt,
2388 3544 2640 3614 exquiras
2670 3587 2686 3611 ,
2716 3556 2878 3618 atque
2904 3562 3028 3602 cum
3069 3546 3273 3618 ingenti
3319 3548 3487 3604 animi

1888 3635 2164 3691 alacritate
2201 3649 2266 3691 ac
2295 3636 2473 3690 studio
2506 3637 2753 3701 emittas,
2775 3638 3090 3709 cunctisque
3134 3648 3241 3694 tam
3272 3639 3494 3711 propin-

1890 3727 2009 3797 quis
2053 3742 2214 3798 quam
2261 3728 2484 3783 remotis
2527 3727 2917 3798 amplissimam
2942 3729 3227 3785 utilitatem
3256 3730 3500 3800 alferas,

1890 3829 2052 3888 atque
2077 3830 2472 3888 unguentorum
2502 3827 2749 3874 naturam
2771 3819 3017 3888 imiteris,
3034 3837 3157 3892 qua:
3189 3838 3296 3877 non
3328 3822 3492 3878 modo

1894 3907 2072 3963 locum
2099 3923 2370 3980 eum,quo
2399 3909 2758 3980 excipiuntur,
2775 3910 2871 3966 sed
2895 3911 3054 3967 etiam
3084 3913 3296 3984 longius
3329 3929 3503 3973 remo-

1897 4009 2008 4054 tum
2037 4014 2217 4054 aerem
2245 4013 2439 4070 magna
2464 4000 2726 4058 suavitate
2755 4001 3103 4074 perfundunt.

1999 4132 2077 4189 LI
2093 4132 2152 4191 l’.
2185 4133 2427 4190 Gerontio
2471 4137 2779 4208 presbytero.
2811 4135 3045 4210 (Cucuso
3073 4153 3219 4197 anno
3245 4140 3400 4214 605.)

1972 4272 2044 4328 Ει
2079 4271 2192 4344 jam
2222 4271 2288 4328 ad
2319 4271 2571 4344 pietatem
2613 4281 2758 4329 tuam
2789 4273 2972 4330 literas
2997 4275 3159 4344 dedi,
3189 4259 3513 4335 existimans

1899 4373 1955 4421 te
1985 4365 2038 4419 in
2065 4363 2342 4421 Pbtenicia
2362 4379 2483 4420 esse
2510 4372 2600 4422 :et
2618 4380 2762 4423 nunc
2781 4367 2911 4423 item
2940 4367 3151 4436 eadem,
3185 4386 3306 4442 quae
3331 4372 3502 4442 prius,

1901 4460 2080 4515 scribo
2103 4501 2120 4527 ,
2152 4475 2348 4532 nempe
2369 4459 2524 4516 vobis
2547 4475 2692 4517 nunc
2718 4461 2954 4519 maxime
2979 4463 3192 4534 quidvis
3235 4466 3503 4538 agendum

1901 4567 1965 4609 ac
1991 4550 2370 4622 perferendum
2401 4566 2541 4621 esse,
2576 4562 2633 4608 ut
2657 4569 2728 4610 ne
2754 4565 2992 4625 segetem
3011 4567 3248 4612 vestram
3281 4573 3516 4614 vacuam.

1901 4654 1959 4701 et
1984 4646 2197 4700 inanem
2221 4644 2485 4700 deseratis
2506 4687 2522 4711 ,
2555 4661 2656 4701 nec
2681 4646 2976 4719 quidquam
3007 4663 3195 4705 eorum
3218 4691 3233 4714 ,
3266 4666 3387 4722 qua:
3422 4667 3508 4707 re-

1905 4749 1992 4794 cte
2017 4747 2070 4794 et
2099 4753 2222 4794 cum
2249 4737 2408 4794 laude
2443 4747 2594 4808 gesta
2619 4748 2764 4804 sunt,
2785 4739 3096 4796 labefactari
3135 4750 3297 4811 atque
3341 4741 3509 4798 inter-

1904 4832 1984 4887 ire
2018 4831 2225 4887 sinatis.
2272 4831 2406 4888 Nam
2448 4841 2503 4887 et
2545 4841 2822 4901 pastores,
2851 4847 2973 4888 cum
3022 4833 3294 4904 ingentem
3326 4833 3511 4890 labem

1903 4926 1970 4980 ad
2000 4940 2130 4982 oves
2153 4925 2392 4996 undique
2437 4935 2773 4996 grassantem
2800 4929 3182 4998 conspexerint
3205 4970 3223 4993 ,
3255 4936 3384 4983 tunc
3413 4943 3510 4999 po-

1906 5018 2171 5074 tissimum
2195 5019 2521 5084 excitantur,
2552 5032 2616 5073 ac
2644 5017 2885 5089 vigilant,
2916 5019 3241 5091 fundatoque
3267 5031 3509 5088 sumunt,

1905 5113 2222 5183 caeterisque
2263 5113 2469 5168 artibus
2498 5121 2747 5182 utuntur,
2770 5129 2878 5185 quo
2922 5114 3319 5169 incommodum
3349 5128 3511 5170 etnue

1906 5221 1937 5260 a
1964 5221 2126 5277 grege
2172 5206 2504 5276 propulsent.
2543 5204 2612 5260 Et
2646 5205 2862 5276 quidem
2892 5222 3014 5260 cum
3041 5205 3205 5261 Jacol)
3247 5205 3509 5277 peeudunt

1907 5299 2131 5355 rationis
2177 5299 2486 5370 expertium.
2525 5313 2710 5355 curam
2758 5314 2981 5371 gerens,
3037 5307 3177 5354 totos
3219 5299 3409 5354 decem
3454 5312 3508 5354 et

1907 5403 2137 5465 quatuor
2161 5407 2332 5447 annos
2369 5392 2511 5448 servi
2560 5406 2755 5448 munus
2801 5391 3034 5459 obierit,
3062 5403 3307 5463 aestuque
3327 5406 3392 5447 ac
3418 5390 3512 5446 fri-

1909 5498 2038 5556 gora
2057 5491 2113 5541 et
2139 5483 2333 5555 vigiliis
2365 5483 2549 5538 multis
2587 5483 2945 5552 conﬂictatus,
2979 5483 3334 5555 vilissimique
3366 5496 3512 5538 mer-

1909 5576 2109 5632 cenarii
2140 5576 2319 5634 ofﬁcio
2343 5575 2556 5631 l‘unctus
2584 5577 2688 5643 sit,
2719 5575 2993 5648 perpende
3023 5577 3228 5644 animo,
3256 5575 3511 5648 quidnam

1911 5668 1969 5736 ii,
1996 5684 2224 5740 quorum
2251 5668 2372 5724 fidei
2397 5683 2526 5725 oves
2547 5669 2754 5724 ratione
2776 5668 3014 5740 praeditas
3034 5669 3340 5724 commissa:
3361 5676 3509 5734 sunt,

1910 5776 2072 5832 agere
2116 5777 2179 5817 ac
2220 5762 2428 5832 perpeti
2472 5760 2733 5828 debeant,
2777 5776 2845 5817 ne
2885 5778 2988 5831 qua
3016 5777 3084 5817 ex
3123 5761 3254 5832 ipsis
3305 5771 3509 5832 pereat.

1911 5856 2172 5923 Quocirca
2205 5866 2258 5912 te
2282 5856 2527 5923 obsecro,
2552 5864 2612 5912 ut
2633 5871 2740 5926 quo
2785 5855 2959 5926 major
2981 5866 3065 5911 est
3106 5865 3396 5927 tempestas
3416 5895 3432 5922 ,
3461 5865 3516 5910 et

1918 5953 2076 6018 plura
2140 5952 2304 6020 mala,
2355 5957 2410 6008 et
2457 5951 2658 6023 majora
2726 5949 3110 6022 impedimenta
3169 5950 3512 6022 objiciuntur,
